1987 3032
668 214 875 247 EXPOSITIO
897 213 938 245 IN
961 213 1047 245 CAP.
1071 213 1178 246 XVIII.
1685 218 1722 246 79

127 283 242 323 quibus
262 282 481 314 manifestatur
505 282 690 320 arrogantia
712 281 827 312 mentis
852 281 896 320 ip-

127 336 193 367 sius
216 339 281 367 tam
301 337 444 375 respectu
463 334 537 372 Dei,
562 344 659 374 quam
682 334 838 374 proximi,
859 343 895 364 ac

127 390 221 421 etiam
243 390 303 420 sui.
338 388 584 419 Introducuntur
604 388 689 418 enim
714 388 766 418 hic
795 387 895 427 ipsius

127 442 278 473 Pharisaei
301 442 479 480 gratiarum
502 441 582 471 actio
603 441 760 478 fastuosa7
784 449 895 479 repre-

125 495 236 526 hensio
252 495 389 525 aliorum
406 496 671 534 praesumptuosa,
687 495 717 524 et
731 502 894 524 commen-

127 547 212 578 datio
227 548 276 578 sui
290 556 371 578 vane
385 547 533 587 gloriosa.

167 601 273 632 Primo
288 601 406 640 igitur,
425 603 581 640 quantum
597 601 635 631 ad
650 601 827 640 gratiarum
841 609 896 630 ac-

126 654 244 684 tionem
264 654 455 691 fastuosam,
478 654 551 683 dicit
568 664 575 684 :
600 653 783 684 Pharisaeus
797 656 895 691 stans,

127 706 193 737 lzoec
207 707 297 747 apud
305 716 336 737 sc
351 706 462 737 orabat
476 717 488 737 .·
503 707 598 744 Deus,
615 707 737 746 qratias
751 715 812 746 ayo
828 706 895 736 tibi.

127 759 161 789 ln
177 768 242 799 quo
254 759 402 798 arguitur
411 758 603 797 Pharisaeus,
615 767 680 789 non
691 759 766 798 quia
778 759 896 797 gratias

125 812 192 850 agit
206 812 286 850 Deo,
309 812 361 842 sed
377 812 452 851 quia
469 812 528 842 hoc
547 812 618 842 facit
637 812 731 842 modo
746 812 894 851 superbo.

127 862 214 894 Unde
229 863 404 903 Gregorius
422 875 428 895 :
450 864 507 895 «Si
524 864 765 904 reprehenditur
780 864 830 895 ille
842 865 896 904 qui

126 917 262 957 superbe
278 918 397 956 gratias
411 919 490 957 agit)
509 919 586 958 quid
600 928 679 957 ergo
694 919 754 949 erit
768 919 824 956 illi,
841 919 897 958 qui

126 969 296 1009 impugnat
312 971 471 1009 gratiam?
486 983 499 999 n
519 971 657 1011 Apparet
678 974 785 1002 autem
800 972 897 1002 fastus

126 1023 223 1062 ipsius
238 1032 277 1054 ex
297 1023 373 1061 hoc,
397 1024 483 1063 quod
499 1033 563 1054 non
583 1025 750 1055 incurvato
766 1034 896 1065 corpore

125 1075 254 1114 orabat,
280 1077 333 1106 sed
356 1079 458 1107 erecta
477 1078 596 1115 fronte,
621 1087 694 1108 cum
720 1078 867 1109 dicatur¹
887 1089 893 1108 ε

130 1139 144 1157 α
157 1127 291 1160 Venient
305 1129 344 1159 ad
356 1131 385 1159 te
397 1130 485 1159 curvi
502 1130 560 1159 filii
576 1139 686 1161 eorum
701 1155 707 1167 ‚
724 1132 779 1171 qui
795 1133 824 1162 te
840 1131 897 1161 hu-

126 1181 343 1219 miliaverunt,
369 1184 399 1212 et
422 1183 598 1214 adorabunt
621 1184 758 1223 vestigia
780 1185 896 1224 pedum

124 1237 265 1266 tuorum.
282 1246 296 1263 n
315 1236 455 1275 Apparet
468 1236 564 1267 etiam
587 1237 685 1267 fastus
696 1262 703 1276 ‚
720 1238 793 1277 quia
807 1238 899 1278 apud

125 1297 156 1318 se
172 1289 286 1319 orabat
302 1290 435 1328 tanqum
452 1289 511 1318 sibi
526 1290 667 1328 placens,
692 1292 801 1320 contra
820 1291 897 1320 illud

126 1342 209 1381 quod
233 1341 348 1372 dicitur
370 1346 380 1361 2
402 1353 407 1371 ς
440 1354 454 1370 (ι
476 1342 632 1373 Debemus
661 1352 718 1373 nos
742 1343 898 1373 firmiores

126 1394 354 1425 imbecillitates
370 1395 572 1425 intirmorum
595 1396 762 1434 sustinere,
780 1399 809 1426 et
833 1406 896 1427 non

126 1450 303 1489 nobisipsis
315 1450 447 1490 placere⁷
463 1451 588 1481 Etenim
603 1451 745 1482 Christus
759 1461 823 1482 non
838 1452 897 1482 sibi

125 1503 253 1543 placuit.
270 1514 284 1531 n
302 1504 340 1534 Et
355 1504 424 1534 ideo
438 1504 553 1535 dicitur
567 1505 577 1521 ³
594 1516 599 1535 z
622 1516 636 1533 «
654 1504 699 1535 Ne
716 1505 757 1536 sis
772 1505 897 1545 sapiens

126 1557 208 1596 apud
223 1557 436 1596 temetipsum.
449 1557 538 1588 Time
551 1558 734 1596 Dominum,
749 1559 896 1589 etrecede

127 1620 145 1641 a
159 1611 253 1649 malo,
269 1622 282 1639 n
302 1613 360 1641 etc.
376 1611 515 1651 Apparet
527 1612 657 1651 insuper
671 1612 768 1642 fastus
784 1612 895 1651 ipsius,

127 1664 202 1703 quia
228 1664 356 1704 incoepit
390 1674 408 1694 a
443 1666 702 1704 magnificatione
739 1666 896 1696 bonorum

127 1727 199 1757 quae
215 1720 386 1758 acceperat,
397 1728 468 1749 cum
484 1719 588 1758 potius
603 1729 622 1749 a
635 1719 685 1750 sui
700 1719 897 1750 accusatione

127 1771 283 1801 debuisset
297 1771 463 1810 incoepisse
480 1771 489 1787 ³
504 1782 510 1801 z
533 1784 547 1799 «
561 1771 670 1802 Justus
685 1772 770 1811 prior
785 1773 831 1802 est
849 1781 897 1802 ac-

127 1826 211 1854 sator
233 1824 293 1854 sui.
309 1836 322 1851 »
342 1824 473 1864 Incoepit
492 1825 531 1854 ab
547 1825 631 1861 altis,
650 1834 723 1855 cum
739 1825 897 1856 debuisset

128 1877 263 1916 incipere
303 1877 342 1907 ab
382 1877 500 1907 infimis
515 1902 522 1915 ‚
567 1879 602 1907 ut
636 1878 816 1917 perveniret
859 1878 898 1908 ad

129 1939 265 1960 summa.
281 1929 368 1960 Unde
383 1929 596 1970 Hieronymus
611 1941 617 1960 z
639 1942 653 1958 «
666 1930 835 1961 Humilitas
851 1933 898 1961 est

128 1983 230 2014 virtus
253 1983 357 2023 prima
381 1983 649 2021 Christianorum3
669 1985 699 2014 et
713 1983 782 2015 ideo
796 2008 803 2021 ‚
831 1984 898 2024 ipsa

129 2036 363 2076 praetermissa,
386 2036 419 2066 in
448 2046 585 2067 vacuum
610 2037 784 2067 laboratur.
815 2048 828 2065 ι)
861 2037 899 2068 Et

129 2089 213 2120 Beda
233 2089 243 2105 ¹⁵
266 2100 272 2120 :
303 2101 317 2118 α
338 2089 415 2120 Ecce
445 2090 626 2120 Pharisaeus
651 2090 689 2120 ad
718 2090 898 2120 referendas

130 2143 249 2181 gratias
263 2143 391 2173 oculum
407 2143 519 2180 habet;
543 2144 580 2173 ad
596 2143 784 2174 humilitatis
800 2145 901 2173 custo-

129 2195 213 2226 diam
227 2205 290 2227 non
306 2197 411 2227 habet.
431 2197 468 2227 Et
483 2197 558 2236 quid
575 2197 701 2236 prodest
723 2197 747 2226 si
774 2198 838 2226 tota
859 2197 900 2226 ci-

128 2249 210 2279 vitas
239 2250 440 2288 custodiatur,
466 2252 496 2281 ct
523 2260 626 2281 unum
654 2251 812 2287 foramen,
843 2259 899 2289 per

130 2302 214 2341 quod
230 2303 346 2333 intrent
359 2303 473 2341 hostes⁷
491 2303 690 2343 relinquatur
704 2304 718 2333 ἵ)
734 2315 747 2330 »

170 2355 333 2395 Secundo,
363 2359 518 2397 quantum
551 2357 589 2387 ad
619 2356 898 2397 reprehensionem

129 2409 266 2449 proximi
303 2412 589 2449 praesumptuosam
603 2434 610 2448 ,
642 2410 747 2440 subdit
779 2421 785 2439 ;
815 2409 900 2447 Quia

130 2471 193 2492 non
216 2471 287 2493 sum
308 2464 389 2494 sicut
412 2464 518 2494 centeri
534 2463 716 2501 homimem,
737 2462 825 2503 quasi
857 2463 900 2493 di-

131 2519 214 2548 ceret
235 2528 241 2548 2
263 2517 362 2549 Ceteri
381 2520 455 2549 sunt
474 2520 667 2558 peccatores3
695 2527 756 2557 ego
778 2519 898 2555 autem,

165 2616 169 2628 ¹
184 2615 244 2646 Istc,
259 2622 301 2646 Lx,
318 2617 394 2641 14.-
407 2617 418 2633 2
432 2616 511 2647 Rom„
527 2623 568 2647 xv,
584 2619 604 2646 1,
621 2618 682 2640 3.—
697 2616 708 2633 ³
720 2617 802 2647 Pron.y
821 2622 860 2646 111,
876 2616 898 2639 7.

132 2662 159 2667 —-
175 2650 182 2664 ⁴
202 2650 275 2681 thid„
291 2658 370 2683 xvm,
386 2653 423 2677 Π.
438 2666 469 2671 -—
484 2653 493 2669 ⁶
513 2653 585 2682 Bou„
605 2658 635 2675 ex
657 2653 743 2683 Greg.,
758 2653 783 2675 in
802 2650 898 2679 Ezeclz„

131 2684 201 2710 hom.
214 2690 258 2716 vn,
276 2693 303 2710 n.
320 2688 384 2711 6.-
408 2688 418 2704 ³
439 2689 520 2712 Glofls.
544 2687 656 2712 interlin.
672 2687 698 2711 in
719 2686 787 2711 hunc
810 2687 859 2711 loc.
872 2698 898 2703 —-

948 281 1064 319 justus.
1083 280 1171 311 Unde
1191 281 1400 312 interlinearis
1417 282 1427 298 ⁶
1446 291 1453 312 :
1475 291 1490 310 α
1506 281 1587 318 Quid
1608 283 1654 312 est
1669 290 1724 312 ειυ-

953 333 1013 363 teri
1039 333 1199 371 homines,
1224 334 1285 365 nisi
1309 344 1419 365 omnes
1444 335 1561 374 praeter
1587 334 1722 374 ipsum?

952 387 1042 425 quasi
1055 387 1140 418 solus
1152 388 1256 426 justus
1271 387 1320 425 sit,
1339 387 1444 418 caeteri
1457 389 1670 427 peccatores.»
1687 386 1726 418 Et

952 438 985 468 in
1010 439 1070 469 hoc
1090 439 1257 479 dupliciter
1277 441 1399 471 dicebat
1424 440 1538 471 falsum
1563 449 1570 470 :
1591 442 1622 470 et
1649 440 1725 480 quia

952 490 1074 521 dicebat
1097 501 1130 522 se
1144 502 1208 523 non
1227 501 1294 523 esse
1309 495 1523 532 peccatorem,
1551 501 1625 523 cum
1639 492 1724 523 dica-

952 545 1024 574 tur⁷
1037 555 1042 574 :
1061 556 1074 573 «
1086 544 1301 576 Sidixerimus
1319 546 1469 585 quoniam
1480 547 1645 585 peccatum
1660 554 1725 576 non

952 597 1123 635 habemus,
1140 598 1200 637 ipsi
1224 607 1280 628 nos
1298 599 1477 630 seducimus
1489 623 1497 637 ‚
1516 600 1546 629 et
1561 599 1677 630 veritas
1693 599 1723 629 in

952 650 1043 681 nobis
1058 660 1122 681 non
1138 653 1193 682 est.
1212 663 1225 679 >³
1242 651 1370 682 Falsum
1387 652 1483 682 etiam
1504 652 1636 689 dicebat,
1651 652 1725 691 quia

952 713 984 734 se
997 704 1101 734 solum
1114 705 1236 735 dicebat
1247 706 1385 744 ι1115111111,
1398 714 1470 735 cum
1484 705 1637 736 Dominus
1648 705 1724 736 Eliae

952 758 1067 788 dicenti
1085 758 1095 773 Β
1115 767 1121 788 :
1145 769 1158 785 «
1170 758 1341 788 Derelictus
1362 758 1400 797 (a)
1418 767 1490 788 sum
1508 767 1568 797 ego
1590 758 1689 795 solus,
1706 769 1720 785 n

952 810 1034 840 dicat
1056 821 1062 840 :
1087 822 1100 839 α
1115 810 1336 850 Derelinquam
1368 809 1447 840 mihi
1476 812 1596 849 septem
1626 810 1725 840 millia

952 864 1108 901 virorum,
1125 873 1263 903 quorum
1276 873 1383 902 genua
1393 873 1457 894 non
1473 865 1548 893 sunt
1557 863 1726 894 incurvata

952 919 1024 947 ante
1039 916 1123 947 Baal.
1144 927 1157 945 ›)
1177 917 1233 947 Hic
1247 919 1371 955 autem,
1390 926 1463 947 cum
1478 916 1566 946 sitin
1585 917 1722 947 immen-

953 979 1024 1000 sum
1037 969 1103 1000 Elia
1113 969 1253 1007 inferior,
1267 979 1330 1000 non
1341 970 1444 1000 solum
1453 978 1486 1000 se
1500 969 1574 999 dicit
1584 971 1709 1009 ι11151110]
1713 993 1723 1008 ,

953 1032 1067 1054 verum
1082 1024 1177 1054 etiam
1193 1025 1312 1054 ceteros
1327 1023 1437 1054 asserit
1452 1024 1630 1062 peccatores
1640 1046 1649 1060 ,
1667 1032 1723 1053 vo-

952 1085 1027 1106 cans
1051 1085 1104 1106 eos
1127 1077 1164 1107 de
1185 1077 1384 1107 multitudine
1413 1076 1574 1114 virorum,
1602 1078 1631 1106 et
1655 1076 1725 1106 ideo

952 1129 1058 1160 addit:
1076 1131 1249 1169 Raptor-es,
1274 1129 1404 1168 injusti,
1421 1129 1576 1166 adulteri,
1600 1131 1636 1160 ut
1649 1138 1726 1169 rap-

953 1187 1034 1213 tores
1056 1183 1201 1213 dicantur
1223 1192 1280 1222 per
1307 1183 1592 1222 concupiscentiam
1617 1183 1726 1213 oculo-

952 1245 1025 1266 rum
1039 1248 1045 1273 ;
1062 1236 1183 1276 injusti,
1201 1245 1256 1276 per
1272 1236 1455 1275 superbiam
1471 1236 1565 1273 vitae3
1584 1238 1614 1266 et
1631 1236 1724 1266 adul-

954 1290 1027 1326 teri,
1050 1299 1106 1328 per
1122 1289 1408 1328 concupiscentiam
1430 1289 1543 1319 carnis.
1561 1288 1595 1319 In
1610 1289 1726 1328 quibus

952 1344 1039 1372 notat
1062 1342 1274 1372 communiter
1303 1342 1381 1372 alios
1403 1351 1421 1372 a
1449 1351 1482 1371 se
1508 1351 1574 1372 esse
1595 1341 1726 1372 infectos

952 1394 1013 1424 hoc
1028 1395 1141 1433 triplici
1159 1393 1251 1432 vitio,
1275 1404 1314 1425 ex
1330 1404 1393 1434 quo
1413 1397 1521 1425 manat
1536 1395 1725 1426 universalis

953 1448 1164 1486 transgressio
1184 1450 1214 1477 et
1233 1448 1423 1487 perpetratio
1439 1450 1652 1487 peccatorum,
1675 1458 1723 1480 se—

952 1500 1179 1531 cundumillud
1193 1504 1203 1519 ⁹
1220 1509 1227 1531 ε
1245 1500 1371 1531 «Omne
1385 1501 1471 1540 quod
1484 1502 1573 1532 estin
1588 1502 1722 1540 mundo,

952 1554 1206 1593 concupiscentia
1222 1554 1327 1584 carnis
1342 1556 1406 1592 est,
1426 1556 1456 1584 et
1471 1555 1725 1594 concupiscentia

951 1607 1127 1645 oculorum,
1141 1610 1172 1638 et
1180 1608 1327 1647 superbia
1337 1608 1423 1638 vitae.
1435 1619 1448 1635 n
1464 1607 1500 1638 Et
1514 1617 1554 1638 ne
1566 1608 1726 1639 videretur

951 1659 1037 1699 loqui
1055 1661 1136 1692 sicut
1149 1661 1306 1699 incertus,
1326 1661 1453 1692 adducit
1468 1661 1679 1692 Publicanum
1692 1662 1724 1692 in

952 1713 1155 1752 exemplum,
1173 1714 1323 1753 adjiciens
1341 1723 1348 1744 ·,
1372 1714 1463 1745 Velut
1478 1714 1574 1744 etiam
1590 1713 1640 1744 Ιιὶε
1655 1715 1725 1745 Pu-

953 1765 1106 1795 hlsccmus.
1125 1766 1214 1802 Quod
1242 1776 1308 1796 non
1323 1767 1397 1797 dicit
1414 1766 1588 1797 Publicano
1603 1776 1726 1807 compa-

952 1818 1072 1857 tiendo,
1092 1819 1145 1850 sed
1161 1821 1265 1859 potius
1281 1820 1480 1859 despiciendo
1497 1822 1527 1850 et
1547 1820 1723 1858 irridendo,

952 1874 1063 1902 contra
1078 1873 1156 1903 illud
1174 1875 1194 1893 ¹⁰
1213 1884 1218 1902 :
1247 1873 1343 1904 «Non
1368 1873 1499 1904 irrideas
1514 1873 1678 1904 hominem
1692 1874 1724 1904 in

952 1926 1164 1956 amaritudine
1179 1926 1294 1957 animae
1311 1938 1317 1957 z
1338 1928 1384 1957 est
1404 1927 1489 1957 enim
1506 1927 1562 1967 qui
1577 1927 1726 1958 humiliat

952 1983 983 2011 et
997 1981 1053 2020 qui
1064 1980 1192 2019 exaltat,
1204 1981 1448 2021 circumspector
1460 1982 1551 2013 Deus.
1564 1993 1578 2010 »
1599 1981 1637 2012 Et
1651 1984 1725 2013 nota

952 2033 1037 2073 quod
1054 2033 1235 2064 Pharisaeus
1247 2043 1285 2064 ex
1297 2034 1546 2065 consideratione
1562 2035 1725 2066 Publiceni

953 2087 1152 2118 consurrexit
1168 2087 1200 2117 in
1211 2087 1420 2117 temeritatem
1430 2088 1555 2127 judicii,
1565 2089 1639 2128 quia
1652 2098 1724 2119 cum

952 2140 1073 2171 videret
1094 2140 1185 2170 illum
1208 2150 1274 2171 esse
1296 2143 1510 2180 peccatorem,
1534 2150 1598 2172 non
1622 2141 1725 2172 solum

953 2194 1056 2234 ipsum
1070 2218 1077 2232 ‚
1095 2203 1209 2225 verum
1224 2195 1318 2225 etiam
1338 2197 1467 2225 caeteros
1484 2195 1723 2226 condemnabat.

955 2247 1161 2278 Consurrexit
1176 2248 1208 2278 in
1224 2247 1392 2278 elationem
1408 2248 1505 2278 animi
1520 2259 1527 2285 3
1545 2248 1628 2279 unde
1649 2248 1724 2279 Ber-

955 2300 1074 2331 nardus
1091 2312 1097 2331 :
1120 2312 1134 2329 <‹
1149 2300 1347 2331 lncentivum
1364 2300 1507 2331 elationis
1522 2303 1568 2332 est
1583 2302 1724 2332 conside-

953 2354 1036 2384 ratio
1052 2353 1226 2391 deterioris7
1242 2353 1321 2383 sicut
1334 2353 1528 2385 incentivum
1539 2354 1726 2386 humilitatis

954 2408 1001 2437 est
1015 2406 1222 2437 consideratio
1238 2406 1386 2436 melioris.
1406 2417 1420 2435 ›)

995 2460 1112 2498 Tertio,
1129 2461 1285 2499 quantum
1302 2460 1340 2490 ad
1355 2461 1661 2492 commendationem
1676 2462 1725 2493 sui

954 2523 1038 2545 vane
1066 2513 1238 2552 gloriosam
1256 2536 1265 2550 ,
1289 2513 1394 2544 subdit
1419 2515 1469 2552 (v.
1494 2514 1548 2554 4⁶2)
1574 2523 1582 2545 ε
1610 2515 1725 2554 Jejuno

956 2599 961 2614 ⁷
978 2600 983 2622 Ι
999 2599 1084 2626 Jomz..
1100 2603 1116 2625 1,
1132 2598 1155 2621 8.
1173 2610 1203 2615 —
1218 2598 1226 2611 ⁸
1244 2598 1273 2621 111
1292 2598 1360 2630 κεφ,
1376 2600 1575 2629 x1x‚10·18.-
1589 2599 1600 2616 ⁹
1617 2599 1625 2622 Ι
1643 2598 1724 2631 .Ιοαη.,

955 2641 983 2664 11,
1002 2636 1038 2657 16.
1054 2646 1084 2651 —-
1101 2634 1119 2649 ¹⁹
1134 2633 1224 2663 Ecclz'.,
1239 2636 1339 2664 ν11,12.

987 2683 1020 2714 (a)
1037 2682 1097 2707 Coet.
1113 2682 1173 2707 edit.
1188 2682 1307 2708 Henetus.
