1987 3032
166 185 224 213 360

164 248 295 275 cundum
310 247 552 275 consuetudinem
567 245 781 280 seripturarum
796 242 935 270 diceban-

165 297 211 322 tur
224 294 341 328 fratres,
373 305 385 318 »
415 293 488 321 sicut
515 292 662 321 Abraham
683 292 711 318 et
738 289 810 317 Loth
824 289 844 316 ¹.
858 288 936 316 Sicut

165 340 244 368 enim
268 340 307 368 ajt
333 339 509 375 Augustinus
523 340 532 355 ²
550 347 556 365 :
573 340 624 365 «ln
637 335 792 372 sepulchro
805 356 813 369 ,
830 335 860 362 in
875 342 935 370 quo

163 387 254 422 jacuit
266 394 373 422 corpus
389 385 512 419 Domini,
530 392 583 412 nec
598 386 663 411 ante
675 403 684 417 ,
699 390 753 409 nec
776 382 842 417 post
857 388 936 408 mor-

166 436 232 462 tuus
241 434 333 469 jacuit
348 443 354 461 ε
371 434 411 461 sic
426 435 524 460 uterus
544 431 637 460 Maria„¹
651 438 704 458 nec
719 431 785 458 ante
804 436 858 456 nec
871 430 937 464 post

166 480 281 516 aliquid
309 479 432 508 mortale
460 479 643 514 conceperat.
657 487 671 502 n
699 478 831 503 Dz'aeerunt
851 476 938 502 autem

167 528 203 554 ad
219 535 276 554 eum
292 537 300 554 .·
317 527 391 554 Vade
411 527 441 553 in
465 526 595 553 Judaeam.
613 525 643 551 Ut
667 523 745 550 enim
765 522 805 549 ait
827 524 938 556 Augus-

167 574 244 601 tinus
259 575 269 591 ³
286 582 292 600 :
311 573 431 608 «Opera
449 572 564 600 Domini
590 570 751 606 discipulos
778 575 839 596 non
866 567 938 595 late-

167 621 249 654 bant,
265 619 317 647 sed
344 619 414 647 istos
432 619 572 646 latebant.
588 617 634 645 Isti
659 616 738 644 enim
762 614 884 648 fratres,
908 613 940 640 id

168 668 211 694 est
225 665 446 700 consanguinei,
461 665 524 700 ipsa
542 663 760 699 propinquitate
775 661 894 688 credere
909 659 940 686 in

169 721 238 740 eum
253 711 445 740 fastidierunt.
471 723 482 735 u
512 712 545 737 Εἰ
565 713 590 737 et
614 709 744 744 discipuli
768 709 810 735 tui
830 707 941 734 videant

169 767 249 794 opera
265 760 321 785 tua.
344 759 376 785 Ut
395 757 474 785 enirn
497 757 537 785 ait
556 756 781 792 Chrysostomus
790 752 811 788 ⁶,
825 753 872 780 hic
888 760 940 779 vo-

171 806 216 832 cat
231 803 390 840 discipulos
412 803 530 831 turham
547 803 735 838 sequentem,
751 808 812 828 non
828 798 942 827 duode—

171 851 238 878 cim.
269 852 301 878 Et
325 849 530 886 superaddunt
558 850 594 884 (v.
619 849 645 883 4)
672 858 678 875 z
700 849 780 875 Nemo
796 847 942 874 inocculto

121 889 129 895 ⁴
172 897 279 932 aliquid
293 898 363 930 facit
382 905 388 923 :
404 898 435 924 ut
451 896 530 923 enim
545 894 944 929 aitAugusiinus⁵:«L0que-

170 944 258 972 hatur
273 950 341 971 caro
357 943 437 970 carni
450 951 456 969 :
473 941 524 969 sed
539 949 608 968 caro
623 941 684 968 sine
699 942 768 974 Deo,
780 939 860 966 carni
876 946 943 965 cum

171 993 230 1018 Deo
245 1000 253 1025 3
272 989 429 1025 prudentia
443 988 549 1021 earnis,
573 987 667 1015 Verbo
689 986 771 1022 quod
792 994 859 1013 caro
886 985 944 1013 sac-

172 1039 234 1064 tum
249 1038 326 1064 est.»
344 1036 374 1063 St·
388 1036 440 1063 haec
455 1036 537 1068 facis,
548 1034 578 1061 id
593 1036 644 1067 est,
657 1033 681 1060 si
692 1041 761 1060 vera
773 1034 840 1060 sunt
854 1031 942 1059 mira-

176 1083 252 1116 cula,
269 1091 334 1118 quae
348 1082 419 1110 facis
429 1102 438 1116 ,
459 1082 606 1114 manifesta
621 1083 645 1107 te
663 1082 752 1115 ipsum
768 1079 876 1113 mundo,
892 1077 944 1105 sci-

174 1129 241 1157 licet
255 1129 353 1157 eundo
373 1129 404 1156 in
421 1128 574 1164 publicum
585 1148 595 1162 ,
610 1129 637 1155 et
651 1127 787 1155 faciendo
802 1126 945 1154 miracula

173 1184 274 1204 coram
291 1175 415 1203 mundo.

209 1225 235 1250 5.
252 1222 325 1256 Quia
338 1222 482 1257 propheta
505 1221 566 1248 sine
580 1221 693 1248 honore
708 1220 738 1247 in
758 1220 852 1255 patria
875 1227 940 1254 sua,

173 1277 263 1306 supra
273 1271 294 1304 ⁶,
309 1277 391 1304 neque
406 1271 476 1296 enim
490 1270 590 1301 fratres
606 1268 660 1301 ejus
675 1268 813 1294 credebant
831 1269 860 1294 in
875 1275 944 1301 eum,

174 1316 283 1343 scilicet
296 1315 518 1350 consanguinei,
534 1314 673 1341 nimirum
692 1314 818 1341 Jacobus
832 1313 946 1350 primus

174 1362 447 1397 Hierosolymorum
470 1361 639 1396 episcopus,
666 1362 693 1387 et
713 1360 818 1394 Judas,
847 1361 879 1387 ut
908 1359 947 1387 ait

174 1409 406 1444 Chrysostomus.
422 1407 478 1434 Sed
493 1407 857 1443 quaeritehrysostomus7,
871 1414 946 1442 qua-

173 1455 237 1482 liter
251 1455 291 1482 ait
308 1464 314 1481 ε
338 1456 398 1483 Non
415 1454 557 1481 credebant
574 1455 603 1480 in
627 1455 704 1479 eum?
726 1454 766 1480 Ex
782 1460 841 1488 quo
857 1460 947 1487 roga-

173 1503 276 1528 verunt
291 1500 447 1528 Dominum
462 1499 628 1533 mirificare,
645 1498 675 1525 id
691 1501 732 1525 est
746 1498 888 1525 miracula
902 1498 946 1525 fa-

173 1555 249 1580 cere,
271 1547 399 1580 videtur,
416 1545 498 1582 quod
522 1545 552 1572 in
571 1553 639 1572 eum
661 1544 829 1572 credebant.
855 1547 887 1572 Et
907 1545 946 1572 ad

173 1593 251 1621 istud
269 1593 429 1629 respondet
442 1612 451 1626 ,
475 1592 557 1628 quod
589 1601 601 1617 «
625 1591 716 1618 verba
744 1593 826 1618 eraut
847 1591 946 1618 multae

174 1639 397 1674 incredulitatis,
411 1640 438 1666 et
448 1639 547 1666 multce
558 1637 772 1672 amaritudinis,
784 1638 855 1673 quia
865 1639 947 1665 erant

175 1686 386 1722 suspicantium
404 1693 465 1713 non
481 1693 543 1712 esse
558 1692 628 1711 vera
643 1684 796 1718 miracula,
814 1685 841 1710 et
862 1683 947 1711 incu-

174 1733 302 1761 santium
317 1740 384 1760 cum
400 1731 437 1759 de
453 1738 553 1758 amore
575 1730 684 1765 gloriae.
707 1740 720 1755 >i
738 1730 818 1757 Unde
834 1734 947 1765 Augus-

176 1779 267 1807 tinus⁸
282 1788 289 1806 :
307 1788 320 1804 «
335 1778 408 1812 Quia
422 1778 585 1805 humanam
601 1776 728 1811 gloriam
750 1776 946 1811 requirebant,

174 1825 242 1853 ideo
254 1825 285 1852 in
301 1832 369 1853 eum
383 1831 445 1852 non
460 1823 628 1851 eredebant.
645 1833 658 1848 »
674 1825 705 1850 Et
719 1825 799 1859 patet
814 1831 849 1850 cx
865 1823 947 1850 dictis

152 1893 155 1897 .
174 1880 240 1907 quse
263 1873 290 1899 et
307 1871 408 1906 qualia
428 1871 570 1906 appetunt
585 1870 687 1897 fratres
707 1871 735 1896 et
755 1869 871 1904 cognati
887 1869 947 1896 suis

175 1917 317 1953 cognatis,
341 1917 392 1952 qui
410 1918 477 1943 sunt
500 1916 531 1943 in
550 1916 689 1950 dignitate
707 1924 713 1942 :
737 1917 839 1950 optant
862 1915 892 1942 in
907 1915 947 1942 eis

175 1963 379 1991 excellentiam
400 1962 603 1998 temporalem,
620 1961 790 1989 saecularem
806 1969 948 1996 apparen-

174 2011 256 2044 tiam,
272 2012 299 2037 et
313 2010 476 2037 humanam
486 2008 623 2043 gloriam,
639 2016 698 2035 non
714 2010 834 2043 propter
844 2015 946 2034 verum

175 2064 308 2084 amorem
329 2064 446 2090 eorum,
471 2063 525 2082 nec
546 2057 666 2090 propter
694 2054 829 2081 divinum
854 2054 947 2081 hono-

174 2112 249 2138 rem,
263 2111 316 2131 nec
331 2105 451 2139 propter
466 2102 633 2130 animarum
650 2101 790 2135 salutem,
809 2100 876 2128 lieet
890 2100 947 2127 hoc

175 2150 356 2186 praetendant
379 2149 556 2185 aliquando;
583 2148 634 2175 sed
655 2149 774 2183 propter
795 2147 946 2182 propriam

176 2195 377 2224 excellentiam
393 2197 419 2222 et
438 2195 573 2230 gloriam.
589 2196 622 2221 Et
639 2194 706 2221 ideo
725 2193 890 2221 cavendum
907 2192 946 2220 ab

176 2243 226 2273 eis,
244 2250 298 2269 nee
317 2241 537 2270 assentiendum
557 2241 686 2268 consiliis
707 2248 810 2267 eorum
829 2240 859 2266 in
874 2247 947 2274 prae-

177 2288 260 2315 dictis
274 2288 480 2324 acquirendis⁹
496 2297 502 2315 :
523 2296 536 2313 <‹
556 2287 648 2315 Nolite
672 2286 791 2314 eredere
807 2285 913 2313 amico.
932 2295 943 2311 ι)

179 2335 210 2361 Et
222 2334 353 2369 sequitur
365 2343 371 2361 :
384 2344 397 2359 a
408 2334 519 2362 inimici
535 2333 663 2362 hominis
678 2332 831 2360 domestici
847 2332 918 2366 ejus.
931 2341 944 2357 »

177 2381 210 2407 Et
224 2379 261 2406 de
276 2380 331 2407 hoc
353 2380 428 2407 bene
452 2380 558 2407 Seneca
579 2389 584 2406 :
611 2390 624 2405 a
646 2378 773 2407 Surdum
797 2380 822 2405 te
847 2377 948 2405 amicis

210 2440 217 2456 ¹
235 2440 305 2470 Gen„
321 2441 450 2469 xx,16.—
465 2440 472 2453 ²
487 2441 562 2471 Aug„
577 2440 620 2463 ubi
636 2447 724 2471 sup.·-
736 2439 746 2455 3
763 2438 834 2469 ibid„
851 2445 877 2462 n.
894 2439 948 2462 4.—

179 2488 205 2492 -—-
228 2476 236 2489 ⁴
257 2475 398 2505 Chrysost.‚
420 2475 462 2498 ubi
485 2482 551 2505 sup»,
572 2482 597 2499 n.
619 2476 642 2499 12.
663 2488 692 2492 —
710 2476 717 2488 ⁵
733 2476 807 2505 Aug„
828 2473 870 2497 ubi
892 2480 947 2503 sup.

178 2517 252 2540 prox.
266 2523 297 2528 —
315 2510 325 2526 ⁶
343 2510 414 2540 sup„
436 2514 470 2540 lv,
488 2512 530 2539 443
549 2511 616 2541 Luc.y
633 2516 668 2541 1v,
684 2512 722 2534 24.
739 2523 770 2528 —-
785 2511 792 2524 ⁷
806 2509 949 2540 Chrysost„

178 2545 220 2568 ubi
235 2552 290 2576 sup.
305 2558 337 2562 —
353 2544 363 2560 ⁸
377 2545 452 2575 Aug,
471 2544 514 2568 ubi
530 2552 585 2575 sup.
603 2559 633 2562 —
648 2547 657 2560 ²
674 2546 759 2574 Mz'clz„
775 2551 824 2576 vn,
840 2546 863 2574 5,
879 2546 902 2568 6.
918 2557 949 2562 -—

178 2582 198 2598 ’θ
211 2582 293 2612 Dent„
308 2586 364 2611 xm,
381 2582 436 2605 6.—
448 2582 466 2597 ¹¹
481 2581 553 2612 Sap,
568 2588 591 2608 v,
608 2584 677 2606 M.—
692 2583 709 2598 ¹²
722 2583 805 2612 Dent„
817 2587 913 2611 xxxtu,
924 2582 947 2604 9.

179 2629 205 2634 -
223 2617 241 2633 ¹³
251 2618 319 2648 Luc.,
332 2623 384 2648 x1V,
395 2618 472 2641 212-
487 2617 508 2634 Η·
519 2617 605 2647 (Ξι-ες.,
614 2617 640 2641 in
653 2618 947 2649 Ev‹my.,h01n.xxxv1.¹,

684 175 898 209 EVANGELU
921 173 1062 207 SANCTl
1083 173 1245 206 JOANNIS

989 241 1044 269 tuis
1057 242 1182 276 praesta:
1203 241 1284 269 bona
1304 241 1404 270 animo
1425 241 1505 270 malo
1527 242 1580 270 tibi
1592 244 1759 279 precantur.

990 289 1021 315 Et
1035 287 1059 314 si
1078 286 1148 314 felix
1162 294 1223 314 esse
1243 287 1303 321 vis,
1327 288 1398 316 deos
1417 296 1484 323 ora,
1504 296 1541 316 ne
1563 289 1636 325 quid
1657 289 1711 317 tibi
1725 297 1761 318 ex

989 334 1044 368 his,
1061 341 1126 369 quae
1140 335 1289 369 optantur,
1303 334 1417 362 eveniat
1429 344 1434 362 :
1451 343 1512 363 non
1522 337 1590 362 sunt
1604 335 1685 363 bona
1696 343 1763 371 quae

991 380 1021 407 in
1036 382 1061 407 te
1080 379 1184 407 volunt
1207 387 1379 415 congruere.
1402 391 1415 406 n
1442 383 1504 409 Haec
1525 382 1584 409 ille.
1596 381 1616 398 ¹⁰
1631 391 1646 407 α
1666 382 1694 410 Si
1709 381 1763 409 tibi

990 426 1116 453 voluerit
1127 425 1305 461 persuadere
1320 426 1407 454 frater
1419 429 1497 462 tuus,
1512 438 1525 454 »
1544 430 1610 463 ete„
1627 430 1654 456 et
1664 428 1763 464 sequi-

992 475 1060 501 tur:
1080 482 1093 498 ιι
1107 472 1229 500 dicens:
1253 474 1359 500 Eamus
1381 475 1409 500 et
1430 474 1592 502 serviamus
1613 474 1670 502 diis
1691 474 1763 511 alie-

992 519 1048 553 nis,
1071 529 1084 545 »
1106 521 1158 546 etc.
1180 520 1275 554 Opera
1298 519 1377 546 enim
1399 520 1496 548 faeere
1512 523 1633 557 propter
1655 528 1765 548 vanam

993 565 1130 601 gloriam,
1142 565 1267 596 finaliter
1278 565 1436 593 estservire
1447 566 1503 593 diis
1511 566 1625 601 alienis,
1632 567 1702 602 quia
1713 566 1765 603 qui

994 613 1128 647 quoerunt
1138 611 1274 646 gloriam,
1287 611 1406 639 credere
1417 612 1448 639 in
1460 613 1549 640 Deum
1560 620 1620 640 non
1630 616 1763 648 possunt,

995 658 1120 694 supra¹¹.
1135 659 1168 685 Et
1183 657 1214 685 in
1225 657 1333 686 talibus
1345 658 1498 686 affectibus
1511 661 1578 686 sunt
1589 661 1725 694 parentes
1737 660 1766 687 et

994 704 1155 740 propinqui
1166 703 1324 739 ignorandi
1334 703 1354 721 ¹2
1366 713 1391 730 z«
1400 704 1454 738 Qui
1465 704 1570 732 dixerit
1584 705 1659 741 patri
1673 712 1727 733 suo
1738 706 1766 733 et

995 751 1092 784 matri,
1114 752 1180 784 etc„
1199 751 1231 778 hi
1246 750 1448 778 custodierunt
1468 750 1621 787 eloquium
1643 753 1735 779 tuum.
1750 762 1764 776 »

995 799 1028 824 Et
1037 797 1177 832 similiter,
1187 797 1289 832 quoad
1300 797 1371 825 tales
1379 797 1509 829 affectus,
1521 800 1588 826 sunt
1599 797 1767 826 odiendi¹³:

1000 854 1013 868 «
1028 843 1055 871 Si
1071 843 1136 879 quis
1151 843 1230 871 venit
1245 843 1283 871 ad
1297 851 1356 878 me,
1373 845 1400 871 et
1415 851 1476 871 non
1489 844 1553 872 odit
1567 847 1690 879 patrem,
1700 847 1767 880 eto„

996 898 1057 918 non
1071 892 1167 925 potest
1180 898 1263 917 meus
1277 898 1338 918 esse
1361 890 1533 926 discipulus,
1560 901 1574 917 »
1596 891 1638 919 lbi
1658 892 1767 927 Grego-

997 937 1057 965 rius
1072 936 1108 964 de
1122 936 1178 964 hoc
1192 936 1269 964 bene
1279 937 1299 954 st
1312 946 1339 964 z«
1354 938 1512 973 Utrumque
1529 938 1582 972 (a),
1598 937 1702 973 inquit,
1716 945 1769 974 per

998 984 1203 1011 discretionem
1218 983 1361 1017 valemus,
1376 986 1449 1011 utet
1470 984 1505 1019 (b)
1528 984 1682 1020 proximos
1701 983 1769 1012 dili-

998 1038 1114 1066 gamus,
1129 1032 1155 1057 et
1170 1038 1246 1066 quos
1258 1030 1442 1058 adversarios
1456 1031 1487 1058 in
1501 1031 1550 1058 via
1566 1030 1615 1059 Dei
1629 1030 1769 1066 patimur,

997 1076 1139 1112 fugiendo
1155 1076 1300 1104 odiamus.
1317 1088 1331 1103 »

1034 1126 1060 1151 7.
1079 1125 1110 1151 Et
1123 1123 1255 1159 sequitur
1274 1124 1401 1158 tertium,
1417 1124 1527 1151 scilicet
1540 1123 1698 1152 salvatoris
1709 1131 1770 1151 res-

999 1169 1104 1205 ponsio
1122 1179 1128 1196 :
1146 1172 1223 1197 Dcaez't
1237 1178 1298 1205 erqo
1314 1172 1352 1198 eis
1367 1171 1441 1198 Jesus
1456 1180 1464 1197 :
1481 1171 1594 1206 Tempus
1608 1178 1694 1198 meum
1706 1178 1771 1198 non-

1000 1217 1062 1244 dum
1076 1217 1195 1244 advenit.
1204 1219 1236 1244 Et
1246 1217 1282 1244 dc
1295 1217 1352 1244 hoe
1363 1217 1487 1253 opponit
1494 1217 1671 1252 Augustinus
1681 1218 1718 1244 ¹⁵:
1732 1218 1772 1244 Ex

1001 1271 1060 1298 quo
1078 1263 1118 1290 ait
1137 1263 1293 1298 Apostolus
1308 1263 1328 1280 ¹⁶
1343 1263 1436 1299 quod,
1461 1273 1476 1289 «
1493 1272 1561 1291 cum
1579 1263 1659 1291 venit
1677 1263 1772 1299 pleni-

1000 1309 1072 1337 tudo
1087 1309 1238 1345 temporis,
1255 1309 1333 1337 misit
1348 1311 1422 1337 Deus
1439 1309 1534 1337 filium
1548 1318 1647 1344 suum,
1662 1319 1675 1335 n
1689 1309 1772 1337 vide-

1000 1358 1046 1384 tur
1061 1356 1144 1392 quod
1159 1358 1274 1392 tenipus
1289 1365 1375 1384 suum
1389 1358 1520 1385 venerat.
1541 1358 1574 1384 Et
1588 1357 1624 1384 de
1638 1356 1696 1384 hoc
1709 1364 1770 1384 res-

999 1403 1113 1439 pondet
1126 1403 1315 1437 Augustinus,
1332 1403 1415 1439 quod
1432 1414 1445 1428 α
1461 1405 1575 1439 tempus
1595 1403 1698 1438 gloriae
1711 1410 1771 1430 suae

1001 1450 1136 1477 nondum
1150 1449 1238 1477 venit.
1260 1452 1291 1477 Et
1309 1450 1351 1477 illi
1372 1450 1409 1477 de
1431 1450 1527 1485 gloria
1547 1450 1768 1484 admonebant;

1001 1496 1053 1523 sed
1062 1496 1111 1523 ille
1122 1495 1213 1523 voluit
1226 1495 1260 1531 (c)
1270 1495 1454 1523 altitudinem
1467 1496 1503 1531 (d)
1514 1496 1688 1531 praecedere,
1698 1496 1772 1524 etad

1001 1542 1095 1577 ipsam
1116 1549 1168 1577 per
1188 1541 1268 1569 viam
1287 1541 1460 1569 humilitatis
1474 1542 1642 1570 ascendere.
1663 1552 1676 1568 »
1697 1543 1773 1570 Tem-

1000 1596 1051 1623 pus
1069 1591 1185 1616 vestrum
1207 1596 1309 1622 semper
1329 1591 1367 1615 est
1389 1593 1526 1623 paratum,
1540 1589 1571 1616 id
1594 1590 1646 1622 est,
1667 1588 1773 1616 mundi

1001 1634 1106 1669 gloria.
1122 1634 1167 1661 Ait
1181 1634 1260 1661 enim
1275 1634 1355 1662 idem
1378 1635 1554 1670 Augustinus
1574 1635 1610 1663 de
1625 1635 1683 1663 hoc
1697 1636 1772 1663 tem-

1001 1689 1084 1716 pore,
1099 1681 1154 1708 sub
1165 1681 1285 1708 nomine
1301 1681 1359 1708 diei
1368 1681 1386 1698 ¹⁷
1399 1690 1406 1708 2
1419 1682 1441 1698 ³⁸
1459 1692 1472 1707 «
1483 1682 1564 1709 Diem
1571 1682 1700 1709 hominis
1712 1689 1774 1710 non

1003 1726 1180 1755 desideravi.
1196 1738 1208 1751 η
1228 1728 1259 1754 Et
1274 1727 1367 1755 ¹⁹:«ln
1381 1727 1428 1754 die
1441 1728 1563 1756 honoris
1577 1729 1666 1756 tuine
1681 1728 1774 1761 extol-

1002 1774 1080 1801 laris.
1097 1783 1110 1799 »
1126 1775 1158 1800 Et
1169 1773 1269 1800 subdit
1284 1781 1404 1801 causam
1416 1774 1503 1802 dicti:
1523 1775 1560 1810 (V.
1575 1777 1597 1808 8)
1615 1776 1675 1803 Non
1686 1777 1774 1810 potest

1003 1821 1117 1848 mundus
1129 1821 1216 1847 odisse
1229 1828 1285 1854 vos,
1303 1823 1450 1848 amatores
1464 1829 1543 1856 suos,
1559 1821 1649 1849 falsos
1663 1823 1749 1849 testes
1765 1830 1772 1848 :

1003 1875 1068 1902 quae
1082 1866 1160 1894 enim
1174 1867 1254 1894 mala
1269 1869 1347 1901 sunt,
1367 1867 1448 1895 bona
1469 1867 1574 1902 dicitis,
1594 1870 1622 1895 et
1642 1870 1774 1896 econtra-

1003 1913 1057 1940 rio.
1075 1913 1134 1940 Et2⁰
1148 1921 1174 1939 z«
1187 1916 1278 1940 Omne
1294 1914 1373 1941 enim
1392 1914 1502 1942 animal
1520 1913 1615 1949 diligit
1629 1922 1716 1942 suum
1734 1914 1774 1941 si-

1003 1959 1084 1992 mile,
1100 1959 1140 1986 sic
1151 1961 1178 1986 et
1191 1959 1286 1986 omnis
1298 1959 1389 1988 homo
1401 1968 1454 1988 suo
1471 1960 1558 1988 simili
1575 1961 1744 1988 sociabitur.
1758 1971 1772 1986 n

1003 2007 1046 2032 Me
1057 2007 1145 2032 autem
1160 2006 1228 2039 odil,
1240 2008 1305 2040 qaia
1316 2014 1361 2040 eqo
1378 2008 1559 2034 testimonium
1571 2007 1707 2042 perhibeo,
1719 2008 1773 2034 ete.

1004 2051 1060 2079 Sed
1075 2051 1200 2087 qualiter
1215 2052 1254 2080 ait
1268 2052 1334 2087 hoc,
1352 2052 1422 2088 quia
1434 2052 1538 2080 iun-³12¹
1555 2062 1561 2080 :
1575 2063 1589 2079 «
1603 2052 1631 2081 Si
1646 2052 1775 2081 mundus

1003 2106 1057 2125 vos
1075 2098 1151 2132 odit,
1174 2108 1186 2124 n
1212 2100 1264 2126 etc.
1295 2100 1327 2126 Et
1352 2099 1390 2126 ad
1413 2099 1492 2127 istud
1514 2099 1773 2135 respondendum,

1004 2144 1086 2179 quod
1101 2144 1231 2180 loquitur
1246 2145 1398 2180 discipulis
1410 2153 1464 2181 pro
1478 2148 1553 2173 statu
1570 2146 1601 2173 in
1624 2153 1684 2181 quo
1705 2147 1774 2173 tunc

1005 2192 1097 2224 crant,
1112 2192 1139 2218 et
1153 2190 1182 2218 in
1197 2193 1341 2226 quantum
1355 2191 1520 2219 suadebant
1534 2193 1562 2219 et
1575 2191 1687 2220 dabant
1703 2199 1774 2219 con-

1003 2236 1102 2264 silium
1127 2237 1163 2264 de
1190 2237 1284 2271 gloria
1308 2238 1490 2265 ostendenda
1517 2240 1630 2266 terreno
1658 2238 1773 2266 affectu.

1004 2283 1084 2310 Unde
1105 2284 1328 2319 Chrysostomus
1339 2285 1361 2300 ²2
1378 2293 1384 2311 :
1404 2294 1418 2310 «
1435 2284 1563 2318 Qualiter
1582 2292 1632 2312 eos
1648 2284 1773 2318 odirent,

1004 2329 1113 2357 scilieet
1126 2329 1256 2357 mundus
1267 2331 1295 2358 et
1310 2330 1466 2366 mundani,
1478 2330 1529 2366 qui
1540 2330 1646 2359 eadem
1661 2330 1774 2365 volunt,

1005 2424 1030 2441 n.
1049 2419 1072 2441 2.
1090 2431 1120 2435 —
1142 2418 1160 2435 ¹⁵
1174 2419 1250 2450 Aug„
1267 2419 1309 2443 uhi
1324 2427 1390 2451 sup.‚
1409 2427 1435 2445 n.
1451 2422 1474 2445 5.
1492 2435 1518 2438 —
1537 2421 1558 2438 1⁶
1573 2420 1693 2451 Gal-,1V,
1707 2422 1730 2445 4.
1744 2434 1774 2438 -

1007 2453 1023 2467 '⁷
1046 2454 1120 2483 Aug,
1143 2454 1187 2477 nbi
1212 2462 1280 2485 sup„
1300 2462 1325 2480 u.
1345 2457 1367 2480 8.
1386 2469 1417 2474 —
1438 2457 1456 2473 ¹⁸
1476 2457 1576 2487 Jerem„
1596 2462 1664 2486 xvn,
1688 2457 1726 2480 16.
1743 2471 1773 2476 —

1006 2488 1024 2504 ¹⁹
1039 2489 1127 2519 Eccli„
1143 2495 1178 2519 xi,
1195 2492 1217 2513 4.
1232 2503 1263 2508 —
1275 2491 1295 2506 ²⁰
1311 2491 1387 2520 ibid„
1401 2497 1461 2522 xm,
1477 2494 1513 2516 19.
1527 2505 1557 2509 —
1569 2492 1587 2507 ¹¹
1603 2491 1660 2521 ins„
1675 2497 1718 2522 XV,
1733 2493 1773 2516 18.

1005 2536 1035 2540 -
1050 2524 1069 2540 ²³
1081 2524 1220 2555 Clirysost„
1237 2525 1280 2549 ubi
1295 2533 1362 2557 sup„
1378 2534 1402 2550 n.
1419 2528 1443 2551 2.

1035 2577 1069 2606 (α)
1083 2577 1169 2607 Suppl.
1184 2585 1270 2609 agere.
1284 2591 1313 2596 —
1330 2579 1361 2610 (b)
1379 2580 1438 2604 Coet.
1454 2579 1512 2604 edit.
1530 2580 1606 2604 unde.
1621 2593 1651 2597 —
1667 2580 1695 2610 (c)
1713 2580 1773 2604 Hem

1005 2612 1093 2637 noluit.
1112 2625 1142 2630 —
1156 2613 1197 2643 (cl)
1216 2614 1304 2645 Suppl.
1320 2615 1469 2639 humilitate.

1779 532 1850 558 Opera
1855 531 1884 552 sa-

1788 568 1837 583 wre
1846 562 1874 583 ob

1791 599 1870 613 vanam

1783 624 1884 651 gloriam.

1979 2190 1987 2457 -iA—uu„
