1987 3032
128 1005 192 1027 Mons

108 1039 159 1064 quid
170 1039 197 1058 si-

123 1071 183 1095 gnet.

162 399 206 443 3⁵*
226 400 406 436 superfertur
425 400 563 427 omnihus
586 399 752 434 liquoribus
773 411 778 427 :

228 244 285 272 372

226 308 368 343 pergebat
383 315 453 343 ergo
472 307 503 334 in
517 308 648 334 montem
666 306 785 340 Oliveti‚
803 308 835 334 ut
848 308 998 334 auctorem

806 400 846 426 sic
868 402 895 427 et
914 400 998 427 mise-

225 447 363 474 ricordia.
380 448 449 473 ltem
479 446 535 473 olei
552 446 650 472 unctio
671 446 752 472 fessis
776 448 803 472 et
830 445 997 473 dolentibus

225 493 367 521 membris
396 492 469 519 solet
485 492 589 519 afferre
611 492 761 526 levamen3
789 494 815 519 et
830 492 898 520 ideo
913 492 997 519 mise-

224 539 381 566 ricordiam
395 538 499 573 signat.

259 587 285 612 2.
303 587 335 612 Et
352 586 471 611 diluculo
494 586 591 611 iterum
612 586 685 611 venit
710 585 738 611 in
756 585 902 619 templum,
927 584 997 619 quia

224 634 342 659 exortus
371 634 413 658 est
439 630 484 657 sol
506 630 624 665 justitia}
641 639 646 657 τ
666 633 787 663 «Mane,
811 630 906 666 inquit
929 638 996 665 pro-

222 678 310 713 pheta
326 678 345 711 ¹,
361 677 463 704 astabo
480 680 506 704 et
520 677 630 704 videbo
648 678 692 712 (a).
704 687 716 702 »
735 678 770 703 Ec
783 677 874 704 sedens
890 677 996 704 docebat

223 733 263 752 eos
278 733 284 751 :
297 732 362 760 quae
377 724 466 751 sessio
493 724 629 758 signabat
653 723 846 752 humilitatem
864 724 996 752 incarna-

221 771 322 804 tionis,
351 772 438 806 prout
463 770 502 797 ait
520 770 630 797 Glossa.
656 772 686 797 Et
714 770 793 797 idem
818 770 970 797 Anselmus
987 780 993 798 ε

225 827 238 842 a
253 817 357 850 Sessio,
375 816 479 851 inquit,
496 816 691 843 humilitatem
707 816 926 850 incarnationis,
943 825 995 852 per

221 871 311 898 quam
326 862 457 889 misereri
477 862 563 889 nobis
592 862 729 896 dignatus
755 865 808 896 cst,
824 862 961 889 insinuat.
980 874 992 886 »ι

219 910 283 942 Quo
299 909 339 936 sic
363 908 501 942 sedente,
532 908 611 935 venit
637 908 675 935 ad
704 916 771 935 eum
798 908 927 943 populus
942 916 994 943 per

219 955 320 982 fidem.
337 956 346 970 ²
363 964 376 979 ιι
392 955 491 981 Omnis
516 954 646 989 populus
669 954 848 988 manicabat,
865 965 878 980 n
895 954 926 981 id
941 956 993 988 est,

219 1009 305 1028 mane
333 1001 372 1028 ad
400 1009 468 1028 eum
493 1001 646 1033 veniebat,
677 1002 730 1027 etc.
758 1002 794 1027 De
810 1003 907 1027 monte
924 1009 992 1028 vero

221 1048 298 1074 dicto
314 1047 496 1081 Gregorius³,
514 1055 601 1081 super
621 1046 695 1073 illud
711 1047 740 1073 *ε
758 1047 856 1073 «Huic
879 1050 993 1074 montes

219 1095 326 1121 herbas
337 1094 432 1121 serunt
448 1104 460 1119 >i
478 1103 483 1120 :
501 1104 513 1118 κ
529 1095 580 1120 Per
602 1095 733 1120 montem
745 1114 754 1127 ,
776 1093 881 1128 inquit,
899 1093 993 1120 Domi-

219 1149 275 1168 nus
301 1141 479 1175 designatur.
506 1141 540 1166 »⁵
558 1150 571 1165 ι(
589 1140 646 1167 Erit
660 1140 690 1166 in
706 1140 872 1166 novissimis
887 1139 992 1166 diebus

219 1190 398 1223 praeparatus
413 1195 508 1213 mons.
529 1197 542 1212 n
566 1186 616 1213 N'el
640 1194 693 1221 per
714 1189 846 1213 montem
867 1186 993 1213 Ecclesia

219 1236 360 1269 signatur,
382 1234 412 1260 in
439 1235 545 1260 Psalmo
561 1234 570 1249 ὃ
587 1242 592 1259 z
610 1242 623 1257 «
638 1232 691 1265 Qui
713 1232 867 1259 confidunt
882 1232 911 1259 in
935 1234 991 1259 Do-

219 1281 311 1315 mino,
328 1281 401 1307 sicut
416 1287 502 1306 mons
523 1279 600 1306 Sion.
618 1288 630 1303 »
649 1278 698 1305 Vel
713 1286 765 1313 per
790 1280 922 1305 montem
937 1280 992 1305 tes-

220 1327 375 1355 timonium
391 1327 439 1354 Dei
455 1326 625 1361 designatur
639 1326 648 1342 ⁷
661 1335 667 1352 :
679 1336 692 1351 (ι
708 1326 828 1352 Sanctus
843 1325 879 1352 de
894 1328 992 1352 monte

220 1374 362 1401 umbroso
377 1376 405 1401 et
418 1373 580 1406 condenso,
595 1382 608 1398 »
625 1372 790 1399 seeundum
813 1371 902 1399 aliam
916 1371 992 1398 litte-

221 1428 284 1448 ram
299 1420 345 1456 (lt).

258 1470 283 1495 3.
300 1469 331 1494 Et
345 1466 476 1502 sequitur
490 1466 619 1493 secunda
632 1465 792 1501 particula,
808 1464 838 1491 in
854 1472 912 1499 qua
934 1472 994 1492 ma-

221 1514 300 1548 ligna
316 1521 420 1540 eorum
434 1512 610 1539 machinatio
633 1511 671 1538 ad
692 1510 863 1537 tentandum
893 1510 993 1537 Salva-

222 1562 330 1594 torem,
358 1559 399 1586 ibi
421 1568 428 1586 2
451 1558 617 1591 Adducunt,
647 1559 700 1584 etc.
728 1558 758 1583 Et
777 1556 818 1583 ibi
843 1557 969 1591 quatuor
988 1565 994 1582 :

222 1606 335 1642 primo,
353 1605 483 1632 mulieris
506 1602 741 1631 condemnandae
766 1602 991 1637 repraesentatio,

225 1655 252 1680 et
266 1660 369 1679 eorum
385 1651 489 1678 dolosa
505 1649 674 1685 inquisiti03
701 1648 843 1681 secundo,
867 1648 996 1675 Salvato-

224 1699 263 1726 ris
279 1697 457 1733 sapientialis
472 1698 499 1723 et
511 1696 638 1732 provida
652 1694 817 1730 responsio,
833 1694 873 1720 ibi
895 1702 901 1721 :
920 1695 994 1720 Jcsus

225 1748 322 1778 autem,
341 1746 407 1777 etc.;
432 1743 526 1776 tertio,
552 1742 684 1777 ipsorum
706 1749 742 1768 cx
757 1740 927 1767 confusione
943 1747 995 1767 sua

225 1790 362 1826 egressio,
376 1790 417 1817 ibi
434 1800 441 1816 :
459 1789 617 1822 Auclz'entes,
635 1790 700 1822 etc.;
717 1789 821 1822 quarto
832 1808 840 1821 ,
863 1786 995 1814 mulieris

225 1846 242 1864 a
257 1837 405 1864 Salvatore
422 1835 580 1868 absolutio,
608 1836 635 1861 et
659 1834 784 1861 abeunte
801 1833 832 1868 (c)
859 1832 995 1864 monitio,

223 1883 266 1910 ibi
281 1892 287 1912 ;
305 1884 339 1909 Et
355 1883 485 1909 remansit
506 1882 577 1908 solus
600 1882 686 1914 Jesus,
702 1882 755 1907 ete.
781 1881 811 1907 ln
824 1879 927 1914 primis
942 1887 995 1906 au-

224 1932 284 1956 tem
296 1928 471 1962 notandum,
500 1927 583 1963 quod
608 1928 701 1953 totum
716 1927 803 1953 istum
818 1934 935 1961 passum
951 1925 995 1952 di-

224 1976 310 2003 mittit
336 1975 559 2010 Chrysostomus
587 1972 795 2008 inexpositum.
826 1973 856 1999 Et
874 1971 948 2005 hoe,
964 1973 995 1998 ut

225 2022 363 2057 opinatur
388 2021 451 2055 ejus
466 2021 685 2054 interpretator,
703 2020 791 2054 prout
806 2017 845 2045 ait
859 2017 939 2045 idem
953 2018 995 2045 ibi

223 2077 278 2104 pro
294 2068 359 2095 loco
379 2076 385 2094 :
415 2077 427 2092 ι(
442 2067 522 2102 quia,
549 2065 655 2101 inquit,
685 2073 753 2092 cum
779 2066 882 2091 caetera
906 2063 995 2098 hujus

224 2108 374 2148 Evangelii
386 2120 446 2140 non
461 2113 605 2145 humana,
621 2111 673 2138 sed
688 2110 788 2137 divina
801 2109 864 2137 sola
879 2110 995 2145 sapien-

224 2161 263 2188 tia
278 2164 342 2188 acta
357 2167 417 2187 esse
432 2159 604 2191 videantur,
618 2157 674 2184 hoc
689 2157 787 2184 solum
801 2156 932 2183 humano
948 2156 993 2183 in-

225 2207 310 2242 genio
335 2208 361 2234 et
389 2205 512 2233 consilio
541 2206 654 2239 gestum
682 2210 743 2230 esse
768 2201 892 2229 videtur.
923 2205 994 2230 Nam

224 2254 307 2290 quod
320 2254 358 2281 ait
375 2262 381 2280 :
399 2253 452 2285 Qut·
465 2254 522 2279 sine
534 2254 642 2286 peccato
658 2252 705 2281 cst,
721 2251 813 2275 ⁷m'ttat
836 2251 864 2275 in
885 2257 941 2275 eam
955 2250 995 2275 Ια-

222 2303 324 2337 pidem,
341 2304 394 2329 etc.
407 2322 415 2336 ‚
432 2301 511 2328 idem
536 2300 567 2327 in
592 2299 709 2334 legibus
724 2297 860 2324 humanis
875 2298 994 2324 cautum

223 2356 285 2375 esse
297 2349 451 2376 invenitur.
471 2359 483 2372 ι»
499 2349 561 2374 Hoec
578 2346 637 2373 ille.

257 2396 301 2422 Ait
326 2403 395 2429 ergo
416 2404 421 2421 :
449 2395 596 2422 Adducunt
625 2394 650 2419 ei
676 2391 774 2418 scriboe
798 2393 822 2417 ct
850 2390 993 2423 Pharisaei,

222 2441 331 2468 scilicet
346 2441 536 2476 sapientiores
552 2442 578 2467 et
592 2437 816 2474 principaliores
833 2445 838 2463 :
855 2437 992 2463 mulierem

252 2504 260 2518 ¹
276 2502 342 2525 Psal.
360 2508 383 2529 v,
402 2503 424 2524 b.
442 2514 469 2518 —-
484 2502 494 2517 ἱ
509 2502 576 2529 Luc„
592 2505 649 2529 XXI,
667 2500 706 2522 38.
720 2511 751 2515 —
765 2498 775 2514 ³
790 2499 874 2528 Gregi,
890 2496 991 2525 Men-al„

220 2537 264 2561 lib.
280 2537 391 2565 xxxiii,
409 2543 431 2560 c.
449 2542 470 2565 1,
485 2543 510 2560 n.
526 2539 548 2559 2.
564 2549 594 2552 -
611 2536 621 2551 ⁵
634 2534 688 2562 Job,
705 2535 800 2562 x2,15.
819 2546 848 2550 -
863 2533 871 2546 ⁵
886 2533 945 2560 lsa„
961 2538 990 2562 11,

222 2576 276 2597 1,-
287 2570 729 2600 ⁶Psal.cxxiv,¹.—⁷1111bac.,11i,
743 2570 766 2598 3,
778 2569 850 2599 juxta
866 2568 939 2591 Lxx.
961 2579 991 2584 —

220 2608 230 2624 ⁸
242 2608 342 2637 Mami„
358 2613 423 2638 xxxi,
444 2608 482 2630 16.
494 2619 520 2623 -—
538 2608 546 2620 ⁹
564 2607 616 2629 lmo
630 2606 717 2628 auctor
738 2604 826 2634 Operis
845 2602 945 2633 imperf.
964 2603 990 2626 ι’νι

221 2643 322 2672 ΜηίίΙι.,
337 2643 406 2667 hom.
425 2648 489 2666 nu.
501 2655 528 2658 —
549 2642 566 2655 ¹⁰
580 2641 667 2669 Lavit„
684 2646 728 2670 xx,
746 2641 814 2663 1ορ-
834 2639 850 2654 ¹¹
863 2638 949 2666 Num,
964 2644 990 2667 v,

222 2680 248 2701 14
266 2680 290 2702 et
305 2686 358 2709 seq,
372 2691 401 2695 —
416 2678 434 2694 ¹²
450 2679 524 2707 Aug,
540 2676 565 2699 in
579 2677 660 2704 Jomz..
677 2677 749 2699 tract.
767 2680 863 2703 xxxm,
879 2680 904 2697 n.
921 2674 943 2697 le.
959 2686 990 2691 -—

747 239 959 271 EVANGELII
982 238 1122 270 SANCTI
1143 239 1305 272 JOANNlS

1055 306 1261 342 deprehensam,
1277 308 1385 336 scilieet
1404 309 1552 342 recenter,
1576 316 1591 334 (ι
1616 316 1682 344 quae
1703 316 1764 337 non
1783 308 1825 337 te-

1054 355 1131 380 cerat
1159 354 1367 388 expiationem,
1399 367 1411 379 υ
1432 355 1472 383 ait
1495 355 1605 383 Glossa.
1621 356 1658 382 Et
1673 357 1826 384 statuerunt

1054 406 1112 425 eum
1127 401 1156 426 m
1171 400 1268 434 medio,
1281 402 1312 428 ut
1325 401 1472 428 evidenter
1480 404 1597 436 possent
1609 403 1718 429 tentare
1734 403 1772 436 (v.
1786 402 1825 437 4).

1053 446 1087 472 Et
1102 446 1230 473 dixerunt
1245 449 1269 473 ci
1284 456 1294 473 .·
1310 448 1449 481 Maqz'ster,
1465 449 1519 475 etc.
1533 447 1619 481 Quod
1639 447 1740 475 dicunt
1753 447 1826 475 adu-

1053 490 1155 525 lando,
1172 493 1245 519 sicut
1259 491 1268 507 Β
1286 502 1292 519 :
1310 504 1322 516 ιι
1341 493 1484 527 Magister,
1500 494 1627 528 scimus,
1653 494 1724 529 quia
1738 501 1826 522 verax

1054 545 1094 571 es,
1111 549 1122 561 υ
1140 540 1206 571 etc„
1222 538 1273 565 ubi
1292 539 1332 565 ait
1342 539 1565 574 Chrysostomus
1581 541 1591 556 ⁹
1605 550 1610 568 :
1630 540 1826 575 «Magistrum

1053 586 1174 618 vocant,
1191 585 1274 619 eujus
1288 585 1394 612 nolunt
1412 593 1473 613 esse
1488 585 1634 621 discipuli.
1651 597 1664 613 υ
1686 587 1724 622 (v.
1741 586 1779 622 5.)
1793 588 1825 614 In

1053 631 1108 664 leffe
1124 631 1141 646 ¹⁰
1156 634 1243 658 autem
1257 632 1361 665 Moyses
1376 631 1514 658 mandavit
1525 632 1678 665 huiusmodi
1690 633 1823 668 lapidare.

1053 678 1084 703 Et
1096 687 1102 702 z
1122 678 1160 704 Tu
1176 680 1264 705 autem
1278 678 1346 712 quid
1357 678 1444 705 dicis?
1457 686 1495 705 an
1510 678 1545 704 sit
1559 677 1715 706 liberanda
1727 678 1775 706 vel
1785 678 1825 707 la-

1052 723 1194 757 pidanda.
1212 724 1250 760 (v.
1267 724 1293 759 6)
1310 725 1364 751 Hoc
1376 727 1464 751 autem
1479 725 1603 751 dicebant
1618 727 1822 760 tentanteseum‚

1054 779 1066 792 ιι
1082 777 1142 796 non
1164 771 1195 797 ut
1212 770 1294 805 quod
1310 772 1352 797 est
1368 772 1480 797 rectum
1495 770 1624 804 discant,
1640 770 1693 798 sed
1718 773 1750 798 ut
1773 778 1825 798 ve-

1051 815 1127 842 ritati
1142 816 1266 851 laqueos
1295 816 1454 849 innectant,
1470 827 1482 842 »
1501 817 1540 844 ait
1559 816 1723 844 Anselmus.
1746 817 1826 850 Quae-

1050 861 1124 888 ritnr
1137 862 1233 897 primo
1250 862 1286 889 de
1302 862 1419 896 (nossa,
1449 870 1514 897 quae
1541 863 1580 889 ait
1606 862 1688 898 quod
1716 862 1825 891 mulier

1050 915 1111 934 non
1139 907 1245 935 fecerat
1276 908 1496 943 expiationem,
1519 910 1641 944 propter
1663 916 1755 944 quam
1781 908 1825 936 di-

1050 954 1191 981 mittenda
1202 956 1275 981 esset
1289 964 1294 981 :
1311 963 1379 981 eum
1398 955 1494 981 omnis
1513 954 1578 981 talis
1593 954 1777 990 deprehensa
1794 955 1824 982 in

1050 1000 1195 1027 adulterio
1212 1003 1286 1027 esset
1300 1000 1473 1035 lapidanda.
1490 1003 1520 1028 Et
1540 1000 1579 1028 ad
1602 1001 1680 1028 istud
1702 1008 1824 1037 respon-

1049 1045 1192 1079 dendum,
1212 1047 1294 1082 quod
1320 1046 1386 1074 talis
1407 1050 1520 1082 poterat
1535 1047 1716 1083 deprehendi
1733 1047 1825 1083 tripli-

1050 1092 1118 1118 citer
1134 1101 1140 1118 :
1156 1092 1202 1119 vel
1222 1100 1274 1127 per
1301 1093 1369 1120 facti
1396 1093 1606 1120 inexcusabilis
1632 1093 1821 1127 evidentiam,

1049 1139 1095 1166 vel
1117 1147 1169 1174 per
1194 1140 1311 1166 testium
1336 1140 1569 1167 testificationem
1590 1140 1750 1175 legitimam
1768 1150 1774 1168 :
1795 1142 1823 1168 et

1049 1185 1089 1211 sic
1105 1185 1287 1220 deprehensa
1315 1189 1376 1213 erat
1390 1186 1551 1221 lapidanda
1573 1186 1820 1214 irremissibiliter.

1048 1231 1119 1258 Item
1144 1234 1205 1258 erat
1233 1232 1428 1267 deprehensio
1458 1241 1510 1268 per
1534 1233 1631 1268 legem
1659 1233 1822 1269 zelotypiae,

1049 1277 1170 1312 quando
1187 1286 1247 1305 non
1265 1278 1305 1306 sic
1335 1280 1396 1306 erat
1416 1279 1604 1306 manifestum
1619 1279 1797 1306 adulterium
1814 1288 1820 1306 :

1049 1326 1075 1350 et
1090 1326 1158 1350 tunc
1173 1327 1234 1351 erat
1247 1324 1375 1359 expiatio
1395 1325 1559 1352 secundum
1580 1325 1662 1352 illam
1679 1325 1775 1360 legem
1791 1325 1821 1352 ¹¹.

1049 1371 1081 1396 Et
1095 1370 1135 1396 sic
1150 1370 1281 1405 loquitur
1302 1370 1412 1398 Glossa.
1434 1372 1503 1398 Item
1529 1371 1679 1406 quaeritur,
1695 1371 1734 1398 ad
1749 1371 1824 1407 quid

1048 1416 1256 1451 proposuerint
1281 1417 1307 1444 ei
1331 1416 1525 1452 quoestionem
1552 1416 1589 1444 de
1615 1417 1665 1444 tali
1678 1417 1824 1445 muliere?

1048 1463 1081 1489 Et
1096 1462 1134 1489 ad
1150 1462 1226 1489 istud
1242 1463 1402 1498 respondet
1415 1463 1703 1498 Augustinus·²bene
1713 1472 1719 1490 :
1731 1473 1744 1489 (ι
1754 1463 1823 1491 Ani-

1048 1508 1269 1536 madverterunt
1285 1517 1352 1536 eum
1365 1517 1425 1536 csse
1440 1509 1552 1542 mitem,
1563 1511 1590 1536 et
1600 1509 1687 1536 etiam
1699 1509 1821 1544 justum,

1049 1556 1076 1581 ct
1093 1554 1180 1581 ctiam
1208 1563 1321 1581 verum.
1338 1564 1351 1580 »
1368 1556 1405 1582 De
1425 1555 1477 1582 illo
1499 1557 1560 1582 erat
1579 1555 1753 1591 praedictum
1774 1556 1795 1573 ¹³
1814 1565 1820 1582 :

1051 1610 1064 1625 «
1080 1602 1200 1635 Propter
1219 1601 1382 1635 veritatem,
1399 1603 1426 1628 et
1439 1601 1713 1634 mansuetudinem,
1727 1602 1823 1637 etjus-

1049 1646 1150 1680 titiam,
1166 1658 1178 1671 »
1193 1649 1246 1674 etc.
1270 1647 1368 1674 Attulit
1384 1647 1463 1674 enim
1474 1648 1636 1680 veritatem,
1651 1649 1683 1674 ut
1693 1648 1798 1675 doctor
1815 1657 1821 1675 ι

1051 1693 1321 1728 mansuetudinem,
1336 1696 1367 1720 ut
1380 1693 1521 1721 liberator
1540 1703 1546 1721 ε
1561 1694 1715 1729 justitiam,
1731 1696 1763 1721 ut
1776 1702 1824 1722 co-

1050 1740 1157 1775 gnitor.
1175 1742 1206 1767 Et
1222 1741 1258 1767 de
1273 1740 1376 1776 primis
1391 1740 1509 1768 duobus
1533 1740 1574 1767 illi
1598 1740 1692 1768 livore
1708 1743 1735 1768 et
1750 1741 1824 1768 invi—

1050 1787 1149 1814 dentia
1164 1787 1386 1822 torquebantur.
1403 1787 1470 1815 ldeo
1487 1787 1523 1814 de
1543 1788 1643 1822 tertio,
1658 1788 1690 1815 id
1708 1789 1750 1815 est
1761 1789 1822 1823 Jus-

1049 1833 1121 1867 titia,
1135 1833 1318 1867 scandalum,
1329 1833 1360 1860 id
1376 1835 1428 1867 est,
1444 1834 1635 1861 tentationem
1649 1837 1821 1869 posuerunt,

1050 1880 1210 1914 cogitantes
1237 1880 1362 1914 scilicet,
1388 1880 1411 1906 si
1440 1879 1550 1908 diceret
1571 1881 1653 1916 quod
1670 1888 1732 1908 non
1751 1883 1824 1909 esset

1049 1926 1222 1961 lapidanda,
1235 1926 1377 1960 justitiam
1390 1934 1450 1953 non
1474 1927 1603 1961 teneret3
1621 1927 1645 1954 si
1660 1935 1731 1955 vero
1746 1926 1824 1954 dice-

1049 1976 1092 2001 ret
1109 1974 1191 2009 quod
1205 1976 1278 2001 esset
1299 1973 1477 2008 lapidanda,
1493 1973 1749 2001 mansuetudinem
1763 1981 1824 2002 non

1049 2022 1186 2047 servaret.
1204 2030 1217 2045 »
1244 2022 1308 2048 Haec
1324 2020 1385 2053 ille,
1401 2021 1428 2047 et
1443 2020 1483 2047 ibi
1497 2019 1574 2047 bene
1601 2019 1638 2047 de
1650 2019 1716 2047 hoc.
1733 2021 1765 2048 Et
1778 2028 1823 2047 se-

1050 2066 1148 2101 quitur
1163 2066 1316 2101 responsio
1343 2065 1501 2093 Salvatoris
1511 2086 1520 2100 ,
1536 2073 1597 2093 non
1620 2065 1717 2093 solum
1732 2066 1822 2101 dicto,

1048 2112 1101 2139 sed
1116 2114 1198 2146 gestu
1214 2114 1241 2139 et
1255 2112 1330 2139 facto
1347 2121 1354 2138 :
1370 2114 1444 2139 Iesus
1460 2115 1548 2139 autem
1562 2113 1697 2139 inclinans
1711 2120 1739 2140 se
1748 2113 1823 2140 deor-

1048 2166 1116 2191 sum,
1133 2159 1219 2192 digito
1233 2159 1364 2185 scribebat
1386 2160 1416 2185 in
1441 2162 1557 2192 terram,
1571 2160 1728 2193 expectans
1741 2158 1764 2185 si
1777 2165 1822 2185 re-

1049 2204 1218 2239 sipiscerent
1233 2212 1250 2231 a
1266 2204 1371 2232 dolosa
1385 2212 1438 2231 sua
1452 2204 1622 2239 quaestione.
1644 2213 1658 2229 (ι
1672 2204 1820 2238 Scribebat,

1048 2250 1188 2285 inquam,
1213 2251 1332 2285 peccata
1360 2258 1499 2283 eorum,»
1524 2250 1563 2277 ait
1586 2249 1699 2284 Glossa;
1715 2250 1774 2284 vel,
1790 2251 1822 2277 ut

1048 2296 1088 2324 ait
1101 2296 1234 2331 Magister
1253 2296 1282 2323 in
1298 2297 1429 2323 Historiis
1445 2305 1452 2323 :
1470 2307 1482 2320 «
1496 2296 1528 2323 ld
1548 2296 1632 2332 quod
1645 2296 1685 2323 eis
1700 2303 1820 2332 respon-

1048 2343 1138 2371 debat
1145 2353 1154 2378 3
1171 2354 1184 2370 u
1201 2343 1249 2370 vel
1268 2353 1275 2370 .·
1294 2345 1376 2370 Terra
1388 2364 1396 2377 ,
1423 2342 1551 2370 absorbe
1574 2344 1654 2370 viros
1675 2342 1745 2370 istos
1767 2342 1820 2369 ab·
1851 2374 1855 2377 .

1048 2390 1176 2424 dicatos;
1196 2390 1243 2417 vel
1265 2399 1271 2416 :
1299 2391 1380 2416 Terra
1405 2391 1512 2416 terram
1532 2391 1659 2416 accusat.
1677 2389 1698 2406 ¹⁵
1711 2389 1819 2416 Tamen

1046 2444 1107 2464 non
1123 2439 1165 2464 est
1179 2436 1342 2470 definitum,
1359 2435 1432 2472 quid
1448 2435 1596 2463 scriberet.

1049 2518 1067 2534 ¹⁸
1083 2518 1150 2542 Psal.
1167 2524 1236 2547 mv,
1253 2519 1276 2541 ὕ.
1286 2531 1317 2536 -
1335 2518 1351 2532 '⁴
1365 2517 1419 2541 x‘id.
1434 2523 1490 2548 quze
1504 2517 1569 2540 dicta
1583 2517 1642 2539 sunt
1656 2516 1681 2539 in
1698 2516 1764 2541 Psal.
1780 2522 1818 2546 el,

1048 2555 1085 2584 19,
1099 2553 1154 2584 huj.
1168 2554 1228 2577 edit.
1245 2556 1306 2577 tom.
1324 2554 1364 2583 tx,
1381 2560 1438 2583 pag.
1452 2553 1506 2575 277.

1079 2604 1110 2632 (a)
1132 2603 1191 2627 Coet.
1211 2602 1271 2626 edtt.
1291 2601 1387 2632 inquit,
1407 2601 1496 2625 astabo
1514 2602 1539 2624 et
1559 2601 1666 2631 videbo,
1681 2600 1816 2632 propheta.

1044 2650 1075 2655 --·
1090 2637 1122 2667 (b)
1149 2638 1219 2668 any.
1235 2638 1266 2661 de
1284 2639 1372 2661 monte
1386 2636 1496 2661 Pharan.
1512 2649 1537 2653 —
1560 2637 1587 2667 (c)
1604 2637 1718 2661 Fortasse
1735 2636 1816 2668 leyen-

1044 2672 1102 2696 ‹lum
1116 2675 1140 2696 et
1155 2673 1186 2697 ad
1204 2679 1270 2696 eam.
