1987 3032
52 761 156 786 spiritua<

65 787 91 806 lis
107 793 155 807 seu-

716 220 919 252 EXPOSITIO
941 220 981 251 IN
1005 220 1091 250 CAP.
1114 220 1219 251 XXIV.

168 291 266 321 casset
280 290 436 322 Christum
450 289 466 320 J
468 295 569 326 esum,
584 295 670 318 nunc
683 289 776 318 vocat
788 297 863 318 eum
878 288 933 318 Do-

168 344 292 374 minum
301 343 423 379 Jesum,
441 341 516 381 quia
530 342 597 379 jam
609 340 806 371 verificatum
821 342 887 370 erat
902 340 934 369 in

169 404 206 425 eo
219 395 297 425 illud
311 395 396 434 quod
410 394 524 425 dicitur
541 394 548 409 ²
567 404 573 423 x
592 393 668 423 Data
681 395 728 423 est
741 393 820 422 mihi
833 392 935 422 omnis

169 450 302 487 potestas
324 447 357 477 in
380 447 456 477 coelo
479 449 509 477 et
532 447 566 476 in
590 449 684 477 terra.
710 456 724 473 ι)
748 445 784 475 Et
805 445 883 475 illud
898 445 907 460 ²
926 456 932 474 :

173 500 331 539 «Propter
346 499 430 539 quod
453 501 483 530 et
502 499 584 529 Deus
603 499 752 529 exaltavit
774 498 864 528 illum
876 520 885 534 ,
906 499 936 527 et

168 553 296 583 donavit
306 553 351 583 illi
366 562 484 584 nomen
498 553 584 592 quod
599 555 645 583 est
659 561 754 591 super
765 560 860 582 omne
874 559 936 581 no-

168 614 253 643 men,
268 616 282 634 1>
293 607 352 636 etc.
367 606 479 636 Christi
492 605 590 644 igitur
600 614 714 644 corpus
724 605 757 634 in
768 604 935 644 sepulchro

168 667 233 688 non
247 659 420 696 invenitur,
441 659 517 698 quia
533 659 603 697 ,iam
622 660 688 688 erat
702 657 934 687 resuscitatum.

170 709 258 740 Unde
270 710 350 740 infra
362 710 477 741 dicitur
494 710 535 748 (v.
553 712 580 748 ὃ)
599 721 606 740 :
626 709 713 748 Quid
724 709 867 748 quoerz’tzis
886 709 936 738 υἱ-

169 766 292 792 ventem
303 772 375 793 cum
384 762 539 793 mortuis?
548 762 729 793 Secundum
741 762 936 801 spiritualem

169 816 275 845 autem
290 815 534 854 intelligentiam
554 824 610 855 per
626 817 870 845 monumentum
886 814 937 844 in-

171 868 324 907 telligitur
347 869 522 908 Scriptura,
547 869 581 898 in
599 877 662 907 qua
684 868 758 898 latet
786 867 938 897 Dominus

170 921 260 960 quasi
282 921 313 951 in
336 922 473 961 quodam
494 921 672 960 sepulchro.
690 920 778 950 Unde
792 920 825 949 in
841 919 938 950 Jocm-

170 983 210 1004 ne
226 974 264 1012 (a)
278 976 288 992 ³
304 985 311 1004 ι
328 985 342 1002 «
357 974 547 1005 Scrutamini
569 974 758 1013 Scripturas,
784 972 859 1011 quia
881 980 938 1002 vos

170 1027 287 1064 putatis
302 1027 334 1056 in
349 1027 426 1066 ipsis
433 1027 531 1057 vitam
542 1029 693 1057 :eternam
703 1026 831 1055 habere.
845 1036 859 1052 »
880 1024 938 1054 Per

170 1078 306 1118 lapidem
330 1080 564 1119 superpositum
584 1079 774 1117 intelligitur
793 1077 937 1108 velamen

171 1131 357 1170 Scripturae3
379 1133 506 1171 propter
526 1131 611 1170 quod
626 1131 719 1161 etiam
737 1130 837 1160 lexin
856 1130 937 1168 lapi-

170 1183 234 1214 deis
249 1185 364 1215 tabulis
378 1187 445 1215 erat
461 1185 585 1224 scripta,
604 1186 634 1214 et
655 1184 693 1214 de
710 1183 770 1213 hoc
782 1182 938 1213 velamine

169 1237 303 1267 dicitur'·
319 1247 326 1268 :
347 1249 361 1265 «
377 1237 481 1276 Usque
496 1237 529 1267 in
543 1237 733 1267 hodiernum
749 1236 847 1271 diem,
864 1244 938 1265 cum

169 1290 290 1329 legitur
308 1291 445 1330 Moyses,
467 1291 612 1321 velamen
629 1290 766 1328 positum
783 1292 830 1319 est
844 1298 939 1327 super

170 1351 223 1372 cor
237 1352 359 1373 eorum.
372 1353 386 1370 n
401 1343 466 1373 Hoc
478 1342 623 1373 velamen
637 1344 802 1372 amovetur
816 1350 871 1381 per
881 1350 937 1371 an-

171 1395 309 1433 gelicum
324 1396 546 1433 ministerium,
564 1395 639 1434 quia
654 1395 749 1425 etiam
764 1395 871 1433 angeli
886 1403 938 1424 no-

168 1448 216 1477 bis
231 1449 476 1490 communicant,
493 1450 523 1478 et
538 1448 720 1478 illuminant
734 1457 803 1485 nos,
822 1456 936 1477 secun-

168 1500 246 1530 dum
271 1501 348 1531 illud
364 1502 374 1518 ⁵
391 1512 397 1531 :
419 1512 433 1530 «
453 1501 592 1532 Ostendit
617 1500 694 1530 mihi
713 1500 858 1539 Angelus
876 1501 938 1531 ssu-

168 1553 259 1583 vium
274 1562 365 1593 aquae
377 1553 472 1591 vivae,
490 1553 689 1593 splendidum
705 1555 857 1592 tanquam
872 1562 939 1592 cry-

169 1605 307 1643 stallum,
324 1606 544 1645 procedentem
559 1607 596 1636 de
613 1606 684 1636 sede
697 1606 763 1643 Dei,
778 1608 808 1636 et
820 1605 909 1644 agni.
919 1616 933 1633 »

169 1658 218 1688 Fit
241 1660 335 1689 etiam
358 1669 414 1699 per
437 1659 649 1690 ministerium
675 1659 856 1696 doctorum,
883 1659 939 1697 qui

169 1711 283 1742 debent
298 1721 365 1743 esse
380 1713 441 1743 viri
457 1712 603 1751 angelici,
620 1712 792 1742 secundum
810 1712 888 1742 illud
903 1715 913 1730 ὃ
929 1723 936 1741 2

174 1775 188 1792 «
202 1764 300 1795 Labia
321 1766 490 1796 sacerdotis
511 1765 687 1795 custodient
711 1765 887 1800 scientiam,
908 1766 939 1794 et

168 1816 274 1856 legem
295 1820 458 1857 requirent
481 1827 521 1848 ex
537 1827 591 1847 ore
612 1818 695 1856 ejus,
712 1817 788 1856 quia
804 1817 938 1856 angelus

171 1870 293 1900 Domini
315 1872 514 1902 exercituum
533 1873 590 1901 est.
607 1882 621 1899 n
642 1870 680 1900 Et
696 1870 879 1910 hujusmodi
893 1873 939 1901 est

170 1923 209 1953 de
236 1923 314 1954 coelo
339 1924 543 1962 descendere,
571 1924 652 1954 sicut
680 1923 796 1954 Paulus
807 1947 816 1962 ,
845 1924 901 1963 qui
927 1925 938 1940 '¹

177 1987 191 2003 «
204 1978 314 2014 raptus
328 1979 374 2006 est
388 1977 422 2006 in
437 1977 630 2016 paradisum,
643 1979 674 2007 et
687 1977 810 2007 audivit
823 1986 938 2007 arcana

170 2028 278 2058 verba.
294 2040 308 2057 »
327 2028 383 2059 Vel
401 2029 427 2059 si
448 2038 512 2060 nou
526 2031 628 2069 potest
646 2038 750 2069 usque
769 2029 809 2060 ad
823 2029 938 2060 intima

172 2079 225 2109 Dei
249 2080 472 2119 conscendere,
499 2081 609 2110 saltem
632 2080 779 2119 procedat
800 2080 833 2110 in
855 2081 938 2111 scala

169 2133 276 2170 Jacob,
299 2134 390 2172 cujus
413 2142 563 2164 cacumen
580 2132 695 2163 coelum
715 2133 832 2171 tangit,
858 2133 939 2164 sicut

170 2187 245 2217 honi
261 2188 506 2227 contemplatui,
524 2188 556 2225 in
575 2197 712 2227 quorum
735 2189 844 2227 figura
861 2188 938 2218 dici-

170 2239 223 2267 tur
237 2238 247 2253 ⁸
264 2249 270 2268 :
291 2249 306 2266 «
322 2238 406 2269 Vidit
422 2238 517 2269 Jacob
536 2239 570 2268 in
584 2239 703 2269 somnis
717 2239 834 2269 scalam
852 2240 936 2270 stan-

170 2291 234 2320 tem
249 2300 344 2330 super
357 2293 485 2328 terram,
499 2293 530 2321 et
540 2301 692 2322 cacumen
705 2292 789 2322 illius
803 2294 938 2331 tangens

171 2343 301 2381 coelum;
319 2345 449 2383 angelos
463 2353 591 2384 quoque
603 2344 657 2375 Dei
671 2345 885 2386 ascendentes,
905 2348 937 2376 et

170 2395 393 2427 descendentes
411 2405 467 2436 per
483 2405 563 2427 eam.
583 2408 597 2424 »
615 2399 687 2428 Haec
701 2398 782 2427 scala
797 2398 937 2429 Christus

171 2451 234 2485 est;
251 2450 335 2479 unde
350 2450 382 2480 in
395 2450 518 2481 Jomme
536 2450 573 2489 (a)
584 2453 594 2469 ⁹
607 2461 614 2481 ι
631 2463 646 2480 ε(
658 2451 808 2482 Videbitis
822 2452 937 2483 coelum

171 2503 325 2539 apertum,
345 2504 376 2532 et
394 2503 524 2542 angelos
543 2503 596 2533 Dei
611 2503 812 2534 ascendentes
833 2505 864 2534 et
884 2504 936 2535 de-

204 2597 212 2612 ¹
226 2597 326 2627 Manli„
342 2605 438 2628 xxv111,
456 2602 491 2624 ¹8.
506 2613 537 2617 —
551 2601 560 2616 ²
578 2600 683 2630 Philip..
700 2606 729 2630 11,
744 2602 767 2624 9.
781 2613 811 2618 -
832 2601 840 2614 ⁴³
856 2602 936 2631 loun„

172 2637 197 2661 v,
207 2634 296 2654 stru—⁴
311 2635 329 2657 ll
342 2636 408 2664 Con,
418 2641 458 2664 111,
470 2638 476 2659 t
486 2637 538 2659 4.-
550 2637 556 2648 '¹
569 2636 653 2665 alpem,
668 2642 732 2664 xxii,
746 2638 799 2659 l.—
813 2637 822 2650 ⁸
834 2636 934 2664 Malae„

173 2668 267 2697 11,7.—
279 2669 285 2682 ⁷
298 2669 315 2691 ΙΙ
331 2670 618 2700 Cor.,x11,4.--³Gen.,
633 2676 727 2701 xxvm,
746 2673 815 2695 12—
831 2673 840 2685 ’³
855 2672 936 2701 Joan„

1702 223 1760 251 ⁶223

989 287 1172 318 scendentes
1186 295 1282 326 supra
1294 286 1410 317 Filium
1424 287 1572 317 hominis.
1590 296 1604 315 n
1622 286 1682 323 Qui
1696 288 1761 326 igi-

989 343 1041 370 tur
1049 341 1091 370 sic
1101 342 1227 371 amovet
1234 340 1389 378 velamen,
1401 349 1456 379 per
1465 348 1657 379 consequens
1666 339 1761 369 etiam

989 394 1112 432 repellit
1126 393 1341 424 carnalitatem
1355 395 1386 423 et
1402 395 1549 430 mortem,
1565 395 1596 423 et
1610 401 1760 423 conscen-

990 446 1034 476 dit
1057 447 1096 476 ad
1124 446 1334 477 contuendam
1363 446 1477 476 Christi
1505 446 1701 476 divinitatem
1731 447 1761 476 et

990 499 1260 529 immortalitatem
1281 499 1301 515 ¹⁰
1324 510 1330 529 :
1352 510 1366 528 ε(
1380 499 1418 529 Et
1433 499 1459 528 si
1481 499 1691 537 cognovimus
1713 507 1760 529 se-

990 552 1131 582 cundum
1143 561 1270 582 carnem
1282 552 1453 589 Christum,
1464 551 1515 582 sed
1525 561 1612 582 nune
1621 553 1690 591 jam
1698 560 1762 582 non

991 605 1152 636 novimus.
1173 615 1187 632 >)
1214 604 1283 635 Non
1308 605 1393 644 quod
1414 613 1542 635 carnem
1564 603 1678 634 Christi
1698 612 1763 634 uon

990 658 1132 695 noverit,
1150 657 1204 688 sed
1219 666 1283 688 non
1303 658 1340 695 (b)
1366 657 1525 687 carnalem
1542 656 1691 687 affectum
1711 656 1763 686 vel

991 710 1253 749 intelligentiam;
1280 712 1407 749 propter
1429 709 1513 748 quod
1540 709 1584 739 ait
1606 709 1638 738 in
1665 708 1762 739 Joan-

991 773 1030 793 ne
1046 764 1084 801 (a)
1103 764 1121 779 ¹¹
1141 774 1147 793 :
1169 763 1335 802 «Spiritus
1350 764 1396 792 est
1418 762 1472 800 qui
1493 762 1634 792 vivificat
1657 770 1665 791 :
1690 770 1762 792 caro

990 825 1055 846 non
1070 815 1196 855 prodest
1208 815 1383 854 quidquam
1401 825 1407 844 :
1429 813 1526 844 verba
1542 822 1615 853 quae
1634 822 1694 852 ego
1713 812 1763 843 lo-

991 870 1084 898 cutus
1101 876 1175 897 sum
1193 867 1294 904 vobis,
1311 867 1440 906 spiritus
1454 868 1484 896 et
1504 865 1570 896 vita
1585 867 1670 896 sunt.
1687 876 1701 893 »

1032 924 1061 951 4.
1085 921 1130 951 Et
1147 921 1272 959 factum
1294 923 1338 950 est
1358 929 1369 949 .·
1389 919 1466 949 clam
1481 923 1595 957 mente,
1613 921 1671 949 etc.
1691 919 1764 950 Post

992 974 1181 1013 descriptam
1205 973 1384 1004 revelandae
1406 973 1645 1004 resurrectionis
1671 981 1764 1004 occa-

993 1025 1115 1056 sionem
1126 1049 1133 1062 ,
1159 1026 1308 1056 describit
1321 1026 1373 1056 hic
1386 1026 1587 1057 revelationis
1603 1026 1763 1057 certitudi-

993 1088 1082 1112 nem,
1110 1087 1182 1118 quae
1202 1079 1364 1117 colligitur
1381 1088 1422 1109 ex
1440 1079 1577 1116 duobus,
1594 1079 1710 1109 scilicet
1724 1088 1765 1109 ex

993 1132 1165 1162 assertione
1186 1131 1325 1168 testium,
1349 1133 1380 1162 et
1401 1131 1656 1171 comprobatione
1678 1131 1764 1162 testi-

994 1184 1188 1214 moniorum.

1035 1235 1141 1266 Primo
1168 1236 1283 1275 igitur,
1311 1238 1468 1276 quantum
1494 1238 1533 1267 ad
1561 1237 1766 1268 assertionem

993 1289 1136 1326 testium,
1160 1289 1233 1318 dicit
1250 1299 1256 1318 :
1276 1289 1321 1319 Ec
1335 1289 1461 1327 factmn
1476 1293 1543 1320 est:
1568 1290 1645 1320 (lum
1663 1293 1766 1320 mente

995 1345 1203 1372 consternant}
1217 1345 1314 1372 essent
1328 1341 1366 1371 cle
1382 1342 1451 1380 isto,
1469 1352 1535 1373 ecce
1550 1343 1613 1372 cluo
1626 1343 1690 1373 viri
1703 1346 1767 1373 ste-

995 1398 1104 1424 terunt
1125 1403 1211 1424 secus
1227 1393 1298 1424 illas
1316 1394 1349 1423 in
1368 1397 1450 1426 veste
1468 1395 1618 1434 fzclqenlc'.
1636 1395 1689 1425 Isti
1704 1394 1766 1425 duo

995 1446 1055 1477 viri
1070 1448 1224 1476 steterunt
1238 1447 1331 1485 juxta
1345 1446 1414 1476 illas
1428 1447 1462 1476 in
1476 1449 1562 1477 veste
1576 1447 1711 1486 fulgenti
1727 1447 1767 1478 ad

994 1498 1230 1537 designandum
1252 1498 1421 1529 candorem
1444 1501 1561 1530 nostrae
1585 1500 1765 1530 solemnita-

995 1552 1047 1589 tis;
1072 1552 1156 1583 uude
1172 1553 1268 1582 etiam
1288 1552 1319 1582 in
1333 1552 1529 1592 Apocalypsi
1541 1554 1562 1569 ¹²
1580 1564 1587 1583 :
1608 1565 1623 1582 (ι
1636 1553 1671 1583 In
1689 1562 1765 1584 con-

995 1607 1103 1644 spectu
1117 1605 1205 1644 agni,
1223 1605 1328 1635 amicti
1348 1605 1434 1635 stolis
1449 1605 1540 1643 albis,
1556 1608 1587 1636 et
1602 1606 1716 1646 palmae
1732 1607 1765 1636 in

995 1659 1142 1687 manibus
1157 1666 1279 1688 eorum.
1298 1668 1312 1685 >³
1331 1657 1502 1696 Signanter
1521 1661 1627 1689 autem
1642 1659 1715 1690 dicit
1732 1660 1765 1689 in

995 1714 1076 1740 vesle
1091 1711 1242 1750 fulqcntl,
1260 1711 1293 1740 in
1308 1720 1370 1750 qua
1385 1720 1448 1741 non
1469 1711 1573 1742 solum
1587 1714 1653 1742 erat
1668 1712 1766 1742 vehe-

996 1763 1114 1793 mentia
1131 1763 1296 1800 candoris,
1322 1772 1434 1793 verum
1457 1763 1553 1794 etiam
1581 1764 1766 1794 excellentia

994 1816 1084 1853 lucis,
1100 1818 1136 1845 ut
1155 1815 1370 1845 demulcerent
1384 1816 1465 1854 pios,
1486 1819 1517 1846 et
1536 1818 1690 1847 terrerent
1707 1817 1765 1847 im-

994 1868 1073 1907 pios.
1096 1868 1180 1898 Unde
1194 1867 1364 1898 Mactlzaeus
1380 1869 1400 1884 ²³
1423 1879 1429 1899 z
1452 1879 1466 1897 (ι
1481 1869 1624 1908 Angelus
1643 1868 1765 1900 Domini

994 1920 1153 1951 descendit
1165 1921 1203 1951 de
1219 1921 1309 1951 coelo.
1329 1920 1404 1951 Erat
1417 1923 1525 1952 autem
1539 1924 1683 1961 aspectus
1695 1923 1765 1961 ejus

994 1974 1075 2004 sicut
1085 1974 1205 2013 fulgur,
1217 1976 1248 2004 et
1258 1974 1484 2005 vestimentum
1496 1976 1566 2014 ejus
1576 1975 1657 2006 sicut
1666 1975 1733 2006 nix.
1746 1985 1760 2004 ι)

995 2026 1056 2057 Sed
1071 2029 1148 2057 tunc
1164 2027 1289 2057 videtur
1304 2027 1507 2058 contrarietas
1522 2029 1605 2059 inter
1621 2028 1765 2068 Evange-

994 2080 1080 2110 listas
1104 2090 1111 2110 :
1129 2089 1203 2110 nam
1225 2080 1325 2110 Lucas
1348 2080 1422 2111 dicit
1442 2081 1525 2120 quod
1540 2082 1668 2112 suerunt
1681 2081 1762 2119 duo;

999 2132 1167 2164 Matthaeus
1192 2135 1314 2170 autem,
1343 2133 1427 2172 quod
1455 2143 1550 2164 unus.
1581 2133 1658 2164 Item
1685 2134 1764 2164 Mat-

995 2183 1100 2213 thaeus
1114 2183 1196 2221 dicit,
1214 2184 1299 2222 quod
1314 2183 1441 2214 sedebat
1453 2193 1548 2223 super
1558 2184 1698 2224 lapidem
1712 2194 1763 2215 re-

994 2237 1161 2274 volutant,-
1180 2238 1303 2268 Marcus
1328 2240 1453 2277 autem,
1478 2239 1563 2278 quod
1579 2239 1706 2270 sedebat
1730 2240 1761 2269 2'71

994 2289 1124 2320 dextris.
1155 2289 1232 2320 Item
1261 2290 1396 2321 Joannes
1421 2291 1494 2321 dicit
1522 2291 1606 2330 quod
1638 2292 1763 2323 sedebat

994 2351 1077 2372 unus
1092 2342 1137 2372 acl
1148 2346 1255 2382 capnt,
1272 2347 1301 2372 et
1315 2343 1395 2373 alter
1409 2343 1574 2383 adpecles;
1589 2344 1688 2375 Lucas
1702 2354 1761 2375 au-

994 2396 1073 2432 tem,
1100 2395 1184 2434 quod
1199 2399 1351 2425 scelerum
1366 2405 1453 2426 secus
1468 2397 1549 2427 illas.
1571 2397 1631 2428 Sed
1646 2398 1760 2428 intelli-

995 2448 1153 2485 gendum,
1171 2448 1255 2487 quod
1270 2441 1445 2479 secundum
1463 2450 1656 2489 expositores
1678 2460 1762 2481 unus

993 2500 1081 2539 prius
1095 2500 1256 2539 apparuit,
1275 2502 1305 2530 et
1320 2504 1389 2541 post
1402 2501 1490 2532 alter.
1510 2502 1548 2533 Et
1565 2503 1667 2543 primo
1687 2503 1762 2542 qui-

995 2569 1012 2593 1,
1029 2564 1099 2585 51.—
1113 2563 1133 2578 ¹⁰
1146 2562 1163 2585 11
1182 2562 1249 2592 Corn,
1266 2568 1289 2591 v,
1303 2563 1373 2585 lG.—
1388 2564 1404 2579 ¹¹
1421 2564 1500 2593 Joan„
1515 2570 1549 2595 vl,
1564 2566 1636 2588 6·t.—
1647 2566 1668 2581 ¹²
1678 2566 1760 2595 Apoc„

995 2598 1146 2627 v11,2].—¹³
1163 2597 1264 2625 Mutat„
1275 2603 1367 2628 xxvtli,
1378 2600 1401 2627 2,
1414 2600 1437 2622 3.

993 2672 1008 2695 d
1025 2638 1058 2666 (a)
1081 2638 1140 2659 Cret.
1161 2636 1223 2659 cclit.
1244 2636 1314 2660 Unde
1332 2638 1454 2662 Joannes.
1466 2651 1496 2656 —
1513 2639 1548 2669 (b)
1564 2640 1651 2669 Suppl.
1670 2646 1761 2663 secun-

1011 2678 1061 2695 uni.
