1987 3032
229 208 286 237 570

226 280 282 300 nus
296 274 324 300 ¹:
353 282 366 299 «ι
375 273 411 310 (a)
433 273 561 301 Christus
583 274 681 309 posuit
699 273 851 301 animam?
870 274 994 307 Quando

228 319 355 346 Verbum
382 319 476 347 voluit
499 329 505 347 ε
529 320 708 356 principatus
736 327 806 347 vero
838 319 868 347 in
898 320 994 348 Verbo

227 368 305 400 erat,
320 367 347 393 et
360 366 401 393 ibi
416 369 551 401 potestas.
568 369 677 394 Ponere
694 367 824 393 animam
838 368 879 394 est
898 366 973 394 mori
986 376 992 394 :

226 420 295 439 caro
315 412 398 448 ponit
412 413 541 440 animam
563 414 590 439 et
608 412 705 445 sumit,
727 412 834 440 scilieet
853 414 994 448 potestate

225 458 346 486 Verbi.»
363 460 424 485 Ilaec
439 458 496 485 ille.
516 458 660 491 Animam,
677 458 810 493 inquam,
823 460 994 487 excellentia

225 505 506 539 supereminentem,
532 506 618 539 atque
638 506 758 540 peccato
778 513 884 540 puram
904 508 931 533 et
953 506 995 533 in-

224 552 387 584 nocentem,
404 550 512 580 unitate
525 550 683 577 divinitatis
698 550 874 583 deificatam,
889 554 915 578 et
925 551 993 579 ideo

225 596 403 623 amabilitate
415 596 551 624 dilectam
566 597 611 632 (b).
625 596 769 629 Quoniam
784 599 881 624 tamen
895 598 994 632 posuit

224 642 390 675 moriendo,
406 650 466 669 non
481 643 661 676 necessitate,
676 650 737 670 non
755 643 917 676 oblivione,
932 652 993 671 non

224 688 373 716 commodi
387 689 499 724 proprii
518 689 726 724 acquisitione,
743 689 794 716 sed
809 697 863 725 pro
879 691 994 724 generis

222 735 343 762 humani
364 735 575 770 redemptione.
595 737 626 762 Et
640 735 680 762 sic
700 735 797 770 posuit
815 736 944 763 animam
963 736 993 763 in

222 783 391 814 mortemon
401 781 575 809 inmanibus
583 782 756 814 amicorum,
766 782 817 809 sed
825 783 855 817 (c)
863 782 892 809 in
901 785 993 810 morte

223 827 410 855 diuturnitate
425 827 551 863 prolixa,
565 827 760 855 amaritudine
773 828 848 862 dira,
866 828 992 863 ignomi-

223 876 356 903 niositate
379 875 584 911 opprobriosa.
608 877 727 911 Propter
748 876 830 911 quod
851 877 880 903 in
897 878 994 912 figura

223 922 285 956 ejus
314 923 324 939 ²
347 931 353 949 :
381 931 395 947 «
415 922 551 949 Dilectam
582 922 650 949 dedi
680 922 810 950 animam
837 931 934 950 meam
963 924 992 951 in

224 968 522 995 manusinimicorum
531 971 693 996 vestrorum
705 969 754 1004 (d).
767 970 794 994 »³
808 980 820 993 «ι
831 971 884 996 Pro
895 970 993 1005 impiis

223 1016 356 1041 mortuus
371 1016 420 1041 est.
436 1024 448 1040 n
467 1016 498 1041 Et
512 1015 644 1050 sequitur
660 1024 666 1042 ε
683 1025 696 1040 «
711 1016 904 1044 Commendat
920 1018 992 1044 Deus

223 1061 388 1088 charitatem
402 1069 496 1095 suam,
510 1062 652 1097 quoniam
666 1070 732 1089 cum
748 1062 845 1089 adhuc
860 1066 993 1098 peccato-

222 1115 268 1135 res
287 1115 416 1134 essemus
427 1129 435 1142 ,
450 1116 504 1143 pro
519 1108 606 1135 nohis
621 1111 753 1136 mortuus
768 1111 818 1136 est.
832 1120 844 1135 n
870 1111 901 1137 Et
923 1110 991 1138 ideo

224 1153 329 1181 dicitur
343 1155 353 1170 ⁶
370 1162 376 1181 :
392 1154 518 1181 Gratiam
532 1154 713 1189 fidejussoris
732 1163 768 1182 ne
790 1156 990 1184 obliviscaris:

223 1199 303 1227 dedit
316 1200 444 1227 animam
460 1209 542 1227 suam
558 1209 611 1236 pro
627 1203 663 1228 te.
680 1212 692 1225 ῃ
709 1203 740 1228 Et
752 1209 812 1229 non
827 1203 924 1229 solum
940 1204 992 1231 suit

222 1253 276 1273 sua
291 1245 407 1272 bonitas
422 1246 462 1272 sic
481 1247 621 1281 ponendo
634 1247 763 1274 animam
777 1248 807 1275 in
821 1251 925 1282 morte,
941 1250 991 1276 sed

221 1291 275 1318 fuit
294 1300 346 1319 sua
364 1292 473 1320 invicta
491 1293 655 1321 virtuositas
678 1295 823 1322 sumendo
845 1295 876 1322 in
899 1304 993 1323 resur-

221 1338 366 1365 rectione:
384 1338 436 1366 fuit
451 1339 529 1366 enim
545 1341 613 1367 tunc
634 1348 688 1367 sua
706 1342 834 1376 potestas
853 1342 991 1369 manifes-

221 1386 278 1412 tata
293 1384 453 1412 virtualiter
463 1406 472 1420 ,
490 1385 551 1413 sive
569 1388 718 1421 potenter,
737 1387 807 1422 quia
821 1396 874 1415 sua
888 1388 992 1416 virtute

220 1431 353 1458 surrexit.
377 1431 453 1459 Intra
472 1432 512 1459 ait
530 1432 540 1449 5
557 1441 563 1459 :
589 1435 671 1467 «Ego
693 1442 759 1461 sum
780 1435 988 1469 resurrectio‚»

219 1477 327 1505 scilicet
348 1477 477 1505 effective
498 1480 523 1505 et
546 1479 718 1513 causaliter,
743 1482 876 1515 respectu
905 1481 992 1508 ctiam

219 1523 353 1550 omnium
371 1525 595 1559 resurgentium.
615 1526 671 1552 Etsi
685 1526 764 1552 enim
779 1527 789 1542 ⁶
809 1536 821 1551 «
837 1527 993 1554 crucifixus

219 1571 261 1596 est
283 1577 318 1596 ex
338 1569 524 1603 infirmitate,
548 1571 705 1598 resurrexit
730 1572 762 1606 (e)
789 1580 823 1599 ex
845 1572 990 1600 virtute.»

219 1616 290 1642 ltem
305 1614 357 1642 fuit
370 1618 497 1650 potestas
508 1624 561 1643 sua
572 1617 757 1644 manifestata
767 1618 992 1654 triumphaliter,

219 1661 291 1696 quia
304 1663 397 1688 morte
413 1661 574 1696 destructa,
595 1665 622 1690 et
647 1665 765 1690 auctore
782 1665 883 1691 mortis
896 1665 993 1692 devic-

218 1709 267 1741 to,
288 1708 460 1741 resurrexit,
482 1708 521 1735 ait
541 1709 637 1736 enim⁷
656 1718 662 1736 :
679 1720 692 1735 α
706 1711 761 1737 Ero
783 1718 862 1737 mors
884 1713 952 1744 tua,
975 1720 992 1739 o

218 1761 310 1787 mors,
322 1763 334 1778 »
352 1756 404 1781 etc.
421 1753 489 1782 Ideo
506 1754 611 1782 dicitur
622 1755 632 1771 Β
649 1764 656 1782 z
680 1756 797 1788 «Quem
812 1757 886 1784 Deus
900 1757 992 1784 susci—

221 1799 291 1827 tavit
305 1800 407 1827 solutis
427 1800 581 1828 doloribus
595 1801 716 1836 inferni,
733 1802 817 1837 juxta
836 1803 919 1838 quod
939 1804 995 1831 im-

220 1845 362 1881 possibile
382 1849 443 1874 erat
457 1847 541 1874 illum
558 1847 682 1875 detineri
697 1848 734 1876 ab
751 1856 796 1876 eo.
811 1859 824 1875 »
847 1851 917 1877 Item
932 1850 993 1885 ipse

221 1892 345 1928 sumpsit
371 1893 501 1920 animam
529 1893 560 1921 in
584 1895 795 1922 resurrectione
823 1896 993 1930 glorianter,

222 1938 293 1973 quia
314 1946 381 1965 cum
396 1939 478 1966 omni
503 1939 614 1974 gloria,
630 1942 657 1968 et
671 1941 709 1968 ad
724 1941 850 1975 gloriam
869 1950 994 1970 resurre-

222 1983 284 2011 xit⁹
301 1993 307 2011 ε
327 1993 340 2009 «
352 1985 485 2019 Oportuit
506 1985 651 2013 Christum
670 1987 750 2021 pati,
767 1990 794 2014 et
813 1996 964 2023 resurgere
977 1998 994 2017 a

223 2030 355 2063 mortuis,
370 2033 398 2057 et
412 2031 450 2058 ita
464 2031 570 2059 intrare
586 2032 615 2059 in
629 2033 756 2067 gloriam
770 2042 864 2061 suam.
877 2045 889 2060 »
909 2037 940 2062 Et
954 2036 993 2063 ob

221 2076 310 2110 hujus
324 2077 473 2112 potestatis
487 2078 738 2113 magnitudinem,
754 2079 830 2107 infra
846 2081 863 2096 '⁰
879 2090 907 2106 :«
920 2083 994 2108 Con-

222 2121 323 2156 fidite,
339 2123 410 2158 quia
429 2131 483 2158 ego
502 2124 559 2150 vici
579 2125 734 2152 mundum.
747 2136 760 2152 »
774 2126 791 2143 ¹¹
811 2128 905 2154 «Ecce
926 2127 995 2155 vicit

222 2168 269 2195 leo
285 2168 320 2195 de
336 2168 415 2196 tribu
429 2169 512 2197 Iuda.
527 2181 539 2193 »
556 2170 715 2198 imitatores
731 2180 800 2207 ergo
816 2172 879 2200 Filii
894 2174 952 2207 Dei,
968 2175 995 2201 et

223 2213 304 2241 electi
324 2215 364 2241 sic
379 2217 491 2250 ponant
506 2217 619 2243 animas
639 2225 706 2244 suas
730 2226 784 2253 pro
805 2219 932 2253 Christo,
952 2219 995 2247 in-

224 2259 268 2286 fra
278 2260 298 2276 ¹²
310 2269 316 2287 :
335 2261 413 2293 «Qui
429 2264 508 2288 amat
522 2262 653 2290 animam
667 2271 761 2298 suam,
778 2265 881 2300 perdet
894 2274 969 2300 eam,
980 2276 992 2291 »

224 2307 255 2332 ut
275 2309 408 2341 resurgat
428 2307 465 2342 (f)
484 2316 552 2335 cum
570 2308 634 2344 ipso
652 2309 683 2336 in
701 2310 810 2344 gloria,
827 2311 893 2346 quia
910 2311 930 2328 ¹³
949 2312 995 2339 «si

223 2352 331 2379 mortui
346 2353 382 2387 (9)
397 2353 499 2387 simus,
515 2356 542 2381 et
556 2356 780 2384 convivemus»

255 2422 263 2438 ¹
275 2422 349 2453 Aug,
366 2423 391 2445 in
406 2424 486 2453 Joan„
503 2426 574 2448 tract.
590 2431 670 2455 XLVII,
682 2433 708 2450 n.
725 2428 762 2456 ¹1,
776 2428 813 2450 13.
828 2440 856 2444 -
873 2428 882 2441 ²
895 2429 996 2460 lerona,

224 2463 276 2486 xil,
296 2458 320 2480 7.
338 2470 364 2474 —
386 2458 395 2473 ³
412 2458 489 2488 Rom„
507 2465 530 2488 v,
552 2461 580 2489 G,
597 2462 620 2483 8.
639 2474 670 2478 —
689 2461 699 2477 ὗ
714 2461 802 2489 Ecclz'.‚
819 2468 894 2492 xmx,
913 2464 951 2486 20.
966 2477 995 2481 —

223 2493 231 2506 ⁵
248 2492 329 2520 loun..
344 2498 387 2520 xn,
401 2494 438 2516 25.
458 2506 487 2511 —
506 2494 515 2509 ⁶
535 2495 553 2518 It
573 2495 639 2525 Cor„
659 2498 761 2525 x111,4.
776 2510 806 2514 —
823 2498 831 2511 '¹
854 2498 918 2528 ose„
936 2505 996 2529 xiii,

225 2528 262 2551 14.
281 2540 310 2544 —
325 2527 335 2543 Β
350 2528 464 2557 Act.‚11,
479 2530 517 2552 24.
539 2543 564 2546 -
581 2531 591 2546 ⁹
606 2531 672 2560 Luc„
687 2538 765 2562 xxIV,
781 2534 818 2557 26.
837 2546 862 2550 —
881 2534 901 2549 ¹⁰
914 2535 997 2563 Jomz„

226 2568 282 2592 xv1‚
300 2564 339 2586 33.
361 2575 390 2580 -
411 2563 430 2579 1·
455 2563 538 2594 Αροσ.,
558 2571 581 2593 ν,
603 2567 626 2588 5,
644 2579 674 2583 -
700 2567 720 2583 1⁸2
739 2568 820 2597 Jowz„
840 2574 886 2597 xii,
905 2570 942 2592 25.
966 2581 995 2586 —

228 2597 246 2613 ¹⁸
264 2598 281 2621 ΙΙ
304 2597 375 2628 Tim„
398 2603 428 2628 Η,
450 2600 487 2622 11.
503 2611 531 2616 -
553 2600 572 2615 ¹⁴
594 2601 667 2631 Aug„
689 2602 715 2625 in
731 2602 813 2631 lomi.y
833 2605 904 2627 tract.
925 2610 995 2634 xLIX,

231 2639 255 2656 n.
280 2634 302 2656 3.
327 2646 357 2650 -
380 2633 399 2649 ¹⁸
421 2633 493 2664 ibid„
513 2640 539 2658 n.
563 2635 586 2658 9.
611 2648 640 2653 —
664 2637 684 2652 *ὃ
707 2636 793 2668 Arist„
813 2638 842 2662 de
865 2640 948 2664 Somn.
972 2641 995 2662 et

735 207 1001 239 COLLATIONES
1023 207 1317 241 PRAEDICABILES

1142 331 1255 358 Collatia
1275 333 1601 369 quinquagestmaprtma‚
1622 344 1650 363 x1
1658 356 1666 370 ‚
1689 338 1729 364 ¹1,

1092 414 1160 441 Vado
1173 435 1179 446 ‚
1196 417 1226 441 ut
1246 423 1263 442 a
1277 423 1365 442 somno
1386 418 1496 443 eoecitem
1516 426 1591 452 eum,
1611 419 1719 447 scilicet
1739 421 1822 448 Laza-

1051 468 1126 487 rum.
1145 462 1175 487 In
1191 463 1250 488 tota
1268 461 1321 488 ista
1341 462 1414 489 serie
1435 464 1620 498 evangelica,
1635 468 1665 492 ut
1684 469 1763 501 patet
1782 467 1821 494 ab

1050 507 1211 540 Augustino
1228 507 1259 540 ¹⁸,
1280 515 1360 534 mors
1376 508 1471 535 Lazari
1487 512 1528 536 est
1543 510 1636 544 figura
1656 512 1756 539 mortis
1771 520 1821 546 ge-

1050 552 1126 579 neris
1137 553 1268 586 humani,
1281 556 1307 580 et
1322 553 1468 581 suscitatio
1483 555 1545 589 ejus
1558 556 1654 591 figura
1667 557 1721 584 fuit
1730 566 1823 586 resus-

1049 598 1192 625 citationis
1207 606 1224 626 a
1238 602 1331 626 morte
1346 602 1468 634 peccati.
1486 602 1516 627 Et
1532 602 1695 630 secundum
1715 603 1771 631 hoe
1791 604 1822 631 in

1050 644 1146 671 verbis
1166 645 1321 680 praemissis
1336 646 1390 673 tria
1412 646 1575 680 ligurantur
1590 657 1596 674 :
1623 656 1750 683 quorum
1765 651 1822 685 pri-

1050 698 1132 717 mum
1142 693 1184 718 est
1194 693 1304 727 peccati
1317 693 1504 727 aggravantis
1519 695 1546 720 et
1561 693 1677 728 ligantis
1691 702 1822 730 congrua

1049 736 1199 770 figuratio,
1221 737 1280 765 ibi:
1303 738 1328 764 Α
1346 746 1449 771 ευηιηος
1472 739 1633 767 secundum
1657 742 1699 768 est
1717 741 1823 769 animae

1049 782 1089 809 sic
1109 785 1227 818 peccato
1245 784 1381 818 obligatae
1401 786 1599 818 resuscitatio,
1616 786 1657 813 ibi
1672 796 1678 813 :
1699 788 1823 815 Eoect'tem

1050 837 1126 860 eum:
1148 831 1264 857 tertium
1284 834 1326 858 est
1347 832 1543 859 resuscitantis
1564 832 1667 860 Christi
1690 833 1823 862 benefica

1050 875 1192 910 dignatio,
1206 877 1248 903 ibi
1264 886 1270 904 ε
1290 878 1365 904 Vario
1381 878 1416 904 ad
1431 886 1499 905 eum.

1085 922 1128 949 Ait
1152 930 1241 956 ergo:
1264 924 1286 949 A
1306 931 1404 950 somno.
1423 925 1474 951 Per
1497 932 1655 959 somnum,
1674 925 1734 953 sive
1754 926 1822 954 dor-

1050 968 1202 995 mitionem
1214 989 1222 1001 ,
1238 968 1381 1003 figuratur
1396 978 1492 1003 mors,
1507 970 1575 1005 quia
1592 972 1671 998 tanta
1685 971 1822 1000 facilitate

1049 1014 1153 1041 excitat
1167 1014 1306 1041 Dominus
1318 1015 1354 1041 de
1372 1016 1506 1051 sepulcro
1518 1037 1526 1047 ,
1542 1019 1653 1051 quanta
1669 1020 1699 1044 tu
1714 1018 1823 1046 excitas

1049 1059 1243 1087 dormientem
1268 1061 1304 1088 de
1328 1061 1421 1095 lecto,
1446 1063 1484 1089 ait
1500 1063 1675 1096 Augustinus
1692 1064 1721 1091 ¹⁵.
1742 1064 1822 1092 Unde

1049 1107 1255 1134 convenienter
1274 1115 1326 1142 per
1348 1115 1485 1135 somnum
1506 1109 1637 1142 signatur
1658 1112 1821 1145 peccatum,

1048 1153 1119 1188 quia
1133 1153 1162 1179 in
1177 1161 1281 1180 somno
1296 1155 1337 1180 est
1353 1162 1492 1181 sensuum
1514 1155 1616 1189 ligatio
1627 1177 1636 1189 ‚
1652 1158 1679 1183 et
1698 1163 1822 1191 operum

1047 1198 1151 1232 vigiliae
1171 1199 1315 1234 privatio,
1338 1201 1366 1226 et
1394 1200 1522 1227 hominis
1545 1200 1768 1236 immobiliatio,
1791 1204 1824 1229 ut

1047 1247 1126 1280 patet
1139 1253 1156 1272 a
1169 1247 1299 1280 sapiente
1318 1246 1346 1279 ¹⁸,
1362 1246 1432 1281 quia
1446 1254 1567 1273 somnus
1582 1249 1624 1274 est
1638 1247 1775 1283 privatio,
1795 1250 1823 1275 et

1047 1290 1235 1319 immobilitat
1258 1292 1305 1327 (ὴ),
1332 1294 1362 1319 ut
1380 1292 1484 1320 dicitur
1512 1293 1625 1320 ibidem
1649 1293 1679 1321 ¹⁷.
1705 1296 1776 1322 Item
1792 1294 1822 1321 in

1047 1345 1152 1365 somno
1168 1341 1208 1365 est
1223 1339 1355 1374 corporis
1370 1338 1560 1374 infrigidatio,
1571 1342 1598 1367 et
1613 1340 1653 1367 sic
1669 1340 1822 1368 dissolutio

1048 1386 1076 1411 et
1095 1384 1273 1419 debilitatio,
1292 1385 1419 1412 maxime
1446 1386 1469 1412 si
1491 1385 1577 1412 fucrit
1599 1385 1819 1414 immoderatus.

1049 1430 1127 1458 Unde
1143 1431 1320 1465 Augustinus
1333 1431 1351 1447 ’Β
1364 1441 1390 1457 :a
1401 1432 1526 1458 Somnus
1537 1434 1579 1459 est
1592 1432 1716 1467 frigidus
1727 1435 1755 1460 et
1766 1433 1821 1461 hu-

1047 1477 1155 1512 midus,
1169 1480 1196 1505 et
1206 1477 1247 1504 sic*¹
1262 1478 1390 1512 resolvit,
1402 1480 1434 1505 ut
1446 1481 1523 1513 patet
1533 1478 1562 1505 in
1574 1478 1739 1513 lethargicis
1755 1479 1818 1515 (i)‚»

1048 1524 1099 1558 qui
1123 1524 1299 1551 dormiendo
1314 1524 1489 1551 moriuntur.
1514 1527 1584 1552 Item
1603 1525 1633 1552 in
1653 1533 1758 1553 somno
1781 1529 1823 1554 est

1047 1576 1193 1596 vanorum
1218 1570 1401 1597 somniorum
1426 1570 1649 1605 multiplicatio,
1671 1573 1698 1598 ct
1723 1571 1821 1598 inanis

1047 1616 1201 1644 laetiticatio
1212 1638 1218 1649 ,
1251 1619 1279 1644 et
1308 1617 1368 1644 sine
1401 1625 1489 1644 causa
1518 1618 1708 1646 contristatio.
1742 1620 1821 1646 Tunc

1047 1662 1125 1688 enim
1160 1663 1190 1688 in
1216 1670 1321 1689 somno
1355 1663 1527 1697 contingunt
1553 1664 1683 1696 somnia,
1719 1672 1821 1691 secun—

1049 1707 1122 1734 dum
1144 1708 1325 1743 sapientem,
1349 1710 1380 1735 ut
1402 1717 1491 1743 supra
1514 1710 1544 1736 ¹⁷.
1569 1711 1638 1737 Item
1659 1710 1690 1737 in
1714 1718 1820 1738 somno

1048 1756 1089 1781 est
1135 1754 1284 1781 malorum
1331 1755 1582 1783 circumstantium
1614 1760 1617 1763 “
1634 1757 1800 1791 ignorantia
1811 1778 1819 1791 ‚

1047 1800 1108 1827 sive
1166 1800 1394 1828 inconsideratio
1406 1822 1415 1835 ,
1473 1802 1674 1837 periculorum
1725 1803 1821 1830 immi-

1047 1846 1181 1873 nentium
1223 1847 1395 1882 improvisio
1413 1869 1420 1882 ,
1461 1848 1675 1883 praeteritorum
1717 1849 1822 1877 imme—

1048 1893 1185 1926 moratio,
1201 1895 1232 1919 ut
1247 1895 1325 1928 patet
1340 1893 1378 1920 ad
1393 1901 1521 1921 sensum.
1538 1894 1708 1922 consimilia
1722 1897 1822 1923 autem

1048 1942 1114 1966 sunt
1130 1939 1160 1966 in
1176 1947 1281 1966 somno
1297 1939 1503 1974 spiritualiter:
1519 1940 1590 1975 quia
1608 1942 1649 1967 est
1663 1941 1705 1968 ibi
1719 1941 1821 1976 ligatio

1048 1993 1202 2017 sensuum,
1218 1993 1254 2012 ne
1280 1985 1443 2019 dirigantur
1465 1986 1495 2012 in
1518 1986 1653 2021 proprias
1675 1987 1822 2022 operatio-

1049 2039 1122 2058 nes:
1147 2032 1217 2066 quia
1242 2033 1361 2066 peccata
1384 2034 1451 2058 sunt
1473 2032 1575 2066 funes,
1603 2033 1664 2060 sive
1691 2033 1820 2068 vincula,

1048 2080 1136 2112 prout
1151 2077 1190 2104 ait
1204 2077 1348 2112 Propheta
1364 2078 1384 2094 ¹⁹
1402 2087 1428 2104 ια
1444 2077 1640 2113 Circumplexi
1655 2082 1721 2106 sunt
1735 2087 1791 2107 me.
1804 2090 1817 2105 ι)

1048 2124 1079 2150 Et
1101 2127 1143 2150 est
1156 2123 1375 2150 immobilitatio
1390 2124 1516 2158 peccatis
1539 2126 1566 2151 et
1588 2125 1758 2159 aggravatio
1772 2126 1794 2143 ²⁰
1812 2134 1818 2152 ε

1051 2178 1064 2194 «
1076 2168 1242 2204 Iniquitatcs
1252 2177 1324 2196 mese
1339 2172 1505 2204 aggravatae
1516 2172 1583 2197 sunt
1593 2171 1630 2205 (j)
1639 2179 1725 2206 super
1736 2179 1795 2206 me,
1804 2182 1817 2196 »

1049 2215 1088 2242 ait
1113 2215 1270 2242 Psalmista.
1298 2218 1368 2243 Item
1393 2218 1435 2242 est
1458 2216 1560 2243 intima
1587 2216 1765 2251 infrigidatio
1793 2219 1822 2245 et

1049 2261 1202 2288 dissolutio
1218 2261 1237 2277 2¹
1256 2269 1282 2288 :«
1296 2261 1443 2296 Frigidam
1463 2262 1526 2288 fecit
1542 2262 1682 2289 malitiam
1697 2271 1790 2290 suam.
1804 2274 1818 2289 ιι

1049 2309 1080 2335 Et
1094 2309 1136 2335 est
1151 2307 1376 2335 meditationum
1392 2310 1419 2335 et
1433 2308 1622 2336 affectionum
1635 2316 1779 2337 vanarum
1794 2312 1821 2337 et

1054 2381 1141 2411 vigil„
1157 2388 1178 2405 c.
1197 2387 1213 2404 ι.
1228 2394 1257 2398 -
1278 2381 1297 2398 ¹7
1316 2381 1388 2411 ibid„
1404 2388 1426 2404 c.
1446 2387 1472 2404 ιιι
1484 2400 1490 2411 ,
1504 2382 1560 2411 post
1581 2381 1648 2404 med.
1668 2393 1695 2398 -
1712 2381 1731 2398 ¹⁸
1746 2382 1819 2412 Aug,

1049 2415 1078 2438 de
1101 2417 1189 2445 (luant.
1211 2417 1299 2444 anim„
1324 2424 1346 2439 c.
1366 2422 1436 2446 ΠΗ,
1457 2423 1482 2439 n.
1506 2418 1544 2445 38,
1567 2417 1650 2446 quoad
1668 2423 1820 2440 sensum.—

1051 2451 1069 2466 ¹³
1083 2451 1151 2474 Psal.
1166 2457 1256 2480 cxv111,
1272 2454 1311 2475 (il.
1327 2464 1355 2468 —
1369 2452 1388 2466 ²⁰
1403 2451 1470 2474 Psul.
1487 2457 1587 2481 xxxxii,
1603 2453 1624 2475 ὅ.
1641 2465 1670 2469 —
1686 2452 1819 2482 ²¹Je1·em.,

1050 2491 1085 2516 v1,
1103 2488 1127 2509 7.

1084 2534 1116 2563 (ιι)
1141 2534 1228 2564 Suppl.
1251 2534 1366 2562 Quando.
1382 2547 1411 2551 -—
1435 2534 1466 2563 (b)
1485 2534 1545 2558 Coet.
1565 2533 1624 2557 edit.
1643 2534 1774 2559 directam.
1791 2548 1820 2553 —

1053 2569 1082 2599 (c)
1098 2571 1132 2592 et.
1147 2582 1178 2586 —-
1194 2569 1226 2599 (d)
1250 2570 1320 2599 Vulq.
1333 2570 1427 2600 ejus.-
1438 2571 1466 2599 ge)
1483 2570 1526 2593 sed
1538 2569 1607 2593 vivit.
1622 2583 1647 2586 —
1666 2572 1697 2600 tf)
1714 2571 1770 2600 leq.
1782 2577 1820 2594 re-

1052 2606 1163 2633 surgant..
1181 2618 1210 2621 —
1232 2606 1266 2634 (q)
1291 2605 1361 2635 Vulq.
1381 2604 1542 2628 commortui.
1564 2616 1593 2621 -
1615 2604 1648 2632 (le)
1675 2606 1733 2628 Goet.
1759 2605 1817 2628 edit.

1052 2639 1269 2664 immobilitate.—
1280 2641 1308 2669 (ii
1325 2639 1487 2669 liturgicis.-
1504 2639 1536 2669 (j)
1560 2639 1629 2669 ΓιιΙῃ.
1642 2647 1818 2671 supergressae.
