1987 3032
239 252 296 280 564

237 319 265 344 et
277 316 330 343 filii
346 315 456 344 Excelsi
471 323 583 344 omnes.
600 326 613 341 »
631 317 701 343 Item
721 315 762 342 sie
778 317 862 342 natus
877 316 919 341 est
932 321 1004 340 vero

236 362 349 390 honore
367 362 551 390 sublimatus.
572 362 651 389 Unde
670 360 826 395 Gregorius
840 361 848 376 ¹
863 367 951 395 super
972 359 1005 386 il-

235 408 289 435 lud
303 418 310 435 ε
327 409 407 436 Dedit
423 411 460 436 eis
473 411 631 443 potestatem
644 409 714 442 tilios
729 409 777 433 Dei
790 408 850 440 fieri
864 414 874 433 :
891 405 1002 438 «Quid,

235 454 344 490 inquit,
358 454 413 482 hac
428 456 568 490 potestate
580 454 687 481 altius?
698 453 770 488 quid
782 453 836 480 hac
851 452 1003 479 altitudine

234 501 389 528 sublimius
410 501 466 527 diei
482 502 592 535 potest,
613 500 642 527 in
663 507 722 535 qua
743 502 854 526 creatus
879 498 1003 533 quisque

235 546 358 574 efficitur
379 546 456 573 filius
477 547 640 573 Creatoris‘?
655 556 667 571 »ι
684 546 711 573 Si
732 545 810 572 enim
828 544 920 572 Judzei
940 544 1003 578 glo-

233 593 385 620 riabantur
409 593 416 626 (
438 600 526 627 supra
547 592 687 627 eodem),
713 592 783 627 quia
805 591 858 617 lilii
880 590 1003 618 Abrahoe

233 640 329 672 erant3
344 638 437 665 multo
452 638 545 672 magis
555 638 672 671 fideles,
685 638 755 673 quia
769 639 835 664 sunt
849 636 902 663 filii
917 635 1001 663 Dei2:

235 684 410 717 «Quoniam
433 684 500 711 estis
523 684 575 711 filii
599 685 662 717 Dei,
678 683 756 710 misit
776 685 850 710 Deus
864 682 1002 718 Spiritum

232 738 329 758 suum.
345 741 358 756 »
378 730 445 758 ideo
462 730 591 757 excitans
612 730 714 757 fideles
733 729 772 756 ad
791 728 1001 756 consideratio-

232 785 300 804 nem
324 779 408 804 tantae
428 777 590 811 dignitatis,
607 776 645 804 ait
666 777 676 793 ³
698 785 704 802 :
723 786 736 801 «
757 775 855 803 Videte
882 774 1000 810 qualem

232 823 402 850 charitatem
417 823 499 850 dedit
515 824 611 857 Pater,
628 825 660 849 ut
678 822 731 849 filii
752 822 800 849 Dei
822 824 849 848 ct
868 821 1000 848 nomine-

231 877 313 903 mur,
326 871 354 897 et
365 870 465 897 simus.
486 881 498 894 »
511 872 580 897 Item
595 869 636 896 sic
651 871 735 896 natus
747 871 788 896 est
802 868 900 895 aeterni
915 867 1000 901 Regis

229 915 439 950 hoereditarius‚
449 919 475 943 et
485 916 546 943 Filii
558 916 605 943 Dei
616 915 713 942 aeterni
727 914 963 942 cohaereditarius
972 915 998 940 ³:

231 971 245 986 «
260 962 288 990 Si
314 962 384 996 filii,
408 964 435 989 et
459 962 590 989 haeredes
606 971 612 988 :
631 961 761 988 haeredes
786 961 908 996 quidem
931 960 997 992 Dei,

229 1007 397 1035 coh-‘eredes
416 1010 514 1035 autem
537 1008 648 1035 Christi.
668 1019 679 1031 n
694 1009 725 1034 Et
738 1007 748 1023 ⁵
765 1016 771 1034 :
792 1018 803 1031 υ
815 1007 842 1034 Si
857 1007 949 1038 filius,
972 1008 999 1032 et

228 1054 320 1081 haeres
332 1062 384 1089 per
406 1055 505 1081 Deum.
524 1064 537 1080 ι)
554 1056 586 1081 Et
600 1054 651 1089 qui
667 1054 707 1081 sic
729 1056 770 1080 est
791 1056 895 1087 natus,
917 1052 1000 1080 audit

227 1101 355 1128 maxime
378 1100 470 1127 verba
494 1100 542 1127 Dei
565 1100 654 1127 Patris
679 1109 685 1127 z
706 1100 840 1126 naturale
858 1099 936 1126 enim
958 1101 999 1125 est

229 1147 313 1182 quasi
330 1146 449 1173 cuilibet
463 1146 600 1179 animali,
616 1146 839 1179 delectabiliter,
856 1145 999 1172 obedien-

228 1195 270 1220 ter
284 1194 312 1219 et
328 1193 436 1227 jugiter
455 1193 558 1219 audire
573 1200 677 1219 vocem
692 1194 860 1227 paternam,
875 1191 922 1218 vel
936 1199 998 1217 ma-

226 1241 354 1273 ternam,
380 1239 454 1265 sicut
477 1247 554 1272 agno
579 1240 606 1265 et
627 1238 692 1265 aliis
713 1247 719 1264 :
741 1238 833 1265 multo
855 1237 950 1271 magis
971 1239 998 1264 et

225 1285 316 1312 homo
331 1284 483 1312 rationalis
500 1284 587 1311 debet
602 1284 703 1311 audire
721 1284 811 1311 verba
827 1284 874 1310 Dei
891 1283 995 1316 Putris,

226 1333 252 1357 et
267 1330 367 1358 intime
383 1331 540 1366 suscipere.
557 1330 637 1357 Unde
653 1330 719 1357 talis
735 1330 817 1356 audit
832 1330 922 1356 verba
937 1330 996 1362 Dei,

226 1378 254 1403 et
267 1376 374 1403 intente
384 1397 392 1410 ,
405 1377 465 1404 sive
478 1377 673 1411 singulariter,
686 1384 788 1403 aurem
801 1375 899 1402 cordis
911 1383 995 1402 aver-

225 1423 314 1449 tendo
334 1423 372 1450 ab
393 1422 473 1456 aliis,
494 1425 521 1450 et
539 1424 597 1450 Deo
617 1422 750 1458 loquenti
765 1422 947 1449 intendendo
961 1421 971 1436 ⁴³
988 1431 994 1448 ι

227 1478 240 1493 κ
256 1469 342 1503 Audi,
355 1472 382 1496 et
400 1476 455 1504 ego
470 1468 587 1505 loquar.
604 1479 617 1494 n
634 1469 676 1497 lbi
690 1469 844 1503 Gregorius
860 1470 869 1485 ⁷
886 1477 892 1495 :
913 1479 926 1493 α
939 1471 996 1495 Au-

225 1515 288 1542 dire
304 1517 437 1542 nostrum
459 1517 501 1542 est
520 1523 594 1543 sono
613 1515 734 1542 aliunde
750 1515 877 1542 venienti
893 1523 995 1542 aurem

225 1561 426 1589 commodare.
453 1572 466 1587 ι)
492 1563 537 1589 Sic
559 1562 648 1589 debet
670 1570 731 1589 esse
755 1561 943 1596 spiritualiter
965 1560 995 1587 in

225 1608 327 1635 auditu
341 1608 489 1642 interiori,
505 1608 613 1635 scilieet
634 1608 717 1643 quod
741 1608 819 1634 auris
840 1606 937 1633 cordis
956 1606 994 1633 ab

224 1653 288 1681 aliis
303 1657 490 1687 amoveatur,
506 1657 533 1681 et
548 1654 646 1681 verbis
664 1653 770 1680 divinis
784 1652 993 1679 accommode-

224 1702 270 1726 tur
284 1700 294 1716 ⁸
312 1709 317 1726 :
336 1711 347 1724 «
362 1699 406 1727 Ad
418 1699 538 1735 eloquia
553 1707 620 1726 mea
634 1699 743 1726 inclina
758 1706 860 1725 aurem
876 1700 966 1724 tuam.
980 1708 992 1723 n

223 1746 350 1779 Qualiter
377 1747 475 1772 autem
500 1747 542 1772 est
564 1745 746 1772 audiendum
769 1744 895 1771 verbum
919 1744 994 1770 divi-

223 1799 313 1824 num,
332 1791 486 1826 Gregorius
501 1792 511 1807 ⁹
526 1799 614 1826 super
637 1791 713 1818 istud
730 1800 736 1818 z
756 1800 769 1816 (ι
791 1790 994 1825 Unusquisque

223 1839 246 1865 si
257 1838 349 1865 verba
365 1838 413 1865 Dei
428 1838 458 1864 in
473 1845 543 1865 aure
560 1837 594 1872 (α)
605 1837 701 1864 cordis
714 1837 837 1873 percipit
854 1837 898 1870 (ὁ),
913 1835 994 1862 intel-

223 1884 293 1918 liget
307 1884 355 1919 (r),
371 1884 450 1911 unde
466 1884 511 1910 sit.
527 1884 679 1911 Coelestein
698 1886 810 1918 patrem
827 1882 993 1909 desiderare

222 1930 328 1957 veritas
354 1930 438 1964 jubet
453 1951 461 1965 ,
491 1930 587 1957 earnis
612 1929 759 1956 desideria
786 1930 972 1956 contemnere
984 1949 992 1962 ,

222 1976 326 2003 mundi
341 1976 467 2010 gloriam
482 1975 646 2009 declinare,
661 1975 757 2002 ahena
772 1983 832 2002 non
848 1974 992 2010 appetere,

221 2021 344 2057 propria
359 2021 469 2057 largiri.
485 2024 586 2049 Penset
608 2030 677 2056 ergo
694 2021 774 2057 apud
788 2029 818 2048 se
832 2020 992 2055 unusquis-

221 2076 279 2103 que
303 2069 450 2102 vestrum,
473 2068 497 2094 si
517 2068 579 2095 haee
601 2076 660 2094 vox
684 2067 733 2094 Dei
756 2067 785 2094 in
811 2066 907 2094 cordis
930 2066 993 2100 ejus

221 2122 291 2141 aure
303 2113 463 2142 convaluit.
477 2115 508 2141 Et
522 2114 592 2149 quia
608 2114 630 2140 si
641 2114 704 2148 jam
721 2114 756 2140 sit
771 2121 807 2140 ex
818 2115 886 2146 Deo,
902 2120 992 2147 agno-

220 2161 282 2188 seit.
301 2172 313 2184 η
331 2162 395 2188 Haec
410 2160 475 2194 ille,
491 2162 519 2187 et
538 2160 614 2187 bene
629 2160 665 2186 de
680 2160 725 2186 his
740 2160 790 2195 qui
806 2159 948 2192 audiunt,
964 2160 992 2185 et

221 2208 271 2242 qui
294 2215 354 2235 non
379 2208 504 2235 audiunt
527 2207 653 2235 verbum
677 2207 735 2234 Dei.
760 2206 816 2234 Sed
839 2214 904 2241 quae
926 2207 992 2232 sunt

220 2253 369 2281 audienda
383 2254 482 2281 subdit
498 2263 504 2280 :
524 2255 611 2281 Verba
625 2255 682 2280 Dei.
699 2253 778 2281 Talia
793 2252 872 2280 enim
886 2252 990 2279 merito

219 2301 286 2326 sunt
300 2300 464 2334 audienda,
481 2300 551 2336 quia
573 2302 639 2327 sunt
658 2301 690 2326 ut
709 2300 768 2326 vita
786 2299 824 2326 ad
839 2298 991 2325 vivifican-

220 2345 302 2378 dum,
319 2354 408 2381 supra
422 2347 443 2363 ¹0
460 2355 466 2373 ε
486 2356 500 2371 «
515 2346 647 2380 Domine,
664 2345 756 2372 verba
770 2345 835 2372 vitae
849 2344 960 2377 habes3
976 2354 988 2367 »

219 2393 246 2418 et
261 2393 328 2418 sunt
342 2394 373 2418 ut
388 2394 583 2427 purgamenta
596 2391 633 2418 ad
647 2391 854 2418 mundandum
864 2411 872 2424 ,
889 2392 915 2416 et
929 2398 990 2416 me-

219 2436 383 2465 dicamenta
398 2438 437 2465 ad
450 2438 631 2472 sanandum,
646 2437 721 2464 infra
734 2438 747 2450 ¹¹
767 2446 797 2464 :«
812 2436 910 2464 Mundi
923 2435 990 2462 estis

252 2497 260 2512 ¹
275 2496 361 2527 Greg.‚
385 2504 459 2526 super
484 2497 581 2526 Ezech„
604 2496 648 2521 lib.
672 2497 697 2526 l,
717 2496 788 2519 hom.
809 2501 848 2525 VI,
870 2502 894 2518 n.
914 2496 936 2518 9.
959 2507 989 2511 —

218 2532 228 2547 ²
244 2531 312 2560 διώ,
328 2537 363 2562 ιν,
381 2532 403 2556 6.
421 2545 449 2549 -
465 2532 474 2546 ³
490 2533 496 2555 t
515 2533 596 2561 duan„
612 2538 656 2562 111,
672 2534 693 2555 1.
709 2544 738 2549 --
755 2532 764 2547 ⁸
778 2531 856 2560 Rom,
874 2536 934 2559 vni,
951 2530 987 2552 ΓΙ.

218 2579 248 2584 —
260 2567 270 2582 θ
285 2566 441 2597 6al.‚1v,7.
461 2580 483 2583 -
505 2568 513 2580 ⁶
527 2567 584 2596 λοῦ,
600 2573 664 2596 xm,
683 2568 705 2590 4.
720 2579 749 2584 —
760 2567 770 2582 7
783 2566 872 2595 Greg,
886 2564 987 2592 Mol-al.y

218 2601 259 2623 lib.
279 2602 378 2629 XXXV,
395 2609 407 2624 c
435 2607 472 2631 ιιι,
485 2608 510 2625 n.
528 2603 550 2625 4.
565 2614 595 2618 —
610 2602 617 2615 ³
632 2603 763 2630 Prov.‚1V,
782 2603 821 2624 20.
835 2613 861 2617 —-
878 2602 886 2613 Ξ
902 2601 988 2630 Greg„

218 2643 243 2659 m
263 2637 370 2667 Eranq..
387 2637 457 2660 hom.
480 2642 559 2666 xvm,
579 2644 605 2660 n.
622 2639 642 2660 1.
658 2650 689 2655 -—
708 2638 728 2653 ¹⁰
745 2637 826 2663 loon..
846 2641 884 2664 vt,
901 2637 939 2659 69.
958 2647 988 2651 -

219 2671 234 2686 '¹
250 2671 330 2701 λοξυμ,
347 2678 388 2700 xv,
406 2672 428 2695 3.
444 2685 473 2689 —
493 2672 510 2687 ¹²
524 2671 591 2694 Psal.
608 2677 664 2702 cvl,
687 2674 723 2696 ιο.
738 2685 767 2689 --
786 2671 807 2687 ¹³
820 2670 888 2694 Psal.
904 2675 987 2698 xxxu,

745 246 1010 280 COLLATIONES
1035 245 1326 278 PRAEDICABILE'S

1060 315 1180 348 propter
1195 321 1378 348 sermonem,
1390 322 1479 349 quem
1493 314 1608 341 locutus
1622 321 1687 341 sum
1700 313 1796 342 vobis.
1810 325 1824 340 ι»

1060 360 1090 386 Et
1105 359 1135 386 in
1151 360 1254 386 Psalmo
1272 360 1291 376 '²
1309 368 1315 386 :
1331 369 1344 385 «
1358 360 1430 388 Misit
1444 360 1567 387 verbum
1580 368 1683 394 suum,
1699 362 1727 387 et
1741 367 1828 387 sana-

1058 404 1100 431 vit
1121 413 1180 432 eos.
1198 416 1210 431 »
1228 406 1260 432 Et
1282 408 1349 432 sunt
1371 407 1402 432 ut
1424 406 1609 434 firmamenta
1629 405 1667 433 ad
1682 406 1827 433 roboran-

1059 451 1144 485 dum,
1168 451 1198 478 in
1222 453 1328 479 Psalmo
1351 453 1391 479 ¹³:
1415 462 1429 477 «
1444 452 1539 480 Verbo
1556 452 1669 479 Domini
1693 451 1758 479 eoeli
1781 451 1827 479 fir-

1058 497 1127 523 mati
1141 499 1217 525 sunt.
1230 508 1244 523 »
1260 499 1290 525 Et
1305 500 1322 514 ¹²
1339 507 1345 525 z
1363 507 1377 523 ι(
1393 497 1563 525 vacillantes
1579 498 1828 525 confirmaverunt

1058 551 1207 570 sermones
1222 544 1274 571 tui.
1292 555 1304 568 a
1322 546 1353 571 Et
1366 545 1433 570 sunt
1452 546 1483 571 ut
1502 543 1712 571 delectamenta
1727 543 1767 571 ad
1782 551 1827 571 sa-

1058 589 1191 616 tiandum
1214 592 1240 616 et
1260 590 1466 617 delectandum
1484 591 1501 606 ¹⁶
1522 599 1528 616 :
1547 600 1561 614 (ι
1577 591 1668 617 Favus
1684 590 1827 617 distillans

1058 635 1148 662 verba
1163 636 1360 670 composita.»
1378 637 1407 662 ln
1423 636 1528 662 Psalmo
1543 636 1560 652 ¹⁶
1577 645 1583 662 :
1596 646 1610 660 «
1621 636 1713 668 Quam
1727 635 1827 663 dulcia

1056 680 1190 707 faucibus
1204 681 1276 708 meis
1293 681 1412 716 eloquia
1427 682 1491 708 tua!
1506 694 1518 705 ιι
1534 682 1616 708 Nasci
1633 689 1704 716 ergo
1716 689 1753 708 ex
1767 682 1825 709 Deo

1057 734 1165 760 magna
1179 727 1352 761 ingenuitas.
1375 727 1418 755 Ad
1439 727 1590 755 audienda
1611 727 1712 755 divina
1734 727 1826 755 verba

1057 772 1145 799 debet
1168 780 1230 800 esse
1255 773 1359 801 sedula
1380 773 1561 808 studiositas,
1575 776 1603 801 et
1621 773 1763 801 audiendi
1781 772 1826 801 di-

1057 818 1124 845 vina
1139 818 1231 846 verba
1243 827 1351 854 magna
1366 820 1484 847 utilitas.

1158 921 1271 948 Collatio
1291 921 1599 956 quadraqesimaquinta
1610 942 1619 956 ,
1634 930 1661 949 ix
1673 942 1682 956 ,
1698 923 1724 949 7.

1095 1004 1181 1036 Vade,
1198 1007 1222 1031 et
1242 1006 1302 1031 lava
1321 1007 1349 1031 in
1369 1007 1508 1032 natatoria
1523 1005 1603 1032 Stloe.
1623 1007 1654 1032 ln
1669 1006 1714 1033 his
1727 1005 1825 1033 verbis

1055 1052 1182 1084 quatuor
1196 1050 1383 1084 figurantur:
1402 1059 1530 1086 quorum
1552 1051 1681 1086 primum
1701 1055 1743 1079 est
1755 1060 1824 1088 pec-

1054 1096 1160 1123 catoris
1173 1097 1319 1132 privativa
1338 1097 1492 1124 excaeeatio
1503 1117 1512 1130 ,
1528 1098 1610 1132 quod
1631 1097 1824 1133 subintelligi-

1054 1144 1099 1168 tur
1116 1143 1145 1169 in
1167 1143 1320 1178 supposito
1344 1143 1431 1177 hujus
1445 1143 1528 1170 verbi
1546 1152 1552 1170 ι
1572 1144 1646 1170 Vade
1667 1154 1675 1170 :
1694 1144 1825 1180 loquitur

1054 1188 1132 1215 enim
1157 1188 1196 1215 ad
1220 1197 1331 1216 effecum
1345 1198 1352 1222 3
1376 1189 1539 1216 secundum
1565 1192 1627 1223 est,
1653 1197 1784 1217 recessus
1806 1198 1823 1217 a

1053 1237 1172 1269 peceato
1197 1235 1360 1261 exhortatio
1377 1243 1383 1261 :
1408 1235 1500 1267 Vade,·
1527 1236 1643 1262 tertium
1667 1237 1709 1263 est
1729 1236 1822 1272 poeni-

1054 1281 1178 1307 tentialis
1193 1281 1353 1308 ablutionis
1367 1273 1534 1317 persuasio,
1550 1281 1592 1308 ibi
1609 1291 1615 1308 :
1631 1282 1719 1314 Lava,·
1737 1290 1824 1317 quar-

1052 1329 1114 1354 tuin
1129 1331 1171 1355 est
1183 1328 1273 1363 ipsius
1287 1329 1465 1364 poenitentiae
1480 1331 1652 1364 competens
1665 1328 1801 1363 figuratio
1812 1350 1821 1363 ,

1052 1373 1093 1400 ibi
1110 1383 1116 1400 :
1134 1375 1166 1400 1η
1182 1377 1318 1401 natatoria
1331 1375 1414 1402 Stloe.

1087 1419 1131 1446 Ait
1151 1428 1220 1454 ergo
1243 1429 1249 1446 :
1270 1421 1353 1448 Vade.
1376 1420 1469 1454 Vade,
1487 1429 1505 1448 0
1527 1423 1557 1447 tu
1583 1421 1634 1456 qui
1657 1428 1688 1448 es
1708 1429 1821 1449 caecus:

1052 1473 1145 1493 caecus
1160 1466 1239 1493 enim
1255 1468 1312 1500 est,
1328 1467 1378 1501 qui
1393 1474 1454 1502 quo
1475 1466 1570 1502 pergit
1590 1474 1650 1493 non
1664 1466 1764 1501 videt,
1785 1468 1824 1495 ait

1052 1513 1206 1546 Gregorius
1218 1513 1236 1529 ¹⁷
1246 1520 1334 1547 super
1348 1512 1424 1540 illud
1440 1513 1459 1529 ¹⁸
1473 1521 1479 1539 ι
1498 1513 1595 1540 Oculus
1609 1514 1654 1546 fui
1667 1521 1741 1540 coeco.
1756 1514 1823 1541 Pec-

1052 1561 1132 1585 eator
1146 1559 1225 1586 enim
1238 1562 1278 1586 est
1291 1567 1392 1586 eaecuS.
1414 1561 1444 1586 Ut
1460 1560 1539 1586 enim
1558 1560 1670 1587 eaecitas
1685 1568 1824 1596 corpora·

1050 1604 1086 1631 lis
1107 1605 1198 1632 oritur
1219 1613 1253 1632 ex
1276 1607 1417 1640 quatuor,
1437 1605 1546 1632 scilieet
1568 1614 1604 1633 ex
1625 1606 1821 1641 disjunctione

1051 1651 1207 1678 oculorum
1231 1659 1248 1678 a
1267 1659 1320 1678 sua
1341 1651 1453 1685 origine
1468 1661 1475 1678 ι
1499 1651 1602 1678 oculus
1626 1652 1705 1679 enim
1729 1652 1821 1680 conti-

1051 1699 1158 1723 nuatur
1172 1697 1210 1724 ad
1225 1697 1346 1723 interius
1361 1705 1414 1732 per
1428 1705 1518 1724 venas
1533 1699 1591 1725 tres
1604 1718 1612 1731 ,
1627 1699 1659 1724 ut
1673 1697 1778 1726 dieitur
1790 1699 1821 1726 in

1050 1742 1127 1769 libro
1146 1745 1179 1769 De
1194 1743 1353 1777 afferentia
1365 1743 1487 1777 Spiritus
1501 1745 1526 1770 et
1540 1744 1665 1776 Animoe5
1682 1743 1751 1771 item
1766 1744 1822 1772 ori-

1051 1790 1097 1815 tur
1121 1797 1156 1815 ex
1182 1789 1423 1823 componentium
1447 1788 1549 1816 oculos
1576 1788 1798 1817 deordinatione
1809 1811 1819 1824 ,

1051 1843 1117 1870 quae
1133 1836 1200 1861 sunt
1214 1835 1318 1861 tunicae
1332 1834 1476 1868 oculares,
1494 1837 1522 1862 et
1534 1834 1686 1868 humores,
1701 1835 1738 1862 de
1752 1836 1819 1871 qui-

1050 1881 1106 1908 bus
1119 1881 1195 1908 libro
1210 1881 1306 1916 primo
1323 1883 1512 1915 Perspectcz⁴oe5
1526 1881 1595 1908 item
1611 1882 1702 1909 oritur
1716 1890 1753 1909 ex
1766 1882 1821 1909 vir-

1050 1927 1117 1954 tutis
1132 1927 1292 1954 defectione
1309 1936 1315 1954 ;
1329 1928 1352 1953 si
1367 1927 1446 1953 enim
1461 1935 1550 1954 senex
1564 1926 1686 1954 haberet
1699 1927 1819 1956 oculum

1047 1973 1181 2007 juvenis,
1197 1973 1310 2000 videret
1329 1975 1360 1999 ut
1379 1973 1513 2007 juvenis,
1529 1973 1598 1999 item
1613 1974 1704 2000 oritur
1718 1981 1754 2001 ex
1767 1973 1819 2001 lae-

1050 2019 1131 2046 sione
1154 2019 1248 2053 oculi,
1270 2019 1317 2046 vel
1340 2019 1505 2046 velatione:
1524 2028 1538 2044 ι(
1552 2021 1631 2046 Tunc
1654 2022 1697 2047 est
1716 2019 1820 2047 oculus

1049 2066 1144 2092 clarus
1155 2086 1164 2099 ,
1181 2065 1302 2101 quando
1318 2073 1379 2092 non
1399 2068 1441 2092 est
1461 2065 1490 2091 in
1511 2073 1546 2092 eo
1561 2065 1657 2099 laesio,
1670 2075 1684 2092 >³
1701 2067 1733 2092 ut
1748 2065 1818 2093 dici-

1048 2114 1094 2139 tur
1104 2111 1184 2147 apud
1195 2111 1377 2139 Aristotelem
1390 2113 1418 2145 ¹⁹,
1430 2113 1457 2138 et
1469 2111 1591 2146 quidem
1604 2121 1618 2138 ι(
1629 2112 1709 2140 tarde
1717 2112 1819 2140 vident

1048 2160 1167 2193 propter
1182 2158 1328 2191 velamen,
1342 2168 1355 2183 n
1371 2159 1402 2184 ut
1413 2157 1519 2184 dicitur
1533 2157 1614 2192 apud
1628 2158 1767 2185 eumdem
1777 2158 1816 2185 ²⁰:

1047 2205 1086 2231 sic
1102 2204 1213 2231 caecitas
1227 2204 1387 2239 spiritualis
1397 2203 1490 2230 oritur
1505 2204 1695 2232 consimiliter
1709 2213 1745 2232 ex
1760 2204 1818 2232 dis-

1044 2251 1195 2286 junctione
1219 2250 1261 2286 (cl)
1281 2250 1386 2277 animae
1410 2252 1438 2276 et
1461 2257 1582 2276 suarum
1605 2250 1816 2278 consideratio-

1047 2304 1119 2323 num
1134 2305 1149 2323 a
1165 2297 1222 2323 Deo
1232 2317 1241 2330 ,
1257 2298 1283 2323 et
1297 2303 1435 2331 perversa
1450 2295 1693 2330 deordinatione,
1708 2298 1736 2324 et
1751 2304 1816 2324 cor-

1046 2343 1162 2377 ruptiva
1181 2343 1315 2376 laesione,
1333 2345 1359 2368 et
1383 2341 1520 2369 infectiva
1539 2341 1703 2376 velatione,
1717 2344 1745 2369 et
1758 2342 1816 2370 vir-

1046 2389 1113 2415 tutis
1127 2388 1299 2416 defectione.
1313 2387 1381 2415 ldeo
1396 2388 1426 2414 in
1441 2388 1546 2414 Psalmo
1560 2387 1580 2403 ²¹
1598 2397 1631 2414 :a
1647 2388 1702 2415 Cor
1716 2395 1816 2415 meum

1047 2453 1070 2475 6.
1083 2465 1113 2469 -
1129 2451 1212 2480 ¹⁵]ob,
1228 2457 1261 2479 iv,
1280 2452 1299 2474 l.
1311 2464 1341 2468 —
1355 2452 1373 2467 ¹⁵
1389 2451 1472 2479 Prota,
1489 2457 1512 2480 v,
1525 2451 1549 2474 ft.
1561 2463 1591 2468 —
1607 2451 1627 2468 ¹⁸
1642 2450 1708 2475 Psal.
1723 2456 1815 2481 cxviii,

1046 2489 1143 2510 103.—
1163 2487 1183 2503 ¹⁷
1201 2488 1286 2516 Greg„
1310 2486 1412 2516 Marah,
1432 2486 1475 2509 lib.
1495 2487 1563 2516 xlx,
1580 2493 1603 2509 c.
1623 2491 1675 2515 xlv,
1689 2485 1722 2509 al.
1738 2492 1814 2516 xxiii,

1044 2528 1071 2544 n,
1093 2523 1130 2545 39.
1153 2534 1182 2539 —
1200 2522 1219 2537 ¹*
1236 2520 1291 2550 Job,
1312 2527 1388 2550 xxix,
1413 2523 1448 2544 ιῦ.
1469 2533 1498 2538 -
1522 2521 1539 2536 '⁹
1559 2520 1643 2550 Arist„
1663 2520 1693 2543 de
1713 2521 1813 2550 Anima,

1045 2556 1088 2579 lib.
1102 2557 1143 2580 111.
1154 2570 1183 2574 —
1195 2557 1216 2572 ‘2⁰
1230 2557 1275 2585 td,
1290 2556 1319 2578 ‹Ie
1332 2556 1454 2582 Animal..
1467 2555 1513 2579 lib.
1529 2556 1554 2584 13
1567 2555 1597 2579 de
1610 2556 1711 2586 Anima,
1723 2556 1767 2580 lib.
1781 2557 1813 2580 ll.

1046 2604 1073 2608 -—
1090 2592 1107 2607 ³¹
1124 2592 1188 2615 Psal.
1207 2597 1310 2621 xxxvn,
1329 2594 1364 2615 tt.

1076 2635 1108 2663 (a)
1126 2634 1186 2658 Coet.
1201 2633 1260 2656 edit.
1277 2639 1407 2656 aurem—
1420 2632 1455 2662 (b)
1470 2632 1529 2655 Item
1544 2631 1692 2662 suscipit.-
1710 2634 1738 2663 (c)
1751 2634 1812 2657 Item

1043 2668 1202 2699 intelligeret.
1217 2681 1247 2685 —
1263 2668 1302 2698 (d)
1316 2668 1377 2690 Item
1392 2666 1559 2690 distinctione.
