1987 3032
240 212 277 241 38
785 204 996 236 EVANGELH
1019 203 1155 236 SANCTI
1179 204 1289 236 LUCAE

239 285 288 314 eo,
305 275 431 307 duxerit
445 274 553 306 virum
568 274 719 311 alterum;
734 272 890 312 numquid
906 280 1010 302 rever-

241 332 324 361 tetur
338 329 377 360 ad
391 337 460 359 eam
476 327 579 358 ultra?
595 326 751 366 numquid
767 334 831 356 non
847 324 966 364 polluta
981 326 1012 354 et

242 382 452 414 contaminata
472 381 532 411 erit
551 380 667 410 mulier
688 379 764 409 illa?
787 389 800 406 »
828 377 1011 408 Notandum

242 438 288 466 est
302 436 409 466 autem
427 434 511 473 quod
530 433 602 463 licet
623 432 712 462 nulla
730 431 848 461 mentio
870 430 959 460 fieret
975 429 1012 460 de

243 488 414 525 uxoribus,
435 487 586 517 Dominus
600 487 707 516 tamen
725 484 834 515 volens
849 483 1013 514 ostendere

243 544 360 573 statum
374 542 456 580 legis
471 542 627 580 quantum
642 538 681 569 ad
697 537 839 574 moralia,
857 539 887 567 et
902 536 1012 566 transi-

244 597 313 625 tum
330 596 485 634 quantum
501 592 540 623 ad
555 590 777 622 ceremonIalia
795 591 826 620 et
839 589 1011 628 judicialia,

245 647 454 686 exemplificat
468 645 505 675 de
523 643 740 680 matrimonio,
757 652 815 682 pro
830 651 866 673 eo
882 642 967 681 qued
984 641 1015 671 in

245 700 313 739 ipso
328 698 452 729 libellus
467 697 590 737 repudii
605 696 749 727 dabatur.
766 695 804 726 Et
820 694 1016 725 matrimonii

245 753 298 783 lex
318 752 350 782 in
370 751 545 790 Evangelio
564 751 770 781 confirmatur
792 751 944 788 tanquam
963 749 1017 787 ,ins

247 805 377 843 morale,
392 807 422 835 ct
434 804 559 834 libellus
573 803 699 843 repudii
714 803 913 842 reprobatur.
930 800 1018 831 Unde

247 859 362 889 dicitur
374 858 402 888 ¹:
420 868 434 885 «
448 857 562 887 Dicunt
575 857 618 886 1111
633 867 639 886 ;
656 855 736 892 Quid
750 864 827 894 ergo
841 855 878 894 (a)
896 853 1018 894 Moyses

249 911 413 942 mandavit
434 910 508 941 dare
528 908 673 940 libellum
696 907 836 947 repudii,
859 909 890 937 et
911 906 1018 937 dimit-

249 966 334 995 tere?
354 964 406 994 Ait
429 964 490 994 illis
514 974 520 993 :
544 962 700 1000 Quoniam
722 961 846 1001 Moyses
869 961 908 991 ad
929 960 1018 991 duri-

250 1018 326 1048 tiam
347 1017 450 1048 cordis
472 1016 569 1048 vestri
589 1015 732 1055 permisit
752 1015 842 1046 vobis
864 1015 1020 1045 dimittere

251 1079 368 1101 uxores
391 1071 523 1101 vestras.
545 1080 559 1096 1)
583 1068 631 1099 Ex
651 1068 701 1098 his
723 1068 825 1106 igitur
847 1067 1019 1107 colligitur,

252 1123 387 1162 qualiter
400 1123 452 1152 lex
467 1123 584 1159 manet,
599 1121 733 1160 qualiter
745 1122 929 1159 evacuatur,
946 1130 1023 1159 qua-

252 1177 322 1206 liter
350 1176 517 1215 impletur;
548 1177 578 1205 et
605 1174 812 1205 nihilominus
842 1174 1021 1204 Pharisaeo-

252 1238 326 1260 rum
350 1228 555 1268 supercilium
583 1228 621 1258 de
647 1227 751 1258 littera
773 1227 856 1265 legis
882 1226 1024 1265 glorian-

254 1283 334 1313 tium
349 1282 541 1312 confutatur.

294 1337 344 1365 19.
367 1335 472 1366 Homo
491 1333 624 1374 quidam
647 1337 716 1363 erat
739 1333 841 1370 clives,
866 1334 924 1363 etc.
953 1332 1026 1363 Post

255 1388 437 1428 exemplum
467 1387 589 1427 pietatis
617 1386 837 1426 providendee,
868 1388 899 1416 et
927 1386 1026 1417 docu-

257 1443 400 1472 mentum
434 1441 558 1481 pietatis
592 1441 736 1480 perfectae
748 1464 757 1478 ,
793 1440 942 1470 subditur
975 1441 1027 1470 1110

256 1494 440 1534 exemplum
462 1494 632 1533 impietatis
654 1493 773 1533 punitae
800 1504 806 1523 ε
832 1494 922 1532 quia,
948 1494 1028 1524 510111

257 1557 353 1589 supra
384 1548 505 1578 dictum
534 1549 597 1585 est,
627 1547 732 1586 magis
759 1548 844 1577 tenet
871 1546 1028 1577 rationem

257 1601 395 1640 exempli
413 1609 510 1640 quam
529 1599 704 1639 parabolae,
729 1599 805 1638 quia
827 1599 866 1629 ad
888 1599 1027 1630 litteram

258 1656 316 1685 iste
338 1654 426 1685 dives
447 1654 479 1684 iu
501 1653 620 1683 deliciis
640 1653 715 1690 fuit,
732 1654 763 1682 et
778 1652 978 1691 postmodum
995 1653 1028 1683 in

259 1707 435 1739 tormentis.
452 1706 540 1738 Unde
556 1706 663 1736 Glossa
678 1705 769 1735 Bedae
785 1705 937 1735 :acontra
947 1705 1029 1735 deri-

259 1769 345 1791 sores
360 1768 474 1791 avaros
487 1759 571 1799 quod
586 1760 804 1798 proposuerat,
820 1757 965 1797 exemplo
980 1766 1029 1787 (15-

259 1814 352 1851 truit,
368 1824 382 1842 1)
399 1813 514 1844 scilicet
536 1813 620 1853 quod
631 1812 719 1843 dives
734 1811 816 1851 apud
832 1811 948 1841 inferos
962 1810 1032 1841 ideo

260 1867 485 1906 torquebatur,
512 1866 588 1905 quia
611 1866 762 1895 Lazarum
786 1873 849 1894 non
878 1864 949 1893 fecit
973 1863 1032 1893 sibi

261 1919 414 1957 amicum,
437 1928 456 1948 a
475 1927 539 1958 quo
554 1918 650 1957 recipi
669 1918 772 1956 posset
792 1916 828 1946 in
847 1917 967 1946 aeterna
983 1917 1030 1945 ta-

262 1971 443 2002 bernacula.
461 1970 499 2001 Et
514 1970 617 2009 magis
631 1970 756 2000 videtur
774 1968 913 1998 narratio
934 1977 1032 2007 quam

160 2042 244 2060 NOmen
262 2023 422 2064 parabola.
438 2022 526 2054 Unde
541 2024 570 2052 et
584 2022 683 2052 sancti
698 2021 839 2051 doctores
855 2020 952 2051 verba
971 2020 1031 2051 hu-

145 2071 248 2097 pauperis
265 2078 270 2084 ·

153 2107 192 2120 our
205 2101 239 2120 hic
259 2087 270 2117 ι]

147 2131 242 2157 expliess·
262 2132 314 2161 tus
328 2130 568 2166 damnatorum;
585 2130 616 2158 et
634 2129 670 2158 ut
688 2127 872 2157 ostendatur
887 2126 973 2165 quod
993 2125 1031 2155 ad

144 2163 186 2182 tur.

277 2086 313 2108 us
327 2076 485 2117 parabolae
500 2076 663 2106 adducunt
684 2075 717 2104 iu
732 2073 948 2104 testimonium
968 2074 1032 2103 sta-

262 2183 400 2214 iitteram
415 2181 510 2212 suerit
531 2189 663 2217 verum,
680 2180 731 2210 hic
750 2187 867 2209 nomen
888 2178 1034 2218 pauperis

263 2236 450 2276 explicatur.
472 2234 520 2266 Ad
544 2235 642 2273 hujus
663 2234 765 2272 igitur
787 2232 923 2271 exempli
946 2240 1034 2262 enar-

263 2289 419 2319 rationem
443 2287 663 2327 explicandam
686 2286 857 2316 introducit
882 2285 1031 2323 Evange-

264 2343 335 2372 lista
359 2342 434 2379 tria,
458 2341 574 2371 scilicet
598 2338 868 2370 immisericordIae
893 2348 1032 2376 causam,

265 2396 409 2435 culpam,
430 2396 460 2424 et
482 2402 620 2433 poenam.
646 2392 916 2423 Immisericordiae
943 2392 1034 2431 culpa

266 2448 324 2478 fuit
344 2446 552 2486 incompassio
567 2448 711 2485 respectu
730 2445 886 2484 proximi,
909 2444 948 2474 de
972 2453 1036 2484 qua

267 2501 310 2531 ibi
328 2501 339 2517 ¹
361 2511 368 2530 :
390 2500 435 2532 Et
455 2503 524 2530 erat
542 2499 672 2539 quidam
694 2499 869 2529 mendicus.
890 2498 1036 2528 Immise-

268 2553 412 2584 ricordiae
431 2562 525 2592 poena
545 2552 603 2582 fuit
621 2552 751 2591 deJectio
773 2552 806 2582 in
824 2551 1035 2582 calamitatem

300 2635 305 2648 ¹
321 2632 417 2662 Meum,
434 2638 492 2663 xlx,
508 2633 558 2656 7-8.
573 2644 603 2650 --
619 2631 627 2645 ²
648 2631 704 2660 inf„
719 2638 744 2655 v.
761 2632 843 2654 211-
858 2631 868 2647 ³
883 2631 941 2660 lus„
954 2637 980 2652 v.
996 2630 1036 2652 22.

268 2682 297 2688 -
312 2670 320 2683 ⁴
339 2670 346 2693 1
366 2668 494 2698 Tim.,v1‚
512 2669 535 2691 9.
549 2680 579 2685 -
598 2668 606 2681 ⁶
622 2666 722 2696 Matth„
740 2672 797 2697 x1x,
817 2668 855 2691 24.
872 2678 901 2684 —
920 2667 929 2680 θ
949 2664 1037 2692 Marc„

1067 271 1179 302 inferni
1192 295 1199 309 ‚
1216 272 1254 301 de
1270 280 1331 311 qua
1346 273 1389 303 ibi
1405 274 1414 290 ³
1433 284 1438 304 :
1456 273 1602 304 Mortuus
1618 276 1662 303 est
1681 276 1789 303 autem
1808 278 1839 303 et

1068 324 1168 362 clives,
1187 328 1217 355 et
1229 325 1368 365 sepultus
1390 330 1435 356 est
1457 327 1488 357 ίιι
1511 327 1648 365 inferno.
1671 326 1757 356 Circa
1776 326 1838 356 im-

1069 377 1293 408 misericordiae
1309 388 1447 417 causam,
1465 388 1538 419 quae
1553 382 1600 410 est
1615 388 1705 409 amor
1722 378 1838 418 privati

1069 431 1142 460 boni
1153 455 1160 468 ,
1177 431 1349 461 introducit
1368 431 1427 461 tria
1449 432 1530 462 circa
1544 432 1691 466 divitem,
1709 431 1747 461 de
1762 431 1838 471 qui-

1070 483 1130 513 bus
1145 485 1234 514 notat
1248 493 1339 520 eum;
1357 486 1388 514 et
1409 486 1482 514 sunt
1496 484 1748 524 concupiscentia
1763 492 1839 514 ocu-

1070 535 1187 573 lorum,
1204 536 1353 575 superbia
1367 536 1453 573 vitae,
1467 539 1496 567 et
1511 537 1761 577 concupiscentia
1776 545 1840 566 car-

1071 589 1130 619 nis.
1149 589 1255 619 Primo
1270 589 1382 627 igItur,
1398 591 1555 629 quantum
1569 589 1608 619 ad
1621 589 1841 629 concupiscen-

1071 642 1147 672 tiam
1168 641 1350 679 oculorum,
1373 641 1446 672 dicit
1466 653 1471 671 :
1500 642 1601 672 Homo
1622 641 1755 681 quidam
1774 645 1844 672 erat

1072 693 1165 725 dices.
1192 693 1294 724 Homo
1320 694 1376 724 iste
1399 694 1486 725 dives
1512 694 1626 725 dicitur
1650 703 1715 724 non
1739 693 1843 724 solum

1073 748 1200 786 propter
1217 747 1401 778 divitiarum
1417 747 1656 786 possessionem,
1675 747 1728 777 sed
1745 755 1843 786 prop-

1073 801 1121 830 ter
1141 809 1252 830 earum
1274 799 1490 837 dilectionem,
1508 800 1630 830 ratione
1651 800 1744 838 cuius
1766 799 1842 829 dici—

1074 855 1127 883 tur
1146 852 1180 882 ὅι
1206 863 1220 881 κ
1242 852 1301 889 Qui
1324 852 1435 882 volunt
1458 852 1570 883 divites
1593 852 1678 890 fieri,
1702 851 1845 882 incidunt

1074 905 1108 935 in
1122 905 1326 936 tentationem
1341 907 1370 935 et
1384 905 1417 935 in
1431 905 1582 944 laqueum
1597 905 1745 943 diaboli,n
1764 906 1823 935 etc.
1836 914 1843 935 :

1076 958 1150 997 quia
1171 959 1292 988 ratione
1311 958 1485 989 dilectionis
1503 960 1705 988 terrenorum
1726 958 1845 987 incras-

1076 1012 1163 1040 satur
1178 1012 1208 1040 et
1223 1013 1446 1050 praegravatur
1461 1010 1605 1050 spiritus,
1623 1012 1659 1040 ut
1674 1018 1738 1040 non
1752 1009 1850 1049 possit

1077 1064 1241 1103 pervenire
1254 1065 1286 1094 in
1299 1064 1446 1094 sublimia
1459 1073 1562 1102 regna
1575 1064 1744 1102 coelorum3
1759 1072 1849 1103 prop-

1077 1119 1125 1147 ter
1144 1117 1228 1156 quod
1250 1116 1365 1146 din-itur
1384 1119 1393 1134 ὃ
1410 1127 1416 1146 ;
1439 1116 1606 1146 «Facilius
1625 1118 1673 1146 est
1692 1115 1849 1146 camelum

1078 1178 1134 1209 per
1157 1170 1299 1200 foramen
1322 1178 1398 1199 acus
1418 1169 1571 1206 transire,
1597 1177 1694 1208 quam
1717 1168 1851 1199 divitem

1079 1223 1195 1253 intrare
1217 1223 1250 1252 in
1273 1231 1412 1260 regnum
1434 1222 1600 1252 coelorum.
1626 1232 1640 1249 1)
1662 1221 1728 1252 Hoc
1749 1221 1851 1261 expli-

1080 1285 1154 1306 cans
1169 1276 1280 1305 beatus
1295 1276 1433 1312 Marcus,
1452 1275 1548 1305 (11011ὅ
1562 1283 1572 1304 :
1591 1285 1605 1303 «
1622 1273 1735 1312 Filioli,
1751 1283 1848 1314 quam

1081 1329 1207 1359 difficile
1222 1330 1267 1359 est
1286 1328 1479 1358 confidentes
1498 1328 1531 1358 in
1554 1327 1696 1367 pecuniis
1718 1327 1752 1357 in
1774 1336 1852 1367 reg-

1081 1391 1160 1412 num
1172 1382 1226 1413 Dei
1238 1381 1383 1412 introiret
1395 1381 1529 1411 Facilius
1536 1383 1583 1410 est
1593 1380 1762 1418 camelum,
1770 1381 1850 1410 »etc.

1082 1434 1125 1464 De
1137 1434 1321 1473 hujusmodi
1336 1433 1431 1464 divite
1447 1433 1563 1463 dieitur
1576 1434 1586 1450 '¹
1605 1443 1611 1464 :
1631 1444 1645 1461 «
1661 1432 1693 1463 Si
1708 1441 1852 1463 commu-

1082 1487 1199 1518 nicabit
1220 1487 1313 1526 lupus
1332 1495 1418 1524 agno
1439 1486 1626 1525 aliquando,
1646 1485 1689 1515 sic
1710 1487 1853 1525 peccator

1080 1542 1177 1580 Justo.
1196 1540 1272 1577 Quae
1288 1539 1532 1569 communicatio
1551 1541 1658 1569 sancto
1678 1538 1801 1568 homini
1815 1537 1855 1568 ad

1084 1594 1219 1623 canem?
1241 1593 1304 1623 Aut
1319 1601 1390 1631 quae
1410 1600 1483 1632 pars
1503 1592 1585 1622 bona
1606 1591 1698 1623 diviti
1715 1591 1755 1622 ad
1772 1599 1855 1631 pau-

1084 1647 1214 1686 perem?
1234 1645 1365 1676 Venatio
1390 1645 1489 1675 leonis
1512 1653 1634 1684 onager
1659 1645 1692 1675 in
1716 1653 1823 1675 eremo
1845 1655 1853 1675 ·.

1085 1701 1129 1730 sic
1155 1701 1186 1730 et
1212 1708 1327 1739 pascua
1350 1698 1487 1729 divitum
1515 1700 1589 1728 sunt
1616 1707 1782 1738 paupereS.
1814 1698 1853 1729 Et

1085 1754 1165 1784 sicut
1180 1752 1372 1783 abominatlo
1392 1753 1438 1782 est
1457 1751 1594 1791 superbo
1614 1751 1795 1789 humilitas,
1812 1751 1856 1782 sic

1086 1806 1244 1837 execratio
1258 1805 1364 1836 divitis
1378 1813 1509 1844 pauper.
1524 1815 1538 1831 n

1127 1858 1287 1894 Secundo,
1313 1859 1469 1897 quantum
1493 1856 1532 1887 ad
1555 1855 1736 1895 superbiam
1761 1856 1855 1894 vitae‚

1087 1912 1195 1943 subdit
1221 1920 1228 1941 :
1253 1911 1297 1942 Et
1317 1910 1508 1940 iurlelebtclm·
1529 1918 1678 1949 purpura
1700 1912 1730 1939 et
1751 1908 1854 1948 bysso.

1087 1965 1169 1996 Beda
1188 1975 1193 1994 :
1215 1975 1230 1992 «
1245 1963 1424 2002 Purpuram
1440 1961 1523 2000 regii
1542 1962 1670 1992 habitus
1686 1970 1752 1992 esse
1769 1961 1857 1992 colo-

1087 2026 1155 2047 rem
1168 2015 1299 2046 marinis
1314 2024 1331 2045 e
1346 2014 1519 2054 conchyliis
1534 2014 1663 2044 tinctam
1675 2038 1682 2052 ‚
1702 2023 1797 2045 nemo
1812 2015 1858 2045 est

1088 2073 1151 2103 fere
1173 2071 1227 2111 qui
1245 2070 1375 2101 dubitet.
1398 2069 1477 2100 Nam
1502 2068 1668 2108 conchylia
1691 2068 1773 2099 ferro
1796 2068 1856 2098 cir-

1088 2125 1227 2156 cumcisa
1241 2124 1398 2163 lacrymas
1412 2121 1566 2162 purpurei
1586 2120 1716 2158 coloris,
1740 2121 1858 2160 quibus

1087 2179 1160 2209 lana
1176 2177 1324 2215 tingitur,
1341 2175 1502 2206 emittunt.
1519 2174 1655 2214 Byssum
1668 2182 1744 2205 vero
1756 2182 1858 2212 genus

1088 2233 1133 2261 est
1147 2229 1305 2270 quoddam
1320 2228 1376 2258 lini
1392 2228 1530 2257 nimium
1548 2226 1671 2256 candidi
1692 2227 1723 2256 et
1739 2226 1859 2257 mollis-

1088 2283 1170 2314 simi.
1187 2295 1201 2311 »
1227 2281 1366 2312 Habebat
1385 2282 1493 2311 autem
1518 2279 1569 2309 1110
1589 2279 1778 2310 vestimenta
1792 2279 1859 2319 pul-

1089 2337 1165 2367 chra
1187 2338 1217 2366 et
1239 2334 1374 2375 pretiosa
1393 2333 1432 2363 ad
1453 2341 1571 2363 vanam
1593 2332 1744 2371 gloriam3
1771 2331 1860 2363 Unde

1090 2389 1262 2428 Gregorius
1286 2387 1295 2404 ⁸
1319 2397 1326 2417 ι
1349 2398 1364 2416 11
1390 2385 1490 2416 Νο1110
1515 2385 1703 2415 vestimenta
1724 2384 1860 2424 pretiosa

1089 2443 1148 2473 nisi
1160 2442 1199 2472 ad
1212 2440 1346 2480 gloriam
1358 2438 1483 2479 quaerit,
1493 2439 1529 2468 ut
1541 2436 1755 2468 honorabilior
1770 2439 1861 2468 caete-

1090 2497 1134 2527 ris
1148 2496 1313 2527 habeatur.
1331 2504 1344 2521 n
1362 2493 1399 2523 Et
1413 2493 1474 2523 hoc
1489 2491 1619 2531 quidem
1633 2492 1680 2521 est
1692 2490 1860 2530 reprehen-

1091 2588 1120 2610 x,
1143 2581 1225 2603 24-25.
1248 2591 1278 2596 —
1303 2579 1310 2591 ⁷
1335 2576 1423 2602 Eccli„
1446 2580 1514 2605 xm,
1539 2575 1618 2598 21-25.
1639 2587 1668 2592 —
1693 2574 1703 2591 ⁸
1726 2574 1812 2605 Greg„
1837 2574 1861 2597 in

1091 2616 1198 2645 Evanqu
1217 2614 1287 2637 hom.
1305 2619 1348 2636 xL.

1122 2663 1156 2693 (a)
1173 2663 1233 2687 Coet.
1247 2662 1308 2686 edit.
1323 2668 1369 2685 non
1384 2660 1472 2685 habene
1490 2659 1583 2684 Dicunt
1597 2658 1632 2683 illi
1649 2666 1654 2683 :
1672 2659 1736 2687 Quid
1751 2665 1821 2690 ergo.
