1987 3032
235 239 293 268 532
742 232 1008 264 (IOLLATIONES
1032 232 1324 264 PRAEDWABILES

235 303 360 337 centias,
377 303 535 330 dominans
555 301 595 328 eis
615 300 760 336 plenarie,
778 302 805 327 ct
825 300 942 327 vivebat
965 299 1003 327 ad

234 349 395 384 imaginem
417 352 445 376 et
464 347 686 376 similitudinem
702 346 768 379 Dei,
791 346 893 373 similis
914 346 1005 373 tactus

235 396 316 422 Deo:
337 395 405 422 ideo
429 395 531 421 merito
556 393 661 420 dicitur
683 392 783 419 homo.
811 393 842 419 L't
866 392 944 419 enim
967 392 1005 419 ait

233 442 470 474 commentator,
487 440 595 467 scilicet
613 439 772 474 Episcopus
791 446 871 472 super
892 439 1003 472 Anaeti—

234 495 290 514 cam
300 488 487 514 Hiemi-chiam
500 495 509 514 :
522 497 534 509 «
548 486 640 512 Homo
653 484 789 511 convenit
802 492 869 511 cum
880 484 1003 518 angelis,

234 536 261 561 et
282 535 399 568 superat
422 532 538 559 bestias.
568 533 613 559 Est
632 531 710 558 enim
730 530 939 565 intelligibilis,
952 530 1004 557 ha-

232 579 306 607 bens
319 579 440 606 virtutes
464 578 571 605 visivas
596 578 633 604 ad
656 577 808 612 superius,
831 579 857 604 et
877 576 1003 604 sormam

232 628 374 659 erectam,
387 627 414 652 ct
423 624 620 660 principatum
632 631 719 659 super
733 623 879 650 irascibile
896 625 922 650 et
936 630 1003 649 con-

232 671 417 707 cupiscibile,
439 673 466 698 ct
486 671 642 698 minimum
667 670 755 697 habet
777 670 813 697 de
838 678 923 696 sensu
945 677 1003 695 res-

231 719 316 753 pectu
331 717 503 749 brutorum,
520 719 547 744 et
569 718 741 751 superatum
755 717 784 743 in
800 716 905 743 virtute
921 714 1003 742 intcl-

230 763 345 791 lectiva.
369 773 382 788 »
410 765 441 790 Et
465 763 505 790 sic
530 763 566 790 de
592 762 656 789 aliis
682 770 747 798 quae
771 762 812 789 ibi
839 763 999 789 enumerat.

230 809 304 837 Talis
319 809 373 836 fuit
387 809 490 836 heatus
505 810 632 836 loannes
644 808 841 844 spiritualiter.
860 810 928 835 Ideo
945 816 1003 834 1110-

230 856 285 883 rito
300 856 392 890 homo,
410 855 446 882 de
462 863 522 890 quo
542 854 710 882 verificatur
730 854 806 881 illud
821 854 827 869 ¹
847 863 852 880 :
875 856 1001 881 «Beatus

229 901 321 929 homo
345 902 396 937 qui
420 901 530 928 invenit
552 900 735 936 sapientiam.
753 910 766 925 η
783 901 814 927 Et
835 900 888 927 iste
909 899 1000 927 homo

229 947 283 975 fuit
303 947 409 974 missus
424 955 441 974 a
457 948 513 974 Deo
532 955 538 973 :
555 947 585 974 in
600 954 660 981 quo
678 948 796 973 notatur
816 946 980 973 secundum
992 967 1000 981 ,

229 993 338 1021 scilicet
357 993 488 1028 legitima
507 992 680 1026 auctoritas,
696 994 723 1019 et
743 992 782 1019 ad
801 992 902 1019 divina
926 1000 1000 1019 nun-

229 1040 339 1068 tianda.
355 1040 436 1067 Unde
456 1039 680 1075 chrysostomus
694 1038 741 1065 hic
756 1039 765 1054 2
781 1047 786 1065 :
809 1048 821 1064 «
843 1039 916 1071 Quia
931 1039 1000 1066 mis-

229 1094 292 1120 sus,
309 1094 370 1114 non
385 1094 451 1121 quae
468 1086 530 1121 ejus
544 1087 628 1119 sunt,
650 1084 703 1112 sed
725 1093 790 1120 quae
814 1085 914 1112 omnia
937 1085 1000 1112 mit-

228 1132 313 1160 tentis
336 1132 486 1168 loquitur,
510 1134 537 1158 et
558 1131 627 1159 ideo
651 1132 766 1165 Anquns
789 1134 998 1166 nuncupatus:

228 1179 326 1213 angeli
342 1179 420 1206 enim
435 1179 525 1206 virtus
544 1180 586 1205 est
600 1177 672 1204 nihil
690 1178 844 1213 proprium
860 1178 966 1205 dicere.
982 1188 995 1204 »

228 1226 238 1242 ³
254 1235 267 1250 11
284 1227 354 1252 Εο00
375 1233 432 1259 ego
453 1225 535 1251 mitto
556 1224 700 1258 Angelum
722 1231 832 1250 meum.
849 1234 862 1249 »
883 1225 999 1257 Missus,

227 1271 366 1307 inquam,
390 1271 464 1298 sicut
484 1271 598 1305 legatus
622 1271 688 1297 ante
709 1278 859 1297 summum
884 1270 1000 1305 pontifi—

227 1325 291 1344 cem
303 1316 312 1332 ⁶
330 1326 336 1344 :
355 1326 369 1342 «
385 1318 524 1352 Legatum
539 1316 577 1343 ad
594 1318 693 1350 gentes
717 1315 804 1342 misit.
821 1327 834 1340 »
852 1317 922 1343 ltem
938 1318 999 1343 mis-

227 1372 280 1398 5115,
296 1366 328 1391 111
342 1371 401 1391 vox
416 1366 481 1391 ante
496 1363 636 1390 Verbum.
653 1362 729 1390 lnt'ra
741 1363 848 1390 eodem
863 1363 872 1379 ⁵
885 1372 890 1390 ι
909 1372 922 1387 a
938 1364 998 1397 Ego

227 1418 284 1437 vox
301 1410 463 1437 clamantis.
480 1420 493 1435 »
512 1411 582 1438 ltem
597 1409 702 1437 missus
715 1429 722 1441 ,
740 1410 771 1436 ut
790 1409 912 1436 lucerna
933 1411 998 1436 ante

227 1457 318 1484 solem
334 1466 340 1484 :
356 1456 431 1484 infra
445 1457 455 1472 ⁶
472 1466 485 1482 1(
501 1456 549 1483 1110
566 1458 628 1483 erat
642 1456 772 1483 lucerna.
789 1466 801 1480 n
820 1457 889 1483 ltem
904 1457 999 1482 missus

227 1503 299 1530 sicut
315 1505 438 1538 angelus
454 1504 519 1530 ante
532 1503 633 1534 Deum,
646 1504 678 1529 ut
692 1502 803 1528 dictum
819 1503 871 1528 est.
886 1503 997 1534 Missus,

226 1549 367 1585 inquam,
386 1549 425 1576 ad
446 1548 683 1583 praedicandum,
702 1547 930 1582 baptizandum,
946 1549 999 1574 tes-

228 1595 413 1628 tificandum,
429 1594 693 1622 demonstrandum
706 1593 811 1620 Filium
827 1593 891 1626 Dei,
903 1595 932 1619 ut
948 1600 999 1628 pa-

226 1644 266 1669 tet
288 1641 319 1668 in
343 1641 417 1668 serie
445 1641 624 1675 evangelica.
650 1641 681 1666 Et
708 1639 851 1675 quoniam
873 1647 934 1666 non
958 1641 1000 1666 cst

227 1687 410 1722 impossibile
433 1687 487 1714 ista
506 1686 670 1721 adimplere
692 1685 752 1712 sinc
773 1684 873 1712 divina
889 1685 998 1718 gratia,

227 1733 296 1761 ideo
311 1734 442 1768 sequitur
456 1733 571 1760 tertium
588 1741 594 1759 z
612 1733 661 1759 Cui
675 1739 768 1758 nomen
783 1734 841 1758 crat
858 1732 973 1757 Jowmes
992 1739 998 1756 :

227 1779 309 1814 quod
330 1779 534 1814 interpretatur
556 1781 584 1805 in
604 1786 653 1813 quo
668 1779 774 1812 qratia,
792 1776 873 1812 quod
888 1783 998 1803 nomen

226 1825 330 1853 merito
341 1825 430 1852 fuitei
445 1825 628 1860 impositum,
641 1826 695 1851 eta
707 1825 764 1851 Deo
773 1823 958 1858 praeeligente
970 1823 995 1849 ⁷:

229 1882 242 1896 11
264 1873 302 1899 De
317 1874 418 1899 ventre
443 1871 523 1898 enim
547 1871 648 1898 matris
669 1878 741 1897 mese
764 1869 936 1897 recordatus
957 1871 999 1896 cst

226 1917 354 1945 nominis
365 1918 438 1951 mei;
453 1928 466 1943 »
484 1919 511 1944 et
528 1917 566 1944 ab
579 1916 691 1951 Angelo
703 1916 855 1943 nuntiante
866 1916 876 1931 ⁸
895 1925 900 1942 :
916 1925 929 1941 1(
946 1917 999 1942 Vo-

226 1964 307 1991 cabis
328 1971 438 1991 nomen
461 1963 523 1994 eius
538 1964 696 1996 loannem,
713 1972 726 1987 »
744 1964 771 1989 ct
791 1970 808 1989 a
826 1961 998 1997 parentibus

225 2010 446 2045 publicantibus
460 2010 479 2036 ⁹.
498 2011 528 2036 ln
549 2009 614 2044 ipso
639 2008 717 2036 enim
733 2008 785 2035 fuit
802 2008 895 2045 gratita
917 2015 997 2034 sanc-

226 2056 339 2083 tificans
361 2056 391 2083 in
417 2057 499 2083 utero
515 2055 534 2072 ¹⁰
558 2064 563 2082 :
588 2055 722 2090 «Spiritu
745 2056 846 2082 sancto
869 2053 997 2089 replebi-

227 2105 290 2136 tur,
305 2113 319 2129 n
337 2104 391 2130 etc.
414 2103 483 2129 item
503 2101 555 2128 fuit
574 2101 668 2135 gratia
687 2108 865 2128 conservans
884 2102 911 2127 et
926 2107 997 2134 ope-

225 2155 293 2175 rans
307 2149 337 2175 in
352 2148 411 2175 vita
424 2148 443 2164 ¹¹
461 2157 467 2174 :
487 2158 500 2173 «
516 2147 661 2174 rraecedet
674 2146 705 2174 in
726 2147 839 2184 spiritu·
851 2148 878 2173 et
893 2146 996 2173 virtute

226 2195 321 2221 Helite.
345 2204 358 2219 »
386 2196 456 2222 Item
479 2193 533 2220 fuit
560 2193 653 2227 gratia
675 2192 835 2228 prophetiae
857 2192 887 2219 in
913 2192 995 2227 ipso,

226 2241 313 2268 etiam
328 2241 358 2267 in
373 2243 470 2274 utero,
487 2239 609 2275 quando
626 2239 647 2256 ¹²
661 2238 802 2266 exultavit
822 2246 857 2265 ex
871 2245 997 2273 praesen·

226 2287 265 2314 tia
287 2287 381 2314 beatae
402 2286 503 2313 matris
519 2285 577 2312 Dei.
596 2287 664 2312 ltcm
678 2285 730 2311 suit
746 2284 837 2318 gratia
851 2284 995 2319 praedica-

226 2333 312 2360 tionis
333 2334 353 2350 ¹³
372 2342 378 2360 t
398 2343 411 2358 1(
426 2332 534 2359 Diffusa
560 2332 638 2358 enim
660 2331 713 2358 fuit
737 2331 830 2366 gratia
854 2331 884 2357 111
909 2330 996 2358 labiis

225 2379 294 2406 suis.
310 2388 323 2404 >³
341 2379 360 2395 ¹³
378 2388 390 2404 κ
405 2379 457 2412 Qui
486 2378 565 2406 enim
585 2378 683 2405 bonus
709 2380 767 2411 est,
782 2387 795 2402 n
819 2376 915 2412 qualis
941 2376 995 2403 fuit

256 2450 357 2477 ¹Prov.,
371 2455 409 2479 111,
424 2451 491 2472 13.-
502 2449 509 2463 ²
521 2448 662 2478 Chrysost„
675 2448 700 2470 in
712 2447 794 2474 doum,
809 2447 994 2476 h0111.v‚al.v1‚

225 2492 251 2508 n.
267 2487 290 2509 1.
306 2497 336 2502 —
350 2484 361 2500 ³
376 2484 477 2512 11111111οἾ
494 2490 533 2512 111,
550 2486 570 2506 i.
583 2496 613 2500 —-
628 2484 634 2496 ¹
651 2482 724 2512 Abla,
743 2485 761 2506 t.
774 2495 804 2499 —
819 2483 827 2496 ⁵
842 2482 900 2510 Ins„
916 2484 954 2504 23.
965 2495 996 2499 —

226 2522 234 2534 ⁸
247 2519 304 2549 tuf„
318 2520 421 2549 V‚35.—
435 2519 441 2532 ⁷
453 2519 510 2545 lsa„
524 2524 593 2547 thx,
609 2520 661 2540 t.—
677 2518 684 2531 ³
698 2517 796 2546 Luc.,1,
817 2518 884 2540 13.—
899 2516 993 2543 υ111111,

225 2556 263 2584 (io,
279 2556 316 2578 62.
329 2567 360 2571 —-
375 2554 394 2570 ¹⁰
410 2553 482 2583 lbid.,
500 2555 577 2576 15.—
592 2553 609 2568 ¹¹
628 2553 700 2582 thid„
719 2552 909 2581 17.-¹211m1.,
929 2554 948 2575 l.
964 2564 993 2568 —

224 2591 243 2606 ¹³
260 2590 325 2613 Psal.
341 2594 410 2619 XMV,
428 2590 451 2612 3.
469 2601 495 2605 -—
512 2589 529 2604 ¹⁵
547 2589 629 2614 Prov..
647 2594 698 2617 ΧΗ,
718 2590 741 2611 2.
757 2600 787 2604 -
807 2587 847 2610 ¹⁵1
868 2588 936 2616 Corn,
951 2593 994 2615 xv,

226 2627 263 2648 10.
276 2638 305 2642 —-
321 2626 340 2641 ¹¹³
357 2624 414 2654 tuf„
431 2629 455 2652 v,
472 2624 509 2647 33.
527 2636 553 2639 —
577 2623 594 2638 ¹⁷
616 2623 675 2652 Iso„
691 2628 732 2652 LV,
753 2624 774 2645 Ji.
790 2635 819 2639 —
839 2622 856 2636 ¹⁸
874 2623 948 2651 Aug„
968 2622 994 2644 in

223 2661 305 2688 dmm..
319 2663 388 2683 tract.
404 2666 432 2689 11,
445 2666 470 2682 n.
487 2661 548 2682 o.——
565 2660 580 2673 ¹²¹
593 2658 730 2688 Chrysost„
744 2658 768 2680 iu
780 2658 860 2686 doma,
873 2657 944 2680 hom.
959 2662 993 2686 iv,

1058 301 1198 333 loannes,
1216 310 1229 324 ιι
1245 299 1356 327 hauriet
1372 300 1406 334 (a)
1421 307 1438 327 a
1452 300 1574 327 Domino
1590 299 1723 334 gratiam.
1740 308 1754 324 n
1766 298 1826 327 Sibi

1059 347 1137 373 enim
1161 346 1300 381 competit
1319 345 1393 373 1111111
1408 347 1428 363 ¹⁵
1445 355 1450 373 :
1471 356 1484 371 «
1505 345 1601 373 Gratia
1622 346 1669 372 Dei
1687 353 1753 372 sum
1765 365 1774 379 ‚
1794 344 1826 372 id

1059 392 1140 427 quod
1156 400 1231 419 sum.
1247 402 1260 417 n
1280 391 1349 419 ldco
1363 394 1447 426 aptus
1466 392 1518 419 tuit
1532 394 1563 420 ut
1584 391 1752 428 perhiberet
1772 392 1827 418 tes-

1059 438 1223 465 timonium.
1256 439 1287 464 {it
1307 437 1336 464 in
1357 437 1413 464 hoc
1440 439 1558 465 notatur
1581 440 1719 473 quartum
1742 437 1826 472 :ipse

1058 484 1136 510 enim
1157 483 1316 511 annuendo
1336 483 1372 518 (b)
1387 483 1538 510 veritatem
1559 484 1717 518 veraciter,
1738 483 1826 510 intre-

1058 530 1143 565 pide,
1166 530 1226 556 sive
1246 531 1412 556 constanter
1435 530 1603 565 arguendo,
1624 529 1775 557 evidenter
1799 530 1827 556 et

1056 576 1175 611 publice
1196 576 1402 611 prfedicandm
1417 576 1566 611 signanter
1587 576 1689 603 Filium
1714 575 1762 603 Dei
1777 575 1826 603 de-

1057 622 1250 649 monstrando
1271 643 1279 655 ‚
1305 625 1336 650 ut
1362 624 1440 658 patet
1468 622 1497 649 in
1527 621 1601 649 serie
1631 621 1825 656 evangelica,

1059 677 1072 692 (1
1096 668 1294 695 testimonium
1316 668 1465 703 perhibuit
1481 668 1595 695 veritati
1610 667 1640 694 ¹⁸.
1660 678 1673 693 n
1691 667 1772 695 Unde
1787 667 1824 695 de

1055 713 1120 749 ipso
1141 715 1306 741 veriticatur
1321 714 1395 741 illud
1411 713 1430 731 ¹⁷
1447 723 1454 741 :
1472 724 1485 739 <(
1502 716 1572 741 Ecce
1587 715 1690 741 testem
1705 713 1824 749 populis

1057 760 1126 786 dedi
1140 768 1218 787 eum.
1235 770 1246 784 n
1263 760 1351 795 Hujus
1377 760 1537 788 imitatores
1558 760 1588 787 in
1611 760 1758 796 prmdictis
1778 759 1826 788 de—

1056 806 1125 833 bent
1140 814 1201 833 esse
1226 806 1430 841 praedicatores
1452 807 1518 841 Dei,
1540 807 1591 842 qui
1613 808 1680 834 sunt
1694 806 1773 834 missi
1786 806 1825 834 ad

1055 852 1273 887 perhibendum
1289 852 1487 880 testimonium
1500 853 1623 880 veritati.

1274 954 1387 981 Collatz'o
1407 957 1519 990 quarta,
1540 964 1564 990 1,
1585 956 1611 983 9.

1091 1040 1157 1066 Erae
1178 1040 1226 1065 luz*
1244 1046 1323 1073 vera,
1338 1047 1396 1073 quoe
1412 1039 1551 1066 illuminat
1571 1047 1673 1067 omnem
1694 1040 1824 1067 hominem

1053 1087 1199 1112 venientem
1224 1087 1253 1111 in
1275 1085 1343 1111 hunc
1366 1085 1504 1112 mundum.
1530 1087 1561 1113 ln
1583 1085 1628 1113 his
1649 1085 1747 1113 verbis
1771 1085 1825 1113 tria

1053 1131 1239 1158 insinuantur
1258 1140 1265 1157 ε
1286 1131 1415 1166 primum
1437 1133 1480 1158 est
1500 1131 1574 1158 lucis
1595 1134 1709 1159 aeternae
1729 1138 1824 1159 essen-

1054 1176 1128 1204 tialis
1148 1176 1384 1211 immutabilitas,
1401 1177 1441 1204 ibi
1460 1186 1466 1204 ε
1489 1179 1547 1204 Lux
1560 1186 1639 1210 vera‚·
1659 1177 1824 1204 secundum

1054 1226 1095 1250 cst
1129 1223 1219 1259 ipsius
1253 1223 1392 1250 diss'usiva
1427 1223 1712 1251 communicabilitas
1725 1244 1734 1257 ,
1755 1223 1798 1251 ibi
1814 1231 1821 1250 :

1056 1270 1163 1297 Omnem
1178 1271 1308 1297 hominem
1322 1270 1366 1305 (¹).

1089 1316 1133 1343 Ait
1156 1324 1227 1351 ergo
1253 1325 1260 1343 τ
1283 1317 1345 1343 Lus:
1367 1324 1430 1343 vera
1445 1337 1454 1350 ,
1481 1317 1552 1352 quia
1573 1315 1762 1344 essentialiter
1783 1317 1825 1343 est

1053 1362 1125 1396 lux,
1149 1370 1210 1390 non
1239 1362 1369 1390 aliunde.
1397 1362 1477 1389 Unde
1505 1363 1683 1398 Augustinus
1705 1362 1753 1389 hic
1773 1361 1793 1379 ¹⁸
1815 1370 1822 1388 :

1056 1419 1069 1433 «
1084 1410 1211 1436 loannes
1229 1408 1297 1442 lux,
1312 1409 1365 1436 scd
1384 1416 1444 1436 non
1463 1417 1549 1443 vera,
1567 1409 1676 1436 scilicet
1690 1408 1825 1436 essentia-

1053 1455 1136 1489 liter,
1161 1455 1232 1490 quia
1252 1455 1307 1482 nisi
1331 1455 1533 1490 illuminatus,
1553 1457 1627 1482 esset
1650 1455 1786 1483 tenebroe.
1807 1463 1820 1481 n

1053 1502 1112 1528 Lux
1140 1509 1210 1536 ergo
1237 1509 1307 1528 vera
1334 1503 1361 1529 et
1384 1501 1524 1536 primaria
1547 1501 1768 1535 essentialitate,
1792 1502 1825 1528 ut

1053 1547 1164 1574 dictum
1188 1549 1248 1580 est,
1265 1549 1293 1574 et
1314 1547 1365 1574 lux
1388 1555 1458 1574 vcra
1481 1547 1771 1580 imminorabilitate,
1796 1547 1824 1574 et

1052 1592 1101 1620 lux
1111 1601 1182 1620 vera
1193 1592 1451 1620 indefectibilitate.
1465 1592 1544 1619 L‘nde
1554 1593 1777 1628 Chrysostomus
1787 1592 1821 1619 ¹⁹:

1056 1650 1068 1663 «
1083 1640 1143 1666 Lux
1158 1639 1345 1674 quantamvis
1357 1639 1513 1666 hominum
1525 1638 1743 1666 multitudinem
1757 1638 1824 1666 illu-

1052 1685 1194 1718 minaret,
1211 1684 1285 1711 nihil
1299 1685 1343 1711 sui
1359 1684 1524 1719 splendoris
1539 1684 1706 1712 remitteret.
1722 1694 1736 1710 »
1754 1684 1822 1712 {deo

1053 1730 1201 1764 signanter
1216 1730 1286 1757 dicit
1301 1730 1376 1757 infra
1390 1731 1412 1746 ‘2⁰
1425 1739 1451 1757 z«
1468 1732 1528 1765 Ego
1544 1730 1596 1758 lux
1609 1730 1677 1758 veni
1691 1730 1722 1758 in
1737 1738 1821 1758 mun-

1054 1776 1136 1803 dum.
1147 1786 1159 1802 »
1171 1778 1202 1803 Et
1211 1776 1268 1803 hoc
1281 1776 1430 1804 illuminat
1441 1776 1651 1812 multipliciter,
1659 1776 1720 1804 sive
1728 1776 1824 1804 multi-

1051 1822 1120 1857 plici
1128 1822 1224 1856 radio,
1234 1822 1384 1849 utdictum
1399 1825 1441 1850 est
1456 1823 1486 1849 in
1500 1822 1591 1858 priori
1599 1822 1770 1850 collatione.
1787 1822 1823 1850 ll-

1052 1868 1177 1895 luminat
1192 1868 1271 1895 enim
1281 1868 1433 1902 veraciter,
1446 1869 1517 1904 quia
1526 1868 1704 1903 luxvera‚ut
1712 1868 1823 1896 dictum

1053 1917 1094 1941 est
1104 1916 1123 1931 ²¹¹
1135 1923 1161 1941 z«
1176 1916 1207 1941 In
1218 1914 1360 1949 sapientia
1375 1914 1453 1941 illius
1468 1914 1542 1942 luxit
1552 1914 1651 1942 anima
1666 1922 1733 1942 mea
1742 1914 1793 1950 (d).
1805 1923 1820 1939 >³

1052 1962 1122 1987 ltem
1137 1960 1284 1987 illuminat
1303 1960 1514 1988 delectabiliter
1530 1962 1553 1977 ²²
1567 1970 1573 1987 :
1593 1970 1607 1986 «
1621 1960 1708 1988 Dulce
1721 1960 1823 1987 lumen

1052 2007 1080 2033 et
1104 2006 1276 2033 delectabile
1291 2006 1392 2033 videre
1416 2007 1520 2033 solem.
1537 2016 1550 2032 n
1567 2007 1627 2034 Lux
1642 2006 1721 2033 enim
1732 2006 1823 2040 justo-

1051 2059 1117 2079 rum
1130 2052 1263 2079 laetificat.
1280 2054 1351 2080 {tem
1366 2052 1512 2080 illuminat
1526 2052 1742 2085 ordinabiliter,
1753 2051 1823 2087 quia
1862 2043 1867 2047 ⁶

1051 2101 1093 2126 est
1115 2098 1166 2125 lux
1187 2098 1361 2133 hominum,
1383 2106 1444 2126 non
1462 2106 1621 2134 pecorum,
1637 2098 1677 2126 ait
1691 2097 1823 2132 Augusti-

1051 2152 1121 2178 nus,
1139 2144 1190 2171 ubi
1211 2152 1310 2179 supra.
1328 2146 1360 2172 Et
1382 2144 1450 2172 ideo
1465 2144 1614 2172 illuminat
1626 2144 1777 2177 viventes,
1790 2145 1823 2170 ut

1050 2190 1202 2224 homines,
1224 2198 1285 2217 non
1309 2192 1341 2218 ut
1358 2198 1476 2226 pecora.
1493 2191 1562 2218 Ideo
1585 2190 1716 2226 sequitur
1732 2199 1738 2216 :
1755 2190 1822 2216 Illu-

1050 2239 1138 2263 minat
1154 2244 1253 2263 omnem
1269 2237 1399 2264 hominem
1408 2246 1416 2271 ;
1433 2237 1463 2263 in
1479 2245 1539 2272 quo
1554 2239 1672 2264 notatur
1684 2235 1800 2264 tertium
1813 2245 1820 2263 :

1050 2282 1213 2309 secundum
1235 2282 1367 2310 Glossam
1389 2282 1468 2309 enim
1489 2282 1585 2309 omnis
1603 2282 1695 2310 homo
1716 2281 1822 2309 dicitur

1050 2328 1101 2356 illa
1120 2331 1225 2355 natura
1245 2328 1276 2355 111
1298 2328 1437 2362 homine,
1452 2337 1518 2364 quae
1536 2331 1578 2356 est
1600 2328 1639 2356 ad
1661 2328 1822 2363 imaginem

1051 2375 1098 2402 Dei
1125 2384 1131 2402 ε
1157 2375 1288 2402 viventes
1312 2383 1382 2410 crgo
1409 2375 1573 2402 secundum
1598 2375 1680 2403 illam
1707 2373 1818 2401 illumi-

1049 2438 1080 2461 al.
1099 2445 1122 2468 v,
1139 2446 1165 2469 n,
1180 2440 1203 2462 3.
1220 2452 1246 2455 —
1263 2439 1283 2455 ²⁰
1297 2438 1353 2468 tull,
1370 2444 1416 2469 xa,
1433 2440 1472 2462 46.
1487 2452 1517 2456 —
1531 2439 1548 2452 ²¹
1570 2438 1657 2467 Eccli„
1673 2443 1707 2467 11,
1721 2437 1760 2467 26,
1773 2436 1817 2461 sed

1049 2480 1153 2502 prorsus
1169 2474 1270 2497 diverso
1286 2481 1371 2497 seusu.
1389 2487 1414 2490 -
1431 2475 1449 2488 ²²
1464 2474 1556 2503 Eccle..
1571 2480 1607 2504 xl,
1622 2474 1646 2496 7.

1082 2517 1114 2544 (a)
1132 2516 1191 2539 Caet.
1209 2515 1267 2538 edil,
1287 2515 1393 2539 hauriat.
1409 2528 1439 2533 —-
1460 2515 1492 2545 (b)
1512 2516 1569 2546 Leq.
1589 2513 1773 2538 annuntiando.
1787 2526 1819 2531 —

1047 2551 1079 2580 (c)
1103 2551 1148 2573 Hic
1165 2551 1232 2574 deest
1254 2552 1370 2580 tertium,
1393 2550 1557 2581 supplendum
1582 2549 1625 2573 Ιιοε
1645 2550 1698 2579 fere
1718 2548 1788 2572 modo
1810 2556 1819 2572 .·

1048 2586 1127 2616 ipsius
1141 2586 1347 2610 inaccessibilitas
1362 2586 1386 2609 in
1399 2593 1435 2614 se,
1449 2588 1474 2609 et
1488 2585 1620 2608 visibilitas
1635 2592 1679 2609 seu
1693 2584 1819 2616 refulgen-

1049 2622 1082 2645 tia
1096 2623 1121 2644 in
1136 2622 1239 2652 speculo
1258 2621 1334 2651 hujus
1353 2621 1454 2649 mundi¹
1469 2620 1505 2644 ibi
1521 2629 1526 2644 :
1551 2620 1689 2644 Venientem
1710 2621 1735 2644 in
1756 2619 1819 2644 hunc

1049 2656 1176 2679 mundum.
1192 2669 1220 2673 —
1237 2656 1264 2686 (d
1272 2659 1277 2685 )
1296 2655 1365 2686 Vuly.
1382 2655 1551 2685 insipientiam
1566 2655 1620 2685 ejus
1633 2655 1693 2678 luxi.

1969 2745 1987 2916 '‘wa—..-

1968 2922 1987 3032 »Sp-sm
