1987 3032
730 247 931 280 EXPOSlTiO
954 247 993 277 IN
1016 248 1100 278 CAP.
1124 247 1175 278 Xi.

149 319 211 346 Haec
235 326 292 346 cum
313 319 440 352 dixisset,
465 323 582 351 egressus
608 318 662 350 est,
687 318 740 343 etc.
766 315 861 342 Prima
885 314 915 340 in

150 364 225 392 duas
240 374 246 392 :
263 364 358 400 primo
373 364 506 390 narratur
519 362 688 389 Judaeorum
703 361 834 396 maligna
852 368 915 387 ma-

150 410 290 444 chinatio;
316 409 445 436 secundo
472 410 607 436 narratur
634 408 777 435 adventus
803 406 916 433 Domini

150 456 180 483 in
194 456 376 487 Bethaniam,
389 454 439 490 qui
454 457 515 482 erat
529 455 611 482 locus
629 454 741 481 vicinus
761 453 827 480 loco
850 460 916 487 pas-

149 501 255 535 sionis,
271 502 299 528 et
314 500 487 528 describitur
502 503 564 535 ejus
579 508 749 536 progressus
765 500 804 526 ad
820 499 917 533 ipsum

150 547 248 574 locum
272 546 434 582 passionis,
462 546 538 574 infra
558 547 566 562 ¹
590 548 685 574 :Jesus
706 553 766 579 erqo
785 547 846 572 ante
871 552 917 570 sea:

150 592 207 619 dies
229 593 352 624 Paschoe,
373 595 427 620 etc.
447 593 543 620 Prima
565 592 594 619 in
616 595 672 619 tres
691 601 697 618 ε
727 591 823 626 primo
851 597 918 616 nar-

149 640 231 665 ratur
255 638 425 666 Judaeorum
457 638 649 674 conspiratio;
680 637 825 670 secundo,
855 635 917 662 Filii

150 684 198 711 Dei
211 683 350 711 discessio
363 684 400 712 ab
417 684 457 711 eis
467 705 476 719 ,
491 684 552 711 ibi²
569 693 574 710 :
589 684 631 710 Ab
646 685 693 710 illo
709 691 769 716 erqo
785 683 838 715 die,
851 684 916 714 etc.;

149 731 249 764 tertio,
266 728 368 758 eornm
389 730 544 758 conventio
560 730 590 756 in
609 729 769 757 Jerusalem
789 728 827 756 ad
848 728 917 755 insi-

151 777 294 804 diandum
306 777 341 812 (a)
352 777 423 804 Filio
434 776 491 807 Dei,
509 776 551 804 ibi
565 777 575 791 ³¹
591 785 596 802 :
613 777 765 803 Proaeimum
779 778 837 802 erat
853 774 918 801 Pas-

150 825 215 857 cha,
231 825 284 851 etc.

186 870 231 896 Ait
245 877 314 904 ergo
332 878 338 896 :
358 869 522 903 Colteqerunt
534 870 691 903 Pontifices,
712 870 765 896 etc.
791 869 823 895 Ut
842 867 920 895 enim

152 916 258 944 clamat
282 916 506 950 Chrysostomus
528 916 537 931 ὅ
559 925 564 940 :
590 925 603 939 «
625 916 646 942 Ο
661 914 790 942 insania!
817 914 868 949 qui
889 914 920 940 in

153 962 280 989 aliorum
303 961 477 997 corporibus
501 963 622 988 mortem
646 960 808 996 superavit,
835 960 921 987 morti

154 1007 268 1035 tradere
293 1008 485 1035 aestimabant.
503 1017 517 1033 ³>
539 1009 590 1034 Hic
618 1008 690 1034 homo
706 1015 715 1033 .·
731 1007 763 1034 ut
784 1006 863 1034 enim
883 1006 922 1034 ait

155 1054 378 1089 Chrysostomus
388 1053 397 1069 ⁵
414 1063 420 1080 :
435 1064 448 1079 t(
461 1054 615 1080 Hominem
629 1053 726 1080 adhuc
739 1055 857 1086 vocant,
870 1052 921 1087 qui

153 1102 263 1127 tantam
285 1101 472 1135 susceperant
486 1100 547 1134 ejus
567 1099 724 1126 divinitatis
740 1099 921 1126 demonstra—

153 1145 279 1180 tionem3
296 1148 323 1173 et
332 1145 400 1173 ideo
416 1146 540 1173 adorare
555 1145 719 1181 oportebat,
738 1147 764 1171 et
778 1152 839 1172 non
852 1145 923 1171 aesti-

153 1199 234 1218 mare
249 1191 411 1226 hominem,
423 1202 436 1217 »
454 1195 506 1219 etc.
523 1193 625 1227 Supra,
641 1191 777 1226 proximo
789 1191 799 1207 ⁶
816 1191 922 1225 :que-

152 1237 234 1265 ribus
249 1238 364 1265 credite.
381 1249 395 1264 n

189 1285 233 1313 48.
257 1285 368 1311 Venient
384 1286 509 1318 Romani,
525 1286 579 1311 etc.
597 1286 628 1311 [t
647 1284 686 1311 ait
704 1283 879 1318 Augustinus
893 1283 901 1297 ⁷
915 1292 920 1309 :

160 1340 174 1355 (ι
186 1331 370 1366 Temporalia
385 1330 509 1366 perdere
521 1329 691 1363 timuerunt,
703 1331 730 1356 et
741 1330 828 1357 vitam
842 1331 922 1356 aeter-

155 1385 225 1404 narn
237 1384 298 1404 non
314 1376 533 1411 cogitaverunt,
549 1378 577 1403 et
594 1376 634 1402 sic
650 1377 806 1411 utrumque
821 1375 924 1402 amise-

155 1425 232 1450 runt.
247 1425 319 1450 Nam
335 1425 362 1450 et
376 1422 516 1456 Romani,
531 1424 558 1449 et
568 1422 685 1457 locum,
702 1424 729 1449 et
743 1424 858 1457 gentem
873 1422 924 1449 de-

155 1471 335 1504 struxerunt,
346 1480 359 1495 ))
375 1469 447 1496 sicut
461 1469 636 1505 praedixerat
652 1468 790 1496 Dominus
803 1469 812 1484 ⁸
826 1478 832 1495 ε
852 1478 865 1494 «
879 1469 924 1495 Vi-

155 1516 228 1544 dens
242 1516 387 1544 civitatem
405 1516 485 1543 flevit
499 1524 586 1551 super
600 1523 682 1549 eam3
701 1526 712 1540 n
731 1517 758 1542 ct
771 1516 901 1551 sequitur
916 1524 922 1542 ;

157 1573 171 1588 «
194 1564 376 1590 Prosternent
403 1564 448 1595 te,
482 1564 509 1590 et.
540 1562 617 1602 tilios
647 1564 727 1595 tuos,
760 1562 812 1597 qui
841 1561 870 1588 in
898 1563 922 1588 te

155 1611 231 1643 sunt,
247 1620 262 1635 ))
279 1612 331 1637 ete-

189 1657 232 1683 49.
259 1658 290 1683 Et
308 1655 443 1683 subditur
473 1655 586 1683 consilii
615 1655 798 1682 confirmatio
817 1663 822 1681 :
852 1656 923 1681 Unus

155 1705 242 1730 autem
257 1710 289 1729 ετ
304 1703 370 1736 ipsis
382 1702 500 1736 Caiphas
511 1704 625 1735 nomine,
637 1703 702 1734 etc„
716 1701 755 1728 ait
772 1710 777 1726 τ
795 1701 923 1735 Eoepedtt,

154 1752 185 1775 ut
199 1756 267 1775 unus
289 1749 433 1781 moriatur,
447 1750 499 1775 etc.
517 1749 549 1774 Ut
563 1747 602 1774 ait
616 1746 810 1781 Augustinusss
826 1755 832 1772 :
849 1756 862 1770 (ι
875 1746 924 1772 Hic

155 1794 296 1822 doeemur
314 1802 367 1829 per
380 1794 515 1821 homines
539 1793 633 1820 malos
656 1792 816 1828 prophetiae
839 1792 922 1827 spiri-

154 1843 216 1867 tum
238 1840 271 1875 (b)
286 1840 383 1867 sutura
402 1839 570 1875 praedicere,
587 1838 668 1874 quod
683 1840 781 1866 tamen
794 1839 924 1872 Evange-

154 1886 218 1913 lista
241 1886 342 1913 divino
364 1885 464 1912 tribuit
482 1887 674 1912 sacramento.
691 1896 703 1909 n
730 1884 808 1911 Unde
827 1884 924 1919 sequi-

154 1936 201 1961 tur
216 1934 253 1968 (v.
271 1934 313 1969 51)
331 1943 337 1961 :
353 1935 408 1961 Hoc
423 1937 511 1961 autem
526 1942 542 1960 α
555 1935 692 1968 semetipso
707 1941 758 1959 non
773 1933 848 1959 dioet'l
861 1942 869 1965 ς
881 1932 927 1959 sed

154 1988 213 2007 cum
233 1983 299 2007 esset
323 1982 467 2015 pontifeae,
489 1982 542 2007 etc.
564 1979 621 2007 Sed
640 1979 778 2015 quaeritur
799 1977 926 2014 qualiter

155 2026 194 2053 ait
213 2035 219 2053 :
247 2026 374 2059 Pontifeoe
394 2028 460 2053 anni
480 2027 566 2060 illius,
589 2034 656 2053 cum
679 2027 752 2052 Deus
773 2024 925 2052 constitue-

153 2074 190 2100 rit
203 2073 223 2089 '⁰
242 2080 333 2100 unum
348 2073 380 2109 (c)
394 2080 543 2099 summum
559 2071 760 2104 Sacerdotem,
772 2079 832 2106 quo
846 2078 924 2097 mor-

154 2121 205 2147 tuo
225 2119 299 2147 alius
327 2119 455 2147 debebat
479 2118 651 2151 succedere,
678 2120 706 2144 et
732 2118 807 2152 post.
834 2118 865 2143 Et
887 2116 926 2143 ad

154 2165 232 2193 istud
246 2165 407 2201 respondet
416 2165 592 2199 Augustinus
606 2163 637 2197 ¹¹,
654 2163 736 2199 quod
750 2170 822 2198 «per
835 2162 926 2189 ambi*

154 2211 249 2240 tiones
268 2214 295 2239 et
317 2211 517 2239 contentiones
541 2213 643 2246 postea
660 2209 848 2237 constitutum
867 2210 927 2236 erat

158 2260 188 2285 ut
202 2259 301 2294 plures
317 2260 425 2291 essent,
442 2260 469 2285 et
484 2257 522 2293 (d)
537 2264 590 2292 per
605 2263 699 2284 annos
712 2254 841 2290 singulos
855 2254 925 2291 vici,-

155 2304 212 2332 bus
227 2304 287 2331 suis
301 2304 507 2338 ministrarent,
523 2313 535 2328 »
555 2305 585 2330 ut
599 2304 677 2338 patet
691 2301 728 2328 de
742 2300 878 2328 Zacharia
893 2302 924 2328 ¹².

157 2352 224 2378 Item
238 2350 389 2386 quaeritur,
399 2349 523 2385 qualiter
539 2349 578 2376 ait
593 2348 717 2383 Caiphas
731 2347 770 2382 (V.
788 2347 829 2381 52)
844 2355 850 2373 ε
867 2347 926 2375 Non

190 2436 196 2450 ¹
215 2435 272 2464 inf„
289 2440 354 2463 xiii,
375 2436 381 2457 ι
400 2435 425 2456 ct
439 2439 492 2463 seq.
511 2446 535 2449 —
554 2433 562 2446 ²
580 2432 636 2461 int,
651 2433 690 2455 353.
704 2444 735 2448 —
748 2431 758 2446 ³
772 2431 830 2460 int,
842 2431 880 2454 55.
898 2444 927 2448 —-

158 2471 166 2484 ⁴
185 2470 325 2500 Chrysost„
346 2469 388 2493 ubi
408 2475 475 2498 sup„
495 2474 520 2492 n.
543 2469 565 2490 3.
585 2480 612 2483 -
630 2468 638 2481 ⁵
658 2466 720 2489 limi.
740 2479 769 2482 —
787 2466 795 2479 ὓ
811 2467 882 2496 sup„
902 2471 926 2494 x,

159 2506 197 2528 38.
214 2517 243 2522 ·-
261 2504 269 2520 ⁷
287 2505 362 2535 Aug„
380 2504 422 2527 ubi
437 2510 504 2534 sup„
519 2509 544 2526 n.
560 2504 598 2526 26.
614 2515 644 2519 —
657 2500 667 2516 ⁸
682 2501 747 2530 Luc„
764 2506 818 2529 xix,
835 2502 872 2530 lii,
888 2502 925 2524 sisi.

159 2553 190 2557 —
203 2540 212 2554 Β
227 2543 300 2570 Aug..
315 2540 358 2564 ubi
373 2546 439 2570 sup.,
456 2546 480 2562 n.
497 2539 535 2561 27.
553 2551 578 2554 —
596 2538 614 2553 ¹⁰
629 2537 715 2565 Levia,
732 2541 792 2564 vui,
808 2538 816 2559 1
834 2537 925 2566 etseq.

162 2588 188 2591 —
209 2575 224 2590 ¹¹
240 2576 313 2605 Aug„
333 2575 374 2598 ubi
391 2582 447 2605 sup.
462 2587 493 2591 -
509 2574 526 2587 ¹²
543 2573 608 2601 Lu‹:.,
626 2579 641 2602 i,
659 2574 681 2595 S.
698 2584 726 2588 —
743 2570 760 2587 ¹³
776 2572 849 2601 Aug.¹
865 2571 925 2594 ibid.

160 2622 190 2626 —
206 2609 223 2625 ¹⁸
237 2609 335 2639 natm,
354 2616 396 2640 xv,
415 2611 454 2633 24.
469 2622 499 2627 —
516 2609 534 2625 ¹⁵
549 2610 624 2637 Aug„
642 2607 702 2630 ibid.
722 2620 747 2623 —
765 2606 784 2621 ’ὅ
798 2606 881 2636 Dion,
898 2606 928 2629 {le

164 2645 219 2668 Dt'v.
235 2644 317 2675 Nom„
332 2651 354 2669 c.
371 2651 404 2668 iv.
419 2658 450 2662 —
467 2645 483 2661 Γ
500 2646 574 2674 Aug„
589 2643 633 2666 ubi
651 2649 707 2672 sup.
725 2655 755 2659 —
774 2641 792 2657 ¹⁸
810 2641 845 2664 De
858 2641 925 2671 Spir.

161 2681 185 2702 et
204 2680 299 2709 Anim„
320 2686 342 2703 c.
363 2685 400 2710 u,
424 2680 490 2704 inter
511 2680 587 2709 Oper.
610 2678 636 2701 S.
664 2678 777 2705 ..umust.,
802 2675 925 2706 Append.‚

281 2732 355 2754 Tou.
379 2733 422 2755 11.

1680 254 1737 281 4117

971 317 1076 341 tantum
1093 323 1142 349 pro
1160 317 1252 348 gente,
1275 314 1321 341 sed
1344 316 1374 341 ut
1395 315 1465 348 filios
1487 316 1535 341 Det*
1555 322 1738 350 congregaret,

972 368 1039 386 cum
1062 360 1100 387 ad
1128 361 1225 395 ipsum
1246 362 1386 395 spectaret
1412 361 1523 387 tantuin
1552 362 1678 395 cogitare
1703 363 1739 389 de

973 408 1056 440 gente
1072 406 1247 434 Judaeorum.
1266 409 1296 434 Et
1312 407 1350 434 ad
1365 407 1420 434 hoc
1434 407 1592 442 respondet
1607 409 1739 442 Augusti-

972 460 1027 478 nus
1043 453 1073 485 ¹³‚
1089 452 1171 487 quod
1189 453 1334 487 «Caiphas
1349 456 1461 480 tantum
1473 453 1533 488 agit
1547 453 1584 480 de
1598 456 1693 488 gente,
1710 455 1740 481 in

973 506 1032 533 qua
1050 501 1132 525 erant
1152 507 1237 532 oves,
1261 499 1297 526 de
1321 500 1429 534 quibus
1451 500 1590 527 Dominus
1607 499 1624 515 ¹⁶
1650 510 1656 527 z
1678 502 1741 528 Nou

972 553 1032 571 snm
1053 547 1163 578 missus,
1186 548 1241 572 nist
1263 546 1298 573 (υἱ
1320 554 1395 580 oves,
1421 548 1472 573 ete.
1489 547 1545 574 Sed
1571 547 1602 581 (e)
1619 549 1743 574 noverat

974 591 1155 625 avangelista
1175 600 1236 619 esse
1256 592 1327 619 alias
1342 600 1429 625 oves,
1445 600 1510 627 quae
1525 600 1586 620 non
1602 594 1684 620 erant
1705 593 1742 620 de

973 637 1029 665 hoc
1038 639 1119 672 ovili,
1131 646 1204 673 quas
1219 639 1375 674 oportebat
1390 639 1508 671 adduci,
1517 650 1529 665 n
1543 642 1596 667 etc.
1608 640 1663 667 Sed
1674 642 1742 667 tunc

975 685 1119 719 objicitur,
1137 685 1219 720 quod
1238 696 1249 709 «
1264 685 1399 712 nondum
1418 686 1616 717 crediderant,
1632 698 1645 711 η
1664 689 1690 713 et
1705 687 1744 714 ita

975 739 1034 758 non
1049 733 1130 758 erant
1145 738 1215 758 oves
1231 731 1290 758 Dei.
1315 733 1346 758 Et
1361 731 1399 758 ad
1417 731 1495 758 istud
1511 732 1669 767 respondet
1685 734 1742 759 Au-

975 776 1106 810 gustinus
1126 778 1146 793 ¹⁵
1171 777 1252 811 quod
1280 777 1369 804 «haec
1395 777 1471 804 dicta
1496 781 1562 805 sunt
1582 779 1745 806 secundum

974 822 1282 858 praedestinatmnem:
1306 833 1318 848 »
1343 823 1409 850 licet
1433 824 1510 850 enim
1531 825 1665 851 nondum
1688 833 1746 852 cre-

976 869 1126 903 diderant,
1139 872 1222 897 erant
1237 872 1334 897 tamen
1351 870 1505 904 credituri,
1516 871 1567 905 qui
1582 872 1664 898 erant
1676 879 1746 906 prae-

977 915 1120 943 destinati.
1139 916 1196 943 Sed
1221 917 1370 951 quaeritur,
1389 916 1514 952 qualiter
1528 925 1580 951 per
1595 917 1745 952 Caipham,

978 962 1029 997 qui
1055 964 1117 990 erat
1137 962 1297 996 malignus,
1326 962 1379 989 fuit
1401 963 1609 997 prophetatum
1636 965 1748 990 tantum

977 1007 1102 1035 bonum.
1119 1010 1192 1036 Dens
1207 1009 1300 1042 enim,
1315 1009 1365 1044 qui
1378 1010 1420 1035 est
1434 1008 1482 1036 lux
1492 1030 1499 1042 ‚
1510 1009 1540 1036 in
1551 1009 1677 1036 tenebris
1687 1017 1748 1037 non

977 1054 1067 1088 lucet,
1083 1057 1109 1082 et
1124 1055 1162 1082 ita
1185 1063 1245 1082 non
1266 1055 1412 1082 illuminat
1426 1063 1479 1090 per
1495 1055 1598 1083 malos.
1617 1058 1702 1090 Item,
1717 1059 1749 1083 ut

978 1101 1017 1127 ait
1032 1101 1186 1136 Dionysius
1200 1101 1219 1117 ¹⁶
1237 1112 1250 1127 (ι
1266 1101 1366 1128 divina
1382 1101 1498 1128 bonitas
1519 1102 1550 1128 in
1572 1110 1701 1136 summa,
1722 1104 1749 1130 et

978 1147 1015 1174 ab
1029 1147 1086 1174 illis
1100 1147 1130 1174 in
1144 1147 1243 1175 media
1254 1169 1263 1181 ,
1278 1150 1305 1175 et
1317 1156 1334 1175 a
1351 1148 1456 1175 mediis
1471 1148 1500 1174 in
1516 1148 1616 1176 infima
1631 1149 1749 1176 descen-

979 1193 1021 1220 dit
1038 1202 1043 1220 :
1067 1203 1080 1218 n
1099 1201 1168 1228 ergo
1189 1194 1342 1229 prophetia
1366 1194 1413 1221 vel
1432 1194 1608 1221 illuminatio
1632 1203 1693 1222 non
1710 1195 1747 1230 (f)

980 1240 1067 1266 dehet
1089 1240 1266 1267 descendere
1288 1248 1340 1275 per
1362 1241 1457 1268 malos
1484 1240 1522 1268 ad
1540 1241 1618 1276 ipsos
1642 1241 1749 1269 electos

980 1285 1037 1313 Dei.
1054 1286 1125 1313 Cum
1148 1294 1218 1320 ergo
1240 1286 1388 1321 quceritur,
1413 1294 1450 1313 an
1471 1286 1593 1322 caiphas
1618 1287 1749 1322 peccavit

979 1332 1035 1358 hoc
1069 1331 1211 1366 dicendo,
1235 1332 1350 1359 videtur
1376 1332 1458 1368 quod
1490 1341 1567 1367 non,
1593 1333 1662 1369 quia
1697 1342 1748 1360 non

980 1378 1051 1404 tlt'aet't
1079 1378 1124 1404 hoc
1159 1387 1175 1404 α
1204 1380 1343 1413 semetipso
1358 1399 1367 1412 ,
1402 1381 1432 1406 ut
1458 1378 1563 1406 dicitur
1590 1379 1620 1406 in
1644 1380 1746 1407 littera.

979 1425 1048 1451 ltem
1063 1423 1120 1451 hoc
1136 1423 1222 1457 dixit,
1243 1432 1310 1451 cum
1324 1426 1396 1451 esset
1420 1424 1551 1460 pontifex
1570 1425 1647 1452 illius
1663 1426 1747 1461 anni,

983 1479 995 1494 (ι
1010 1470 1092 1505 quod
1117 1470 1217 1497 tribuit
1244 1470 1427 1504 Evangelista
1451 1473 1652 1504 sacramento,
1680 1483 1692 1495 »
1718 1474 1749 1499 ut

979 1516 1155 1550 Augustinus
1168 1517 1198 1543 ¹⁷.
1216 1518 1290 1551 Ergo
1307 1518 1336 1543 ut
1352 1516 1443 1551 prius.
1461 1517 1504 1544 Ad
1520 1517 1553 1552 (9)
1570 1518 1748 1545 Contrarium

978 1562 1104 1596 videtur,
1131 1562 1201 1598 quia
1224 1562 1298 1589 illud
1329 1562 1417 1596 dixit,
1444 1563 1599 1590 intendens
1623 1566 1749 1591 mortem

979 1609 1080 1636 Christi
1096 1618 1102 1635 ε
1114 1609 1166 1636 sed
1180 1609 1301 1636 intentio
1312 1609 1438 1645 imponit
1451 1617 1560 1637 nomen
1572 1610 1671 1645 operi,
1688 1610 1748 1637 sive

979 1656 1112 1690 aflectus,
1136 1658 1165 1683 ut
1181 1656 1286 1683 dicitur
1301 1657 1333 1689 ²⁸,
1348 1658 1387 1683 Dc
1400 1658 1502 1691 spiritu
1514 1660 1539 1684 et
1553 1659 1663 1684 arztma:
1681 1665 1748 1692 ergo

979 1702 1118 1737 peccavit.
1135 1704 1167 1729 Et
1181 1702 1219 1729 ad
1237 1702 1314 1729 istud
1335 1702 1593 1738 respondendum,
1613 1704 1686 1731 sicut
1700 1712 1746 1731 re-

979 1748 1104 1783 spondet
1125 1748 1278 1783 Gregorius
1299 1749 1318 1765 ¹⁹
1340 1749 1368 1775 in
1390 1749 1546 1784 principio,
1566 1750 1691 1785 loquens
1711 1750 1747 1777 de

979 1794 1061 1821 asina
1081 1795 1215 1828 Balaam,
1238 1794 1275 1822 de
1295 1803 1353 1830 (sua
1370 1804 1376 1821 z
1399 1805 1411 1820 (ι
1426 1794 1503 1822 Sicut
1522 1796 1558 1831 (h)
1580 1796 1747 1824 irrationale

980 1840 1099 1872 animal,
1115 1840 1220 1876 inquit,
1231 1841 1352 1868 rationis
1364 1841 1454 1868 verba
1469 1841 1570 1873 edidit,
1583 1849 1636 1869 nec
1651 1844 1747 1870 tamen

979 1886 1017 1913 ad
1041 1887 1286 1922 permutationem
1307 1890 1417 1915 naturae
1437 1888 1587 1915 rationalis
1605 1888 1724 1916 accessit
1740 1899 1746 1917 z

978 1932 1018 1960 ita
1032 1941 1107 1968 saepe
1123 1932 1246 1968 quilibet
1260 1933 1398 1968 indignus
1408 1936 1507 1961 saneta
1520 1935 1612 1962 verba
1620 1943 1673 1970 per
1683 1943 1749 1970 pro-

978 1979 1083 2014 phetiae
1101 1978 1234 2014 spiritum
1250 1979 1368 2015 accipit,
1384 1980 1436 2007 sed
1456 1982 1553 2008 tamen
1575 1981 1613 2008 ad
1627 1989 1749 2016 prome—

979 2025 1103 2052 rendam
1129 2025 1286 2052 sanctitatis
1307 2025 1433 2060 gloriam
1458 2034 1519 2053 non
1542 2027 1693 2062 pertingit,
1718 2030 1749 2055 ut

980 2072 1007 2097 et
1022 2071 1052 2106 (i)
1075 2079 1164 2106 supra
1183 2079 1213 2098 se
1230 2071 1382 2107 loquendo
1405 2072 1546 2106 emineat,
1573 2075 1600 2100 et
1622 2073 1698 2100 infra
1718 2081 1748 2100 se

980 2116 1108 2144 vivendo
1122 2119 1275 2153 torpescat.
1294 2128 1306 2143 »
1324 2120 1386 2145 Haec
1401 2118 1459 2145 ille.
1477 2120 1540 2146 Non
1555 2127 1625 2154 ergo
1641 2119 1748 2146 mirum

980 2164 1003 2191 si
1017 2165 1103 2197 Deus,
1121 2165 1170 2199 qui
1191 2172 1242 2199 per
1264 2172 1297 2191 os
1317 2164 1406 2192 asinae
1424 2165 1515 2192 verba
1537 2165 1673 2200 protulit,
1697 2173 1750 2200 per

980 2210 1074 2237 malos
1094 2209 1190 2237 sutura
1212 2211 1336 2244 revelat,
1363 2214 1449 2246 prout
1474 2211 1514 2238 ait
1538 2211 1715 2246 Augustinus
1730 2212 1749 2228 ²⁰

981 2256 1055 2283 bene
1071 2256 1106 2283 de
1122 2257 1187 2284 hoc.
1204 2258 1235 2283 Et
1255 2256 1292 2284 de
1306 2257 1363 2284 hoc
1378 2257 1509 2284 similiter
1523 2257 1699 2291 Augustinus
1712 2259 1748 2292 ²¹,

981 2302 1063 2337 quod
1078 2314 1089 2327 α
1105 2303 1134 2329 in
1151 2310 1200 2336 eo,
1218 2313 1230 2326 u
1248 2302 1356 2330 scilicet
1377 2303 1502 2338 Caipha,
1525 2313 1537 2328 κ
1553 2303 1610 2337 egit
1623 2303 1750 2339 prophe-

982 2383 1043 2405 tom.
1066 2382 1108 2405 Vl.
1128 2394 1158 2398 ›—
1177 2382 1195 2397 ¹⁹
1211 2382 1295 2411 Greg,
1318 2381 1419 2410 Moral„
1436 2381 1478 2405 lii).
1499 2382 1604 2412 xxvii,
1620 2390 1640 2407 c.
1661 2386 1749 2413 1‚ante

982 2418 1048 2441 mett.
1067 2431 1090 2433 ψ
1110 2419 1129 2433 ²⁰
1149 2419 1200 2440 lino
1215 2420 1281 2440 auct,
1299 2417 1331 2440 lib
1355 2418 1384 2439 tle
1399 2417 1559 2441 Msratile'bus
1572 2419 1640 2443 Sacra
1657 2420 1750 2450 Scrip..

982 2452 1023 2476 lib.
1050 2454 1070 2482 1,
1095 2460 1116 2476 c.
1141 2458 1227 2480 xxxin
1246 2452 1312 2475 iuter
1340 2456 1415 2481 oper.
1444 2454 1470 2476 S.
1496 2454 1610 2483 August,
1633 2455 1748 2484 Append.

983 2490 1043 2511 toni.
1061 2489 1101 2511 ΙΙΙ.
1114 2501 1140 2503 ψ
1158 2488 1173 2502 2¹
1190 2488 1264 2518 Aug,
1278 2489 1341 2510 came.
1355 2488 1508 2517 Fause.,1ib.
1524 2489 1626 2518 xv1‚c.
1642 2495 1716 2513 xxm.

1015 2538 1045 2565 (ιι)
1063 2536 1122 2559 Ccet.
1136 2535 1194 2558 vdit.
1211 2535 1430 2559 ius-imminuun—
1443 2536 1475 2566 (lt)
1486 2536 1582 2566 spiritu.
1599 2550 1628 2554 —
1643 2538 1674 2567 (c)
1689 2538 1748 2561 Coee.

982 2570 1111 2594 e‹lit.(1[lzl.
1127 2571 1233 2594 honum.
1249 2584 1266 2587 —
1298 2571 1334 2600 (tl)
1355 2572 1392 2594 Al.
1415 2574 1441 2595 ut
1467 2585 1493 2588 —-
1515 2573 1541 2601 te)
1564 2573 1618 2596 llaec
1638 2579 1693 2602 qua}
1712 2580 1749 2595 se-

981 2608 1089 2636 quantur
1100 2613 1172 2636 usqne
1187 2606 1244 2628 dum
1256 2606 1320 2635 Iessos
1334 2608 1394 2630 tunc
1407 2606 1532 2637 objicitur,
1548 2608 1681 2630 omiserunt
1696 2610 1748 2631 caet.

981 2641 1040 2664 edil.
1057 2654 1086 2658 —
1110 2641 1141 2671 (f)
1164 2642 1222 2664 (λεὶ.
1242 2641 1302 2665 ειΙιί.
1322 2641 1387 2664 Λευεί
1406 2649 1466 2666 non.
1482 2656 1511 2660 —
1533 2643 1567 2672 (q)
1590 2643 1646 2672 Ley.
1667 2643 1704 2666 At.
1721 2655 1750 2660 —

982 2676 1017 2705 (ft)
1039 2676 1098 2699 Coet.
1117 2676 1176 2699 mlst,
1191 2675 1240 2699 Sic.
1254 2689 1284 2693 —
1300 2676 1327 2707 (i)
1342 2677 1402 2700 Item
1417 2677 1473 2701 ΨΜ.
1488 2684 1523 2700 se.

1595 2725 1631 2752 ⁹27
