1987 3032
764 204 969 236 EXPOSITIO
992 204 1030 234 IN
1053 205 1138 236 GAP.
1162 205 1212 236 lX.

192 274 220 299 et
233 272 359 298 lucernae
373 272 435 306 ejus
454 272 495 297 est
518 278 620 304 agnus.
644 281 657 296 n
681 272 712 298 Et
731 271 768 298 de
789 271 843 298 hac
858 270 905 297 die
928 270 958 296 in

192 318 309 344 Psalmo¹
327 325 361 344 :a
375 316 474 345 Melior
488 318 530 343 est
545 316 607 343 dies
629 324 688 343 una
701 317 730 343 in
745 316 824 343 atriis
839 316 894 343 tuis
913 324 960 342 su-

191 372 244 399 per
265 364 366 391 millia.
392 374 405 389 »
428 365 468 390 Ex
485 363 617 390 absentia
636 363 697 390 Filii
719 363 767 390 Dei
789 363 829 390 sic
851 362 958 389 illumi-

191 410 296 443 nantis,
309 417 422 444 semper
433 411 474 436 est
482 417 551 436 nort.
562 409 638 436 Infra
648 411 673 436 2:
688 419 701 434 (ι
715 411 756 436 Μθ
765 410 881 444 oportet
892 416 959 443 ope-

191 456 248 483 rari
263 476 270 489 ‚
287 456 381 482 donec
396 455 458 482 dies
474 458 524 482 est.
546 455 644 482 Veniet
659 458 756 483 autem
781 463 851 488 nox,
868 465 880 481 »
903 456 956 482 etc.

190 501 328 537 Quaelibct
344 501 465 527 istarum
481 501 595 528 dicrum
611 504 652 528 est
670 501 758 534 clara,
774 501 886 536 absque
901 508 957 527 nu—

190 546 278 573 bibus
292 546 478 573 tenebrarum
493 547 732 574 obumbrantium
744 556 751 581 ;
774 549 801 574 et
816 549 858 574 est
872 554 957 581 pura,

189 592 302 626 absque
310 591 488 619 foeditatibus
496 593 699 627 afflictionum3
709 594 783 620 etest
789 593 920 628 speciosa
931 594 959 619 et

186 638 319 672 jucunda
335 639 536 666 venustatibus
551 639 700 666 virtutum.
724 640 733 655 ³
749 649 761 664 α
778 639 861 666 Dulce
880 638 958 665 enim

188 683 301 716 lumen,
312 685 339 710 et
352 683 524 712 delectabile
545 685 639 712 oculis
659 685 759 712 videre
775 685 868 712 solem
885 685 953 719 (a).»

189 731 221 757 In
236 737 355 756 omnem
377 731 466 757 talem
483 731 562 758 diem
586 731 723 758 exultavit
742 731 890 758 Abraham
912 730 957 756 vi-

189 775 268 809 dere,
284 775 444 809 eredendo,
459 777 605 811 sperando
621 779 648 804 et
670 776 809 803 amando.
826 778 857 803 Ut
879 776 957 803 enim

189 821 229 848 ait
243 821 450 849 Cassiodorus'*
470 830 476 849 ε
503 832 516 847 ι(
538 822 672 849 Exultare
698 824 740 849 est
761 830 828 849 cum
849 829 958 856 magna

188 867 335 894 alacritate
354 868 493 902 gaudere.
516 878 529 894 »
555 870 586 895 Et
600 868 691 895 modo
707 870 749 895 est
772 868 808 895 de
833 876 956 895 numero

188 912 308 940 illorum
334 914 493 941 electorum
503 935 511 948 ,
541 915 578 941 de
604 914 711 949 quibus
741 914 771 941 in
801 915 903 940 Psalmo
947 923 953 941 z

192 959 389 987 «Exultabunt
401 960 491 987 saneti
502 960 532 987 in
545 961 647 995 gloria.
658 971 670 986 »
681 961 767 994 Quod
777 969 847 988 vero
859 961 956 995 sequi-

189 1007 236 1032 tur
252 1015 258 1032 ι
276 1007 403 1032 Tulerunt
417 1007 529 1040 lapides,
545 1007 709 1034 secundum
724 1006 917 1041 Augustinum
931 1008 957 1033 et

188 1051 357 1079 Anselmum
371 1052 427 1079 hoc
443 1052 588 1087 signabat,
604 1053 686 1088 quod
704 1053 841 1079 insensati
857 1055 883 1079 et
903 1053 957 1079 ob-

188 1097 284 1124 durati
300 1098 390 1124 corda
404 1098 522 1133 lapidea
533 1099 685 1131 habentes,
703 1098 828 1133 lapideis
850 1098 957 1125 affecti-

187 1143 243 1170 bus
258 1144 285 1170 et
300 1143 556 1178 objurgationibus
576 1144 716 1170 volebant
737 1144 861 1171 obruere
882 1144 957 1170 veri-

187 1190 292 1216 tatem:
308 1189 387 1216 unde
403 1191 429 1216 et
443 1189 498 1224 ipsi
513 1189 626 1224 lapides
641 1192 722 1216 eraut
735 1190 744 1205 '⁵
762 1199 787 1216 2«
798 1191 900 1217 Potens
916 1191 957 1216 est

186 1236 261 1261 Deus
282 1235 318 1262 de
333 1235 482 1270 lapidibus
499 1236 592 1262 facere
610 1235 686 1262 filios
706 1236 844 1269 Abraham
856 1246 869 1260 »
887 1235 956 1270 quia

187 1282 269 1307 erant
279 1281 378 1315 frigidi
393 1283 420 1308 et
434 1281 582 1314 obdurati,
598 1283 625 1308 et
645 1281 771 1308 aliorum
786 1281 877 1308 laesivi
893 1291 898 1308 :
916 1281 957 1308 la-

187 1326 232 1361 pis
247 1327 325 1353 enim
340 1326 444 1353 dicitur
459 1327 542 1362 quasi
559 1327 654 1353 Ioeclens
667 1328 760 1362 pedem
773 1337 780 1361 3
798 1329 825 1354 et
838 1327 957 1362 lapidea

187 1373 278 1400 corda
300 1373 459 1400 habebant.
491 1373 623 1400 Promisit
652 1373 790 1400 Dominus
813 1373 956 1400 eredenti-

187 1418 274 1445 bus7:
287 1429 299 1443 (ι
310 1419 444 1446 Auferam
456 1427 506 1446 cor
517 1419 668 1454 lapideum
678 1420 713 1446 de
728 1428 813 1446 carne
827 1422 953 1446 vestra.»

187 1467 220 1492 Et
237 1465 305 1492 ideo
329 1466 359 1492 in
382 1465 477 1500 figura
503 1466 615 1492 duritiae
637 1474 750 1499 eorum,
770 1466 823 1493 suit
845 1466 890 1493 lex
916 1467 956 1493 eis

188 1511 255 1538 data
269 1511 298 1538 in
309 1511 416 1538 tabulis
430 1511 554 1546 lapideis
565 1512 586 1538 ⁸.
602 1511 612 1526 ⁹
629 1522 641 1537 «
657 1512 824 1539 Circumeisi
839 1512 957 1539 fuerunt

187 1556 286 1584 cultris
305 1557 438 1592 lapideis.
454 1567 466 1582 u
485 1559 517 1583 Et
531 1557 597 1584 ideo
617 1565 678 1584 non
693 1558 887 1592 projiciebant
901 1558 955 1585 nisi

186 1603 310 1638 lapides,
326 1605 352 1630 et
367 1603 454 1629 duras
470 1603 700 1637 objurgationeS,
723 1606 750 1630 et
765 1604 853 1630 duras
867 1604 955 1631 affec-

186 1649 290 1682 tiones,
307 1648 416 1675 scilieet
437 1651 537 1676 contra
555 1649 716 1676 veritatem.
740 1650 862 1685 Lapides
877 1650 955 1677 enim

188 1695 298 1722 dabant
312 1702 365 1730 pro
381 1702 467 1729 pane,
492 1694 523 1721 id
547 1696 603 1728 est,
626 1695 762 1722 duritiem
786 1696 881 1722 cordis
901 1704 955 1731 pro

187 1741 310 1769 mollitie
321 1741 393 1775 ejus,
407 1742 508 1767 contra
519 1740 619 1767 illud¹⁰
632 1750 657 1768 :«
668 1741 817 1776 Numquid
826 1742 956 1776 lapidem

187 1786 270 1814 dabit
284 1794 338 1821 pro
352 1787 449 1821 pane?
464 1796 477 1811 »
497 1788 527 1813 Et
542 1786 609 1813 ideo
620 1787 650 1813 in
660 1787 756 1821 figura
767 1787 879 1814 duritiae
892 1788 956 1814 illo-

185 1841 266 1866 rum,
291 1832 345 1858 fuit
363 1832 411 1858 lex
434 1831 474 1858 eis
495 1832 564 1858 data
588 1831 618 1858 in
640 1832 745 1859 tabulis
768 1833 903 1868 lapideis,
926 1836 957 1861 ut

187 1878 298 1905 dictum
313 1878 384 1904 est⁹.
401 1878 493 1910 Quare
515 1877 619 1904 merito
645 1878 799 1906 abscondit
818 1887 847 1906 se
870 1880 957 1907 Filius

187 1924 224 1951 ab
241 1924 291 1957 eis,
304 1923 451 1950 dimittens
465 1931 515 1950 eos
530 1923 559 1949 in
569 1925 653 1950 nocte
665 1924 862 1952 tenebrarum.
876 1936 889 1951 «
900 1926 956 1953 Ab-

187 1969 319 1997 scondita
329 1969 430 1996 enim¹¹
448 1971 488 1996 est
498 1969 650 2004 sapientia,
663 1980 675 1995 η
692 1970 798 1998 scilicet
810 1981 823 1996 «
834 1972 872 1999 ab
888 1981 957 1999 ocu-

188 2016 222 2042 lis
235 2015 389 2042 hominum
404 2015 574 2049 viventium,
591 2026 603 2040 n
622 2016 729 2043 scilicet
743 2017 907 2045 carnaliter.
926 2020 957 2045 Et

188 2062 225 2088 de
235 2062 291 2088 hoc
303 2061 485 2095 Gregorius¹2
495 2061 581 2095 bene,
594 2062 675 2097 quod
690 2063 819 2090 «veritas
833 2064 956 2092 abscon-

189 2107 266 2135 ditur
281 2107 331 2142 eis,
348 2107 399 2142 qui
413 2107 504 2134 verba
522 2107 604 2142 sequi
620 2110 819 2136 contemnunt.
836 2119 849 2135 »

434 2208 609 2241 CAPUT
640 2209 706 2241 lX.

224 2293 251 2319 1.
267 2292 301 2318 Et
314 2292 466 2326 prseteriens
480 2291 553 2318 vidit
569 2293 698 2319 hominem
714 2300 809 2320 coecum
824 2302 840 2320 a
854 2295 957 2321 nativi-

188 2341 253 2369 tate,
264 2340 317 2364 etc.
330 2339 468 2364 Enarrata
478 2338 640 2372 sapientiali
650 2338 783 2366 doctrina
791 2340 957 2375 Salvatoris‚

188 2384 235 2410 hie
256 2383 292 2410 de
315 2383 483 2418 operatione
506 2383 656 2418 miraculi,
679 2385 789 2412 scilicet
808 2387 874 2413 caeci
894 2387 959 2414 illu-

224 2444 228 2455 ¹
244 2441 311 2465 Psal.
332 2448 444 2471 Lxxfflu,
463 2444 499 2465 1¹.
515 2455 538 2458 —
554 2443 560 2455 ²
579 2443 900 2474 {11s.‚1x‚.l.—²Ecclre.‚
920 2453 956 2476 xi,

190 2479 214 2500 7.
228 2490 258 2494 —
274 2478 279 2491 ⁶
296 2477 418 2507 Cassiod„
435 2478 459 2500 in
476 2477 543 2500 Psal.
562 2480 619 2500 ante
634 2479 702 2502 med.
718 2492 747 2495 —-
765 2480 774 2494 ⁵
790 2480 855 2504 l'sal.
871 2487 956 2510 cxmx,

191 2513 213 2535 5.
229 2525 260 2529 —
277 2513 286 2528 ss
306 2513 406 2541 Maetlz„
422 2519 465 2542 111,
482 2514 505 2536 9.
522 2526 547 2529 -
565 2513 574 2529 '¹
590 2513 688 2541 Ezeclz„
703 2519 744 2544 xl,
761 2516 827 2538 19.—
846 2518 854 2528 κ
867 2517 958 2546 Εα]οιί.,

193 2552 263 2577 xxm,
291 2550 327 2571 14.
349 2561 378 2565 —
401 2549 411 2564 ⁹
433 2551 495 2575 Jos.,
517 2554 544 2577 ν,
571 2551 594 2571 2.
616 2562 645 2566 —
672 2551 691 2565 ‘⁰
711 2550 776 2579 Luc„
799 2556 839 2580 xi,
870 2554 906 2575 1¹.
929 2566 959 2570 -

193 2582 212 2597 1¹
223 2582 287 2610 lob„
304 2588 394 2612 xxmu,
410 2585 488 2607 21.-
505 2584 520 2597 ¹⁷
536 2585 622 2614 Greg.,
638 2584 866 2615 inEvmzq.,11om.
883 2593 959 2617 XV111‚

194 2622 219 2639 n.
238 2618 259 2639 ὃ.
277 2630 302 2633 -
319 2617 337 2633 ¹³
348 2618 527 2649 Chrysost.,1n
542 2618 622 2648 laam,
638 2619 707 2644 hom.
721 2625 762 2650 LV,
778 2621 810 2645 al.
827 2627 877 2652 LV1,
894 2629 919 2646 n.
938 2625 957 2647 1.

1725 211 1783 240 389

1015 271 1190 306 minatione,
1206 273 1244 300 ad
1259 273 1398 301 doctrinae
1413 274 1684 309 confirmationem,
1700 277 1728 302 et
1746 276 1786 303 ad

1015 317 1182 344 ,Iudaeorum
1205 319 1433 353 emollitionem,
1453 321 1541 355 prout
1560 320 1600 347 ait
1614 320 1784 356 chrysosto-

1015 371 1081 390 mus
1096 364 1126 390 ¹⁵.
1146 374 1159 389 «
1180 364 1266 399 Quia,
1283 365 1392 400 inquit,
1410 373 1579 392 sermonum
1601 366 1784 393 altitudinem

1015 416 1075 435 non
1095 412 1296 445 susceperunt,
1318 419 1371 446 per
1391 411 1592 446 operationem
1613 411 1688 446 signi
1704 412 1785 439 duri-

1015 454 1084 481 tiem
1100 463 1202 482 eorum
1216 456 1370 491 molliens,
1394 459 1421 484 et
1442 457 1487 484 his
1509 465 1574 492 quffl
1596 457 1673 484 dicta
1695 457 1785 484 fidem

1014 499 1139 535 faciens,
1153 502 1269 535 signum
1290 502 1366 530 facit.
1384 513 1396 528 2)
1419 505 1450 530 Et
1472 503 1550 530 istud
1570 503 1730 538 capitulum
1754 503 1785 531 in

1014 547 1071 572 tres
1089 549 1203 582 partes:
1226 549 1341 583 primo,
1361 549 1542 583 praemittitur
1560 549 1694 576 miraculi
1714 558 1784 585 ope-

1013 592 1103 625 rati03
1120 594 1262 627 secundo,
1278 594 1314 621 de
1328 595 1471 622 miraculo
1488 595 1725 622 adversariorum
1739 603 1786 622 ca-

1014 637 1180 672 lumniatio,
1195 640 1236 666 ibi
1252 641 1269 656 ¹¹⁴
1280 641 1384 667 :Vicini
1399 643 1506 675 itaque,
1521 643 1590 675 etc.;
1606 641 1700 675 tertio,
1717 641 1784 668 eaeci

1014 683 1168 711 illuminati
1183 693 1200 712 a
1215 686 1326 713 Christo
1346 686 1470 713 eruditiO
1490 688 1517 713 et
1536 686 1655 714 interior
1674 687 1784 714 illumi-

1014 729 1104 765 nasto,
1119 730 1162 757 ibi
1176 731 1195 746 ¹5
1208 741 1214 757 :
1233 731 1349 758 Aadtvtt
1363 733 1449 763 Jesus,
1473 734 1526 758 etc.
1546 734 1577 759 ln
1591 732 1686 767 prima
1708 741 1782 768 qua-

1013 777 1098 802 tuor:
1117 776 1212 811 primo
1231 777 1298 803 caeci
1313 785 1330 804 a
1345 777 1455 804 Christo
1473 777 1662 805 illuminandi
1680 779 1783 814 [lepre-

1013 821 1131 856 hensi03
1160 823 1305 856 secundo,
1336 823 1548 858 discipulorum
1575 824 1782 859 interrogatio,

1014 867 1055 894 ibi
1066 868 1086 884 ¹⁵
1095 877 1100 894 z
1109 869 1204 901 Rabbi,
1214 870 1283 903 etc.;
1301 869 1394 902 tertio,
1404 868 1505 896 Christi
1518 870 1682 904 responsio,
1695 871 1735 897 ibi
1748 871 1782 898 ¹⁷:

1013 915 1159 948 Respondit
1174 915 1264 946 Jesus,
1281 917 1348 948 eto.;
1364 917 1485 950 quarto,
1505 915 1574 942 caeci
1589 916 1764 944 illuminatio
1774 938 1782 951 ‚

1014 959 1055 986 ibi
1068 959 1087 976 ¹⁸
1101 969 1107 986 :
1124 961 1184 987 Hoec
1199 969 1256 987 cum
1270 961 1395 995 dt'mz'sset,
1412 963 1464 988 etc.

1050 1006 1094 1032 Ait
1117 1014 1210 1040 ergo:
1231 1008 1266 1033 Et
1288 1008 1444 1041 praeteriens
1464 1008 1537 1034 Jesus
1559 1008 1629 1034 vidit
1653 1009 1784 1035 hominem

1013 1060 1106 1078 caecum
1119 1062 1126 1078 :
1142 1054 1173 1079 ut
1187 1052 1266 1079 enim
1286 1052 1325 1079 ait
1340 1052 1562 1087 chrysostomus
1578 1054 1609 1088 ¹¹³,
1629 1055 1784 1088 egrediens

1013 1097 1049 1123 de
1066 1097 1175 1132 templo
1194 1098 1233 1124 ad
1252 1105 1327 1132 opus
1342 1098 1422 1125 venit
1441 1098 1580 1126 studiose.
1602 1100 1680 1126 Vidit
1697 1101 1783 1127 homi-

1013 1150 1070 1169 nem
1086 1151 1181 1169 coecum
1202 1152 1218 1169 a
1243 1145 1388 1170 nativitate
1411 1145 1443 1170 Ut
1462 1144 1540 1171 enim
1555 1144 1594 1172 ait
1613 1145 1783 1180 Chrysosto-

1013 1197 1078 1216 mus
1090 1190 1121 1223 ²⁰,
1145 1200 1157 1215 ι(
1172 1190 1269 1217 studio
1290 1190 1429 1225 respexit,
1446 1192 1477 1217 ut
1491 1190 1641 1226 discipulis
1666 1199 1783 1219 sensum

1012 1237 1121 1263 scilicet
1142 1237 1316 1272 inspiciendi
1338 1238 1486 1265 tribueret.
1504 1248 1516 1263 n
1536 1239 1567 1265 Et
1585 1239 1720 1266 subditur
1738 1248 1782 1267 se-

1013 1283 1144 1310 eundum
1170 1284 1214 1317 (v.
1230 1284 1289 1318 2):
1318 1285 1408 1311 Rabbz'.
1433 1286 1465 1311 Ut
1486 1285 1565 1312 enim
1589 1285 1629 1312 ait
1648 1286 1783 1320 Augusti-

1012 1336 1067 1355 nus
1081 1330 1114 1363 Ἤ,
1130 1329 1295 1364 Magistrum
1310 1330 1507 1365 appellabant,
1525 1331 1593 1366 quia
1608 1331 1719 1359 discere
1734 1340 1784 1359 vo-

1012 1374 1122 1402 lebant.
1139 1377 1203 1408 Quis
1218 1377 1346 1410 peccavit,
1364 1377 1405 1403 hic
1416 1380 1463 1403 aut
1477 1380 1598 1411 parentes
1611 1378 1685 1411 ejus?
1700 1379 1784 1413 quasi

1013 1421 1160 1448 dicerent:
1182 1423 1245 1449 Non
1261 1424 1335 1449 esset
1348 1430 1453 1457 poena,
1470 1423 1493 1449 si
1512 1431 1572 1450 non
1593 1424 1784 1458 praecessisset

1012 1468 1114 1502 eulpa:
1133 1469 1202 1502 quia
1218 1467 1328 1494 dietum
1341 1470 1382 1495 est
1396 1476 1485 1503 supra
1494 1469 1516 1485 ‘22
1529 1478 1535 1496 :
1547 1480 1559 1495 α
1573 1470 1635 1496 Noli
1651 1478 1782 1506 peccare,

1011 1522 1048 1540 ne
1074 1514 1201 1540 deterius
1226 1514 1278 1541 tibi
1307 1515 1465 1549 contingat.
1490 1526 1504 1541 ν
1532 1516 1659 1551 Opponit
1686 1519 1783 1544 autem

1012 1560 1236 1595 Chrysostomus
1249 1560 1280 1594 2³,
1293 1561 1375 1596 quod
1385 1561 1575 1596 interrogatio
1591 1563 1706 1590 videtur
1721 1571 1782 1591 esse

1011 1605 1085 1633 falsa
1108 1607 1136 1632 et
1155 1606 1262 1633 stulta:
1283 1607 1354 1641 quia
1377 1607 1501 1642 qualiter
1526 1609 1673 1643 peccavit,
1701 1610 1782 1636 ante-

1012 1660 1103 1686 quam
1132 1654 1204 1679 esset
1231 1654 1344 1679 natus?
1368 1655 1437 1680 Item
1464 1653 1590 1688 qualiter
1613 1655 1784 1689 parentibus

1011 1697 1210 1732 peccantibus,
1222 1699 1264 1724 est
1275 1698 1419 1725 cruciatus
1427 1700 1441 1725 ἲ)
1452 1700 1535 1734 quasi
1545 1699 1669 1727 diceret:
1683 1701 1783 1728 Nullus

1011 1743 1143 1778 peccavit
1158 1746 1316 1779 antequam
1330 1746 1426 1777 natus,
1438 1747 1465 1771 et
1479 1745 1577 1772 nullus
1588 1745 1676 1772 debet
1684 1747 1783 1781 puniri

1011 1797 1065 1825 pro
1084 1789 1209 1824 peccatis
1228 1791 1399 1824 parentum,
1421 1790 1491 1825 quia
1506 1790 1547 1818 Ε”;
1566 1800 1583 1816 «·
1594 1791 1698 1819 Anima
1718 1801 1783 1827 quae

1011 1836 1174 1871 peccaverit
1198 1835 1262 1871 ipsa
1285 1836 1449 1863 morietur:
1475 1844 1529 1863 nec
1556 1837 1685 1872 portabit
1704 1838 1782 1865 filius

1011 1882 1195 1917 iniquitatem
1218 1881 1318 1917 patris.
1340 1891 1353 1906 »
1379 1883 1411 1909 Et
1435 1882 1473 1909 ad
1499 1882 1576 1909 istud
1600 1884 1782 1918 responden-

1012 1929 1094 1961 dum,
1111 1928 1193 1963 quod
1207 1928 1263 1955 hoc
1279 1927 1413 1954 dixerunt
1428 1927 1578 1963 discipuli,
1595 1937 1655 1956 non
1670 1931 1782 1958 tantum

1011 1975 1232 2008 interrogantes,
1248 1973 1300 2000 sed
1315 1973 1479 2007 aporiantes
1490 1974 1536 2009 (b),
1551 1974 1581 2000 id
1594 1977 1649 2008 est,
1661 1976 1782 2003 anxian-

1012 2022 1053 2047 tes
1068 2021 1095 2046 et
1109 2019 1333 2054 compatientes,
1346 2019 1433 2053 ἀπορία
1447 2019 1525 2046 enim
1537 2027 1641 2054 graece,
1657 2024 1781 2049 anan'etas

1011 2066 1108 2093 latine.
1135 2067 1165 2092 Et
1184 2065 1223 2092 ad
1242 2065 1358 2099 objecta
1377 2067 1474 2099 posset
1496 2065 1570 2099 dici,
1591 2067 1673 2101 quod
1693 2076 1782 2102 poena

1011 2114 1119 2139 aeterna
1139 2118 1199 2137 non
1218 2110 1338 2146 punitur
1363 2111 1428 2145 quis
1451 2119 1505 2145 pro
1525 2112 1650 2146 peccatis
1673 2121 1779 2147 paren-

1012 2160 1089 2190 tum,
1112 2157 1166 2183 nisi
1188 2156 1273 2183 fuerit
1293 2156 1434 2190 imitator;
1457 2158 1484 2183 et
1505 2158 1572 2183 tunc
1594 2158 1712 2192 punitur
1727 2167 1780 2194 pro

1010 2203 1137 2239 peccatis
1155 2202 1291 2237 propriis.
1313 2204 1400 2229 Poena
1419 2204 1515 2229 tamen
1530 2203 1699 2238 temporali,
1715 2213 1781 2240 quae

1011 2251 1106 2285 potest
1120 2256 1181 2275 esse
1201 2248 1279 2274 utilis
1303 2248 1342 2274 ad
1361 2247 1496 2275 vitiorum
1516 2249 1730 2284 exclusionem,
1755 2253 1782 2279 et

1013 2296 1185 2323 meritorum
1200 2294 1484 2328 augmentationem,
1501 2302 1562 2322 non
1583 2298 1625 2323 est
1641 2296 1780 2325 inconve-

1011 2343 1095 2370 niens
1109 2341 1191 2377 quod
1206 2341 1352 2376 puniatur.

1048 2391 1073 2415 3.
1090 2390 1121 2415 Et
1136 2388 1267 2423 sequitur
1282 2386 1414 2418 tertium,
1432 2386 1541 2414 seilicet
1552 2389 1705 2424 responsio
1721 2390 1782 2418 Sal-

1014 2479 1043 2483 „
1059 2466 1074 2481 1·
1093 2463 1665 2494 1us.‚s.—11⁵1nr.‚35.-¹ssinf.,2.—¹⁷
1688 2467 1743 2498 ωε,
1759 2470 1780 2492 3.

1013 2514 1043 2518 --
1061 2501 1078 2516 ¹⁵
1099 2501 1155 2529 luiz,
1176 2500 1198 2522 6.
1217 2512 1245 2515 —-
1266 2499 1284 2515 ¹³
1305 2499 1444 2529 Chrysost.5
1461 2499 1503 2523 uhi
1523 2507 1578 2530 sup,
1593 2514 1623 2518 —-
1639 2502 1658 2516 2⁰
1680 2502 1739 2525 thid.
1753 2516 1782 2520 -—

1014 2536 1030 2551 ²¹
1049 2537 1123 2564 Aua„
1142 2535 1166 2556 in
1184 2535 1267 2563 loun„
1283 2535 1353 2557 tract.
1369 2540 1440 2564 λων,
1457 2541 1482 2557 n.
1502 2536 1525 2558 3.
1539 2548 1568 2551 —
1582 2536 1601 2550 '2²
1616 2538 1688 2566 sup7
1704 2543 1727 2567 v,
1744 2539 1783 2561 14.

1015 2584 1045 2588 —
1060 2572 1078 2585 Ἠ
1094 2570 1236 2599 Chryses-t„
1252 2568 1294 2592 ubi
1309 2576 1363 2599 sup.
1381 2582 1410 2586 —
1426 2569 1442 2583 ²⁸
1460 2570 1557 2599 Ezech„
1573 2576 1645 2600 xvm,
1661 2573 1700 2595 20.

1049 2624 1082 2654 (a)
1098 2622 1226 2647 &entatu
1247 2622 1318 2646 solet.
1333 2635 1363 2639 —
1382 2621 1486 2653 (l1)1tr3m
1502 2626 1678 2654 apporeantes.

1823 507 1904 528 Divisio

1815 537 1835 556 in
1847 539 1891 557 tres

1812 569 1892 593 partes.
