1987 3032
26 1741 129 1768 Spiritua-

26 1772 53 1792 lis
79 1780 116 1794 sen
123 1785 129 1789 ·

27 1810 72 1825 sus-

161 240 217 268 1126
703 237 913 269 EVANGELH
937 237 1076 269 SANCTI
1099 239 1210 271 LUCAE

160 304 198 334 Et
212 304 309 343 infra,
326 304 369 334 ibi
386 313 393 334 ε
415 304 571 343 «Ergone
592 305 756 335 comedent
778 305 925 335 mulieres

158 358 297 388 fructum
312 366 419 395 suum,
435 358 584 397 parvulos
599 358 635 387 ad
657 367 840 388 mensuram
859 357 926 397 pal-

159 411 265 440 mae‘?»
286 413 327 449 (v.
351 411 398 450 tt)
416 411 460 442 El
474 411 519 441 cul
532 415 650 441 lem-(zm
666 415 866 450 proslernent
884 414 923 448 te,

157 466 187 493 ee
200 463 282 500 filios
300 465 485 503 laos,qw'2'›z
503 468 531 494 le
541 468 625 502 sunl,
643 473 697 503 per
713 464 845 494 civitatis
858 464 925 494 des-

159 516 348 546 tructionem
365 517 371 532 ¹
386 526 392 545 t
410 528 423 545 «
437 517 593 555 Cogitavit
607 516 760 547 Dominus
773 517 923 556 dissipare

156 578 285 600 murum
297 570 368 599 silice
382 569 467 607 Sion,
480 570 608 600 tetendit
624 570 800 601 funiculum
816 580 921 608 suum,

155 625 185 652 et
203 631 266 652 non
286 623 399 653 avertit
419 632 550 653 manum
571 632 661 653 suam
685 632 703 653 a
724 623 896 663 perditione
914 634 921 654 :

155 675 298 714 luxitque
310 675 518 713 antemurale,
530 677 561 706 et
577 685 689 706 murus
705 676 822 716 pariter
835 676 924 706 ‹lissi-

154 730 243 767 patns
265 730 322 758 est.
346 739 359 756 n
387 728 449 759 Nec
473 728 540 768 ipsa
560 729 662 759 solnm
685 729 843 769 dissipata,
869 729 922 760 sed

153 781 248 810 etiam
264 782 329 811 tota
343 790 422 819 gens
437 781 586 821 dispersa,
605 782 781 812 secundum
796 782 872 812 illud
886 785 896 801 ²
913 793 919 813 ε

159 845 172 861 «
189 833 304 865 Dessxae
319 836 393 864 sunt
415 834 447 864 in
464 836 546 865 terra
570 837 668 874 portae
692 836 771 875 ejus,
789 835 923 875 perdidit

154 888 182 916 et
198 887 345 917 contrivit
358 890 461 917 vectes
475 888 556 927 ejus,
574 897 685 926 regem
700 889 769 927 ejus
787 891 817 918 ct
832 888 921 928 prin-

154 939 237 978 cipes
253 941 322 978 eius
344 940 376 969 in
391 940 540 978 gentibus
564 950 571 969 ε
592 950 657 970 non
673 942 718 971 est
744 940 795 971 lex
819 941 870 980 (a),
892 943 922 972 et

152 992 314 1031 propheta}
338 994 405 1029 cJ'us
429 1002 492 1022 non
512 993 702 1023 invenerunt
724 994 880 1024 visionem
903 1004 922 1024 a

152 1044 295 1075 Domino.
311 1056 325 1074 »
345 1046 389 1077 Et
405 1055 468 1076 non.
484 1046 663 1086 relinquent
686 1047 718 1076 in
743 1050 770 1077 te
783 1047 921 1087 lapidem

151 1107 246 1138 super
273 1099 432 1138 lsqn'dem,
458 1109 514 1139 per
543 1100 760 1130 omnimodam
787 1101 921 1131 eversio-

151 1160 235 1182 nem.
249 1151 335 1182 Unde
351 1152 459 1183 Glossa
482 1164 488 1183 z
518 1166 531 1181 «
547 1153 624 1184 Cum
638 1153 811 1184 Jerusalem
828 1155 920 1186 modo

151 1204 190 1234 sit
211 1207 390 1235 constructa
411 1208 501 1236 extra
524 1208 666 1245 portam,
692 1207 746 1237 ubi
768 1207 919 1238 Dominus

150 1258 321 1289 crucifixus
336 1261 414 1296 erat,
438 1262 568 1298 apparet
583 1260 670 1290 illam
694 1260 865 1291 Jerusalem
880 1271 919 1292 ex

150 1312 214 1341 toto
230 1311 327 1341 fuisse
342 1312 545 1343 destructam.
562 1323 576 1341 »
602 1312 770 1352 Impletum
792 1316 838 1344 est
860 1323 917 1345 au·

149 1366 211 1394 tem
227 1364 304 1394 illud
317 1365 327 1381 ³
341 1375 347 1395 :
369 1376 383 1394 «
400 1364 484 1396 Fecit.
498 1366 650 1396 Dominus
665 1376 737 1406 quae
752 1367 916 1406 cogitavit,

149 1418 318 1457 complevit
340 1427 519 1449 sermonem
545 1429 656 1458 suum⁷
682 1429 778 1459 quem
799 1429 917 1460 praece-

147 1473 235 1510 perat
257 1480 275 1501 a
295 1471 405 1501 diebus
428 1472 566 1511 antiquis
585 1483 591 1502 ε
610 1473 777 1510 destruxit,
801 1475 831 1503 ct
852 1482 917 1504 non

147 1525 296 1564 pepercit,
313 1527 343 1554 et
357 1524 530 1555 laetificavit
543 1534 637 1564 super
653 1528 682 1556 te
698 1525 874 1564 inimicum,
887 1529 917 1557 et

147 1577 297 1608 exaltavit
320 1586 418 1607 cornu
443 1577 581 1607 hostium
603 1580 745 1608 tuorum.
763 1589 777 1606 »
801 1578 838 1609 Et
856 1581 916 1609 sta-

146 1630 202 1660 tim
218 1630 365 1660 subditur
383 1641 389 1659 :
410 1641 423 1658 α
439 1629 542 1660 Deduc
558 1630 648 1669 quasi
674 1632 846 1662 torrentem
867 1631 913 1661 la-

146 1690 270 1721 crymas
285 1691 341 1721 per
363 1682 447 1712 diem
474 1684 504 1712 et
525 1685 660 1712 noctem.
683 1693 697 1711 n
724 1683 789 1713 Iloc
808 1686 914 1715 autem

145 1735 348 1774 spiritualiter
361 1735 516 1774 contingit
531 1738 641 1766 contra
655 1737 827 1776 quemlihet
842 1746 912 1776 pec-

145 1790 281 1819 catorem
304 1791 484 1819 manentem
511 1789 545 1818 in
568 1790 775 1829 prosperitate
795 1791 914 1830 tempo-

144 1842 252 1873 raliter
268 1853 275 1873 ε
292 1842 347 1882 qui
368 1842 471 1882 primo
487 1842 699 1873 clrcumdatur
722 1843 754 1873 in
776 1843 912 1874 infirmi-

144 1898 215 1935 tate,
233 1897 463 1935 coangustatur
485 1896 517 1926 in
538 1896 730 1926 infirmitatis
747 1905 910 1935 aggrava-

143 1950 239 1987 tione,
259 1949 299 1979 ad
319 1951 436 1979 terram
460 1949 668 1988 prosternitur
691 1949 723 1979 in
746 1951 859 1987 morte,
881 1951 912 1980 et

142 2011 271 2042 prorsus
297 2002 449 2032 evertitur
472 2002 504 2031 in
527 2001 769 2041 incineratione,
798 2011 910 2033 secun-

140 2056 218 2086 dum
232 2055 328 2086 illud·
340 2066 347 2086 ·.
360 2055 437 2086 Ecce
451 2055 583 2085 nuncin
597 2055 728 2094 pulvere
740 2055 906 2093 dormiam,

138 2111 168 2139 et
183 2109 208 2139 si
222 2118 317 2139 mane
339 2117 390 2139 me
414 2108 588 2148 quaesieris,
605 2117 669 2139 non
693 2108 873 2139 subsistam.
889 2120 903 2138 ι)

138 2161 340 2192 Potestetiam
349 2161 485 2200 intelligi
493 2161 531 2191 de
539 2163 700 2200 peccatore
709 2161 907 2200 adjudicium

137 2215 318 2253 accedente,
342 2214 397 2254 qui
420 2214 636 2244 circumdatur
660 2223 679 2244 a
700 2214 906 2245 multitudine

137 2268 351 2298 accusantium
368 2267 572 2307 iniquitatum
587 2270 597 2286 ⁵
615 2278 622 2298 ε
643 2278 656 2296 (ι
673 2266 829 2304 Quoniam
843 2267 903 2298 eir-

136 2320 363 2350 cumdederunt
378 2329 429 2350 me
447 2319 530 2350 mala
545 2328 684 2359 quorum
698 2329 764 2351 non
783 2322 829 2351 est
843 2330 904 2351 nu-

136 2381 242 2403 merus
266 2381 273 2401 z
299 2373 606 2412 comprehenderunt
640 2382 691 2403 me
724 2373 904 2412 iniquitates

134 2435 226 2464 meae,
242 2427 272 2456 et
288 2435 352 2456 non
375 2426 464 2465 potui
487 2429 521 2456 ut
542 2426 724 2457 viderem.»
744 2426 904 2465 Coangus-

134 2481 219 2510 tatur
229 2479 262 2509 in
272 2479 466 2510 districtione
475 2479 654 2510 divinorum
664 2480 859 2519 Judiciorum
869 2483 879 2499 ⁶
894 2491 900 2510 :

135 2544 149 2561 «
176 2532 245 2563 Non
267 2534 314 2563 est
336 2532 370 2562 in
396 2532 534 2562 hominis
556 2527 708 2571 potestate
733 2533 902 2573 prohibere

163 2596 170 2611 ¹
189 2595 286 2625 Thi-eu„
306 2600 333 2623 n,
356 2595 378 2617 S.
394 2606 424 2611 -·
443 2594 452 2609 Ξ
472 2593 546 2623 thid,
563 2595 585 2617 9.
601 2607 630 2611 -
646 2595 656 2610 ³
673 2595 744 2625 thid„
763 2596 801 2625 17,
819 2597 856 2620 18.
872 2609 902 2614 —

134 2630 140 2643 ⁵
159 2630 213 2659 Joh,
229 2636 276 2661 vn,
291 2632 330 2654 21.
349 2643 380 2647 —
394 2629 404 2645 ¹⁵
422 2629 491 2652 Psal.
508 2634 596 2658 xxx1x,
614 2632 650 2653 13.
667 2643 693 2647 -
712 2631 721 2645 ⁰
739 2631 831 2662 Eccle„
844 2638 900 2661 vni,

133 2668 155 2690 8.
171 2679 201 2683 —-
215 2667 225 2682 ³
238 2665 292 2696 lob,
307 2671 390 2695 xxvii,
407 2666 444 2688 14.
460 2677 491 2682 —
505 2666 514 2677 ⁶
528 2664 597 2688 Psal.
614 2670 671 2694 ch,
687 2667 709 2689 7.
725 2679 755 2684 ——
771 2668 779 2681 ⁹
803 2668 860 2696 Isca,
876 2673 900 2697 ν,

133 2704 156 2727 5.
170 2702 336 2732 —10Amos.,
351 2707 392 2730 111,
407 2703 444 2724 11.
458 2700 626 2730 —¹¹.le1·em.‚
640 2706 695 2731 vni,
708 2703 730 2724 7.
742 2716 771 2720 -
784 2703 802 2719 1²
815 2703 898 2733 Helua,

980 305 1138 345 spiritum,
1155 316 1213 338 nec
1227 307 1321 339 habet
1334 311 1521 348 potestatem
1539 309 1572 340 in
1594 309 1643 340 die
1669 319 1752 341 mor-

980 359 1036 396 tis,
1064 369 1121 390 nec
1145 361 1259 392 sinitur
1283 362 1442 401 quiescere
1465 363 1634 401 ingruente
1656 362 1749 401 bello,

980 421 1082 451 neque
1099 413 1232 444 salvabit
1256 415 1399 454 impietas
1415 415 1559 454 impium.
1582 426 1595 443 n
1621 415 1669 445 Ad
1688 418 1750 445 ter-

979 473 1046 494 ram
1064 467 1274 504 prosternitur
1293 467 1324 496 in
1339 467 1455 497 latione
1470 468 1697 498 sententiarum
1711 468 1721 484 ⁷
1738 478 1745 498 :

984 527 997 545 (ι
1015 516 1046 546 Si
1063 518 1258 558 multiplicati
1276 519 1391 549 fuerint
1406 520 1463 550 tilii
1486 521 1566 559 ejus,
1584 521 1616 551 in
1643 520 1749 560 gladio

979 571 1081 607 erunt,
1098 581 1112 598 »
1136 571 1253 601 scilieet
1276 571 1393 602 divinae
1421 573 1596 604 sententiae.
1622 573 1660 604 Et
1679 575 1748 604 tan-

978 622 1049 652 dem
1079 624 1209 654 omnino
1237 625 1390 655 evertitur
1405 625 1437 655 in
1453 625 1620 656 acerbitate
1645 635 1750 665 peena-

978 684 1051 704 rnm
1071 678 1080 693 ⁸
1103 685 1108 704 :
1131 687 1145 703 «
1168 676 1319 717 Dissipata
1341 680 1415 708 sunt
1437 686 1507 708 ossa
1528 680 1635 709 nostra
1659 688 1750 710 secus

978 728 1149 760 infernum.
1165 740 1178 757 »
1194 729 1282 760 Tunc
1296 731 1382 760 enim
1397 740 1460 761 non
1476 731 1666 771 relinquitur
1679 741 1750 762 exe-

978 782 1061 812 cutio
1082 782 1187 822 impiis
1201 784 1211 799 ⁹
1227 794 1232 813 :
1255 795 1269 811 (ι
1290 784 1417 814 Diruam
1439 785 1606 815 maceriem
1623 787 1702 824 ojus,
1720 787 1750 816 et

977 835 1035 865 erit
1051 835 1083 865 in
1098 836 1378 868 conculcationem.
1400 849 1413 866 ι)
1430 838 1467 869 Et
1482 839 1520 869 de
1537 839 1574 868 iis
1601 839 1749 870 omnibus

977 887 1091 918 dicitur
1105 889 1125 905 ¹⁰
1142 900 1174 918 :a
1190 889 1408 921 Tribulabitur
1423 895 1452 921 et
1468 891 1638 922 circuietur
1653 894 1746 930 terra,

977 942 1007 969 et
1020 940 1203 971 detrahetur
1214 951 1253 972 ex
1273 944 1301 972 te
1316 943 1464 974 fortitudo
1478 945 1544 981 tua,
1557 946 1587 974 et
1601 944 1749 984 diripien-

977 995 1029 1023 tur
1044 994 1127 1024 cedes
1143 997 1218 1025 tuae.
1239 995 1313 1026 Haec
1325 997 1399 1027 dicit
1414 997 1576 1028 Dominus.
1591 1008 1606 1026 r>
1620 997 1749 1038 Propter

977 1047 1061 1086 qnod
1076 1047 1245 1078 Anselmus
1260 1059 1267 1078 :
1288 1060 1302 1077 «
1319 1049 1472 1088 Superius
1486 1050 1546 1080 erit
1558 1050 1659 1090 judex
1685 1051 1747 1081 ira-

976 1102 1045 1138 1us3
1063 1101 1175 1131 subtus
1188 1101 1385 1132 horrendum
1403 1103 1509 1139 chaos,
1526 1107 1635 1143 patens
1650 1104 1748 1135 inser-

976 1163 1047 1192 nus,
1065 1164 1081 1184 a
1097 1154 1232 1185 dexteris
1252 1157 1378 1195 peccata
1401 1157 1591 1193 accusantia,
1616 1166 1634 1187 a
1656 1157 1747 1187 sinis-

975 1207 1032 1236 tris
1050 1207 1174 1237 infinita
1197 1207 1353 1238 daemonia
1375 1209 1412 1239 ad
1432 1209 1593 1240 infernum
1616 1210 1745 1240 trahen-

974 1260 1035 1297 tia3
1066 1260 1152 1290 intus
1167 1261 1357 1291 conscientia
1379 1271 1487 1299 utem,
1504 1262 1579 1292 soris
1607 1263 1746 1294 mundus

974 1312 1098 1342 ardens
1115 1312 1209 1342 Miser
1232 1316 1374 1352 peccator
1394 1314 1435 1344 sic
1451 1314 1665 1353 deprehensus
1680 1323 1743 1354 quo

974 1365 1127 1404 effugiet?
1143 1365 1253 1396 Latere
1275 1367 1333 1397 erit
1350 1367 1566 1407 impossibile;
1591 1376 1744 1407 apparere

973 1418 1032 1448 erit
1046 1418 1253 1449 intolerabile.
1267 1430 1282 1447 n
1590 1410 1596 1411 7

1014 1470 1141 1507 Quarto,
1158 1474 1313 1510 quantum
1328 1472 1367 1501 ad
1382 1476 1544 1511 peccatum
1562 1475 1744 1513 praeambu-

972 1523 1051 1561 lum,
1075 1523 1242 1562 subjungit
1266 1534 1272 1554 ε
1291 1524 1341 1555 Eo
1363 1525 1451 1564 quod
1470 1535 1534 1555 non
1557 1529 1742 1566 coqnooeris

972 1580 1095 1615 tempus
1110 1576 1297 1608 visitationis
1318 1581 1391 1607 [210¹.
1412 1576 1450 1607 Et
1466 1578 1524 1608 hoc
1542 1582 1670 1619 propter
1692 1581 1741 1611 in-

971 1628 1188 1659 credulitatem
1209 1630 1227 1645 ¹¹
1245 1640 1251 1659 :
1273 1629 1415 1661 «Milvus
1436 1631 1467 1660 in
1490 1631 1569 1662 coelo
1593 1633 1743 1671 cognovit

971 1683 1096 1721 tempus
1109 1691 1204 1712 suum
1217 1693 1224 1719 ;
1239 1684 1357 1720 turtur,
1371 1685 1402 1713 et
1416 1683 1564 1722 hirundo,
1579 1687 1610 1715 et
1622 1686 1743 1717 ciconia

971 1734 1187 1765 custodierunt
1202 1737 1327 1775 tempus
1339 1736 1494 1767 adventus
1516 1738 1564 1768 sui
1585 1749 1590 1768 :
1607 1739 1743 1778 populus

970 1789 1075 1818 autem
1101 1797 1190 1818 meus
1223 1798 1286 1819 nou
1311 1789 1464 1828 cognovit
1488 1791 1645 1829 judicium
1678 1792 1741 1823 Do-

969 1840 1059 1870 mini.
1078 1851 1092 1869 »
1112 1841 1200 1871 Sicut
1224 1851 1304 1881 ergo
1328 1843 1405 1873 fides
1428 1845 1474 1873 est
1497 1844 1741 1875 fundamentum

969 1893 1067 1923 totius
1081 1893 1204 1924 aedisicii
1219 1895 1401 1934 spiritualis,
1417 1905 1474 1935 per
1487 1905 1584 1936 quam
1601 1897 1740 1928 Christus

968 1945 1089 1975 habitat
1118 1946 1151 1976 in
1179 1946 1290 1984 nobis,
1316 1947 1371 1986 qui
1403 1949 1450 1978 est
1477 1948 1738 1988 fundamentum,

966 2000 1094 2038 propter
1108 1999 1192 2038 quod
1214 1999 1330 2030 dicitur
1346 2001 1367 2016 ¹²
1384 2001 1468 2040 quod
1485 2012 1501 2029 «
1516 2002 1592 2033 fides
1611 2005 1657 2033 est
1672 2013 1741 2043 spe-

966 2052 1140 2083 randarum
1151 2053 1328 2084 substantia
1342 2063 1450 2084 rerum
1462 2066 1469 2092 ;
1487 2066 1501 2083 »
1512 2056 1556 2086 sic
1569 2056 1739 2088 infidelitas

965 2105 1055 2143 origo
1070 2107 1115 2136 est
1129 2106 1348 2137 destructionis
1360 2107 1506 2138 omnium
1522 2109 1737 2148 spiritualium

965 2158 1185 2189 aedificiorum.
1203 2158 1274 2190 Ideo
1289 2159 1404 2190 dicitur
1420 2161 1441 2179 ¹³
1458 2171 1465 2190 :
1485 2172 1499 2189 (1
1514 2160 1551 2191 Et
1571 2162 1646 2200 quia
1667 2163 1738 2193 nul-

963 2211 1013 2241 lus
1028 2211 1186 2250 intelligit,
1204 2212 1238 2242 in
1254 2214 1410 2242 aeternum
1426 2213 1586 2252 peribunt.
1603 2225 1616 2241 »
1635 2213 1675 2245 Et
1690 2215 1711 2231 ¹⁴
1729 2225 1737 2246 :

966 2275 980 2292 α
1004 2263 1092 2294 Sicut
1113 2273 1178 2295 non
1202 2265 1418 2304 probaverunt
1440 2265 1540 2296 Deum
1562 2266 1680 2298 habere
1704 2268 1737 2299 in

962 2318 1085 2355 notitia,
1099 2318 1225 2349 tradidit
1241 2319 1309 2348 illos
1324 2320 1407 2349 Deus
1423 2319 1455 2349 in
1474 2320 1648 2358 reprobum
1668 2330 1737 2352 sen-

962 2379 1048 2401 sum.
1064 2370 1152 2402 Unde
1167 2374 1198 2402 et
1220 2371 1334 2409 Judaei,
1350 2372 1426 2411 quia
1447 2372 1481 2402 in
1504 2372 1604 2403 Deum
1628 2373 1736 2404 nolue-

961 2426 1037 2454 runt
1065 2425 1203 2464 credere,
1229 2426 1377 2456 excaecati
1399 2427 1483 2463 sunt,
1508 2427 1538 2455 et
1563 2426 1733 2465 reprobati,

960 2477 1034 2516 quia
1056 2477 1116 2508 hoe
1138 2479 1195 2510 fuit
1218 2479 1397 2510 maximum
1421 2481 1598 2518 peccatum,
1624 2488 1734 2510 secun-

959 2529 1036 2560 dum
1051 2530 1128 2561 illud
1145 2531 1164 2547 ¹⁵
1182 2540 1188 2561 z
1205 2542 1218 2561 α
1232 2533 1356 2571 Arguet
1372 2531 1528 2563 mundum
1534 2553 1594 2562 .....
1611 2531 1649 2563 de
1664 2541 1735 2572 pec-

959 2629 994 2654 xx,
1012 2625 1034 2647 1.
1050 2637 1080 2641 —
1095 2624 1114 2640 ¹³
1130 2624 1184 2654 lob,
1202 2631 1237 2656 iv,
1254 2627 1293 2650 20.
1311 2639 1342 2644 —
1358 2626 1376 2642 ¹⁴
1395 2626 1472 2656 Rom„
1487 2631 1502 2656 1,
1519 2626 1558 2649 28.
1573 2639 1603 2643 -
1619 2627 1638 2644 ¹⁶
1650 2627 1732 2660 loon„

958 2664 1009 2688 xvi,
1025 2660 1049 2688 8,
1065 2661 1088 2682 υ.

992 2704 1022 2733 (α)
1041 2703 1100 2728 Caet.
1115 2704 1176 2728 edil.
1192 2705 1244 2729 lux.
