1987 3032
162 167 220 195 344

161 231 311 267 quaeritur,
321 230 359 258 ad
374 230 446 266 quid
460 229 543 265 fugit.
559 232 631 258 Nam
643 230 667 257 si
681 230 779 264 vellet,
790 237 851 258 non
865 237 932 266 pos-

161 279 225 305 sent
236 285 304 304 eum
318 279 426 312 tenere,
442 279 475 304 ut
489 277 527 305 ait
541 277 717 311 Augustinus
730 277 748 304 ¹.
761 278 793 304 Et
803 277 841 304 ad
853 277 930 304 istud

160 323 319 359 respondet
342 323 566 359 Chrysostomus
580 324 590 339 ²
605 323 688 359 quod
706 333 719 348 αι
740 323 867 351 Christus
887 322 931 350 su-

160 369 211 405 git,
226 369 362 398 erudiens
381 377 436 397 nos
454 370 620 397 mundanas
635 371 821 397 contemnere
837 368 932 404 digni-

161 417 242 450 tates,
259 418 287 443 et
305 416 473 450 ostendens,
493 415 576 451 quod
594 415 677 443 nullo
698 415 810 450 indiget
828 422 931 443 eorum

161 470 228 498 quae
247 462 279 489 in
294 464 370 490 terra
389 463 466 497 sunt,
483 463 533 498 qui
549 462 650 490 omnia
668 461 739 490 vilia
758 461 848 497 eligit.
864 472 877 488 »
901 463 932 489 Et

161 508 203 536 ibi
217 508 294 536 bene
309 508 346 535 de
360 508 427 536 hoe.
440 508 517 536 Infra
531 509 541 525 ³
557 518 564 536 z
583 518 596 534 «
610 509 744 543 Regnum
758 515 858 535 meum
871 515 931 535 non

161 556 204 582 est
217 554 254 582 de
266 555 323 582 hoc
337 554 461 582 mundo.
473 564 487 581 r>
499 556 531 583 Et
542 554 579 582 de
593 555 649 582 hoc
663 554 840 589 Augustinus
854 554 932 581 mul-

161 603 224 628 tum
232 600 257 626 ⁶:
271 603 353 636 «Ipse
361 602 423 628 erat
430 602 491 628 Rex
499 610 507 636 3
516 601 568 628 sed
578 608 639 628 non
649 600 725 634 talis,
732 600 782 635 qui
791 600 829 628 ab
838 600 932 627 homi-

160 647 248 674 nibus
256 647 349 682 fieret3
361 647 413 674 sed
423 647 497 681 talis,
508 647 559 683 qui
568 646 738 674 hominibus
747 654 873 682 regnum
881 646 931 674 da—

160 695 212 720 ret.
221 703 234 718 n
243 694 313 720 Item
319 693 377 721 hoe
384 693 541 728 figurabat,
549 693 632 729 quod
639 693 794 729 oportebat
801 693 931 729 primum

160 740 258 775 ipsum
273 740 414 776 crucifigi.
428 742 460 768 Et
471 740 513 768 ibi
526 740 602 768 bene
619 740 654 767 de
669 740 735 768 hoc.
748 741 779 767 Et
792 741 870 776 patet
884 739 931 767 hic

160 786 329 822 exemplum
355 787 505 823 discipulis
524 787 626 815 Christi
653 787 690 814 de
710 786 932 814 contemnendis

161 833 362 868 dignitatibus.
387 833 467 861 Unde
495 833 719 869 chrysostomus
742 834 752 849 ⁵
777 842 784 859 ε
812 844 825 858 «
848 833 933 868 Fugit

160 880 298 915 Christus,
310 880 446 908 erudiens
456 888 510 908 nos
525 882 712 908 contemnere
727 887 772 914 ea,
784 887 849 915 quae
865 881 933 907 sunt

159 927 217 960 hic,
233 929 261 954 et
275 927 372 955 futura
386 935 496 962 amare,
510 929 538 954 et
551 927 679 954 honores
694 927 741 962 (a),
761 926 813 961 qui
828 926 865 954 ab
880 926 931 954 ho-

160 973 290 1001 minibus
310 976 385 1006 sunt,
400 981 461 1001 non
479 974 695 1009 concupiscere.
719 983 732 999 »
757 974 766 990 Ε
793 982 805 998 «
829 973 857 1001 Si
876 973 930 1008 vis,

160 1020 265 1055 inquit,
288 1020 414 1055 gloriam
437 1021 655 1056 concupiscere,
672 1020 846 1056 concupisce
869 1019 932 1055 glo-

159 1066 244 1101 riam,
268 1067 320 1094 sed
344 1067 551 1094 immortalem.
574 1077 587 1091 »
614 1068 646 1094 Et
673 1066 715 1094 ibi
741 1066 867 1094 multum
895 1066 931 1094 de

159 1112 226 1140 hoc.
245 1113 255 1130 ⁷
277 1122 290 1138 ι(
308 1113 372 1140 Noli
396 1121 526 1148 quaerere
545 1112 583 1140 ab
601 1112 721 1140 homine
746 1113 894 1146 ducatum,
915 1122 929 1139 »

160 1161 214 1187 etc.
234 1160 314 1187 Unde
329 1160 485 1195 Gregorius
499 1160 508 1176 ⁸
527 1168 533 1186 :
557 1169 570 1185 «
585 1160 744 1187 Virtutibus
763 1159 878 1195 pollens
893 1159 932 1187 ad

159 1206 291 1241 regimen
307 1207 342 1242 (ὁ)
358 1208 475 1234 coactus
489 1206 757 1234 veniat.virtutibus
771 1213 882 1233 vacuus
898 1206 930 1241 (c)

159 1260 213 1280 nec
230 1255 347 1280 coactus
362 1253 491 1280 accedat.
508 1263 521 1279 »

195 1301 239 1326 16.
254 1301 284 1326 Et
299 1299 430 1335 sequitur
445 1299 527 1326 tertia
540 1299 696 1334 particula,
711 1298 753 1326 ibi
769 1307 775 1325 :
796 1299 829 1325 Ut
844 1301 932 1325 aulem

159 1353 215 1373 sero
229 1347 331 1379 factum
341 1348 390 1380 est,
401 1353 466 1381 quse
481 1347 542 1373 erat
553 1345 627 1372 hora
638 1345 818 1380 hospitandi,
830 1346 933 1372 <lescen-

159 1392 256 1419 (lcrzmt
278 1392 408 1426 discipuli
429 1392 465 1418 acl
484 1400 566 1424 mare,
582 1391 690 1419 scilicet
714 1393 745 1419 ut
765 1391 930 1419 transirent.

196 1441 240 1466 17.
267 1440 400 1466 Venerunt
420 1440 450 1466 in
473 1439 677 1474 Capharuaum,
699 1438 729 1466 id
751 1441 810 1473 cst,
832 1439 932 1466 venire

160 1488 310 1520 coeperunt
327 1495 333 1512 ι
354 1485 490 1513 transitus
505 1485 584 1512 enim
602 1487 732 1520 notatur,
750 1487 776 1512 et
791 1493 850 1512 non
865 1493 932 1520 per-

159 1532 269 1560 ventio.
286 1533 321 1558 Et
344 1534 455 1559 tenebrae
477 1533 556 1565 factoe
580 1534 667 1565 erant,
690 1533 722 1558 ut
742 1531 784 1562 ait
804 1531 904 1558 Glossa
924 1540 930 1558 ε

163 1589 176 1603 α
194 1578 318 1614 Exponit
332 1578 405 1614 quid
419 1577 604 1605 venientibus
619 1577 778 1612 contingat.
795 1587 808 1602 »
830 1579 862 1605 Et
875 1577 932 1605 hoc

161 1625 265 1652 merito
290 1633 297 1651 ε
320 1625 391 1657 Quia
414 1624 530 1652 nondum
550 1627 656 1651 venerat
675 1624 710 1650 acl
733 1632 774 1651 eos
799 1624 930 1651 Christus.

199 1673 240 1698 18.
256 1672 334 1698 Mare
349 1673 437 1697 autem
458 1679 555 1705 meque
574 1674 650 1698 vento
670 1673 752 1705 slcztzte
776 1671 930 1704 canu-qebat.

161 1720 193 1745 Et
208 1718 261 1753 ipsi
273 1719 341 1745 tune
354 1717 548 1745 turbabantur
558 1717 657 1744 multis
668 1716 703 1744 de
716 1716 821 1750 causis,
832 1724 934 1744 secun-

161 1765 233 1792 dum
248 1765 488 1800 Chrysostomum
504 1765 514 1780 ¹³
533 1775 539 1790 :
565 1774 577 1789 «
593 1767 613 1791 A
628 1767 771 1800 tempore,
787 1764 857 1800 quia
871 1766 934 1792 erat

161 1811 364 1845 tenebrositas3
381 1811 419 1839 ab
431 1811 549 1847 hyeme,
561 1810 591 1838 id
604 1812 656 1844 est,
670 1811 849 1846 tempestate,
864 1810 935 1845 quia

162 1866 243 1885 mare
266 1857 447 1892 erigebatur3
471 1860 498 1884 et
520 1865 538 1884 a
560 1857 638 1891 loco,
665 1857 734 1893 quia
756 1865 817 1884 non
839 1865 933 1892 prope

162 1908 304 1931 terram.»
318 1903 398 1931 Unde
413 1904 543 1939 sequitur
556 1904 594 1939 (v.
610 1904 650 1938 19)
663 1912 669 1930 :
685 1904 748 1930 Cum
761 1905 933 1937 remiyassent

162 1953 242 1985 (suasi
261 1951 353 1977 stadia
375 1952 595 1985 viqz'ntz'quz'nque
621 1953 668 1976 aut
696 1951 825 1984 trigintlu
851 1950 934 1985 quod

163 1997 212 2031 ait,
229 1997 299 2032 quia
313 2004 374 2024 non
390 1998 431 2024 est
444 1996 536 2024 facilis
555 1996 707 2023 aestimatio
727 1996 890 2023 stadiorum
904 1996 934 2023 in

163 2043 247 2070 mari.
263 2043 343 2070 Unde
358 2043 534 2077 Augustinus
550 2043 569 2059 ¹⁰
585 2051 612 2069 :a
627 2044 685 2070 Hoc
700 2044 741 2070 est
755 2042 863 2069 scilicet
875 2042 934 2070 dic-

163 2091 225 2116 tum
240 2089 417 2120 aestimantis,
432 2097 493 2116 non
508 2088 691 2116 affirmantis.
708 2098 720 2114 »
741 2089 872 2116 Viderunt
892 2089 935 2115 Je-

163 2144 221 2163 sum
236 2136 413 2163 ambulantem
430 2145 436 2163 :
457 2137 634 2171 putaverunt
648 2137 747 2162 tamen
761 2135 936 2170 phantasma

164 2191 237 2217 esse,
259 2185 283 2210 et
311 2182 380 2210 ideo
401 2184 558 2210 timuerunt.
581 2181 747 2209 Secundum
769 2181 937 2216 chrysosto-

164 2237 247 2256 mum
269 2229 299 2263 ¹¹,
318 2239 331 2254 «
344 2230 406 2264 ipse
428 2229 459 2256 in
476 2230 608 2256 montem
633 2227 813 2262 ascenderat,
829 2230 856 2255 et
879 2227 935 2263 ipsi

163 2276 255 2304 relicti
276 2278 504 2312 expectaverunt
527 2284 621 2311 usque
645 2275 684 2302 ad
703 2282 867 2310 vesperam,
882 2283 936 2310 pu—

164 2324 256 2350 tantes
271 2331 339 2349 eum
349 2331 410 2350 csse
424 2325 580 2350 venturum
589 2331 597 2356 3
613 2322 688 2349 facta
700 2322 798 2348 autem
813 2328 935 2356 vespera

164 2377 225 2397 non
251 2369 328 2396 ultra
350 2369 556 2403 sustinuerunt,
580 2369 630 2396 sed
657 2368 695 2396 ab
724 2375 825 2396 amore
850 2367 934 2402 igniti

196 2430 204 2446 ²
224 2430 299 2459 Aug„
316 2429 360 2452 ubi
377 2436 446 2460 sup.,
463 2431 515 2453 ΠΕ.
533 2442 563 2447 --
582 2429 591 2443 ²
612 2429 753 2460 Chrysost.‚
772 2427 815 2451 ubi
830 2434 884 2458 sup.
906 2440 932 2444 —

165 2465 175 2482 ³
191 2464 247 2495 inf„
264 2470 344 2494 xvui,
363 2466 401 2487 36.
420 2477 449 2482 —
470 2466 477 2478 ⁴
497 2466 570 2495 Aug„
590 2464 632 2488 ubi
649 2471 705 2494 sup.
721 2477 751 2481 —
770 2464 780 2480 ⁵
794 2463 934 2495 chrysost„

166 2500 208 2524 ubi
220 2507 275 2530 sup.
287 2513 316 2518 —
329 2500 338 2514 Β
353 2500 425 2530 ibid„
439 2507 464 2524 n.
480 2502 502 2524 5.
519 2500 667 2530 -⁷Eccl1'.‚
680 2506 728 2530 vu,
743 2501 810 2524 11.—
821 2500 831 2516 ⁸
847 2500 934 2530 Greg„

167 2537 274 2565 Pastor„
300 2537 363 2566 part.
390 2536 413 2564 1,
439 2542 461 2558 e.
487 2542 523 2559 ix.
546 2548 576 2553 —
603 2538 612 2547 ⁴·
637 2536 778 2566 Clirysost„
803 2535 828 2558 in
851 2535 935 2564 Joan„

167 2571 236 2594 hom.
258 2576 323 2600 xmi,
337 2570 369 2594 al.
385 2576 462 2601 xlm,
478 2578 502 2594 n.
521 2573 542 2593 1.
558 2583 586 2588 -—
604 2571 622 2584 ¹⁰
637 2571 711 2599 Aug„
727 2570 769 2594 ubi
786 2578 852 2600 sup.,
867 2576 893 2594 u.
910 2571 934 2593 6.

166 2619 197 2624 —
219 2607 238 2623 ¹¹
259 2606 400 2638 Chrysost„
423 2606 465 2630 ubi
485 2613 541 2636 sup,
563 2606 636 2636 paulo
658 2609 724 2630 ante.
740 2618 770 2623 —
793 2606 812 2622 ¹²
828 2605 889 2628 ibid.
904 2617 935 2622 —

680 163 894 196 EVANGELll
916 162 1054 195 SANCTI
1075 162 1091 194 J
1094 162 1201 196 OANN
1204 163 1238 196 IS

987 229 1180 258 ascenderunt
1198 230 1229 259 in
1244 238 1362 267 navem,
1378 239 1431 260 nec
1454 231 1590 260 dixerunt
1607 240 1614 260 :
1630 233 1757 269 vespera

987 278 1039 310 est,
1066 284 1126 304 nox
1153 278 1323 314 assumpsit,
1346 279 1428 306 locus
1454 278 1646 314 periculosus,
1668 278 1756 307 fallax

986 323 1102 358 tempus
1127 332 1133 350 z
1158 325 1254 352 tantus
1276 324 1355 352 enim
1381 332 1464 352 amor
1488 332 1538 352 eos
1565 324 1724 353 detinebat.
1739 334 1754 350 ι

987 367 1056 396 ldeo
1071 369 1227 398 veniebant
1241 370 1456 406 Capharnaum,
1472 370 1670 398 existimantes
1689 379 1757 398 eum

987 414 1029 442 ibi
1045 422 1116 442 esse.
1132 415 1188 443 Sed
1201 423 1292 452 quare
1308 416 1443 451 apparuit
1457 416 1498 444 eis
1511 416 1542 444 in
1561 417 1657 444 mari?
1671 419 1704 446 Et
1717 417 1758 446 ad

986 460 1043 488 hoe
1062 461 1208 497 repondet
1227 461 1450 497 Chrysostomus
1464 463 1496 497 ¹²,
1514 463 1598 499 quod
1613 473 1627 489 α
1641 463 1715 492 sieut
1726 463 1757 492 in

987 505 1121 534 doctrina
1138 515 1199 534 non
1217 515 1285 535 cum
1301 507 1387 535 turba
1402 508 1502 536 omnia
1519 509 1690 544 audiebant,
1704 510 1757 538 sed

987 552 1125 588 quaedam
1143 554 1317 589 segregatim
1324 564 1333 587 ,·
1355 554 1394 582 ita
1416 555 1444 582 et
1460 553 1491 582 in
1510 555 1599 590 signis
1614 563 1675 584 non
1689 563 1757 584 cum

987 598 1174 627 multitudine
1195 600 1296 627 omnia
1316 599 1468 634 videbant,
1485 601 1538 628 sed
1558 602 1724 637 separatim.
1740 612 1755 629 »

986 644 1154 673 Secundum
1177 646 1370 681 Augustinum
1392 654 1464 674 vero
1485 647 1515 681 ¹³,
1540 647 1661 682 quando
1685 647 1726 676 ait
1749 657 1755 676 :

990 691 1124 718 Venerunt
1149 692 1348 727 capharnaum,
1369 694 1438 720 tune
1462 692 1532 721 dicit
1554 693 1637 729 quod
1656 695 1759 730 postea

986 737 1095 766 factum
1118 741 1178 774 est3
1202 741 1229 766 et
1252 739 1327 768 redit
1341 742 1459 776 postea,
1474 743 1506 768 ut
1528 743 1655 776 exponat
1675 741 1759 778 quod

988 784 1099 812 dictum
1114 787 1164 812 est.
1181 785 1363 822 Exponitque
1378 786 1510 814 similiter
1523 787 1597 823 quid
1609 787 1758 822 acciderit,

988 831 1185 866 quamobrem
1199 832 1325 859 tenebrae
1345 832 1426 860 factae
1446 834 1532 867 sunt,
1548 833 1621 861 dum
1636 834 1759 869 naviga-

986 879 1051 904 rent
1064 885 1117 913 per
1131 880 1268 913 stagnum
1283 878 1322 906 ad
1335 886 1404 906 eum
1417 878 1528 914 locum,
1543 887 1603 915 quo
1619 879 1693 908 dixit
1708 887 1758 908 eos

987 923 1110 951 venisse.
1138 924 1305 959 Mysterium
1331 932 1402 952 vero
1427 925 1573 953 dictorum
1595 927 1675 961 patet
1689 936 1698 961 3
1727 928 1760 955 ut

988 971 1066 998 enim
1090 971 1130 998 ait
1155 970 1332 1006 Augustinus
1347 972 1379 1005 Ν,
1401 971 1532 999 «merito
1558 972 1686 1000 tenebrae
1705 972 1759 1001 ubi

987 1016 1038 1043 lux
1064 1017 1183 1051 aberat,
1208 1028 1221 1042 »
1244 1017 1352 1045 scilicet
1375 1018 1456 1045 Jesus
1479 1018 1625 1053 ChristuS,
1645 1019 1697 1055 qui
1718 1021 1761 1047 est

991 1073 1003 1088 α
1017 1063 1068 1090 lux
1087 1071 1155 1091 vera
1175 1063 1346 1092 illuminans
1368 1072 1487 1092 omnem
1498 1064 1666 1100 hominem,
1682 1076 1696 1092 »
1712 1073 1759 1094 su-

986 1117 1041 1144 pra
1051 1109 1080 1136 ¹⁵.
1092 1111 1124 1136 Et
1139 1109 1244 1137 dicitur
1257 1110 1277 1126 ’ὃ
1289 1119 1314 1137 ;«
1325 1110 1426 1137 Fuistis
1441 1110 1603 1146 aliquando
1620 1112 1756 1147 tenebrae,

987 1163 1065 1183 nunc
1087 1158 1186 1184 autem
1200 1156 1250 1184 lux
1265 1156 1296 1184 in
1316 1157 1450 1184 Domino.
1466 1169 1479 1182 »
1497 1159 1550 1185 Per
1569 1166 1650 1186 mare
1671 1167 1758 1187 mun-

988 1202 1043 1230 dus
1066 1203 1207 1238 signatur,
1231 1205 1263 1231 ut
1285 1203 1397 1231 dictum
1426 1206 1486 1237 θεῖ,-
1512 1212 1566 1240 per
1592 1213 1700 1233 navem
1727 1207 1760 1234 in

987 1257 1078 1284 quam
1100 1249 1281 1277 descendunt
1302 1249 1453 1285 discipuli,
1469 1250 1595 1278 Ecclesia
1617 1252 1758 1287 signatur,

988 1304 1053 1330 quae
1078 1297 1120 1323 est
1140 1297 1158 1312 ¹⁷
1175 1296 1285 1324 «navis
1306 1296 1453 1324 institoris.
1469 1307 1482 1322 »
1500 1296 1520 1313 ¹⁸
1534 1306 1547 1322 «
1567 1297 1707 1326 Navicula
1727 1299 1759 1326 in

987 1342 1087 1370 medio
1111 1343 1201 1370 maris
1223 1343 1398 1377 jactabatur.
1421 1354 1434 1367 υ
1459 1343 1515 1372 Sed
1537 1351 1619 1372 mare
1643 1353 1760 1382 semper

987 1389 1080 1424 surgit
1094 1391 1121 1416 et
1135 1389 1279 1423 turbatur,
1294 1389 1325 1416 id
1338 1391 1394 1423 est,
1406 1389 1547 1424 mundus„
1558 1390 1614 1418 nisi
1629 1390 1758 1419 Christus

985 1434 1073 1462 fuerit
1094 1443 1222 1470 praesens
1243 1435 1282 1462 ad
1309 1435 1563 1471 tranquillandum
1588 1439 1616 1464 et
1642 1445 1759 1466 succur-

986 1482 1122 1509 rendum.
1140 1482 1216 1509 infra
1233 1482 1253 1499 ¹⁹
1270 1491 1276 1508 :
1293 1491 1307 1506 «
1324 1483 1353 1509 ln
1369 1490 1415 1509 me
1432 1490 1534 1517 pacem
1549 1483 1713 1518 habebitis,
1726 1485 1758 1512 in

987 1528 1099 1555 mundo
1115 1536 1290 1563 pressuram.
1307 1538 1320 1553 »
1340 1529 1402 1563 lpse
1424 1528 1502 1555 enim
1523 1529 1655 1558 ambulat
1669 1538 1758 1566 super

987 1582 1083 1607 mare,
1101 1575 1247 1602 mundum
1271 1574 1402 1608 calcans,
1424 1577 1450 1602 et
1474 1576 1529 1603 sub
1550 1576 1677 1612 pedibus
1702 1577 1757 1605 do-

987 1628 1082 1655 mans,
1100 1624 1126 1648 ct
1140 1629 1210 1648 suos
1225 1621 1360 1656 eripiens.
1371 1622 1393 1638 ²⁰
1411 1630 1424 1646 ι(
1439 1622 1521 1649 Venit
1535 1622 1693 1650 ambulans
1707 1632 1758 1651 su-

987 1675 1040 1702 per
1059 1674 1153 1701 mare,
1169 1676 1182 1692 »
1201 1668 1253 1694 etc.
1278 1668 1315 1694 De
1339 1667 1478 1702 mysterio
1500 1675 1572 1696 vero
1594 1669 1757 1697 stadiorum

987 1713 1222 1749 vigintiquinque
1239 1713 1286 1740 vel
1301 1713 1416 1748 triginta
1424 1733 1434 1748 ,
1445 1714 1621 1749 Augustinus
1631 1714 1662 1750 ²¹,
1675 1717 1702 1743 et
1713 1714 1759 1743 'est

986 1760 1017 1786 in
1031 1759 1141 1787 Glossa.
1703 1755 1706 1757 ⁵

1024 1808 1066 1833 20.
1089 1808 1120 1833 Et
1140 1806 1271 1841 sequitur
1287 1808 1392 1842 quarta
1406 1807 1564 1842 particula,
1580 1807 1690 1835 scilieet
1704 1807 1758 1835 ad-

988 1855 1091 1880 ventus
1110 1852 1223 1880 Domini
1242 1852 1438 1887 denuntiatio,
1454 1855 1481 1880 et
1495 1853 1607 1881 timoris
1622 1853 1758 1882 dehorta-

988 1900 1028 1927 tio
1047 1908 1052 1926 :
1065 1900 1114 1926 Ille
1124 1901 1212 1926 autem
1227 1899 1301 1926 diac-it
1313 1901 1350 1926 eis
1366 1909 1373 1926 ι
1388 1900 1442 1933 Ego
1457 1908 1514 1926 sum
1530 1908 1540 1926 .-
1556 1900 1586 1927 in
1602 1908 1662 1936 quo
1677 1902 1760 1928 nota-

988 1948 1034 1973 tur
1057 1954 1110 1972 sua
1128 1945 1321 1972 immutabilis
1334 1946 1488 1973 {eternitas
1504 1946 1583 1973 Unde
1595 1946 1616 1962 ²²
1631 1946 1759 1974 Verbum

989 1993 1019 2019 in
1033 1993 1189 2028 principio.
1205 1993 1227 2010 '2³
1239 1994 1423 2028 «Antequam
1439 1992 1587 2019 Abraham
1601 1992 1692 2025 fieret,
1704 2000 1758 2028 ego

989 2047 1064 2066 sum.
1081 2049 1094 2065 >³
1112 2040 1203 2067 Nolite
1223 2041 1316 2066 timere
1331 2048 1338 2066 ε
1361 2040 1388 2066 et
1408 2039 1512 2066 merito
1526 2046 1587 2066 non
1601 2041 1643 2066 est
1655 2039 1760 2066 timen-

991 2086 1074 2120 dum,
1088 2086 1140 2113 ubi
1154 2086 1235 2113 adest
1244 2087 1336 2119 JesuS,
1351 2086 1402 2121 qui
1418 2088 1459 2113 est
1473 2086 1565 2113 virtus
1579 2086 1601 2102 ²⁸
1611 2097 1625 2112 «ι
1640 2088 1760 2121 portans

991 2133 1108 2167 omnia3
1120 2142 1133 2159 ›>
1147 2135 1174 2160 et
1190 2132 1240 2167 qui
1257 2134 1299 2159 est
1312 2131 1446 2166 bonitas,
1462 2132 1684 2159 communicans
1699 2139 1760 2160 om-

989 2178 1038 2206 nia
1054 2179 1205 2214 profutura
1220 2178 1241 2194 ‘³⁵
1255 2187 1281 2205 2«
1292 2179 1437 2205 Venerunt
1450 2177 1523 2204 mihi
1538 2178 1645 2213 pariter
1659 2177 1760 2206 omnia

989 2226 1070 2253 hona
1085 2233 1152 2252 eum
1164 2224 1224 2259 illa3
1240 2234 1254 2250 υ
1267 2226 1294 2251 et
1305 2224 1355 2260 qui
1372 2226 1413 2251 est
1422 2223 1486 2259 ipsa
1499 2224 1654 2259 sapientia,
1665 2224 1759 2252 sciens

991 2272 1090 2299 omnia
1106 2280 1171 2308 quae
1183 2272 1250 2299 sunt
1264 2271 1427 2298 necessaria
1442 2270 1659 2299 confidentibus
1673 2271 1703 2298 in
1717 2271 1760 2306 ip-

989 2326 1064 2345 sum.
1089 2318 1157 2345 ideo
1181 2317 1287 2345 dieitur
1301 2317 1322 2333 ²⁶
1339 2325 1366 2344 z«
1380 2318 1493 2344 Stemus
1511 2316 1616 2351 simul,
1631 2317 1697 2353 quis
1717 2318 1761 2344 est

988 2383 1008 2399 ¹³
1023 2384 1098 2412 Aug„
1114 2382 1157 2405 ubi
1174 2388 1241 2412 sup.,
1255 2388 1282 2405 n.
1297 2383 1321 2405 5.
1335 2394 1364 2398 -
1379 2381 1398 2397 ¹¹
1413 2381 1475 2404 ibid.
1492 2394 1518 2398 —-
1535 2380 1556 2397 ¹⁵
1569 2381 1642 2410 Sup„
1660 2385 1677 2410 Ι,
1693 2381 1716 2404 9.
1728 2392 1760 2397 -

990 2419 1008 2434 1⁸
1023 2418 1123 2449 Ephes„
1144 2423 1168 2447 v,
1190 2418 1213 2440 8.
1229 2430 1259 2434 -
1282 2417 1300 2433 ι’
1315 2417 1398 2447 Proin,
1419 2422 1496 2446 xm,
1519 2417 1556 2440 14.
1575 2429 1606 2434 -
1621 2415 1642 2432 ¹⁸
1655 2414 1758 2444 Mami„

989 2459 1041 2483 xiv,
1062 2454 1100 2477 22.
1123 2467 1149 2470 -—
1172 2453 1190 2469 ¹⁹
1206 2452 1262 2483 lnf.,
1282 2458 1339 2482 XVI,
1355 2453 1394 2476 33.
1411 2464 1440 2468 --
1455 2452 1475 2469 ²⁰
1490 2451 1590 2478 Μαίίή.,
1605 2456 1659 2481 xm,
1673 2451 1713 2474 25.
1727 2463 1758 2468 —

990 2489 1008 2503 2¹
1029 2490 1103 2519 Aug„
1120 2489 1164 2512 ubi
1182 2495 1247 2518 sup.,
1267 2495 1294 2511 n.
1312 2488 1335 2512 6.
1355 2500 1386 2505 —
1403 2487 1422 2501 ²²
1439 2489 1511 2517 sup.,
1530 2492 1552 2515 ι,
1574 2487 1595 2509 l.
1614 2498 1642 2502 -
1665 2485 1758 2516 211111·Ἰ

988 2530 1046 2554 viu,
1060 2525 1098 2547 58.
1112 2537 1142 2540 —
1156 2524 1173 2537 2¹
1186 2523 1272 2552 Helm,
1287 2529 1305 2553 1,
1317 2524 1340 2547 3.
1354 2536 1380 2539 -
1395 2522 1416 2539 ²⁵
1428 2522 1498 2553 Sap„
1510 2527 1557 2552 vn,
1572 2522 1610 2545 11.
1621 2533 1653 2538 —
1663 2520 1684 2536 ²⁶
1696 2521 1756 2550 Iso„

989 2565 1004 2583 L
1031 2560 1070 2583 58.

1005 2578 1053 2632 '(a)
1072 2600 1133 2625 Caet.
1147 2600 1208 2624 edil.
1220 2601 1385 2625 honorem-
1403 2599 1434 2630 (h)
1449 2605 1602 2630 regnum.—
1614 2598 1643 2629 (c)
1660 2596 1755 2622 vacuis.

1774 1982 1846 2003 nabilis
1853 1989 1880 2003 ω-

1781 2013 1836 2034 terni
1840 2015 1874 2033 tu

1801 2043 1850 2065 Dei.
