1987 3032
650 234 856 266 EXPOSITIO
879 232 919 264 IN
941 227 1027 259 CAP.
1048 224 1111 257 XX.

100 307 272 338 habebunt.
285 305 372 337 Unde
381 304 463 335 Beda
474 314 481 335 t
491 315 505 333 (1
516 303 596 340 Quia
605 302 763 333 connubia
774 310 865 340 prop-

100 363 148 391 ter
166 361 263 397 filios,
284 358 341 388 filii
360 359 488 397 propter
506 355 769 391 successsionem,
792 362 865 383 5110-

100 413 196 443 cessio
210 413 338 451 propter
352 412 486 440 mortem
504 419 510 438 t
527 408 582 438 ubi
601 417 680 446 ergo
697 416 782 437 mors
800 415 865 436 non

99 466 160 502 est,
176 473 280 503 neque
295 462 463 494 connubia.
480 473 494 489 n
514 461 574 492 Sed
589 470 645 500 per
661 461 720 490 hoc
739 460 864 490 videtur

99 517 183 556 quod
199 519 272 547 ante
286 517 448 555 peccatum
464 514 622 545 connubia
637 522 702 543 non
721 513 863 543 fuissent.

99 568 154 599 Est
168 572 272 599 autem
288 568 450 608 responsio
465 568 503 598 ad
523 567 600 603 hoc,
618 566 701 604 quod
715 566 786 595 licet
800 574 864 594 non

100 624 179 651 esset
199 631 285 652 mors
305 631 344 652 ex
367 620 550 651 necessitate
563 643 571 656 ,
597 620 678 649 sicut
700 627 758 648 nec
776 620 862 654 erat,

100 675 206 704 tamen
221 683 260 704 ex
275 672 499 712 possibilitate,
522 672 597 711 quia
611 671 704 711 primi
720 672 866 710 parentes

100 727 258 757 habebant
281 735 395 765 corpus
418 724 571 761 animale;
594 724 647 754 sed
667 726 736 762 post
756 731 866 753 resur-

98 779 270 809 rectionem
286 779 345 808 erit
360 787 473 816 corpus
493 777 673 816 spirituale,
690 775 865 806 secundum

97 831 173 861 illud
193 832 199 847 ¹
220 840 227 861 :
248 843 262 859 «
279 831 460 861 Seminatur
474 830 508 859 in
522 830 721 868 corruptione
732 852 741 866 ,
757 831 867 866 surget

98 883 131 912 in
146 883 393 922 incorruptione.
411 882 592 913 Seminatur
606 883 640 912 in
655 882 864 920 ignobilitate,

98 938 209 974 surget
224 936 256 965 in
273 935 386 974 gloria.
409 935 590 965 Semiuatur
613 935 645 964 in
662 934 844 964 infirmitate
856 958 863 971 ,

97 990 209 1026 surget
232 988 266 1018 in
295 989 422 1018 virtute.
449 987 629 1018 Seminatur
656 996 769 1025 corpus
794 986 866 1016 ani*

97 1040 178 1070 male
193 1065 200 1077 ,
217 1043 327 1079 surget
351 1049 465 1079 corpus
479 1040 653 1079 spirituale.
669 1051 683 1067 »
701 1040 773 1069 Ideo
788 1040 863 1069 sub-

96 1093 140 1122 ‹lit
153 1103 158 1122 :
177 1093 331 1132 AEqzmles
345 1093 429 1122 enim
443 1093 564 1132 anqele's
577 1095 661 1129 sunt,
677 1096 706 1121 et
717 1092 780 1129 filli
791 1095 866 1122 sunt

96 1145 169 1182 Dei,
185 1155 257 1176 cum
272 1147 335 1175 sz'nl
347 1146 410 1184 filii
423 1145 660 1175 resurrectionis
673 1169 680 1182 ,
698 1145 728 1174 id
743 1146 803 1174 est:
825 1144 864 1173 si-

95 1201 148 1228 cut
168 1199 273 1238 angeli
296 1201 369 1229 sunt
390 1198 604 1235 immortales,
630 1197 861 1236 incorporales,

95 1260 192 1291 supra
208 1254 334 1292 tempus
355 1254 385 1282 et
403 1252 593 1282 variationes
612 1253 761 1280 motuum
782 1253 864 1279 tem-

94 1304 271 1342 poralium,
290 1305 333 1334 sic
352 1306 446 1334 erunt
459 1304 533 1334 boni
545 1327 553 1340 ,
577 1303 652 1342 quia
666 1305 736 1342 post
756 1311 862 1332 resur-

94 1357 264 1386 rectionem
279 1357 397 1387 erimus
412 1359 487 1386 tunc
508 1356 645 1395 aequales
665 1355 789 1393 angelis
811 1364 862 1385 se-

94 1410 234 1439 cundum
259 1410 370 1449 gloriae
392 1410 602 1448 dignitatem,
628 1411 754 1448 propter
778 1409 862 1448 quod

93 1462 208 1492 dicitur
223 1466 234 1481 2
251 1473 257 1491 :
279 1474 293 1489 «
308 1462 457 1498 Mensura
478 1462 630 1499 hominis,
649 1470 721 1501 quae
737 1465 784 1491 est
805 1470 860 1491 an-

93 1514 167 1551 geli.
186 1525 200 1541 »
219 1514 281 1545 Nec
305 1515 425 1544 mirum
437 1539 445 1552 ‚
467 1515 542 1554 quia
561 1516 638 1544 tunc
656 1515 775 1545 erimus
799 1514 861 1544 Deo

90 1575 146 1605 per
168 1567 302 1605 gloriam
323 1567 504 1604 assimilati,
534 1567 709 1597 secundum
730 1567 807 1597 illud
823 1569 833 1585 ³
852 1578 858 1597 :

94 1630 107 1647 (ι
124 1619 214 1649 Ν11110
229 1620 285 1649 tilii
300 1619 354 1650 Dei
370 1629 498 1657 sumus,
514 1622 544 1650 et
558 1620 701 1650 nondum
714 1620 860 1659 apparuit

90 1671 166 1709 quid
185 1671 314 1702 erimus.
332 1672 456 1702 Scimus
477 1672 644 1711 quoniam,
671 1681 745 1702 cum
768 1682 861 1712 appa-

90 1724 206 1762 ruerit,
224 1725 340 1755 similes
354 1725 382 1755 ei
405 1726 523 1755 erimus
536 1749 543 1761 ,
571 1725 724 1764 quoniam
738 1726 860 1756 videbi-

90 1785 161 1806 mus
176 1786 249 1807 eum
263 1778 354 1807 sicuti
364 1780 420 1808 est.
435 1789 448 1805 n
466 1777 554 1808 Unde
570 1777 718 1807 Rabanus
732 1787 740 1808 :
755 1777 860 1808 «Sunt

91 1829 171 1859 sicut
184 1830 289 1868 angeli
307 1830 358 1860 Dei
374 1830 407 1860 in
428 1831 529 1867 coeliS‚
553 1831 608 1869 qui
623 1830 726 1868 gloria
749 1840 858 1861 resur-

90 1882 235 1912 rectionis
250 1883 407 1920 innovati,
424 1883 542 1922 absque
557 1883 623 1913 ullo
636 1883 745 1913 ‘mortis
758 1886 856 1922 metu,

90 1935 209 1974 absque
223 1935 288 1965 ulla
311 1935 381 1965 labe
404 1935 631 1974 corruptionis,
654 1936 772 1975 absque
793 1936 857 1967 ullo

91 1987 206 2017 terreni
232 1990 330 2018 status
354 1990 445 2025 actu,
476 1990 628 2027 perpetua
651 1988 705 2018 Dei
735 1989 857 2019 visione

90 2039 248 2070 fruuntur.
277 2040 324 2070 Ad
352 2049 449 2079 quam
479 2049 605 2071 necesse
628 2043 675 2070 est
704 2041 857 2080 angelicae

89 2091 252 2129 dignitatis
280 2092 494 2131 aequalitatem
518 2092 664 2131 quisquis
688 2094 856 2124 ascendere

89 2143 262 2183 desiderat,
292 2145 434 2175 minimis
469 2146 620 2175 fratribus
651 2146 702 2185 pie
731 2146 856 2184 agendo

88 2197 352 2228 condescendat.»
371 2197 407 2228 Et
422 2199 482 2228 hoc
497 2200 580 2228 recte
594 2198 686 2236 dicit,
702 2199 777 2238 quia
792 2208 855 2229 non

89 2251 190 2286 potest
200 2250 323 2288 angelis
337 2259 404 2280 esse
418 2251 451 2280 iu
467 2251 572 2289 gloria
586 2251 708 2289 similis,
723 2252 777 2291 qui
792 2261 856 2282 non

88 2301 158 2330 vult
173 2301 204 2331 in
220 2302 394 2332 ministerio
408 2303 586 2333 assimilarI.

127 2353 242 2392 Tertio,
271 2357 427 2394 quantum
455 2356 494 2386 ad
519 2357 757 2387 resurrectionis
775 2358 857 2388 affir-

88 2407 270 2445 mationem,
297 2408 505 2446 subjungitur
524 2411 566 2445 (v.
584 2410 632 2446 37)
650 2418 657 2439 :
683 2410 766 2448 Quia
782 2420 854 2441 vero

88 2463 256 2498 resumant
276 2460 406 2496 mortui,
431 2464 461 2490 et
476 2460 601 2499 Moyses
617 2462 751 2492 ostendit
770 2472 856 2494 secus

88 2511 214 2549 rubum,
232 2512 263 2542 id
284 2514 341 2548 est,
366 2512 501 2543 verbum
525 2513 651 2544 Domini
671 2515 755 2553 quod
777 2516 856 2547 dixit

88 2561 187 2602 Moysi
201 2563 239 2594 dc
253 2564 357 2595 medio
379 2565 451 2595 rubi
466 2568 476 2584 ⁸
493 2574 499 2594 :
521 2577 534 2594 a
550 2566 587 2596 Et
601 2567 646 2597 ait
661 2577 668 2597 z
692 2567 762 2606 Ego
783 2578 855 2599 sum

121 2641 126 2656 ¹
143 2642 148 2663 Ι
165 2641 231 2672 (ἴση,
242 2648 283 2672 xv,
299 2644 378 2666 42-44.
395 2656 425 2660 —
439 2644 447 2657 ²
461 2644 545 2674 Apoca,
561 2646 667 2675 xxr,17.
682 2659 712 2663 —
728 2646 736 2660 ³
753 2647 855 2677 ideam,

89 2680 129 2705 111,
145 2679 166 2700 2.
183 2689 212 2695 —-
224 2678 234 2693 ⁸
249 2677 422 2708 E.1-ad.,111,u.
435 2679 484 2696 -5
495 2679 553 2708 Isa.,
564 2686 634 2711 xxvr,
649 2682 685 2704 19.
696 2693 727 2699 —-
737 2682 745 2696 ⁰
755 2682 853 2712 Ezecli„

248 2730 321 2752 Tou.
344 2731 388 2751 XI.

1632 227 1689 256 445

922 299 1003 329 Deus
1028 297 1201 334 Abraham,
1226 296 1308 326 Deus
1335 294 1441 333 Isaac,
1471 296 1502 325 et
1526 294 1609 324 Deus
1635 294 1687 324 Ja-

920 352 988 382 cob.
1017 362 1031 379 »
1066 350 1113 381 Ex
1138 350 1198 380 hoc
1221 349 1290 380 vult
1315 349 1467 380 Dominus
1496 348 1612 378 inferre
1634 357 1688 378 re-

920 405 1147 434 surrectionem
1170 404 1310 433 futuram
1327 426 1335 439 ,
1358 412 1430 432 cum
1454 402 1540 433 addit
1567 411 1573 431 :
1597 403 1690 433 Sicut

920 457 995 487 (licit
1009 458 1194 493 Domitium,
1211 457 1314 488 Deum
1338 456 1516 494 Abraham,
1543 461 1572 487 et
1586 458 1689 488 Deum

920 510 1012 540 Isaac
1041 514 1071 539 et
1094 511 1195 540 Deum
1221 510 1329 540 Jacob.
1361 512 1408 547 (v.
1435 510 1489 548 38)
1520 510 1604 540 Deus
1629 520 1688 540 au-

920 566 982 592 tem
1015 571 1079 592 non
1110 567 1155 592 est
1185 567 1386 593 mortuorum
1402 586 1409 599 ,
1445 563 1502 593 sed
1530 564 1687 594 vivorum.

922 616 1038 645 Omnes
1065 616 1150 645 enim,
1178 617 1290 646 vivunt
1317 616 1356 646 ei.
1384 615 1431 646 Ex
1460 625 1523 655 quo
1548 616 1691 655 sequitur

920 668 1005 706 quod
1019 668 1134 699 vivunt
1157 669 1196 705 ei,
1219 669 1268 699 vel
1290 672 1373 706 actu,
1388 669 1439 700 vel
1461 670 1611 708 potentia.
1629 670 1690 700 Sed

920 729 1030 750 omnes
1063 721 1114 750 isti
1139 723 1229 751 erant
1259 722 1376 751 mortui
1401 722 1566 752 actualiter
1589 732 1690 761 :ergo

920 773 1071 803 vivebant
1088 773 1150 803 Deo
1169 776 1326 812 quantum
1340 774 1380 804 ad
1400 783 1490 813 posse
1506 777 1537 805 et
1556 775 1690 814 disposi-

920 826 1049 856 tionem.
1065 824 1195 856 Necesse
1205 829 1252 856 est
1263 835 1342 865 ergo
1357 827 1497 857 futuram
1512 836 1629 866 ponere
1645 837 1691 858 re·

920 879 1157 909 surrectionem.
1181 879 1263 909 Sunt
1289 882 1396 909 autem
1421 880 1523 910 multa
1546 881 1689 912 testimo-

922 931 973 960 nia
993 931 1025 960 in
1047 931 1150 961 Veteri
1172 931 1387 969 Testamento,
1409 943 1465 972 per
1482 943 1554 973 quae
1573 943 1690 973 appro-

919 985 986 1014 bari
1002 987 1103 1024 potest
1117 987 1305 1017 resurrectio
1334 989 1535 1018 mortuorum
1551 991 1560 1006 ⁵
1580 998 1586 1017 ε
1608 1000 1621 1017 «
1637 988 1690 1019 Vi-

920 1040 995 1067 vent
1010 1039 1125 1068 mortui
1140 1039 1198 1075 tui,
1215 1039 1370 1069 interfecti
1390 1040 1451 1069 mei
1473 1043 1654 1079 resurgent.
1672 1052 1686 1068 »

919 1090 981 1120 Et⁶
1003 1101 1009 1120 :
1038 1102 1051 1118 «
1077 1091 1153 1121 Ossa
1174 1092 1273 1129 arida,
1295 1092 1399 1122 audite
1425 1093 1561 1123 verbum
1585 1094 1689 1124 Domi-

918 1143 964 1181 ni,
982 1154 995 1171 »
1016 1146 1073 1173 etc.
1100 1144 1177 1173 Item
1192 1145 1226 1173 ⁷:
1254 1156 1267 1173 (1
1290 1145 1380 1175 Multi
1402 1146 1441 1176 de
1464 1146 1514 1176 his
1538 1147 1593 1186 qui
1616 1147 1689 1177 dor-

918 1197 1023 1227 miunt
1032 1197 1065 1227 in
1076 1200 1170 1228 terrae
1182 1198 1323 1237 pulvere,
1332 1199 1540 1237 evigilabunt.
1551 1210 1564 1227 ›)
1580 1200 1590 1215 ⁸
1600 1200 1691 1231 «Scio

918 1251 1002 1289 quod
1017 1250 1207 1290 Redemptor
1222 1261 1313 1282 meus
1323 1253 1413 1289 vivit,
1426 1255 1457 1283 et
1470 1253 1504 1283 in
1515 1254 1689 1284 novissimo

918 1303 967 1333 die
991 1303 1029 1333 de
1051 1306 1135 1333 terra
1163 1307 1363 1335 surrecturus
1397 1315 1479 1337 sum.
1510 1317 1524 1333 n
1558 1306 1635 1336 Item
1653 1307 1687 1335 ⁰:

923 1364 936 1382 t(
952 1355 1024 1385 Post
1038 1356 1117 1386 duos
1131 1356 1197 1386 dies
1211 1357 1385 1388 vivificabit
1400 1367 1467 1396 nOS,
1485 1359 1517 1388 in
1533 1359 1582 1389 die
1597 1359 1689 1389 tertia

917 1408 1078 1438 suscitabit
1101 1418 1169 1439 nos.
1195 1420 1209 1437 n
1238 1410 1315 1440 ltem
1332 1411 1352 1427 ¹⁰
1377 1420 1383 1439 :
1406 1422 1420 1439 «
1440 1411 1640 1450 Consurgant
1659 1415 1689 1442 et

916 1461 1083 1491 ascendant
1099 1464 1210 1500 gentes
1232 1463 1265 1492 in
1282 1463 1396 1493 vallem
1416 1463 1577 1503 Josapliat,
1597 1476 1611 1493 »
1628 1467 1686 1495 etc.

916 1513 994 1544 Item
1011 1515 1028 1530 ¹¹
1047 1525 1054 1544 2
1076 1526 1090 1542 «
1104 1515 1172 1554 Ipse
1188 1515 1335 1554 spiritum
1356 1517 1446 1546 vobis
1472 1517 1589 1547 iterum
1613 1527 1686 1548 cum

915 1567 1129 1597 misericordia
1149 1568 1257 1598 reddet
1271 1570 1302 1598 et
1316 1568 1428 1600 vitam.
1453 1580 1467 1597 n
1494 1569 1555 1600 Sed
1579 1570 1685 1601 Domi-

915 1627 976 1649 nus
999 1620 1124 1650 nullum
1149 1620 1267 1650 horum
1292 1623 1412 1660 septem
1440 1623 1566 1653 testium
1587 1623 1687 1654 intro-

914 1672 1015 1710 duxit,
1031 1674 1107 1712 quia
1129 1673 1305 1711 Sadducaei,
1327 1675 1444 1714 quibus
1462 1676 1683 1715 respondebat,

913 1725 1015 1755 solum
1059 1725 1307 1757 Pentatbeucum
1348 1728 1552 1767 recipiebant.
1597 1729 1684 1760 Unde

914 1778 1021 1808 Glossa
1037 1779 1057 1795 ¹²
1078 1790 1084 1808 :
1113 1779 1268 1810 «Poterat
1290 1781 1446 1820 apertiora
1467 1781 1505 1811 de
1526 1791 1682 1813 resurrec-

913 1831 998 1861 tione
1009 1831 1082 1861 dare
1093 1832 1273 1862 testimonia
1288 1833 1515 1872 prophetarum
1527 1846 1534 1872 ;
1549 1835 1601 1865 sed
1614 1845 1684 1875 pro-

912 1881 1022 1920 phetas
1037 1882 1203 1912 Sadducaei
1223 1892 1288 1913 non
1311 1884 1475 1923 recipiunt.
1496 1896 1510 1913 »
1530 1885 1585 1916 Vel
1600 1886 1679 1925 ideo,

912 1934 989 1973 quia
1004 1943 1059 1974 per
1078 1935 1138 1965 hoc
1158 1936 1271 1974 probat
1289 1937 1386 1967 vitam
1409 1939 1591 1969 animarum
1613 1943 1684 1979 post

913 1989 1059 2024 mortem,
1076 1996 1172 2027 quam
1191 1987 1355 2020 Sadducaei
1370 1992 1546 2030 negabant3
1569 1994 1599 2022 et
1614 1992 1683 2023 haec

911 2042 978 2069 erat
993 2040 1085 2070 radix
1108 2041 1156 2070 sui
1181 2042 1307 2072 erroris.
1326 2042 1381 2073 Vel
1401 2044 1483 2081 ideo,
1500 2045 1575 2084 quia
1589 2045 1621 2075 in
1639 2046 1682 2075 is-

911 2092 974 2122 tius
989 2092 1076 2123 verbi
1097 2093 1286 2131 allegatione
1310 2095 1467 2126 clauditur
1481 2097 1576 2127 simul
1591 2107 1679 2137 mys-

910 2145 1026 2175 terium
1047 2145 1227 2183 Trinitatis,
1248 2147 1281 2176 in
1302 2148 1384 2178 trina
1411 2149 1462 2179 Dei
1495 2150 1677 2188 iteratione;

911 2198 1099 2237 mysterium
1120 2199 1251 2238 triplicis
1276 2201 1422 2239 virtutis,
1447 2202 1564 2233 scilicet
1588 2204 1678 2242 fidei,

911 2251 1026 2289 spei,et
1041 2251 1211 2290 charitatiS,
1224 2252 1257 2282 in
1271 2253 1373 2283 tribus
1386 2255 1530 2293 partibus
1545 2256 1678 2295 praedic-

911 2303 966 2340 tis-3
984 2305 1014 2334 et
1030 2304 1218 2343 mysterium
1239 2305 1464 2337 incarnationis
1484 2307 1517 2337 in
1532 2309 1613 2339 rubo
1627 2319 1678 2339 ar-

910 2355 1008 2394 denti,
1025 2360 1055 2386 et
1069 2357 1164 2387 etiam
1190 2359 1378 2397 mysterium
1399 2360 1572 2399 passionis-,3
1597 2365 1627 2392 et
1647 2363 1679 2393 in

911 2411 975 2439 tota
989 2410 1173 2440 auctoritate
1187 2411 1374 2449 mysterium
1387 2415 1636 2453 resurrectionis,
1649 2419 1680 2445 et

910 2462 953 2492 ita
967 2464 1057 2502 quasi
1072 2466 1172 2493 totum
1188 2465 1377 2503 mysterium
1388 2467 1460 2497 fidei
1473 2468 1653 2499 christianae
1669 2480 1678 2498 .-

910 2515 986 2554 quia
999 2516 1102 2546 omnis
1116 2514 1351 2556 mysteriorum,
1365 2519 1547 2558 figurarum
1559 2523 1590 2552 et
1605 2531 1677 2553 ver-

911 2618 1010 2642 xxxvu,
1032 2615 1053 2636 ά.
1075 2627 1105 2630 -
1128 2614 1135 2626 ⁷
1154 2614 1228 2645 Dan„
1249 2622 1298 2646 xu,
1323 2620 1346 2640 23
1362 2630 1393 2634 -
1415 2619 1422 2631 a
1442 2618 1496 2648 Joh,
1517 2625 1572 2648 xix,
1594 2621 1633 2643 325.
1649 2633 1679 2637 —

909 2647 918 2663 ⁵³
929 2648 992 2677 Osca,
1004 2653 1038 2677 vt,
1051 2650 1073 2671 3.
1084 2649 1143 2666 —¹⁰
1153 2649 1226 2679 Joel„
1243 2656 1280 2681 ni,
1296 2654 1351 2674 2.-
1366 2652 1383 2668 ¹¹
1398 2653 1415 2676 ll
1429 2653 1519 2683 Maeli„
1533 2660 1576 2683 vu,
1594 2656 1632 2678 23.
1649 2668 1680 2672 —

910 2684 930 2699 Η
945 2683 1026 2707 Closs.
1042 2683 1151 2708 interlin.
1167 2685 1192 2708 in
1208 2685 1277 2710 hunc
1291 2686 1339 2711 loc.

1504 2736 1541 2764 10
