<?xml version="1.0" encoding="UTF-8"?>
<!DOCTYPE html PUBLIC "-//W3C//DTD XHTML 1.0 Transitional//EN"
    "http://www.w3.org/TR/xhtml1/DTD/xhtml1-transitional.dtd">
<html xmlns="http://www.w3.org/1999/xhtml" xml:lang="en" lang="en">
 <head>
  <title>
</title>
<meta http-equiv="Content-Type" content="text/html;charset=utf-8" />
  <meta name='ocr-system' content='tesseract 3.04.00' />
  <meta name='ocr-capabilities' content='ocr_page ocr_carea ocr_par ocr_line ocrx_word'/>
</head>
<body>
  <div class='ocr_page' id='page_1' title='image "./operaomniasixtiv11bonauoft/operaomniasixtiv11bonauoft_0424.png"; bbox 0 0 1987 3032; ppageno 0'>
   <div class='ocr_carea' id='block_1_1' title="bbox 156 181 213 209">
    <p class='ocr_par' dir='ltr' id='par_1_1' title="bbox 156 181 213 209">
     <span class='ocr_line' id='line_1_1' title="bbox 156 181 213 209; baseline 0.018 -1"><span class='ocrx_word' id='word_1_1' title='bbox 156 181 213 209; x_wconf 68' lang='lat'>406</span> 
     </span>
    </p>
   </div>
   <div class='ocr_carea' id='block_1_2' title="bbox 156 239 951 2420">
    <p class='ocr_par' dir='ltr' id='par_1_2' title="bbox 156 239 951 2420">
     <span class='ocr_line' id='line_1_2' title="bbox 156 239 925 280; baseline -0.008 -8"><span class='ocrx_word' id='word_1_2' title='bbox 156 245 250 280; x_wconf 79' lang='lat' dir='ltr'>major</span> <span class='ocrx_word' id='word_1_3' title='bbox 270 246 397 278; x_wconf 85' lang='lat' dir='ltr'>Joanne,</span> <span class='ocrx_word' id='word_1_4' title='bbox 410 254 421 269; x_wconf 75' lang='lat' dir='ltr'>n</span> <span class='ocrx_word' id='word_1_5' title='bbox 443 244 525 279; x_wconf 89' lang='lat' dir='ltr'>quod</span> <span class='ocrx_word' id='word_1_6' title='bbox 548 243 696 271; x_wconf 84' lang='lat' dir='ltr'>debuisset</span> <span class='ocrx_word' id='word_1_7' title='bbox 715 243 789 268; x_wconf 85' lang='lat' dir='ltr'>Deus</span> <span class='ocrx_word' id='word_1_8' title='bbox 809 239 925 267; x_wconf 83' lang='lat' dir='ltr'><strong>dedisse</strong></span> 
     </span>
     <span class='ocr_line' id='line_1_3' title="bbox 157 286 926 324; baseline -0.007 -6"><span class='ocrx_word' id='word_1_9' title='bbox 157 291 181 319; x_wconf 90' lang='lat' dir='ltr'>ei</span> <span class='ocrx_word' id='word_1_10' title='bbox 198 291 333 318; x_wconf 88' lang='lat' dir='ltr'>virtutem</span> <span class='ocrx_word' id='word_1_11' title='bbox 356 290 481 318; x_wconf 81' lang='lat' dir='ltr'>faciendi</span> <span class='ocrx_word' id='word_1_12' title='bbox 497 290 595 324; x_wconf 81' lang='lat' dir='ltr'>signa,</span> <span class='ocrx_word' id='word_1_13' title='bbox 615 288 688 315; x_wconf 84' lang='lat' dir='ltr'>sicut</span> <span class='ocrx_word' id='word_1_14' title='bbox 708 289 735 315; x_wconf 91' lang='lat' dir='ltr'>et</span> <span class='ocrx_word' id='word_1_15' title='bbox 754 287 819 315; x_wconf 88' lang='lat' dir='ltr'>aliis</span> <span class='ocrx_word' id='word_1_16' title='bbox 839 286 926 314; x_wconf 89' lang='lat' dir='ltr'>disci-</span> 
     </span>
     <span class='ocr_line' id='line_1_4' title="bbox 157 333 926 373; baseline -0.005 -9"><span class='ocrx_word' id='word_1_17' title='bbox 157 337 249 373; x_wconf 86' lang='lat' dir='ltr'><strong>pulis,</strong></span> <span class='ocrx_word' id='word_1_18' title='bbox 262 337 313 373; x_wconf 88' lang='lat' dir='ltr'>qui</span> <span class='ocrx_word' id='word_1_19' title='bbox 328 339 410 364; x_wconf 87' lang='lat' dir='ltr'>erant</span> <span class='ocrx_word' id='word_1_20' title='bbox 423 337 561 369; x_wconf 89' lang='lat' dir='ltr'>minores,</span> <span class='ocrx_word' id='word_1_21' title='bbox 573 335 662 362; x_wconf 84' lang='lat' dir='ltr'>dedit.</span> <span class='ocrx_word' id='word_1_22' title='bbox 679 335 749 361; x_wconf 82' lang='lat' dir='ltr'>Item</span> <span class='ocrx_word' id='word_1_23' title='bbox 764 333 800 361; x_wconf 89' lang='lat' dir='ltr'>de</span> <span class='ocrx_word' id='word_1_24' title='bbox 815 335 926 361; x_wconf 87' lang='lat' dir='ltr'>Joanne</span> 
     </span>
     <span class='ocr_line' id='line_1_5' title="bbox 159 380 927 418; baseline -0.005 -8"><span class='ocrx_word' id='word_1_25' title='bbox 159 384 264 411; x_wconf 89' lang='lat' dir='ltr'>dicitur</span> <span class='ocrx_word' id='word_1_26' title='bbox 280 384 287 400; x_wconf 91' lang='lat'><strong>¹</strong></span> <span class='ocrx_word' id='word_1_27' title='bbox 311 392 316 410; x_wconf 92' lang='lat'>:</span> <span class='ocrx_word' id='word_1_28' title='bbox 336 393 348 409; x_wconf 89' lang='lat'>«</span> <span class='ocrx_word' id='word_1_29' title='bbox 364 384 425 418; x_wconf 88' lang='lat' dir='ltr'>lpse</span> <span class='ocrx_word' id='word_1_30' title='bbox 441 382 585 418; x_wconf 66' lang='lat' dir='ltr'>praecedet</span> <span class='ocrx_word' id='word_1_31' title='bbox 605 382 634 408; x_wconf 92' lang='lat' dir='ltr'>in</span> <span class='ocrx_word' id='word_1_32' title='bbox 649 380 752 416; x_wconf 86' lang='lat' dir='ltr'>spiritu</span> <span class='ocrx_word' id='word_1_33' title='bbox 775 382 802 407; x_wconf 89' lang='lat' dir='ltr'>et</span> <span class='ocrx_word' id='word_1_34' title='bbox 821 380 927 407; x_wconf 81' lang='lat' dir='ltr'>virtute</span> 
     </span>
     <span class='ocr_line' id='line_1_6' title="bbox 159 427 930 464; baseline -0.005 -6"><span class='ocrx_word' id='word_1_35' title='bbox 159 430 235 458; x_wconf 81' lang='lat' dir='ltr'>Eliae.</span> <span class='ocrx_word' id='word_1_36' title='bbox 250 440 263 456; x_wconf 71' lang='lat' dir='ltr'>n</span> <span class='ocrx_word' id='word_1_37' title='bbox 281 430 307 457; x_wconf 91' lang='lat' dir='ltr'>Si</span> <span class='ocrx_word' id='word_1_38' title='bbox 323 438 393 464; x_wconf 82' lang='lat' dir='ltr'>ergo</span> <span class='ocrx_word' id='word_1_39' title='bbox 408 429 488 456; x_wconf 80' lang='lat' dir='ltr'>dedit</span> <span class='ocrx_word' id='word_1_40' title='bbox 504 430 577 456; x_wconf 88' lang='lat' dir='ltr'>Deus</span> <span class='ocrx_word' id='word_1_41' title='bbox 593 428 659 455; x_wconf 68' lang='lat' dir='ltr'>Elize</span> <span class='ocrx_word' id='word_1_42' title='bbox 674 428 768 456; x_wconf 79' lang='lat' dir='ltr'>facere</span> <span class='ocrx_word' id='word_1_43' title='bbox 785 427 877 455; x_wconf 90' lang='lat' dir='ltr'>multa</span> <span class='ocrx_word' id='word_1_44' title='bbox 892 427 930 454; x_wconf 90' lang='lat' dir='ltr'>si-</span> 
     </span>
     <span class='ocr_line' id='line_1_7' title="bbox 160 474 928 512; baseline -0.004 -8"><span class='ocrx_word' id='word_1_45' title='bbox 160 485 233 512; x_wconf 89' lang='lat' dir='ltr'>gna,</span> <span class='ocrx_word' id='word_1_46' title='bbox 248 476 352 504; x_wconf 85' lang='lat' dir='ltr'>eadem</span> <span class='ocrx_word' id='word_1_47' title='bbox 371 475 484 503; x_wconf 85' lang='lat' dir='ltr'>ratione</span> <span class='ocrx_word' id='word_1_48' title='bbox 499 477 527 502; x_wconf 90' lang='lat' dir='ltr'>et</span> <span class='ocrx_word' id='word_1_49' title='bbox 544 474 659 503; x_wconf 85' lang='lat' dir='ltr'>Joanni.</span> <span class='ocrx_word' id='word_1_50' title='bbox 684 476 715 502; x_wconf 84' lang='lat' dir='ltr'>Et</span> <span class='ocrx_word' id='word_1_51' title='bbox 731 475 768 502; x_wconf 92' lang='lat' dir='ltr'>ad</span> <span class='ocrx_word' id='word_1_52' title='bbox 784 474 862 502; x_wconf 89' lang='lat' dir='ltr'>istud</span> <span class='ocrx_word' id='word_1_53' title='bbox 884 481 928 501; x_wconf 88' lang='lat' dir='ltr'>re-</span> 
     </span>
     <span class='ocr_line' id='line_1_8' title="bbox 159 520 930 559; baseline -0.005 -8"><span class='ocrx_word' id='word_1_54' title='bbox 159 523 383 559; x_wconf 89' lang='lat' dir='ltr'>spondendum,</span> <span class='ocrx_word' id='word_1_55' title='bbox 405 523 478 550; x_wconf 84' lang='lat' dir='ltr'>sicut</span> <span class='ocrx_word' id='word_1_56' title='bbox 496 522 536 549; x_wconf 86' lang='lat' dir='ltr'>ait</span> <span class='ocrx_word' id='word_1_57' title='bbox 555 521 731 556; x_wconf 75' lang='lat' dir='ltr'>Augustinus</span> <span class='ocrx_word' id='word_1_58' title='bbox 750 521 759 537; x_wconf 73' lang='lat'><strong>²</strong></span> <span class='ocrx_word' id='word_1_59' title='bbox 788 530 794 548; x_wconf 82' lang='lat' dir='ltr'><em>z</em></span> <span class='ocrx_word' id='word_1_60' title='bbox 823 532 834 544; x_wconf 61' lang='grc' dir='ltr'>ιι</span> <span class='ocrx_word' id='word_1_61' title='bbox 858 520 930 554; x_wconf 83' lang='lat' dir='ltr'>Quia</span> 
     </span>
     <span class='ocr_line' id='line_1_9' title="bbox 159 567 930 604; baseline -0.004 -6"><span class='ocrx_word' id='word_1_62' title='bbox 159 571 279 598; x_wconf 87' lang='lat' dir='ltr'>lucerna</span> <span class='ocrx_word' id='word_1_63' title='bbox 294 572 371 603; x_wconf 88' lang='lat' dir='ltr'>erat,</span> <span class='ocrx_word' id='word_1_64' title='bbox 384 579 397 594; x_wconf 76' lang='lat' dir='ltr'>n</span> <span class='ocrx_word' id='word_1_65' title='bbox 414 569 529 596; x_wconf 89' lang='lat' dir='ltr'>nullum</span> <span class='ocrx_word' id='word_1_66' title='bbox 546 569 665 604; x_wconf 84' lang='lat' dir='ltr'>signum</span> <span class='ocrx_word' id='word_1_67' title='bbox 686 567 800 595; x_wconf 83' lang='lat' dir='ltr'>fecerat.</span> <span class='ocrx_word' id='word_1_68' title='bbox 822 570 853 595; x_wconf 84' lang='lat' dir='ltr'>Et</span> <span class='ocrx_word' id='word_1_69' title='bbox 874 568 930 595; x_wconf 90' lang='lat' dir='ltr'>hoc</span> 
     </span>
     <span class='ocr_line' id='line_1_10' title="bbox 160 615 931 650; baseline -0.004 -6"><span class='ocrx_word' id='word_1_70' title='bbox 160 617 244 650; x_wconf 89' lang='lat' dir='ltr'>idco,</span> <span class='ocrx_word' id='word_1_71' title='bbox 263 617 294 643; x_wconf 88' lang='lat' dir='ltr'>ut</span> <span class='ocrx_word' id='word_1_72' title='bbox 314 615 495 643; x_wconf 86' lang='lat' dir='ltr'>credendum</span> <span class='ocrx_word' id='word_1_73' title='bbox 515 617 573 649; x_wconf 83' lang='lat' dir='ltr'>est,</span> <span class='ocrx_word' id='word_1_74' title='bbox 602 615 673 650; x_wconf 85' lang='lat' dir='ltr'>quia</span> <span class='ocrx_word' id='word_1_75' title='bbox 697 616 824 642; x_wconf 82' lang='lat' dir='ltr'>Joannes</span> <span class='ocrx_word' id='word_1_76' title='bbox 845 616 931 641; x_wconf 65' lang='lat' dir='ltr'>tantae</span> 
     </span>
     <span class='ocr_line' id='line_1_11' title="bbox 161 661 932 697; baseline -0.001 -8"><span class='ocrx_word' id='word_1_77' title='bbox 161 663 213 690; x_wconf 86' lang='lat' dir='ltr'>fuit</span> <span class='ocrx_word' id='word_1_78' title='bbox 227 662 392 697; x_wconf 86' lang='lat' dir='ltr'>opinionis,</span> <span class='ocrx_word' id='word_1_79' title='bbox 411 664 439 689; x_wconf 89' lang='lat' dir='ltr'>et</span> <span class='ocrx_word' id='word_1_80' title='bbox 454 664 538 689; x_wconf 60' lang='lat' dir='ltr'>tantas</span> <span class='ocrx_word' id='word_1_81' title='bbox 553 661 730 689; x_wconf 58' lang='lat' dir='ltr'>excellentias</span> <span class='ocrx_word' id='word_1_82' title='bbox 751 663 827 695; x_wconf 89' lang='lat' dir='ltr'>erat,</span> <span class='ocrx_word' id='word_1_83' title='bbox 849 661 932 696; x_wconf 88' lang='lat' dir='ltr'>quod</span> 
     </span>
     <span class='ocr_line' id='line_1_12' title="bbox 162 708 933 743; baseline -0.005 -6"><span class='ocrx_word' id='word_1_84' title='bbox 162 718 179 736; x_wconf 87' lang='lat' dir='ltr'>a</span> <span class='ocrx_word' id='word_1_85' title='bbox 197 709 304 737; x_wconf 75' lang='lat' dir='ltr'>Judaeis</span> <span class='ocrx_word' id='word_1_86' title='bbox 326 708 525 736; x_wconf 82' lang='lat' dir='ltr'>aestimabatur</span> <span class='ocrx_word' id='word_1_87' title='bbox 544 716 606 735; x_wconf 86' lang='lat' dir='ltr'>esse</span> <span class='ocrx_word' id='word_1_88' title='bbox 634 708 761 737; x_wconf 84' lang='lat' dir='ltr'>Christus</span> <span class='ocrx_word' id='word_1_89' title='bbox 775 729 782 741; x_wconf 93' lang='lat'>,</span> <span class='ocrx_word' id='word_1_90' title='bbox 803 709 835 734; x_wconf 86' lang='lat' dir='ltr'>ut</span> <span class='ocrx_word' id='word_1_91' title='bbox 854 709 933 743; x_wconf 88' lang='lat' dir='ltr'>patet</span> 
     </span>
     <span class='ocr_line' id='line_1_13' title="bbox 162 754 934 791; baseline -0.003 -9"><span class='ocrx_word' id='word_1_92' title='bbox 162 763 251 791; x_wconf 89' lang='lat' dir='ltr'>supra</span> <span class='ocrx_word' id='word_1_93' title='bbox 264 757 274 772; x_wconf 77' lang='lat'><strong>³</strong></span> <span class='ocrx_word' id='word_1_94' title='bbox 291 764 296 782; x_wconf 94' lang='lat'>:</span> <span class='ocrx_word' id='word_1_95' title='bbox 313 755 365 782; x_wconf 87' lang='lat' dir='ltr'>sed</span> <span class='ocrx_word' id='word_1_96' title='bbox 380 755 403 782; x_wconf 86' lang='lat' dir='ltr'>si</span> <span class='ocrx_word' id='word_1_97' title='bbox 417 755 517 782; x_wconf 80' lang='lat' dir='ltr'>fuisset</span> <span class='ocrx_word' id='word_1_98' title='bbox 531 755 557 782; x_wconf 93' lang='lat' dir='ltr'>ci</span> <span class='ocrx_word' id='word_1_99' title='bbox 573 754 675 782; x_wconf 89' lang='lat' dir='ltr'>datum</span> <span class='ocrx_word' id='word_1_100' title='bbox 690 754 784 782; x_wconf 85' lang='lat' dir='ltr'>facere</span> <span class='ocrx_word' id='word_1_101' title='bbox 807 754 891 789; x_wconf 86' lang='lat' dir='ltr'>signa</span> <span class='ocrx_word' id='word_1_102' title='bbox 906 756 934 781; x_wconf 91' lang='lat' dir='ltr'>et</span> 
     </span>
     <span class='ocr_line' id='line_1_14' title="bbox 162 800 932 836; baseline -0.003 -7"><span class='ocrx_word' id='word_1_103' title='bbox 162 802 325 836; x_wconf 86' lang='lat' dir='ltr'>miracula,</span> <span class='ocrx_word' id='word_1_104' title='bbox 350 802 442 829; x_wconf 88' lang='lat' dir='ltr'>multo</span> <span class='ocrx_word' id='word_1_105' title='bbox 467 801 560 836; x_wconf 84' lang='lat' dir='ltr'>magis</span> <span class='ocrx_word' id='word_1_106' title='bbox 584 801 749 828; x_wconf 78' lang='lat' dir='ltr'>crederetur</span> <span class='ocrx_word' id='word_1_107' title='bbox 771 809 831 828; x_wconf 85' lang='lat' dir='ltr'>esse</span> <span class='ocrx_word' id='word_1_108' title='bbox 850 800 932 829; x_wconf 90' lang='lat' dir='ltr'>Chri-</span> 
     </span>
     <span class='ocr_line' id='line_1_15' title="bbox 163 848 933 885; baseline -0.004 -8"><span class='ocrx_word' id='word_1_109' title='bbox 163 853 222 877; x_wconf 85' lang='lat' dir='ltr'>stus</span> <span class='ocrx_word' id='word_1_110' title='bbox 247 850 319 883; x_wconf 80' lang='lat' dir='ltr'>Quia</span> <span class='ocrx_word' id='word_1_111' title='bbox 328 858 397 885; x_wconf 85' lang='lat' dir='ltr'>ergo</span> <span class='ocrx_word' id='word_1_112' title='bbox 408 849 461 876; x_wconf 81' lang='lat' dir='ltr'>fuit</span> <span class='ocrx_word' id='word_1_113' title='bbox 472 849 592 876; x_wconf 85' lang='lat' dir='ltr'>lucerna</span> <span class='ocrx_word' id='word_1_114' title='bbox 606 851 672 875; x_wconf 88' lang='lat' dir='ltr'>ante</span> <span class='ocrx_word' id='word_1_115' title='bbox 682 848 786 880; x_wconf 86' lang='lat' dir='ltr'>solem,</span> <span class='ocrx_word' id='word_1_116' title='bbox 799 850 825 874; x_wconf 91' lang='lat' dir='ltr'>et</span> <span class='ocrx_word' id='word_1_117' title='bbox 838 855 933 883; x_wconf 68' lang='lat' dir='ltr'>praeco</span> 
     </span>
     <span class='ocr_line' id='line_1_16' title="bbox 164 895 935 931; baseline -0.004 -7"><span class='ocrx_word' id='word_1_118' title='bbox 164 899 229 924; x_wconf 87' lang='lat' dir='ltr'>ante</span> <span class='ocrx_word' id='word_1_119' title='bbox 243 905 357 931; x_wconf 83' lang='lat' dir='ltr'>regem,</span> <span class='ocrx_word' id='word_1_120' title='bbox 373 898 400 923; x_wconf 91' lang='lat' dir='ltr'>et</span> <span class='ocrx_word' id='word_1_121' title='bbox 412 903 576 931; x_wconf 68' lang='lat' dir='ltr'>prrecursor</span> <span class='ocrx_word' id='word_1_122' title='bbox 591 897 657 922; x_wconf 87' lang='lat' dir='ltr'>ante</span> <span class='ocrx_word' id='word_1_123' title='bbox 670 895 819 929; x_wconf 85' lang='lat' dir='ltr'>judicem,</span> <span class='ocrx_word' id='word_1_124' title='bbox 832 896 859 922; x_wconf 88' lang='lat' dir='ltr'>ct</span> <span class='ocrx_word' id='word_1_125' title='bbox 875 902 935 921; x_wconf 78' lang='lat' dir='ltr'>vox</span> 
     </span>
     <span class='ocr_line' id='line_1_17' title="bbox 165 941 936 977; baseline -0.004 -7"><span class='ocrx_word' id='word_1_126' title='bbox 165 945 230 970; x_wconf 88' lang='lat' dir='ltr'>ante</span> <span class='ocrx_word' id='word_1_127' title='bbox 245 943 388 976; x_wconf 83' lang='lat' dir='ltr'>Verbum,</span> <span class='ocrx_word' id='word_1_128' title='bbox 404 942 582 970; x_wconf 74' lang='lat' dir='ltr'>conveniens</span> <span class='ocrx_word' id='word_1_129' title='bbox 603 941 657 969; x_wconf 79' lang='lat' dir='ltr'>fuit</span> <span class='ocrx_word' id='word_1_130' title='bbox 680 941 762 977; x_wconf 88' lang='lat' dir='ltr'>quod</span> <span class='ocrx_word' id='word_1_131' title='bbox 779 941 840 976; x_wconf 87' lang='lat' dir='ltr'>ipse</span> <span class='ocrx_word' id='word_1_132' title='bbox 862 942 936 968; x_wconf 84' lang='lat' dir='ltr'>esset</span> 
     </span>
     <span class='ocr_line' id='line_1_18' title="bbox 166 987 936 1022; baseline -0.003 -6"><span class='ocrx_word' id='word_1_133' title='bbox 166 989 242 1016; x_wconf 87' lang='lat' dir='ltr'>testis</span> <span class='ocrx_word' id='word_1_134' title='bbox 255 989 351 1017; x_wconf 88' lang='lat' dir='ltr'>fidelis</span> <span class='ocrx_word' id='word_1_135' title='bbox 365 989 496 1016; x_wconf 90' lang='lat' dir='ltr'>eminens</span> <span class='ocrx_word' id='word_1_136' title='bbox 511 989 540 1015; x_wconf 91' lang='lat' dir='ltr'>in</span> <span class='ocrx_word' id='word_1_137' title='bbox 555 988 620 1016; x_wconf 64' lang='lat' dir='ltr'>vitre</span> <span class='ocrx_word' id='word_1_138' title='bbox 641 988 805 1022; x_wconf 77' lang='lat' dir='ltr'>sanctitate,</span> <span class='ocrx_word' id='word_1_139' title='bbox 828 987 936 1015; x_wconf 59' lang='lat' dir='ltr'>doctri&lt;</span> 
     </span>
     <span class='ocr_line' id='line_1_19' title="bbox 165 1035 937 1071; baseline -0.003 -9"><span class='ocrx_word' id='word_1_140' title='bbox 165 1044 211 1063; x_wconf 69' lang='lat' dir='ltr'>nae</span> <span class='ocrx_word' id='word_1_141' title='bbox 230 1035 348 1063; x_wconf 82' lang='lat' dir='ltr'>veritate</span> <span class='ocrx_word' id='word_1_142' title='bbox 361 1056 369 1070; x_wconf 91' lang='lat'>,</span> <span class='ocrx_word' id='word_1_143' title='bbox 387 1035 555 1071; x_wconf 86' lang='lat' dir='ltr'>baptizandi</span> <span class='ocrx_word' id='word_1_144' title='bbox 570 1043 624 1062; x_wconf 89' lang='lat' dir='ltr'>suo</span> <span class='ocrx_word' id='word_1_145' title='bbox 645 1035 819 1070; x_wconf 85' lang='lat' dir='ltr'>baptismate</span> <span class='ocrx_word' id='word_1_146' title='bbox 836 1035 937 1061; x_wconf 92' lang='lat' dir='ltr'>aucto-</span> 
     </span>
     <span class='ocr_line' id='line_1_20' title="bbox 166 1080 938 1117; baseline -0.004 -7"><span class='ocrx_word' id='word_1_147' title='bbox 166 1083 259 1116; x_wconf 83' lang='lat' dir='ltr'>ritate,</span> <span class='ocrx_word' id='word_1_148' title='bbox 274 1083 475 1117; x_wconf 73' lang='lat' dir='ltr'>praenuntians</span> <span class='ocrx_word' id='word_1_149' title='bbox 490 1082 627 1109; x_wconf 82' lang='lat' dir='ltr'>virtutem</span> <span class='ocrx_word' id='word_1_150' title='bbox 643 1083 669 1108; x_wconf 88' lang='lat' dir='ltr'>et</span> <span class='ocrx_word' id='word_1_151' title='bbox 688 1083 859 1116; x_wconf 87' lang='lat' dir='ltr'>potestatem</span> <span class='ocrx_word' id='word_1_152' title='bbox 875 1080 938 1107; x_wconf 81' lang='lat' dir='ltr'>Filii</span> 
     </span>
     <span class='ocr_line' id='line_1_21' title="bbox 168 1127 939 1163; baseline -0.004 -7"><span class='ocrx_word' id='word_1_153' title='bbox 168 1129 216 1156; x_wconf 89' lang='lat' dir='ltr'>Dei</span> <span class='ocrx_word' id='word_1_154' title='bbox 230 1129 355 1156; x_wconf 90' lang='lat' dir='ltr'>venturi.</span> <span class='ocrx_word' id='word_1_155' title='bbox 372 1131 403 1156; x_wconf 86' lang='lat' dir='ltr'>Et</span> <span class='ocrx_word' id='word_1_156' title='bbox 418 1128 455 1156; x_wconf 87' lang='lat' dir='ltr'>ad</span> <span class='ocrx_word' id='word_1_157' title='bbox 471 1128 564 1162; x_wconf 82' lang='lat' dir='ltr'>istud,</span> <span class='ocrx_word' id='word_1_158' title='bbox 580 1127 662 1163; x_wconf 87' lang='lat' dir='ltr'>quod</span> <span class='ocrx_word' id='word_1_159' title='bbox 677 1127 815 1162; x_wconf 88' lang='lat' dir='ltr'>objicitur</span> <span class='ocrx_word' id='word_1_160' title='bbox 830 1127 866 1154; x_wconf 85' lang='lat' dir='ltr'>de</span> <span class='ocrx_word' id='word_1_161' title='bbox 881 1127 939 1153; x_wconf 90' lang='lat' dir='ltr'>dis-</span> 
     </span>
     <span class='ocr_line' id='line_1_22' title="bbox 168 1173 939 1211; baseline -0.001 -10"><span class='ocrx_word' id='word_1_162' title='bbox 168 1175 272 1211; x_wconf 88' lang='lat' dir='ltr'>cipulis</span> <span class='ocrx_word' id='word_1_163' title='bbox 286 1197 293 1209; x_wconf 91' lang='lat'>,</span> <span class='ocrx_word' id='word_1_164' title='bbox 314 1174 557 1211; x_wconf 85' lang='lat' dir='ltr'>respondendum</span> <span class='ocrx_word' id='word_1_165' title='bbox 577 1176 633 1208; x_wconf 86' lang='lat' dir='ltr'>est,</span> <span class='ocrx_word' id='word_1_166' title='bbox 657 1173 740 1209; x_wconf 87' lang='lat' dir='ltr'>quod</span> <span class='ocrx_word' id='word_1_167' title='bbox 766 1173 820 1209; x_wconf 85' lang='lat' dir='ltr'>ipsi</span> <span class='ocrx_word' id='word_1_168' title='bbox 847 1173 939 1201; x_wconf 81' lang='lat' dir='ltr'>secuti</span> 
     </span>
     <span class='ocr_line' id='line_1_23' title="bbox 170 1220 940 1257; baseline -0.005 -8"><span class='ocrx_word' id='word_1_169' title='bbox 170 1224 237 1249; x_wconf 81' lang='lat' dir='ltr'>sunt</span> <span class='ocrx_word' id='word_1_170' title='bbox 251 1222 395 1249; x_wconf 77' lang='lat' dir='ltr'>Christum</span> <span class='ocrx_word' id='word_1_171' title='bbox 407 1243 415 1256; x_wconf 94' lang='lat'>,</span> <span class='ocrx_word' id='word_1_172' title='bbox 432 1227 459 1249; x_wconf 86' lang='lat' dir='ltr'>et</span> <span class='ocrx_word' id='word_1_173' title='bbox 477 1224 543 1257; x_wconf 85' lang='lat' dir='ltr'>post</span> <span class='ocrx_word' id='word_1_174' title='bbox 564 1220 707 1248; x_wconf 86' lang='lat' dir='ltr'>miracula</span> <span class='ocrx_word' id='word_1_175' title='bbox 727 1220 834 1255; x_wconf 75' lang='lat' dir='ltr'>ipsius,</span> <span class='ocrx_word' id='word_1_176' title='bbox 857 1220 940 1254; x_wconf 84' lang='lat' dir='ltr'>signa</span> 
     </span>
     <span class='ocr_line' id='line_1_24' title="bbox 171 1266 941 1305; baseline -0.004 -9"><span class='ocrx_word' id='word_1_177' title='bbox 171 1270 226 1305; x_wconf 82' lang='lat' dir='ltr'>ipsi</span> <span class='ocrx_word' id='word_1_178' title='bbox 241 1270 370 1296; x_wconf 85' lang='lat' dir='ltr'>fecerunt</span> <span class='ocrx_word' id='word_1_179' title='bbox 384 1269 414 1296; x_wconf 88' lang='lat' dir='ltr'>in</span> <span class='ocrx_word' id='word_1_180' title='bbox 428 1268 548 1296; x_wconf 91' lang='lat' dir='ltr'>nomine</span> <span class='ocrx_word' id='word_1_181' title='bbox 564 1268 641 1302; x_wconf 82' lang='lat' dir='ltr'>ejus,</span> <span class='ocrx_word' id='word_1_182' title='bbox 657 1269 829 1303; x_wconf 81' lang='lat' dir='ltr'>potestatem</span> <span class='ocrx_word' id='word_1_183' title='bbox 849 1266 941 1302; x_wconf 89' lang='lat' dir='ltr'>ipsius</span> 
     </span>
     <span class='ocr_line' id='line_1_25' title="bbox 172 1313 942 1350; baseline -0.004 -7"><span class='ocrx_word' id='word_1_184' title='bbox 172 1319 198 1344; x_wconf 88' lang='lat' dir='ltr'>et</span> <span class='ocrx_word' id='word_1_185' title='bbox 208 1317 343 1343; x_wconf 80' lang='lat' dir='ltr'>virtutem</span> <span class='ocrx_word' id='word_1_186' title='bbox 353 1323 469 1350; x_wconf 82' lang='lat' dir='ltr'>semper</span> <span class='ocrx_word' id='word_1_187' title='bbox 479 1316 670 1350; x_wconf 76' lang='lat' dir='ltr'>protestantes</span> <span class='ocrx_word' id='word_1_188' title='bbox 678 1335 685 1347; x_wconf 92' lang='lat'>,</span> <span class='ocrx_word' id='word_1_189' title='bbox 697 1316 724 1340; x_wconf 90' lang='lat' dir='ltr'>ct</span> <span class='ocrx_word' id='word_1_190' title='bbox 737 1313 942 1341; x_wconf 86' lang='lat' dir='ltr'>denuntiantes</span> 
     </span>
     <span class='ocr_line' id='line_1_26' title="bbox 172 1359 942 1397; baseline -0.004 -8"><span class='ocrx_word' id='word_1_191' title='bbox 172 1363 316 1390; x_wconf 86' lang='lat' dir='ltr'>honorem</span> <span class='ocrx_word' id='word_1_192' title='bbox 331 1362 387 1389; x_wconf 86' lang='lat' dir='ltr'>sibi</span> <span class='ocrx_word' id='word_1_193' title='bbox 402 1369 518 1397; x_wconf 86' lang='lat' dir='ltr'>semper</span> <span class='ocrx_word' id='word_1_194' title='bbox 533 1363 560 1388; x_wconf 90' lang='lat' dir='ltr'>et</span> <span class='ocrx_word' id='word_1_195' title='bbox 575 1360 776 1388; x_wconf 84' lang='lat' dir='ltr'>auctoritatem</span> <span class='ocrx_word' id='word_1_196' title='bbox 791 1359 847 1387; x_wconf 83' lang='lat' dir='ltr'>sibi</span> <span class='ocrx_word' id='word_1_197' title='bbox 865 1360 942 1387; x_wconf 89' lang='lat' dir='ltr'>attri-</span> 
     </span>
     <span class='ocr_line' id='line_1_27' title="bbox 172 1406 943 1443; baseline -0.004 -7"><span class='ocrx_word' id='word_1_198' title='bbox 172 1410 313 1443; x_wconf 82' lang='lat' dir='ltr'>buentes3</span> <span class='ocrx_word' id='word_1_199' title='bbox 336 1416 391 1436; x_wconf 88' lang='lat' dir='ltr'>nec</span> <span class='ocrx_word' id='word_1_200' title='bbox 411 1408 447 1435; x_wconf 90' lang='lat' dir='ltr'>de</span> <span class='ocrx_word' id='word_1_201' title='bbox 464 1408 564 1443; x_wconf 89' lang='lat' dir='ltr'>aliquo</span> <span class='ocrx_word' id='word_1_202' title='bbox 587 1415 690 1434; x_wconf 88' lang='lat' dir='ltr'>corum</span> <span class='ocrx_word' id='word_1_203' title='bbox 705 1406 758 1434; x_wconf 85' lang='lat' dir='ltr'>fuit</span> <span class='ocrx_word' id='word_1_204' title='bbox 779 1408 859 1434; x_wconf 84' lang='lat' dir='ltr'>tanta</span> <span class='ocrx_word' id='word_1_205' title='bbox 879 1407 943 1442; x_wconf 93' lang='lat' dir='ltr'>opi—</span> 
     </span>
     <span class='ocr_line' id='line_1_28' title="bbox 172 1453 944 1492; baseline -0.005 -8"><span class='ocrx_word' id='word_1_206' title='bbox 172 1457 222 1484; x_wconf 91' lang='lat' dir='ltr'>nio</span> <span class='ocrx_word' id='word_1_207' title='bbox 234 1477 242 1490; x_wconf 90' lang='lat'>,</span> <span class='ocrx_word' id='word_1_208' title='bbox 262 1455 345 1492; x_wconf 89' lang='lat' dir='ltr'>quod</span> <span class='ocrx_word' id='word_1_209' title='bbox 361 1458 433 1483; x_wconf 87' lang='lat' dir='ltr'>esset</span> <span class='ocrx_word' id='word_1_210' title='bbox 449 1455 594 1488; x_wconf 86' lang='lat' dir='ltr'>Christus,</span> <span class='ocrx_word' id='word_1_211' title='bbox 612 1454 685 1481; x_wconf 88' lang='lat' dir='ltr'>sicut</span> <span class='ocrx_word' id='word_1_212' title='bbox 709 1453 745 1481; x_wconf 90' lang='lat' dir='ltr'>de</span> <span class='ocrx_word' id='word_1_213' title='bbox 766 1455 888 1481; x_wconf 87' lang='lat' dir='ltr'>Joaune.</span> <span class='ocrx_word' id='word_1_214' title='bbox 911 1455 944 1481; x_wconf 89' lang='lat' dir='ltr'>Et</span> 
     </span>
     <span class='ocr_line' id='line_1_29' title="bbox 173 1500 944 1537; baseline -0.003 -7"><span class='ocrx_word' id='word_1_215' title='bbox 173 1503 212 1531; x_wconf 86' lang='lat' dir='ltr'>ad</span> <span class='ocrx_word' id='word_1_216' title='bbox 227 1503 309 1530; x_wconf 87' lang='lat' dir='ltr'>aliud</span> <span class='ocrx_word' id='word_1_217' title='bbox 327 1501 584 1537; x_wconf 85' lang='lat' dir='ltr'>respondendum,</span> <span class='ocrx_word' id='word_1_218' title='bbox 601 1501 683 1536; x_wconf 90' lang='lat' dir='ltr'>quod</span> <span class='ocrx_word' id='word_1_219' title='bbox 699 1500 791 1527; x_wconf 80' lang='lat' dir='ltr'>virtus</span> <span class='ocrx_word' id='word_1_220' title='bbox 806 1500 872 1527; x_wconf 74' lang='lat' dir='ltr'>Elice</span> <span class='ocrx_word' id='word_1_221' title='bbox 890 1500 944 1528; x_wconf 84' lang='lat' dir='ltr'>suit</span> 
     </span>
     <span class='ocr_line' id='line_1_30' title="bbox 173 1546 943 1581; baseline -0.005 -4"><span class='ocrx_word' id='word_1_222' title='bbox 173 1551 202 1577; x_wconf 89' lang='lat' dir='ltr'>in</span> <span class='ocrx_word' id='word_1_223' title='bbox 218 1550 376 1577; x_wconf 85' lang='lat' dir='ltr'>eminentia</span> <span class='ocrx_word' id='word_1_224' title='bbox 387 1549 453 1576; x_wconf 67' lang='lat' dir='ltr'>vitae</span> <span class='ocrx_word' id='word_1_225' title='bbox 466 1550 493 1575; x_wconf 89' lang='lat' dir='ltr'>et</span> <span class='ocrx_word' id='word_1_226' title='bbox 507 1548 683 1580; x_wconf 80' lang='lat' dir='ltr'>austeritate,</span> <span class='ocrx_word' id='word_1_227' title='bbox 695 1547 724 1573; x_wconf 93' lang='lat' dir='ltr'>in</span> <span class='ocrx_word' id='word_1_228' title='bbox 739 1546 802 1574; x_wconf 89' lang='lat' dir='ltr'>zelo</span> <span class='ocrx_word' id='word_1_229' title='bbox 815 1546 943 1581; x_wconf 70' lang='lat' dir='ltr'>Justitife,</span> 
     </span>
     <span class='ocr_line' id='line_1_31' title="bbox 173 1592 944 1624; baseline -0.006 0"><span class='ocrx_word' id='word_1_230' title='bbox 173 1597 203 1624; x_wconf 91' lang='lat' dir='ltr'>in</span> <span class='ocrx_word' id='word_1_231' title='bbox 216 1596 335 1623; x_wconf 88' lang='lat' dir='ltr'>veritate</span> <span class='ocrx_word' id='word_1_232' title='bbox 352 1598 378 1623; x_wconf 87' lang='lat' dir='ltr'>et</span> <span class='ocrx_word' id='word_1_233' title='bbox 393 1596 497 1622; x_wconf 86' lang='lat' dir='ltr'>virtute</span> <span class='ocrx_word' id='word_1_234' title='bbox 514 1594 663 1622; x_wconf 74' lang='lat' dir='ltr'>doctrinae.</span> <span class='ocrx_word' id='word_1_235' title='bbox 677 1593 831 1621; x_wconf 79' lang='lat' dir='ltr'>«Surrexit</span> <span class='ocrx_word' id='word_1_236' title='bbox 845 1592 924 1620; x_wconf 89' lang='lat' dir='ltr'>enim</span> <span class='ocrx_word' id='word_1_237' title='bbox 935 1593 944 1609; x_wconf 49' lang='grc' dir='ltr'>θ</span> 
     </span>
     <span class='ocr_line' id='line_1_32' title="bbox 173 1639 945 1678; baseline -0.008 -7"><span class='ocrx_word' id='word_1_238' title='bbox 173 1643 248 1671; x_wconf 87' lang='lat' dir='ltr'>Elias</span> <span class='ocrx_word' id='word_1_239' title='bbox 263 1642 347 1678; x_wconf 82' lang='lat' dir='ltr'>quasi</span> <span class='ocrx_word' id='word_1_240' title='bbox 361 1642 451 1676; x_wconf 84' lang='lat' dir='ltr'>ignis,</span> <span class='ocrx_word' id='word_1_241' title='bbox 467 1643 494 1668; x_wconf 89' lang='lat' dir='ltr'>et</span> <span class='ocrx_word' id='word_1_242' title='bbox 507 1641 633 1668; x_wconf 84' lang='lat' dir='ltr'>verbum</span> <span class='ocrx_word' id='word_1_243' title='bbox 649 1640 726 1667; x_wconf 90' lang='lat' dir='ltr'>illius</span> <span class='ocrx_word' id='word_1_244' title='bbox 747 1639 832 1675; x_wconf 84' lang='lat' dir='ltr'>quasi</span> <span class='ocrx_word' id='word_1_245' title='bbox 847 1639 945 1666; x_wconf 82' lang='lat' dir='ltr'>facula</span> 
     </span>
     <span class='ocr_line' id='line_1_33' title="bbox 174 1686 944 1723; baseline -0.005 -7"><span class='ocrx_word' id='word_1_246' title='bbox 174 1689 330 1717; x_wconf 77' lang='lat' dir='ltr'>ardebat.»</span> <span class='ocrx_word' id='word_1_247' title='bbox 349 1690 380 1715; x_wconf 87' lang='lat' dir='ltr'>Et</span> <span class='ocrx_word' id='word_1_248' title='bbox 396 1688 425 1715; x_wconf 90' lang='lat' dir='ltr'>in</span> <span class='ocrx_word' id='word_1_249' title='bbox 441 1688 543 1723; x_wconf 88' lang='lat' dir='ltr'>spiritu</span> <span class='ocrx_word' id='word_1_250' title='bbox 558 1687 625 1714; x_wconf 58' lang='lat' dir='ltr'>Elia}</span> <span class='ocrx_word' id='word_1_251' title='bbox 641 1686 724 1713; x_wconf 85' lang='lat' dir='ltr'>dictis</span> <span class='ocrx_word' id='word_1_252' title='bbox 739 1686 837 1713; x_wconf 88' lang='lat' dir='ltr'>modis</span> <span class='ocrx_word' id='word_1_253' title='bbox 857 1686 944 1712; x_wconf 85' lang='lat' dir='ltr'>Joan-</span> 
     </span>
     <span class='ocr_line' id='line_1_34' title="bbox 174 1732 944 1771; baseline -0.006 -8"><span class='ocrx_word' id='word_1_254' title='bbox 174 1744 225 1763; x_wconf 88' lang='lat' dir='ltr'>nes</span> <span class='ocrx_word' id='word_1_255' title='bbox 239 1735 393 1771; x_wconf 75' lang='lat' dir='ltr'>prreccssit.</span> <span class='ocrx_word' id='word_1_256' title='bbox 415 1736 485 1762; x_wconf 85' lang='lat' dir='ltr'>Item</span> <span class='ocrx_word' id='word_1_257' title='bbox 500 1734 552 1761; x_wconf 81' lang='lat' dir='ltr'>fuit</span> <span class='ocrx_word' id='word_1_258' title='bbox 568 1733 684 1769; x_wconf 77' lang='lat' dir='ltr'>spiritus</span> <span class='ocrx_word' id='word_1_259' title='bbox 706 1732 773 1760; x_wconf 76' lang='lat' dir='ltr'>Eliae</span> <span class='ocrx_word' id='word_1_260' title='bbox 792 1732 822 1759; x_wconf 90' lang='lat' dir='ltr'>in</span> <span class='ocrx_word' id='word_1_261' title='bbox 836 1732 944 1759; x_wconf 82' lang='lat' dir='ltr'>facien-</span> 
     </span>
     <span class='ocr_line' id='line_1_35' title="bbox 176 1778 945 1816; baseline -0.005 -7"><span class='ocrx_word' id='word_1_262' title='bbox 176 1783 214 1810; x_wconf 89' lang='lat' dir='ltr'>do</span> <span class='ocrx_word' id='word_1_263' title='bbox 226 1804 234 1815; x_wconf 89' lang='lat'>,</span> <span class='ocrx_word' id='word_1_264' title='bbox 249 1782 316 1809; x_wconf 88' lang='lat' dir='ltr'>etin</span> <span class='ocrx_word' id='word_1_265' title='bbox 331 1781 380 1809; x_wconf 87' lang='lat' dir='ltr'>tali</span> <span class='ocrx_word' id='word_1_266' title='bbox 396 1781 498 1816; x_wconf 85' lang='lat' dir='ltr'>spiritu</span> <span class='ocrx_word' id='word_1_267' title='bbox 512 1788 573 1808; x_wconf 91' lang='lat' dir='ltr'>non</span> <span class='ocrx_word' id='word_1_268' title='bbox 588 1779 733 1816; x_wconf 69' lang='lat' dir='ltr'>praecessit</span> <span class='ocrx_word' id='word_1_269' title='bbox 746 1780 868 1814; x_wconf 82' lang='lat' dir='ltr'>propter</span> <span class='ocrx_word' id='word_1_270' title='bbox 883 1778 945 1805; x_wconf 88' lang='lat' dir='ltr'>dic-</span> 
     </span>
     <span class='ocr_line' id='line_1_36' title="bbox 175 1825 944 1863; baseline -0.007 -7"><span class='ocrx_word' id='word_1_271' title='bbox 175 1831 234 1856; x_wconf 86' lang='lat' dir='ltr'>tam</span> <span class='ocrx_word' id='word_1_272' title='bbox 247 1829 400 1856; x_wconf 87' lang='lat' dir='ltr'>rationem.</span> <span class='ocrx_word' id='word_1_273' title='bbox 410 1830 465 1855; x_wconf 82' lang='lat' dir='ltr'>Nec</span> <span class='ocrx_word' id='word_1_274' title='bbox 477 1827 608 1863; x_wconf 80' lang='lat' dir='ltr'>sequitur</span> <span class='ocrx_word' id='word_1_275' title='bbox 619 1826 701 1862; x_wconf 89' lang='lat' dir='ltr'>quod</span> <span class='ocrx_word' id='word_1_276' title='bbox 714 1826 841 1852; x_wconf 79' lang='lat' dir='ltr'>smctior</span> <span class='ocrx_word' id='word_1_277' title='bbox 853 1825 944 1852; x_wconf 92' lang='lat' dir='ltr'>homo</span> 
     </span>
     <span class='ocr_line' id='line_1_37' title="bbox 175 1872 944 1911; baseline -0.005 -9"><span class='ocrx_word' id='word_1_278' title='bbox 175 1876 242 1903; x_wconf 79' lang='lat' dir='ltr'>facit</span> <span class='ocrx_word' id='word_1_279' title='bbox 256 1875 342 1911; x_wconf 87' lang='lat' dir='ltr'>plura</span> <span class='ocrx_word' id='word_1_280' title='bbox 356 1875 440 1910; x_wconf 84' lang='lat' dir='ltr'>signa</span> <span class='ocrx_word' id='word_1_281' title='bbox 454 1884 461 1900; x_wconf 90' lang='lat'>:</span> <span class='ocrx_word' id='word_1_282' title='bbox 477 1874 558 1909; x_wconf 81' lang='lat' dir='ltr'>quia,</span> <span class='ocrx_word' id='word_1_283' title='bbox 572 1876 603 1900; x_wconf 90' lang='lat' dir='ltr'>ut</span> <span class='ocrx_word' id='word_1_284' title='bbox 619 1873 657 1900; x_wconf 87' lang='lat' dir='ltr'>ait</span> <span class='ocrx_word' id='word_1_285' title='bbox 673 1872 829 1907; x_wconf 86' lang='lat' dir='ltr'>Gregorius</span> <span class='ocrx_word' id='word_1_286' title='bbox 839 1872 859 1905; x_wconf 81' lang='lat'>⁵,</span> <span class='ocrx_word' id='word_1_287' title='bbox 875 1879 944 1906; x_wconf 89' lang='lat' dir='ltr'>pro-</span> 
     </span>
     <span class='ocr_line' id='line_1_38' title="bbox 176 1917 947 1954; baseline -0.008 -5"><span class='ocrx_word' id='word_1_288' title='bbox 176 1922 256 1949; x_wconf 83' lang='lat' dir='ltr'>batio</span> <span class='ocrx_word' id='word_1_289' title='bbox 267 1921 425 1948; x_wconf 79' lang='lat' dir='ltr'>sanctitatis</span> <span class='ocrx_word' id='word_1_290' title='bbox 435 1928 495 1947; x_wconf 93' lang='lat' dir='ltr'>non</span> <span class='ocrx_word' id='word_1_291' title='bbox 511 1922 553 1947; x_wconf 90' lang='lat' dir='ltr'>est</span> <span class='ocrx_word' id='word_1_292' title='bbox 567 1919 651 1954; x_wconf 72' lang='lat' dir='ltr'>signa</span> <span class='ocrx_word' id='word_1_293' title='bbox 661 1919 766 1951; x_wconf 84' lang='lat' dir='ltr'>facere,</span> <span class='ocrx_word' id='word_1_294' title='bbox 776 1917 828 1945; x_wconf 87' lang='lat' dir='ltr'>sed</span> <span class='ocrx_word' id='word_1_295' title='bbox 841 1925 947 1944; x_wconf 86' lang='lat' dir='ltr'>unum-</span> 
     </span>
     <span class='ocr_line' id='line_1_39' title="bbox 177 1964 946 2004; baseline -0.01 -7"><span class='ocrx_word' id='word_1_296' title='bbox 177 1976 323 2004; x_wconf 79' lang='lat' dir='ltr'>quemque</span> <span class='ocrx_word' id='word_1_297' title='bbox 344 1970 375 1995; x_wconf 89' lang='lat' dir='ltr'>ut</span> <span class='ocrx_word' id='word_1_298' title='bbox 389 1976 418 1995; x_wconf 88' lang='lat' dir='ltr'>se</span> <span class='ocrx_word' id='word_1_299' title='bbox 438 1967 559 2002; x_wconf 83' lang='lat' dir='ltr'>diligere</span> <span class='ocrx_word' id='word_1_300' title='bbox 579 1966 614 2000; x_wconf 81' lang='lat' dir='ltr'>(a)</span> <span class='ocrx_word' id='word_1_301' title='bbox 627 1986 635 1999; x_wconf 91' lang='lat'>,</span> <span class='ocrx_word' id='word_1_302' title='bbox 652 1965 688 1992; x_wconf 91' lang='lat' dir='ltr'>de</span> <span class='ocrx_word' id='word_1_303' title='bbox 710 1966 766 1992; x_wconf 86' lang='lat' dir='ltr'>Deo</span> <span class='ocrx_word' id='word_1_304' title='bbox 787 1967 885 1991; x_wconf 84' lang='lat' dir='ltr'>autem</span> <span class='ocrx_word' id='word_1_305' title='bbox 910 1964 946 1999; x_wconf 81' lang='lat' dir='ltr'>(b)</span> 
     </span>
     <span class='ocr_line' id='line_1_40' title="bbox 176 2010 946 2050; baseline -0.006 -7"><span class='ocrx_word' id='word_1_306' title='bbox 176 2023 244 2043; x_wconf 83' lang='lat' dir='ltr'>vera</span> <span class='ocrx_word' id='word_1_307' title='bbox 255 2035 262 2048; x_wconf 89' lang='lat'>,</span> <span class='ocrx_word' id='word_1_308' title='bbox 278 2015 315 2042; x_wconf 92' lang='lat' dir='ltr'>de</span> <span class='ocrx_word' id='word_1_309' title='bbox 330 2014 467 2050; x_wconf 77' lang='lat' dir='ltr'>proximo</span> <span class='ocrx_word' id='word_1_310' title='bbox 484 2020 553 2040; x_wconf 89' lang='lat' dir='ltr'>vero</span> <span class='ocrx_word' id='word_1_311' title='bbox 569 2012 692 2039; x_wconf 84' lang='lat' dir='ltr'>meliora</span> <span class='ocrx_word' id='word_1_312' title='bbox 705 2032 713 2044; x_wconf 92' lang='lat'>,</span> <span class='ocrx_word' id='word_1_313' title='bbox 736 2018 826 2046; x_wconf 83' lang='lat' dir='ltr'>quam</span> <span class='ocrx_word' id='word_1_314' title='bbox 843 2010 878 2037; x_wconf 89' lang='lat' dir='ltr'>de</span> <span class='ocrx_word' id='word_1_315' title='bbox 901 2018 946 2038; x_wconf 84' lang='lat' dir='ltr'>se-</span> 
     </span>
     <span class='ocr_line' id='line_1_41' title="bbox 177 2057 948 2096; baseline -0.006 -8"><span class='ocrx_word' id='word_1_316' title='bbox 177 2062 302 2096; x_wconf 86' lang='lat' dir='ltr'>metipso</span> <span class='ocrx_word' id='word_1_317' title='bbox 321 2061 425 2088; x_wconf 83' lang='lat' dir='ltr'>sentire</span> <span class='ocrx_word' id='word_1_318' title='bbox 438 2081 445 2094; x_wconf 91' lang='lat'>,</span> <span class='ocrx_word' id='word_1_319' title='bbox 472 2059 547 2086; x_wconf 84' lang='lat' dir='ltr'>infra</span> <span class='ocrx_word' id='word_1_320' title='bbox 562 2059 571 2075; x_wconf 66' lang='grc'><strong>6</strong></span> <span class='ocrx_word' id='word_1_321' title='bbox 588 2067 594 2085; x_wconf 87' lang='grc'>;</span> <span class='ocrx_word' id='word_1_322' title='bbox 615 2068 627 2083; x_wconf 71' lang='grc' dir='ltr'>ιι</span> <span class='ocrx_word' id='word_1_323' title='bbox 641 2060 672 2085; x_wconf 90' lang='lat' dir='ltr'>ln</span> <span class='ocrx_word' id='word_1_324' title='bbox 696 2057 753 2084; x_wconf 88' lang='lat' dir='ltr'>hoc</span> <span class='ocrx_word' id='word_1_325' title='bbox 769 2058 948 2092; x_wconf 80' lang='lat' dir='ltr'>cognoscent</span> 
     </span>
     <span class='ocr_line' id='line_1_42' title="bbox 178 2103 948 2143; baseline -0.009 -7"><span class='ocrx_word' id='word_1_326' title='bbox 178 2116 281 2135; x_wconf 86' lang='lat' dir='ltr'>omncs</span> <span class='ocrx_word' id='word_1_327' title='bbox 295 2108 364 2143; x_wconf 87' lang='lat' dir='ltr'>quia</span> <span class='ocrx_word' id='word_1_328' title='bbox 380 2106 437 2134; x_wconf 91' lang='lat' dir='ltr'>mei</span> <span class='ocrx_word' id='word_1_329' title='bbox 459 2105 596 2140; x_wconf 88' lang='lat' dir='ltr'>discipuli</span> <span class='ocrx_word' id='word_1_330' title='bbox 612 2104 696 2138; x_wconf 79' lang='lat' dir='ltr'>estis,</span> <span class='ocrx_word' id='word_1_331' title='bbox 719 2104 742 2130; x_wconf 92' lang='lat' dir='ltr'>si</span> <span class='ocrx_word' id='word_1_332' title='bbox 759 2103 948 2130; x_wconf 88' lang='lat' dir='ltr'>dilectionem</span> 
     </span>
     <span class='ocr_line' id='line_1_43' title="bbox 178 2149 949 2182; baseline -0.009 0"><span class='ocrx_word' id='word_1_333' title='bbox 178 2154 337 2182; x_wconf 79' lang='lat' dir='ltr'>habueritis</span> <span class='ocrx_word' id='word_1_334' title='bbox 362 2153 400 2180; x_wconf 90' lang='lat' dir='ltr'>ad</span> <span class='ocrx_word' id='word_1_335' title='bbox 425 2152 559 2179; x_wconf 88' lang='lat' dir='ltr'>invicem.</span> <span class='ocrx_word' id='word_1_336' title='bbox 583 2162 595 2176; x_wconf 70' lang='grc' dir='ltr'><strong>υ</strong></span> <span class='ocrx_word' id='word_1_337' title='bbox 621 2150 688 2178; x_wconf 91' lang='lat' dir='ltr'>ldeo</span> <span class='ocrx_word' id='word_1_338' title='bbox 715 2150 751 2177; x_wconf 90' lang='lat' dir='ltr'>de</span> <span class='ocrx_word' id='word_1_339' title='bbox 775 2149 949 2176; x_wconf 80' lang='lat' dir='ltr'>facientibus</span> 
     </span>
     <span class='ocr_line' id='line_1_44' title="bbox 179 2195 949 2235; baseline -0.006 -8"><span class='ocrx_word' id='word_1_340' title='bbox 179 2201 261 2235; x_wconf 78' lang='lat' dir='ltr'>signa</span> <span class='ocrx_word' id='word_1_341' title='bbox 275 2201 285 2217; x_wconf 73' lang='lat'><strong>⁷</strong></span> <span class='ocrx_word' id='word_1_342' title='bbox 302 2209 308 2226; x_wconf 90' lang='lat'><strong>:</strong></span> <span class='ocrx_word' id='word_1_343' title='bbox 328 2200 485 2233; x_wconf 79' lang='lat' dir='ltr'>«Quorum</span> <span class='ocrx_word' id='word_1_344' title='bbox 508 2198 600 2225; x_wconf 89' lang='lat' dir='ltr'>virtus</span> <span class='ocrx_word' id='word_1_345' title='bbox 626 2204 769 2224; x_wconf 89' lang='lat' dir='ltr'>manuum</span> <span class='ocrx_word' id='word_1_346' title='bbox 794 2198 854 2223; x_wconf 87' lang='lat' dir='ltr'>crat</span> <span class='ocrx_word' id='word_1_347' title='bbox 877 2195 949 2222; x_wconf 88' lang='lat' dir='ltr'>mihi</span> 
     </span>
     <span class='ocr_line' id='line_1_45' title="bbox 178 2242 948 2281; baseline -0.008 -7"><span class='ocrx_word' id='word_1_348' title='bbox 178 2254 232 2281; x_wconf 87' lang='lat' dir='ltr'>pro</span> <span class='ocrx_word' id='word_1_349' title='bbox 248 2246 351 2273; x_wconf 87' lang='lat' dir='ltr'>nihilo.</span> <span class='ocrx_word' id='word_1_350' title='bbox 364 2257 377 2272; x_wconf 66' lang='lat' dir='ltr'>s&gt;</span> <span class='ocrx_word' id='word_1_351' title='bbox 392 2246 433 2273; x_wconf 92' lang='lat' dir='ltr'>lbi</span> <span class='ocrx_word' id='word_1_352' title='bbox 449 2244 604 2279; x_wconf 81' lang='lat' dir='ltr'>Gregorius</span> <span class='ocrx_word' id='word_1_353' title='bbox 615 2244 636 2278; x_wconf 83' lang='lat'>⁸,</span> <span class='ocrx_word' id='word_1_354' title='bbox 653 2243 725 2270; x_wconf 91' lang='lat' dir='ltr'>sicut</span> <span class='ocrx_word' id='word_1_355' title='bbox 735 2250 823 2278; x_wconf 89' lang='lat' dir='ltr'>supra</span> <span class='ocrx_word' id='word_1_356' title='bbox 839 2242 948 2269; x_wconf 89' lang='lat' dir='ltr'>dictum</span> 
     </span>
     <span class='ocr_line' id='line_1_46' title="bbox 180 2288 950 2327; baseline -0.008 -7"><span class='ocrx_word' id='word_1_357' title='bbox 180 2295 240 2327; x_wconf 87' lang='lat' dir='ltr'>est,</span> <span class='ocrx_word' id='word_1_358' title='bbox 257 2293 292 2319; x_wconf 88' lang='lat' dir='ltr'>de</span> <span class='ocrx_word' id='word_1_359' title='bbox 308 2293 373 2319; x_wconf 86' lang='lat' dir='ltr'>hoc.</span> <span class='ocrx_word' id='word_1_360' title='bbox 391 2294 422 2319; x_wconf 86' lang='lat' dir='ltr'>Et</span> <span class='ocrx_word' id='word_1_361' title='bbox 436 2293 514 2327; x_wconf 89' lang='lat' dir='ltr'>patet</span> <span class='ocrx_word' id='word_1_362' title='bbox 528 2291 575 2317; x_wconf 88' lang='lat' dir='ltr'>hic</span> <span class='ocrx_word' id='word_1_363' title='bbox 591 2289 762 2325; x_wconf 84' lang='lat' dir='ltr'>exemplum</span> <span class='ocrx_word' id='word_1_364' title='bbox 780 2288 950 2316; x_wconf 88' lang='lat' dir='ltr'>doctoribus</span> 
     </span>
     <span class='ocr_line' id='line_1_47' title="bbox 181 2336 950 2374; baseline -0.007 -8"><span class='ocrx_word' id='word_1_365' title='bbox 181 2342 208 2366; x_wconf 91' lang='lat' dir='ltr'>et</span> <span class='ocrx_word' id='word_1_366' title='bbox 231 2339 474 2374; x_wconf 60' lang='lat' dir='ltr'>praedicatoribus</span> <span class='ocrx_word' id='word_1_367' title='bbox 490 2337 660 2365; x_wconf 87' lang='lat' dir='ltr'>transeundi</span> <span class='ocrx_word' id='word_1_368' title='bbox 685 2336 723 2364; x_wconf 91' lang='lat' dir='ltr'>ad</span> <span class='ocrx_word' id='word_1_369' title='bbox 739 2336 866 2371; x_wconf 89' lang='lat' dir='ltr'>quietem</span> <span class='ocrx_word' id='word_1_370' title='bbox 882 2342 950 2362; x_wconf 91' lang='lat' dir='ltr'>con-</span> 
     </span>
     <span class='ocr_line' id='line_1_48' title="bbox 183 2380 951 2420; baseline -0.005 -9"><span class='ocrx_word' id='word_1_371' title='bbox 183 2385 378 2420; x_wconf 87' lang='lat' dir='ltr'>templationis</span> <span class='ocrx_word' id='word_1_372' title='bbox 390 2406 397 2419; x_wconf 89' lang='lat'>,</span> <span class='ocrx_word' id='word_1_373' title='bbox 412 2387 438 2412; x_wconf 87' lang='lat' dir='ltr'>et</span> <span class='ocrx_word' id='word_1_374' title='bbox 449 2385 488 2412; x_wconf 88' lang='lat' dir='ltr'>ad</span> <span class='ocrx_word' id='word_1_375' title='bbox 504 2383 715 2411; x_wconf 83' lang='lat' dir='ltr'>discussionem</span> <span class='ocrx_word' id='word_1_376' title='bbox 731 2380 951 2417; x_wconf 84' lang='lat' dir='ltr'>dijudicationis</span> 
     </span>
    </p>
   </div>
   <div class='ocr_carea' id='block_1_3' title="bbox 182 2478 952 2652">
    <p class='ocr_par' dir='ltr' id='par_1_3' title="bbox 182 2478 952 2652">
     <span class='ocr_line' id='line_1_49' title="bbox 214 2478 952 2510; baseline -0.005 -6"><span class='ocrx_word' id='word_1_377' title='bbox 214 2482 220 2497; x_wconf 92' lang='lat'><strong>¹</strong></span> <span class='ocrx_word' id='word_1_378' title='bbox 237 2481 303 2508; x_wconf 67' lang='lat' dir='ltr'>Luc„</span> <span class='ocrx_word' id='word_1_379' title='bbox 321 2486 338 2508; x_wconf 88' lang='lat'>1,</span> <span class='ocrx_word' id='word_1_380' title='bbox 356 2481 392 2504; x_wconf 76' lang='lat'>17.</span> <span class='ocrx_word' id='word_1_381' title='bbox 409 2493 439 2497; x_wconf 90' lang='lat'><strong>—</strong></span> <span class='ocrx_word' id='word_1_382' title='bbox 452 2481 462 2495; x_wconf 70' lang='lat' dir='ltr'>e</span> <span class='ocrx_word' id='word_1_383' title='bbox 476 2483 550 2509; x_wconf 60' lang='lat' dir='ltr'>Aug„</span> <span class='ocrx_word' id='word_1_384' title='bbox 566 2480 609 2503; x_wconf 88' lang='lat' dir='ltr'>ubi</span> <span class='ocrx_word' id='word_1_385' title='bbox 623 2487 678 2510; x_wconf 88' lang='lat' dir='ltr'>sup.</span> <span class='ocrx_word' id='word_1_386' title='bbox 693 2492 723 2496; x_wconf 90' lang='lat'>—-</span> <span class='ocrx_word' id='word_1_387' title='bbox 738 2480 746 2492; x_wconf 56' lang='grc' dir='ltr'>ἵ*</span> <span class='ocrx_word' id='word_1_388' title='bbox 762 2480 813 2509; x_wconf 81' lang='lat' dir='ltr'>Sup</span> <span class='ocrx_word' id='word_1_389' title='bbox 827 2496 834 2508; x_wconf 93' lang='lat'>,</span> <span class='ocrx_word' id='word_1_390' title='bbox 850 2484 866 2506; x_wconf 86' lang='lat'>1,</span> <span class='ocrx_word' id='word_1_391' title='bbox 888 2478 914 2501; x_wconf 79' lang='lat'>19</span> <span class='ocrx_word' id='word_1_392' title='bbox 927 2478 952 2500; x_wconf 89' lang='lat' dir='ltr'>et</span> 
     </span>
     <span class='ocr_line' id='line_1_50' title="bbox 182 2514 952 2547; baseline -0.004 -8"><span class='ocrx_word' id='word_1_393' title='bbox 182 2524 246 2547; x_wconf 67' lang='lat' dir='ltr'>seq.;</span> <span class='ocrx_word' id='word_1_394' title='bbox 263 2517 330 2544; x_wconf 55' lang='grc' dir='ltr'>βαίη,</span> <span class='ocrx_word' id='word_1_395' title='bbox 349 2521 391 2545; x_wconf 81' lang='grc'>111,</span> <span class='ocrx_word' id='word_1_396' title='bbox 411 2518 447 2539; x_wconf 76' lang='grc'>15.</span> <span class='ocrx_word' id='word_1_397' title='bbox 464 2529 493 2533; x_wconf 94' lang='grc'>-</span> <span class='ocrx_word' id='word_1_398' title='bbox 508 2518 515 2529; x_wconf 69' lang='lat'>⁴</span> <span class='ocrx_word' id='word_1_399' title='bbox 533 2516 621 2546; x_wconf 72' lang='lat' dir='ltr'>Eccli,</span> <span class='ocrx_word' id='word_1_400' title='bbox 639 2520 736 2544; x_wconf 79' lang='lat' dir='ltr'>vaiu,</span> <span class='ocrx_word' id='word_1_401' title='bbox 754 2516 776 2538; x_wconf 80' lang='lat'>1.</span> <span class='ocrx_word' id='word_1_402' title='bbox 791 2527 822 2531; x_wconf 93' lang='lat'><em>-</em></span> <span class='ocrx_word' id='word_1_403' title='bbox 840 2514 849 2530; x_wconf 58' lang='grc' dir='ltr'><strong>ὅ</strong></span> <span class='ocrx_word' id='word_1_404' title='bbox 865 2514 952 2543; x_wconf 65' lang='lat' dir='ltr'>Greg„</span> 
     </span>
     <span class='ocr_line' id='line_1_51' title="bbox 184 2549 951 2581; baseline -0.005 -6"><span class='ocrx_word' id='word_1_405' title='bbox 184 2551 285 2579; x_wconf 59' lang='lat' dir='ltr'>Moral„</span> <span class='ocrx_word' id='word_1_406' title='bbox 300 2551 344 2574; x_wconf 87' lang='lat' dir='ltr'>lib.</span> <span class='ocrx_word' id='word_1_407' title='bbox 363 2552 419 2580; x_wconf 69' lang='lat' dir='ltr'>XX,</span> <span class='ocrx_word' id='word_1_408' title='bbox 435 2558 457 2574; x_wconf 84' lang='lat' dir='ltr'>c.</span> <span class='ocrx_word' id='word_1_409' title='bbox 474 2557 512 2581; x_wconf 74' lang='lat' dir='ltr'>ix,</span> <span class='ocrx_word' id='word_1_410' title='bbox 529 2549 670 2581; x_wconf 75' lang='lat' dir='ltr'>al.&#39;v11‚u.</span> <span class='ocrx_word' id='word_1_411' title='bbox 688 2552 724 2575; x_wconf 80' lang='grc' dir='ltr'>Π.</span> <span class='ocrx_word' id='word_1_412' title='bbox 738 2563 768 2568; x_wconf 90' lang='grc'><strong>-</strong></span> <span class='ocrx_word' id='word_1_413' title='bbox 787 2552 795 2562; x_wconf 65' lang='grc'>“</span> <span class='ocrx_word' id='word_1_414' title='bbox 815 2549 872 2579; x_wconf 85' lang='lat' dir='ltr'>1nf.‚</span> <span class='ocrx_word' id='word_1_415' title='bbox 890 2554 951 2578; x_wconf 76' lang='lat' dir='ltr'>xm,</span> 
     </span>
     <span class='ocr_line' id='line_1_52' title="bbox 185 2585 951 2616; baseline -0.005 -6"><span class='ocrx_word' id='word_1_416' title='bbox 185 2588 222 2610; x_wconf 71' lang='lat'>35.</span> <span class='ocrx_word' id='word_1_417' title='bbox 237 2600 268 2604; x_wconf 89' lang='lat'>—</span> <span class='ocrx_word' id='word_1_418' title='bbox 282 2588 289 2600; x_wconf 79' lang='lat'><strong>⁷</strong></span> <span class='ocrx_word' id='word_1_419' title='bbox 305 2586 362 2614; x_wconf 81' lang='lat' dir='ltr'>Job,</span> <span class='ocrx_word' id='word_1_420' title='bbox 378 2592 443 2616; x_wconf 77' lang='lat' dir='ltr'>xxx,</span> <span class='ocrx_word' id='word_1_421' title='bbox 458 2588 480 2610; x_wconf 76' lang='lat'>2.</span> <span class='ocrx_word' id='word_1_422' title='bbox 496 2599 525 2604; x_wconf 94' lang='lat'>—</span> <span class='ocrx_word' id='word_1_423' title='bbox 544 2587 552 2599; x_wconf 68' lang='lat'>’¹</span> <span class='ocrx_word' id='word_1_424' title='bbox 567 2587 653 2616; x_wconf 61' lang='lat' dir='ltr'>Greg„</span> <span class='ocrx_word' id='word_1_425' title='bbox 668 2586 711 2609; x_wconf 91' lang='lat' dir='ltr'>ubi</span> <span class='ocrx_word' id='word_1_426' title='bbox 729 2593 784 2616; x_wconf 85' lang='lat' dir='ltr'>sup.</span> <span class='ocrx_word' id='word_1_427' title='bbox 799 2598 830 2602; x_wconf 97' lang='lat'><strong>—</strong></span> <span class='ocrx_word' id='word_1_428' title='bbox 844 2585 852 2599; x_wconf 78' lang='lat'><strong>⁹</strong></span> <span class='ocrx_word' id='word_1_429' title='bbox 868 2585 951 2614; x_wconf 63' lang='lat' dir='ltr'>Pron„</span> 
     </span>
     <span class='ocr_line' id='line_1_53' title="bbox 185 2621 952 2652; baseline -0.003 -7"><span class='ocrx_word' id='word_1_430' title='bbox 185 2627 236 2652; x_wconf 75' lang='lat' dir='ltr'>xii,</span> <span class='ocrx_word' id='word_1_431' title='bbox 253 2623 275 2645; x_wconf 72' lang='lat'>5.</span> <span class='ocrx_word' id='word_1_432' title='bbox 295 2634 324 2638; x_wconf 88' lang='lat'>—</span> <span class='ocrx_word' id='word_1_433' title='bbox 344 2622 363 2638; x_wconf 87' lang='lat'>¹⁰</span> <span class='ocrx_word' id='word_1_434' title='bbox 382 2621 441 2651; x_wconf 57' lang='lat' dir='ltr'>Iso..</span> <span class='ocrx_word' id='word_1_435' title='bbox 462 2627 535 2646; x_wconf 77' lang='lat' dir='ltr'>me.</span> <span class='ocrx_word' id='word_1_436' title='bbox 556 2623 593 2645; x_wconf 71' lang='lat'>26.</span> <span class='ocrx_word' id='word_1_437' title='bbox 612 2635 642 2639; x_wconf 95' lang='lat'>—</span> <span class='ocrx_word' id='word_1_438' title='bbox 662 2622 678 2637; x_wconf 84' lang='lat'>¹¹</span> <span class='ocrx_word' id='word_1_439' title='bbox 701 2622 708 2644; x_wconf 89' lang='lat' dir='ltr'>l</span> <span class='ocrx_word' id='word_1_440' title='bbox 731 2621 798 2651; x_wconf 62' lang='lat' dir='ltr'>Corn,</span> <span class='ocrx_word' id='word_1_441' title='bbox 814 2626 850 2649; x_wconf 87' lang='lat' dir='ltr'>x1,</span> <span class='ocrx_word' id='word_1_442' title='bbox 868 2621 906 2643; x_wconf 85' lang='grc'>31.</span> <span class='ocrx_word' id='word_1_443' title='bbox 923 2631 952 2636; x_wconf 91' lang='grc'>-</span> 
     </span>
    </p>
   </div>
   <div class='ocr_carea' id='block_1_4' title="bbox 673 171 1232 206">
    <p class='ocr_par' dir='ltr' id='par_1_4' title="bbox 673 171 1232 206">
     <span class='ocr_line' id='line_1_54' title="bbox 673 171 1232 206; baseline -0.005 0"><span class='ocrx_word' id='word_1_444' title='bbox 673 173 882 206; x_wconf 81' lang='lat' dir='ltr'>EVANGELll</span> <span class='ocrx_word' id='word_1_445' title='bbox 905 172 1046 204; x_wconf 85' lang='lat' dir='ltr'>SANCTI</span> <span class='ocrx_word' id='word_1_446' title='bbox 1069 171 1232 203; x_wconf 85' lang='lat' dir='ltr'>JOANNlS</span> 
     </span>
    </p>
   </div>
   <div class='ocr_carea' id='block_1_5' title="bbox 980 239 1769 1345">
    <p class='ocr_par' dir='ltr' id='par_1_5' title="bbox 980 239 1769 1345">
     <span class='ocr_line' id='line_1_55' title="bbox 982 239 1752 278; baseline 0.006 -12"><span class='ocrx_word' id='word_1_447' title='bbox 982 239 1019 267; x_wconf 89' lang='lat' dir='ltr'>de</span> <span class='ocrx_word' id='word_1_448' title='bbox 1034 246 1064 267; x_wconf 89' lang='lat' dir='ltr'>se</span> <span class='ocrx_word' id='word_1_449' title='bbox 1079 240 1107 266; x_wconf 89' lang='lat' dir='ltr'>et</span> <span class='ocrx_word' id='word_1_450' title='bbox 1121 239 1158 267; x_wconf 91' lang='lat' dir='ltr'>de</span> <span class='ocrx_word' id='word_1_451' title='bbox 1171 239 1236 267; x_wconf 84' lang='lat' dir='ltr'>aliis</span> <span class='ocrx_word' id='word_1_452' title='bbox 1250 240 1404 276; x_wconf 85' lang='lat' dir='ltr'>operibus,</span> <span class='ocrx_word' id='word_1_453' title='bbox 1420 243 1487 277; x_wconf 91' lang='lat' dir='ltr'>post</span> <span class='ocrx_word' id='word_1_454' title='bbox 1505 241 1752 278; x_wconf 81' lang='lat' dir='ltr'>dispensationem</span> 
     </span>
     <span class='ocr_line' id='line_1_56' title="bbox 981 285 1752 317; baseline 0.006 -5"><span class='ocrx_word' id='word_1_455' title='bbox 981 285 1130 313; x_wconf 76' lang='lat' dir='ltr'>doctrinae.</span> <span class='ocrx_word' id='word_1_456' title='bbox 1151 285 1230 313; x_wconf 87' lang='lat' dir='ltr'>Unde</span> <span class='ocrx_word' id='word_1_457' title='bbox 1245 286 1284 314; x_wconf 87' lang='lat' dir='ltr'>ait</span> <span class='ocrx_word' id='word_1_458' title='bbox 1299 287 1345 315; x_wconf 92' lang='lat' dir='ltr'>hic</span> <span class='ocrx_word' id='word_1_459' title='bbox 1356 287 1392 315; x_wconf 91' lang='lat' dir='ltr'>de</span> <span class='ocrx_word' id='word_1_460' title='bbox 1407 288 1574 316; x_wconf 83' lang='lat' dir='ltr'>salvatore:</span> <span class='ocrx_word' id='word_1_461' title='bbox 1589 289 1666 316; x_wconf 73' lang='lat' dir='ltr'>Abiit</span> <span class='ocrx_word' id='word_1_462' title='bbox 1677 292 1752 317; x_wconf 78' lang='lat' dir='ltr'>trans</span> 
     </span>
     <span class='ocr_line' id='line_1_57' title="bbox 980 332 1750 370; baseline 0.005 -12"><span class='ocrx_word' id='word_1_463' title='bbox 980 332 1131 359; x_wconf 80' lang='lat' dir='ltr'>Jordanem.</span> <span class='ocrx_word' id='word_1_464' title='bbox 1156 332 1291 360; x_wconf 87' lang='lat' dir='ltr'>Jordanis</span> <span class='ocrx_word' id='word_1_465' title='bbox 1310 333 1515 370; x_wconf 85' lang='lat' dir='ltr'>interpretatur</span> <span class='ocrx_word' id='word_1_466' title='bbox 1540 336 1617 362; x_wconf 75' lang='lat' dir='ltr'>rivus</span> <span class='ocrx_word' id='word_1_467' title='bbox 1637 335 1750 370; x_wconf 80' lang='lat' dir='ltr'>judicii.</span> 
     </span>
     <span class='ocr_line' id='line_1_58' title="bbox 983 379 1752 417; baseline 0.005 -12"><span class='ocrx_word' id='word_1_468' title='bbox 983 380 1034 406; x_wconf 89' lang='lat' dir='ltr'>lste</span> <span class='ocrx_word' id='word_1_469' title='bbox 1050 386 1120 413; x_wconf 81' lang='lat' dir='ltr'>ergo</span> <span class='ocrx_word' id='word_1_470' title='bbox 1137 379 1235 406; x_wconf 88' lang='lat' dir='ltr'>transit</span> <span class='ocrx_word' id='word_1_471' title='bbox 1253 379 1413 408; x_wconf 80' lang='lat' dir='ltr'>Jordanem</span> <span class='ocrx_word' id='word_1_472' title='bbox 1427 380 1626 416; x_wconf 86' lang='lat' dir='ltr'>spiritualiter,</span> <span class='ocrx_word' id='word_1_473' title='bbox 1640 381 1692 417; x_wconf 88' lang='lat' dir='ltr'>qui</span> <span class='ocrx_word' id='word_1_474' title='bbox 1706 389 1752 409; x_wconf 89' lang='lat' dir='ltr'>se-</span> 
     </span>
     <span class='ocr_line' id='line_1_59' title="bbox 982 424 1755 460; baseline 0.006 -9"><span class='ocrx_word' id='word_1_475' title='bbox 982 424 1078 460; x_wconf 86' lang='lat' dir='ltr'>ipsum</span> <span class='ocrx_word' id='word_1_476' title='bbox 1095 424 1250 459; x_wconf 80' lang='lat' dir='ltr'>diligenter</span> <span class='ocrx_word' id='word_1_477' title='bbox 1265 425 1401 460; x_wconf 88' lang='lat' dir='ltr'>discutit,</span> <span class='ocrx_word' id='word_1_478' title='bbox 1416 429 1443 454; x_wconf 88' lang='lat' dir='ltr'>et</span> <span class='ocrx_word' id='word_1_479' title='bbox 1457 435 1542 454; x_wconf 87' lang='lat' dir='ltr'>suam</span> <span class='ocrx_word' id='word_1_480' title='bbox 1556 427 1648 455; x_wconf 84' lang='lat' dir='ltr'>vitam</span> <span class='ocrx_word' id='word_1_481' title='bbox 1660 429 1688 456; x_wconf 91' lang='lat' dir='ltr'>et</span> <span class='ocrx_word' id='word_1_482' title='bbox 1701 435 1755 456; x_wconf 86' lang='lat' dir='ltr'>sua</span> 
     </span>
     <span class='ocr_line' id='line_1_60' title="bbox 982 471 1755 509; baseline 0.005 -11"><span class='ocrx_word' id='word_1_483' title='bbox 982 471 1057 498; x_wconf 74' lang='lat' dir='ltr'>facta</span> <span class='ocrx_word' id='word_1_484' title='bbox 1082 471 1234 506; x_wconf 84' lang='lat' dir='ltr'>dijudicat.</span> <span class='ocrx_word' id='word_1_485' title='bbox 1254 482 1267 497; x_wconf 70' lang='grc' dir='ltr'>ει</span> <span class='ocrx_word' id='word_1_486' title='bbox 1282 472 1477 507; x_wconf 84' lang='lat' dir='ltr'>Cogitationes</span> <span class='ocrx_word' id='word_1_487' title='bbox 1492 473 1571 501; x_wconf 87' lang='lat' dir='ltr'>enim</span> <span class='ocrx_word' id='word_1_488' title='bbox 1586 475 1596 490; x_wconf 79' lang='lat'>⁹</span> <span class='ocrx_word' id='word_1_489' title='bbox 1609 475 1755 509; x_wconf 81' lang='lat' dir='ltr'>justorum</span> 
     </span>
     <span class='ocr_line' id='line_1_61' title="bbox 983 517 1755 554; baseline 0.004 -9"><span class='ocrx_word' id='word_1_490' title='bbox 983 517 1101 548; x_wconf 87' lang='lat' dir='ltr'>iudicia.</span> <span class='ocrx_word' id='word_1_491' title='bbox 1119 528 1132 542; x_wconf 89' lang='lat'>»</span> <span class='ocrx_word' id='word_1_492' title='bbox 1151 519 1182 544; x_wconf 89' lang='lat' dir='ltr'>Et</span> <span class='ocrx_word' id='word_1_493' title='bbox 1197 517 1219 534; x_wconf 84' lang='lat'>¹⁰</span> <span class='ocrx_word' id='word_1_494' title='bbox 1235 527 1241 545; x_wconf 92' lang='lat'>:</span> <span class='ocrx_word' id='word_1_495' title='bbox 1261 527 1275 543; x_wconf 86' lang='lat'>«</span> <span class='ocrx_word' id='word_1_496' title='bbox 1290 518 1391 546; x_wconf 82' lang='lat' dir='ltr'>Reduc</span> <span class='ocrx_word' id='word_1_497' title='bbox 1409 526 1457 546; x_wconf 91' lang='lat' dir='ltr'>me</span> <span class='ocrx_word' id='word_1_498' title='bbox 1471 519 1502 546; x_wconf 88' lang='lat' dir='ltr'>in</span> <span class='ocrx_word' id='word_1_499' title='bbox 1514 521 1708 554; x_wconf 78' lang='lat' dir='ltr'>memoriam,</span> <span class='ocrx_word' id='word_1_500' title='bbox 1723 523 1755 548; x_wconf 86' lang='lat' dir='ltr'>ut</span> 
     </span>
     <span class='ocr_line' id='line_1_62' title="bbox 981 563 1756 602; baseline 0.005 -11"><span class='ocrx_word' id='word_1_501' title='bbox 981 564 1149 598; x_wconf 87' lang='lat' dir='ltr'>judicemur</span> <span class='ocrx_word' id='word_1_502' title='bbox 1162 563 1260 591; x_wconf 86' lang='lat' dir='ltr'>simul.</span> <span class='ocrx_word' id='word_1_503' title='bbox 1273 565 1315 589; x_wconf 84' lang='lat'>»¹¹</span> <span class='ocrx_word' id='word_1_504' title='bbox 1329 574 1342 590; x_wconf 74' lang='grc' dir='ltr'>(ι</span> <span class='ocrx_word' id='word_1_505' title='bbox 1357 564 1386 592; x_wconf 92' lang='lat' dir='ltr'>Si</span> <span class='ocrx_word' id='word_1_506' title='bbox 1401 566 1597 601; x_wconf 86' lang='lat' dir='ltr'>nosmetipsos</span> <span class='ocrx_word' id='word_1_507' title='bbox 1612 566 1756 602; x_wconf 87' lang='lat' dir='ltr'>dijudica-</span> 
     </span>
     <span class='ocr_line' id='line_1_63' title="bbox 986 610 1757 646; baseline 0.005 -8"><span class='ocrx_word' id='word_1_508' title='bbox 986 618 1094 643; x_wconf 80' lang='lat' dir='ltr'>remuS,</span> <span class='ocrx_word' id='word_1_509' title='bbox 1112 618 1171 638; x_wconf 92' lang='lat' dir='ltr'>non</span> <span class='ocrx_word' id='word_1_510' title='bbox 1186 610 1287 646; x_wconf 84' lang='lat' dir='ltr'>utique</span> <span class='ocrx_word' id='word_1_511' title='bbox 1298 610 1508 646; x_wconf 86' lang='lat' dir='ltr'>judicaremur.</span> <span class='ocrx_word' id='word_1_512' title='bbox 1522 622 1536 637; x_wconf 86' lang='lat'>»</span> <span class='ocrx_word' id='word_1_513' title='bbox 1550 613 1571 629; x_wconf 79' lang='lat'>¹²</span> <span class='ocrx_word' id='word_1_514' title='bbox 1590 622 1603 638; x_wconf 76' lang='grc' dir='ltr'>α</span> <span class='ocrx_word' id='word_1_515' title='bbox 1612 614 1646 640; x_wconf 87' lang='lat' dir='ltr'>Ut</span> <span class='ocrx_word' id='word_1_516' title='bbox 1658 614 1757 642; x_wconf 86' lang='lat' dir='ltr'>veniat</span> 
     </span>
     <span class='ocr_line' id='line_1_64' title="bbox 986 657 1757 693; baseline 0.004 -9"><span class='ocrx_word' id='word_1_517' title='bbox 986 657 1024 684; x_wconf 86' lang='lat' dir='ltr'>ad</span> <span class='ocrx_word' id='word_1_518' title='bbox 1040 658 1130 684; x_wconf 88' lang='lat' dir='ltr'>Deum</span> <span class='ocrx_word' id='word_1_519' title='bbox 1144 657 1173 684; x_wconf 90' lang='lat' dir='ltr'>in</span> <span class='ocrx_word' id='word_1_520' title='bbox 1187 657 1364 692; x_wconf 74' lang='lat' dir='ltr'>judicium.»</span> <span class='ocrx_word' id='word_1_521' title='bbox 1381 657 1423 685; x_wconf 85' lang='lat' dir='ltr'>lbi</span> <span class='ocrx_word' id='word_1_522' title='bbox 1435 658 1591 693; x_wconf 84' lang='lat' dir='ltr'>Gregorius</span> <span class='ocrx_word' id='word_1_523' title='bbox 1603 658 1624 676; x_wconf 82' lang='lat'>¹³</span> <span class='ocrx_word' id='word_1_524' title='bbox 1632 658 1708 686; x_wconf 87' lang='lat' dir='ltr'>bene</span> <span class='ocrx_word' id='word_1_525' title='bbox 1720 659 1757 687; x_wconf 89' lang='lat' dir='ltr'>de</span> 
     </span>
     <span class='ocr_line' id='line_1_65' title="bbox 986 702 1758 740; baseline 0.004 -11"><span class='ocrx_word' id='word_1_526' title='bbox 986 703 1060 737; x_wconf 86' lang='lat' dir='ltr'>hoc,</span> <span class='ocrx_word' id='word_1_527' title='bbox 1075 704 1103 730; x_wconf 88' lang='lat' dir='ltr'>et</span> <span class='ocrx_word' id='word_1_528' title='bbox 1117 702 1154 731; x_wconf 89' lang='lat' dir='ltr'>de</span> <span class='ocrx_word' id='word_1_529' title='bbox 1168 703 1213 730; x_wconf 89' lang='lat' dir='ltr'>his</span> <span class='ocrx_word' id='word_1_530' title='bbox 1228 711 1293 739; x_wconf 82' lang='lat' dir='ltr'>quae</span> <span class='ocrx_word' id='word_1_531' title='bbox 1309 704 1418 732; x_wconf 87' lang='lat' dir='ltr'>debent</span> <span class='ocrx_word' id='word_1_532' title='bbox 1435 712 1496 732; x_wconf 88' lang='lat' dir='ltr'>csse</span> <span class='ocrx_word' id='word_1_533' title='bbox 1511 705 1541 732; x_wconf 91' lang='lat' dir='ltr'>in</span> <span class='ocrx_word' id='word_1_534' title='bbox 1553 704 1668 740; x_wconf 89' lang='lat' dir='ltr'>judicio</span> <span class='ocrx_word' id='word_1_535' title='bbox 1684 705 1758 733; x_wconf 88' lang='lat' dir='ltr'>inte-</span> 
     </span>
     <span class='ocr_line' id='line_1_66' title="bbox 987 749 1759 785; baseline 0.003 -8"><span class='ocrx_word' id='word_1_536' title='bbox 987 749 1067 777; x_wconf 88' lang='lat' dir='ltr'>riori.</span> <span class='ocrx_word' id='word_1_537' title='bbox 1092 749 1171 776; x_wconf 89' lang='lat' dir='ltr'>Unde</span> <span class='ocrx_word' id='word_1_538' title='bbox 1192 749 1231 777; x_wconf 89' lang='lat' dir='ltr'>ait</span> <span class='ocrx_word' id='word_1_539' title='bbox 1255 759 1261 777; x_wconf 90' lang='lat'><strong>:</strong></span> <span class='ocrx_word' id='word_1_540' title='bbox 1288 760 1302 776; x_wconf 89' lang='lat'>«</span> <span class='ocrx_word' id='word_1_541' title='bbox 1316 751 1347 778; x_wconf 92' lang='lat' dir='ltr'>ln</span> <span class='ocrx_word' id='word_1_542' title='bbox 1368 750 1425 778; x_wconf 90' lang='lat' dir='ltr'>hoc</span> <span class='ocrx_word' id='word_1_543' title='bbox 1447 750 1559 785; x_wconf 90' lang='lat' dir='ltr'>judicio</span> <span class='ocrx_word' id='word_1_544' title='bbox 1583 751 1759 779; x_wconf 86' lang='lat' dir='ltr'>conscientia</span> 
     </span>
     <span class='ocr_line' id='line_1_67' title="bbox 988 796 1761 832; baseline 0.005 -10"><span class='ocrx_word' id='word_1_545' title='bbox 988 797 1123 830; x_wconf 88' lang='lat' dir='ltr'>accusat,</span> <span class='ocrx_word' id='word_1_546' title='bbox 1145 796 1219 823; x_wconf 86' lang='lat' dir='ltr'>ratio</span> <span class='ocrx_word' id='word_1_547' title='bbox 1242 796 1370 831; x_wconf 79' lang='lat' dir='ltr'>judicat,</span> <span class='ocrx_word' id='word_1_548' title='bbox 1385 797 1472 825; x_wconf 84' lang='lat' dir='ltr'>timor</span> <span class='ocrx_word' id='word_1_549' title='bbox 1490 797 1579 832; x_wconf 85' lang='lat' dir='ltr'>ligat,</span> <span class='ocrx_word' id='word_1_550' title='bbox 1603 798 1691 826; x_wconf 89' lang='lat' dir='ltr'>dolor</span> <span class='ocrx_word' id='word_1_551' title='bbox 1712 805 1761 825; x_wconf 84' lang='lat' dir='ltr'>ex-</span> 
     </span>
     <span class='ocr_line' id='line_1_68' title="bbox 988 842 1760 880; baseline 0.004 -10"><span class='ocrx_word' id='word_1_552' title='bbox 988 842 1115 878; x_wconf 82' lang='lat' dir='ltr'>cruciat3</span> <span class='ocrx_word' id='word_1_553' title='bbox 1139 843 1221 878; x_wconf 88' lang='lat' dir='ltr'>quod</span> <span class='ocrx_word' id='word_1_554' title='bbox 1243 843 1388 878; x_wconf 87' lang='lat' dir='ltr'>judicium</span> <span class='ocrx_word' id='word_1_555' title='bbox 1409 851 1444 871; x_wconf 91' lang='lat' dir='ltr'>eo</span> <span class='ocrx_word' id='word_1_556' title='bbox 1461 844 1566 871; x_wconf 90' lang='lat' dir='ltr'>certius</span> <span class='ocrx_word' id='word_1_557' title='bbox 1584 845 1685 880; x_wconf 87' lang='lat' dir='ltr'>punit,</span> <span class='ocrx_word' id='word_1_558' title='bbox 1700 853 1760 880; x_wconf 87' lang='lat' dir='ltr'>quo</span> 
     </span>
     <span class='ocr_line' id='line_1_69' title="bbox 989 889 1758 919; baseline 0.003 -3"><span class='ocrx_word' id='word_1_559' title='bbox 989 889 1108 916; x_wconf 87' lang='lat' dir='ltr'>interius</span> <span class='ocrx_word' id='word_1_560' title='bbox 1121 889 1212 916; x_wconf 75' lang='lat' dir='ltr'>soevit.</span> <span class='ocrx_word' id='word_1_561' title='bbox 1229 899 1242 913; x_wconf 68' lang='lat' dir='ltr'>n</span> <span class='ocrx_word' id='word_1_562' title='bbox 1261 891 1292 917; x_wconf 87' lang='lat' dir='ltr'>Et</span> <span class='ocrx_word' id='word_1_563' title='bbox 1312 889 1353 917; x_wconf 90' lang='lat' dir='ltr'>ibi</span> <span class='ocrx_word' id='word_1_564' title='bbox 1376 889 1502 917; x_wconf 88' lang='lat' dir='ltr'>multum</span> <span class='ocrx_word' id='word_1_565' title='bbox 1526 890 1563 918; x_wconf 87' lang='lat' dir='ltr'>de</span> <span class='ocrx_word' id='word_1_566' title='bbox 1588 891 1645 918; x_wconf 89' lang='lat' dir='ltr'>hoc</span> <span class='ocrx_word' id='word_1_567' title='bbox 1671 892 1758 919; x_wconf 87' lang='lat' dir='ltr'>bene.</span> 
     </span>
     <span class='ocr_line' id='line_1_70' title="bbox 990 935 1763 973; baseline 0.001 -9"><span class='ocrx_word' id='word_1_568' title='bbox 990 935 1058 964; x_wconf 91' lang='lat' dir='ltr'>ldeo</span> <span class='ocrx_word' id='word_1_569' title='bbox 1082 935 1118 962; x_wconf 90' lang='lat' dir='ltr'>de</span> <span class='ocrx_word' id='word_1_570' title='bbox 1140 943 1202 963; x_wconf 89' lang='lat' dir='ltr'>non</span> <span class='ocrx_word' id='word_1_571' title='bbox 1225 935 1428 970; x_wconf 86' lang='lat' dir='ltr'>judicantibus</span> <span class='ocrx_word' id='word_1_572' title='bbox 1453 944 1483 964; x_wconf 91' lang='lat' dir='ltr'>se</span> <span class='ocrx_word' id='word_1_573' title='bbox 1507 936 1549 964; x_wconf 88' lang='lat' dir='ltr'>sic</span> <span class='ocrx_word' id='word_1_574' title='bbox 1573 937 1763 973; x_wconf 86' lang='lat' dir='ltr'>conqueritur</span> 
     </span>
     <span class='ocr_line' id='line_1_71' title="bbox 992 982 1762 1019; baseline 0.004 -10"><span class='ocrx_word' id='word_1_575' title='bbox 992 982 1131 1010; x_wconf 87' lang='lat' dir='ltr'>Dominus</span> <span class='ocrx_word' id='word_1_576' title='bbox 1144 990 1197 1018; x_wconf 88' lang='lat' dir='ltr'>per</span> <span class='ocrx_word' id='word_1_577' title='bbox 1211 982 1386 1018; x_wconf 87' lang='lat' dir='ltr'>Prophetam</span> <span class='ocrx_word' id='word_1_578' title='bbox 1401 983 1419 999; x_wconf 63' lang='lat'>¹⁶</span> <span class='ocrx_word' id='word_1_579' title='bbox 1437 991 1444 1010; x_wconf 90' lang='lat'><strong>:</strong></span> <span class='ocrx_word' id='word_1_580' title='bbox 1463 992 1477 1008; x_wconf 76' lang='grc' dir='ltr'>ιι</span> <span class='ocrx_word' id='word_1_581' title='bbox 1491 984 1554 1010; x_wconf 90' lang='lat' dir='ltr'>Non</span> <span class='ocrx_word' id='word_1_582' title='bbox 1569 983 1648 1011; x_wconf 89' lang='lat' dir='ltr'>enim</span> <span class='ocrx_word' id='word_1_583' title='bbox 1663 986 1705 1011; x_wconf 90' lang='lat' dir='ltr'>est</span> <span class='ocrx_word' id='word_1_584' title='bbox 1715 984 1762 1019; x_wconf 90' lang='lat' dir='ltr'>ju-</span> 
     </span>
     <span class='ocr_line' id='line_1_72' title="bbox 992 1030 1761 1067; baseline 0.003 -10"><span class='ocrx_word' id='word_1_585' title='bbox 992 1030 1103 1057; x_wconf 85' lang='lat' dir='ltr'>dicium</span> <span class='ocrx_word' id='word_1_586' title='bbox 1118 1030 1148 1057; x_wconf 92' lang='lat' dir='ltr'>in</span> <span class='ocrx_word' id='word_1_587' title='bbox 1169 1030 1317 1065; x_wconf 87' lang='lat' dir='ltr'>gressibus</span> <span class='ocrx_word' id='word_1_588' title='bbox 1332 1038 1447 1058; x_wconf 84' lang='lat' dir='ltr'>eorum.</span> <span class='ocrx_word' id='word_1_589' title='bbox 1461 1041 1474 1056; x_wconf 79' lang='grc'>»</span> <span class='ocrx_word' id='word_1_590' title='bbox 1493 1031 1574 1058; x_wconf 89' lang='lat' dir='ltr'>Unde</span> <span class='ocrx_word' id='word_1_591' title='bbox 1589 1031 1761 1067; x_wconf 87' lang='lat' dir='ltr'>Chrysosto-</span> 
     </span>
     <span class='ocr_line' id='line_1_73' title="bbox 993 1076 1762 1112; baseline 0.004 -9"><span class='ocrx_word' id='word_1_592' title='bbox 993 1085 1059 1104; x_wconf 89' lang='lat' dir='ltr'>mus</span> <span class='ocrx_word' id='word_1_593' title='bbox 1076 1076 1122 1104; x_wconf 88' lang='lat' dir='ltr'>hic</span> <span class='ocrx_word' id='word_1_594' title='bbox 1138 1077 1168 1111; x_wconf 86' lang='lat'>¹⁵,</span> <span class='ocrx_word' id='word_1_595' title='bbox 1185 1077 1268 1112; x_wconf 87' lang='lat' dir='ltr'>quod</span> <span class='ocrx_word' id='word_1_596' title='bbox 1283 1077 1423 1104; x_wconf 90' lang='lat' dir='ltr'>Dominus</span> <span class='ocrx_word' id='word_1_597' title='bbox 1437 1077 1579 1105; x_wconf 82' lang='lat' dir='ltr'>admonet</span> <span class='ocrx_word' id='word_1_598' title='bbox 1592 1085 1654 1105; x_wconf 89' lang='lat' dir='ltr'>non</span> <span class='ocrx_word' id='word_1_599' title='bbox 1667 1077 1762 1106; x_wconf 85' lang='lat' dir='ltr'>facere</span> 
     </span>
     <span class='ocr_line' id='line_1_74' title="bbox 992 1123 1763 1160; baseline 0.003 -10"><span class='ocrx_word' id='word_1_600' title='bbox 992 1123 1100 1157; x_wconf 86' lang='lat' dir='ltr'>forum,</span> <span class='ocrx_word' id='word_1_601' title='bbox 1115 1123 1146 1150; x_wconf 89' lang='lat' dir='ltr'>id</span> <span class='ocrx_word' id='word_1_602' title='bbox 1158 1124 1199 1150; x_wconf 88' lang='lat' dir='ltr'>est</span> <span class='ocrx_word' id='word_1_603' title='bbox 1211 1123 1357 1158; x_wconf 87' lang='lat' dir='ltr'>judicium</span> <span class='ocrx_word' id='word_1_604' title='bbox 1373 1123 1410 1151; x_wconf 91' lang='lat' dir='ltr'>de</span> <span class='ocrx_word' id='word_1_605' title='bbox 1424 1123 1511 1151; x_wconf 88' lang='lat' dir='ltr'>nobis</span> <span class='ocrx_word' id='word_1_606' title='bbox 1522 1133 1530 1158; x_wconf 92' lang='lat'>;</span> <span class='ocrx_word' id='word_1_607' title='bbox 1547 1124 1576 1151; x_wconf 93' lang='lat' dir='ltr'>in</span> <span class='ocrx_word' id='word_1_608' title='bbox 1592 1126 1763 1160; x_wconf 88' lang='lat' dir='ltr'>promptua-</span> 
     </span>
     <span class='ocr_line' id='line_1_75' title="bbox 993 1169 1763 1205; baseline 0.003 -9"><span class='ocrx_word' id='word_1_609' title='bbox 993 1170 1037 1196; x_wconf 81' lang='lat' dir='ltr'>rio</span> <span class='ocrx_word' id='word_1_610' title='bbox 1054 1170 1085 1205; x_wconf 71' lang='lat' dir='ltr'>(c)</span> <span class='ocrx_word' id='word_1_611' title='bbox 1101 1177 1190 1203; x_wconf 86' lang='lat' dir='ltr'>vero,</span> <span class='ocrx_word' id='word_1_612' title='bbox 1206 1169 1237 1196; x_wconf 91' lang='lat' dir='ltr'>id</span> <span class='ocrx_word' id='word_1_613' title='bbox 1257 1172 1317 1204; x_wconf 91' lang='lat' dir='ltr'>est,</span> <span class='ocrx_word' id='word_1_614' title='bbox 1333 1169 1362 1197; x_wconf 92' lang='lat' dir='ltr'>in</span> <span class='ocrx_word' id='word_1_615' title='bbox 1385 1170 1498 1204; x_wconf 91' lang='lat' dir='ltr'>judicio</span> <span class='ocrx_word' id='word_1_616' title='bbox 1516 1170 1614 1198; x_wconf 89' lang='lat' dir='ltr'>cordis</span> <span class='ocrx_word' id='word_1_617' title='bbox 1629 1170 1744 1198; x_wconf 80' lang='lat' dir='ltr'>occulto</span> <span class='ocrx_word' id='word_1_618' title='bbox 1755 1191 1763 1205; x_wconf 96' lang='lat'>,</span> 
     </span>
     <span class='ocr_line' id='line_1_76' title="bbox 995 1215 1766 1252; baseline 0.003 -10"><span class='ocrx_word' id='word_1_619' title='bbox 995 1218 1022 1242; x_wconf 89' lang='lat' dir='ltr'>et</span> <span class='ocrx_word' id='word_1_620' title='bbox 1036 1216 1092 1243; x_wconf 84' lang='lat' dir='ltr'>hoc</span> <span class='ocrx_word' id='word_1_621' title='bbox 1114 1224 1181 1242; x_wconf 88' lang='lat' dir='ltr'>cum</span> <span class='ocrx_word' id='word_1_622' title='bbox 1196 1215 1329 1250; x_wconf 80' lang='lat' dir='ltr'>silenti03</span> <span class='ocrx_word' id='word_1_623' title='bbox 1351 1218 1379 1243; x_wconf 87' lang='lat' dir='ltr'>et</span> <span class='ocrx_word' id='word_1_624' title='bbox 1399 1216 1483 1251; x_wconf 89' lang='lat' dir='ltr'>jubet</span> <span class='ocrx_word' id='word_1_625' title='bbox 1501 1216 1603 1252; x_wconf 78' lang='lat' dir='ltr'>lugere</span> <span class='ocrx_word' id='word_1_626' title='bbox 1624 1216 1766 1244; x_wconf 90' lang='lat' dir='ltr'>tumultus</span> 
     </span>
     <span class='ocr_line' id='line_1_77' title="bbox 995 1261 1766 1299; baseline 0.003 -11"><span class='ocrx_word' id='word_1_627' title='bbox 995 1264 1021 1289; x_wconf 90' lang='lat' dir='ltr'>et</span> <span class='ocrx_word' id='word_1_628' title='bbox 1035 1261 1280 1297; x_wconf 86' lang='lat' dir='ltr'>perturbationes.</span> <span class='ocrx_word' id='word_1_629' title='bbox 1296 1264 1328 1290; x_wconf 83' lang='lat' dir='ltr'>Et</span> <span class='ocrx_word' id='word_1_630' title='bbox 1342 1262 1425 1298; x_wconf 88' lang='lat' dir='ltr'>ponit</span> <span class='ocrx_word' id='word_1_631' title='bbox 1439 1263 1610 1299; x_wconf 77' lang='lat' dir='ltr'>exemplum</span> <span class='ocrx_word' id='word_1_632' title='bbox 1625 1263 1662 1290; x_wconf 89' lang='lat' dir='ltr'>de</span> <span class='ocrx_word' id='word_1_633' title='bbox 1677 1263 1766 1296; x_wconf 87' lang='lat' dir='ltr'>navi,</span> 
     </span>
     <span class='ocr_line' id='line_1_78' title="bbox 996 1308 1769 1345; baseline 0.003 -10"><span class='ocrx_word' id='word_1_634' title='bbox 996 1316 1062 1343; x_wconf 82' lang='lat' dir='ltr'>quae</span> <span class='ocrx_word' id='word_1_635' title='bbox 1094 1311 1193 1344; x_wconf 87' lang='lat' dir='ltr'>erepta</span> <span class='ocrx_word' id='word_1_636' title='bbox 1224 1316 1242 1336; x_wconf 89' lang='lat' dir='ltr'>a</span> <span class='ocrx_word' id='word_1_637' title='bbox 1274 1308 1439 1336; x_wconf 86' lang='lat' dir='ltr'>turbatione</span> <span class='ocrx_word' id='word_1_638' title='bbox 1456 1329 1464 1343; x_wconf 87' lang='lat'>,</span> <span class='ocrx_word' id='word_1_639' title='bbox 1499 1309 1529 1336; x_wconf 91' lang='lat' dir='ltr'>in</span> <span class='ocrx_word' id='word_1_640' title='bbox 1563 1312 1650 1345; x_wconf 83' lang='lat' dir='ltr'>portu</span> <span class='ocrx_word' id='word_1_641' title='bbox 1688 1308 1769 1337; x_wconf 80' lang='lat' dir='ltr'>sedet</span> 
     </span>
    </p>
   </div>
   <div class='ocr_carea' id='block_1_6' title="bbox 997 1355 1770 1429">
    <p class='ocr_par' dir='ltr' id='par_1_6' title="bbox 997 1355 1770 1429">
     <span class='ocr_line' id='line_1_79' title="bbox 997 1355 1770 1391; baseline 0.001 -9"><span class='ocrx_word' id='word_1_642' title='bbox 997 1355 1096 1390; x_wconf 83' lang='lat' dir='ltr'>quieta</span> <span class='ocrx_word' id='word_1_643' title='bbox 1113 1364 1119 1382; x_wconf 91' lang='lat'>:</span> <span class='ocrx_word' id='word_1_644' title='bbox 1136 1355 1176 1382; x_wconf 87' lang='lat' dir='ltr'>sic</span> <span class='ocrx_word' id='word_1_645' title='bbox 1200 1357 1227 1382; x_wconf 89' lang='lat' dir='ltr'>et</span> <span class='ocrx_word' id='word_1_646' title='bbox 1246 1355 1344 1382; x_wconf 87' lang='lat' dir='ltr'>anima</span> <span class='ocrx_word' id='word_1_647' title='bbox 1364 1358 1463 1391; x_wconf 89' lang='lat' dir='ltr'>erepta</span> <span class='ocrx_word' id='word_1_648' title='bbox 1477 1363 1495 1383; x_wconf 85' lang='lat' dir='ltr'>a</span> <span class='ocrx_word' id='word_1_649' title='bbox 1509 1355 1727 1384; x_wconf 82' lang='lat' dir='ltr'>turbationibus</span> <span class='ocrx_word' id='word_1_650' title='bbox 1743 1357 1770 1383; x_wconf 87' lang='lat' dir='ltr'>et</span> 
     </span>
     <span class='ocr_line' id='line_1_80' title="bbox 999 1401 1510 1429; baseline 0.002 -1"><span class='ocrx_word' id='word_1_651' title='bbox 999 1401 1182 1429; x_wconf 87' lang='lat' dir='ltr'>tumultibus.</span> <span class='ocrx_word' id='word_1_652' title='bbox 1198 1403 1229 1429; x_wconf 88' lang='lat' dir='ltr'>Et</span> <span class='ocrx_word' id='word_1_653' title='bbox 1244 1401 1285 1429; x_wconf 87' lang='lat' dir='ltr'>ibi</span> <span class='ocrx_word' id='word_1_654' title='bbox 1300 1402 1376 1429; x_wconf 89' lang='lat' dir='ltr'>bene</span> <span class='ocrx_word' id='word_1_655' title='bbox 1391 1401 1427 1429; x_wconf 91' lang='lat' dir='ltr'>de</span> <span class='ocrx_word' id='word_1_656' title='bbox 1443 1402 1510 1429; x_wconf 92' lang='lat' dir='ltr'>hoc.</span> 
     </span>
    </p>
   </div>
   <div class='ocr_carea' id='block_1_7' title="bbox 1246 1503 1522 1536">
    <p class='ocr_par' dir='ltr' id='par_1_7' title="bbox 1246 1503 1522 1536">
     <span class='ocr_line' id='line_1_81' title="bbox 1246 1503 1522 1536; baseline 0.004 -1"><span class='ocrx_word' id='word_1_657' title='bbox 1246 1503 1422 1536; x_wconf 92' lang='lat' dir='ltr'><strong>CAPUT</strong></span> <span class='ocrx_word' id='word_1_658' title='bbox 1456 1504 1522 1536; x_wconf 91' lang='lat' dir='ltr'>XI.</span> 
     </span>
    </p>
   </div>
   <div class='ocr_carea' id='block_1_8' title="bbox 1000 1588 1778 2412">
    <p class='ocr_par' dir='ltr' id='par_1_8' title="bbox 1000 1588 1778 2412">
     <span class='ocr_line' id='line_1_82' title="bbox 1036 1588 1769 1623; baseline 0.001 -9"><span class='ocrx_word' id='word_1_659' title='bbox 1036 1589 1060 1614; x_wconf 81' lang='lat' dir='ltr'>l.</span> <span class='ocrx_word' id='word_1_660' title='bbox 1083 1588 1150 1614; x_wconf 72' lang='lat' dir='ltr'>Erat</span> <span class='ocrx_word' id='word_1_661' title='bbox 1171 1590 1259 1614; x_wconf 79' lang='lat' dir='ltr'>autem</span> <span class='ocrx_word' id='word_1_662' title='bbox 1283 1588 1393 1622; x_wconf 79' lang='lat' dir='ltr'>quidam</span> <span class='ocrx_word' id='word_1_663' title='bbox 1417 1589 1545 1623; x_wconf 68' lang='lat' dir='ltr'>languens</span> <span class='ocrx_word' id='word_1_664' title='bbox 1567 1589 1694 1623; x_wconf 78' lang='lat' dir='ltr'>Lazarus,</span> <span class='ocrx_word' id='word_1_665' title='bbox 1717 1591 1769 1617; x_wconf 83' lang='lat' dir='ltr'>etc.</span> 
     </span>
     <span class='ocr_line' id='line_1_83' title="bbox 1000 1633 1773 1670; baseline 0.004 -10"><span class='ocrx_word' id='word_1_666' title='bbox 1000 1635 1138 1660; x_wconf 80' lang='lat' dir='ltr'>Enarrato</span> <span class='ocrx_word' id='word_1_667' title='bbox 1154 1633 1274 1661; x_wconf 87' lang='lat' dir='ltr'>transitu</span> <span class='ocrx_word' id='word_1_668' title='bbox 1289 1634 1447 1661; x_wconf 78' lang='lat' dir='ltr'>Salvatoris</span> <span class='ocrx_word' id='word_1_669' title='bbox 1460 1636 1540 1662; x_wconf 86' lang='lat' dir='ltr'>trans</span> <span class='ocrx_word' id='word_1_670' title='bbox 1557 1635 1726 1670; x_wconf 77' lang='lat' dir='ltr'>Jordanem,</span> <span class='ocrx_word' id='word_1_671' title='bbox 1742 1635 1773 1663; x_wconf 91' lang='lat' dir='ltr'>in</span> 
     </span>
     <span class='ocr_line' id='line_1_84' title="bbox 1000 1679 1772 1715; baseline 0.004 -9"><span class='ocrx_word' id='word_1_672' title='bbox 1000 1681 1081 1714; x_wconf 85' lang='lat' dir='ltr'>parte</span> <span class='ocrx_word' id='word_1_673' title='bbox 1095 1679 1148 1707; x_wconf 87' lang='lat' dir='ltr'>ista</span> <span class='ocrx_word' id='word_1_674' title='bbox 1163 1682 1297 1707; x_wconf 85' lang='lat' dir='ltr'>narratur</span> <span class='ocrx_word' id='word_1_675' title='bbox 1312 1680 1348 1707; x_wconf 92' lang='lat' dir='ltr'>de</span> <span class='ocrx_word' id='word_1_676' title='bbox 1362 1688 1506 1715; x_wconf 78' lang='lat' dir='ltr'>regressu,</span> <span class='ocrx_word' id='word_1_677' title='bbox 1523 1683 1550 1708; x_wconf 87' lang='lat' dir='ltr'>et</span> <span class='ocrx_word' id='word_1_678' title='bbox 1564 1681 1601 1709; x_wconf 89' lang='lat' dir='ltr'>de</span> <span class='ocrx_word' id='word_1_679' title='bbox 1620 1681 1772 1710; x_wconf 85' lang='lat' dir='ltr'>occasione</span> 
     </span>
     <span class='ocr_line' id='line_1_85' title="bbox 1001 1726 1774 1762; baseline 0.004 -9"><span class='ocrx_word' id='word_1_680' title='bbox 1001 1734 1159 1761; x_wconf 82' lang='lat' dir='ltr'>regressus,</span> <span class='ocrx_word' id='word_1_681' title='bbox 1176 1734 1243 1762; x_wconf 82' lang='lat' dir='ltr'>quae</span> <span class='ocrx_word' id='word_1_682' title='bbox 1267 1726 1320 1754; x_wconf 81' lang='lat' dir='ltr'>fuit</span> <span class='ocrx_word' id='word_1_683' title='bbox 1339 1727 1518 1755; x_wconf 86' lang='lat' dir='ltr'>resuscitatio</span> <span class='ocrx_word' id='word_1_684' title='bbox 1539 1728 1646 1755; x_wconf 84' lang='lat' dir='ltr'>Lazari.</span> <span class='ocrx_word' id='word_1_685' title='bbox 1662 1729 1693 1756; x_wconf 86' lang='lat' dir='ltr'>Et</span> <span class='ocrx_word' id='word_1_686' title='bbox 1712 1728 1774 1756; x_wconf 82' lang='lat' dir='ltr'>haec</span> 
     </span>
     <span class='ocr_line' id='line_1_86' title="bbox 1001 1772 1774 1809; baseline 0.004 -10"><span class='ocrx_word' id='word_1_687' title='bbox 1001 1772 1031 1799; x_wconf 90' lang='lat' dir='ltr'>in</span> <span class='ocrx_word' id='word_1_688' title='bbox 1047 1772 1121 1799; x_wconf 84' lang='lat' dir='ltr'>duas</span> <span class='ocrx_word' id='word_1_689' title='bbox 1135 1774 1231 1808; x_wconf 87' lang='lat' dir='ltr'>partes</span> <span class='ocrx_word' id='word_1_690' title='bbox 1249 1781 1254 1798; x_wconf 93' lang='lat'>:</span> <span class='ocrx_word' id='word_1_691' title='bbox 1275 1773 1372 1808; x_wconf 87' lang='lat' dir='ltr'>primo</span> <span class='ocrx_word' id='word_1_692' title='bbox 1391 1773 1485 1808; x_wconf 84' lang='lat' dir='ltr'>agitur</span> <span class='ocrx_word' id='word_1_693' title='bbox 1500 1773 1536 1801; x_wconf 87' lang='lat' dir='ltr'>de</span> <span class='ocrx_word' id='word_1_694' title='bbox 1550 1774 1710 1809; x_wconf 78' lang='lat' dir='ltr'>praedictis3</span> <span class='ocrx_word' id='word_1_695' title='bbox 1729 1783 1774 1803; x_wconf 87' lang='lat' dir='ltr'>se-</span> 
     </span>
     <span class='ocr_line' id='line_1_87' title="bbox 1002 1818 1776 1852; baseline 0.003 -6"><span class='ocrx_word' id='word_1_696' title='bbox 1002 1818 1114 1852; x_wconf 87' lang='lat' dir='ltr'>cundo,</span> <span class='ocrx_word' id='word_1_697' title='bbox 1150 1819 1187 1846; x_wconf 88' lang='lat' dir='ltr'>de</span> <span class='ocrx_word' id='word_1_698' title='bbox 1222 1819 1439 1847; x_wconf 88' lang='lat' dir='ltr'>machinatione</span> <span class='ocrx_word' id='word_1_699' title='bbox 1469 1820 1638 1848; x_wconf 81' lang='lat' dir='ltr'>Judaeorum</span> <span class='ocrx_word' id='word_1_700' title='bbox 1674 1823 1776 1849; x_wconf 88' lang='lat' dir='ltr'>contra</span> 
     </span>
     <span class='ocr_line' id='line_1_88' title="bbox 1002 1865 1776 1903; baseline 0.004 -11"><span class='ocrx_word' id='word_1_701' title='bbox 1002 1866 1156 1899; x_wconf 87' lang='lat' dir='ltr'>Christum,</span> <span class='ocrx_word' id='word_1_702' title='bbox 1173 1868 1200 1893; x_wconf 85' lang='lat' dir='ltr'>et</span> <span class='ocrx_word' id='word_1_703' title='bbox 1216 1865 1252 1893; x_wconf 88' lang='lat' dir='ltr'>de</span> <span class='ocrx_word' id='word_1_704' title='bbox 1268 1874 1321 1894; x_wconf 89' lang='lat' dir='ltr'>suo</span> <span class='ocrx_word' id='word_1_705' title='bbox 1337 1866 1465 1894; x_wconf 89' lang='lat' dir='ltr'>adventu</span> <span class='ocrx_word' id='word_1_706' title='bbox 1481 1874 1581 1894; x_wconf 86' lang='lat' dir='ltr'>versus</span> <span class='ocrx_word' id='word_1_707' title='bbox 1595 1867 1694 1894; x_wconf 90' lang='lat' dir='ltr'>locum</span> <span class='ocrx_word' id='word_1_708' title='bbox 1708 1875 1776 1903; x_wconf 85' lang='lat' dir='ltr'>pas-</span> 
     </span>
     <span class='ocr_line' id='line_1_89' title="bbox 1003 1911 1775 1949; baseline 0.004 -11"><span class='ocrx_word' id='word_1_709' title='bbox 1003 1911 1112 1945; x_wconf 87' lang='lat' dir='ltr'>sionis,</span> <span class='ocrx_word' id='word_1_710' title='bbox 1139 1911 1182 1939; x_wconf 90' lang='lat' dir='ltr'>ibi</span> <span class='ocrx_word' id='word_1_711' title='bbox 1202 1912 1222 1928; x_wconf 74' lang='lat'>¹⁶</span> <span class='ocrx_word' id='word_1_712' title='bbox 1254 1921 1259 1939; x_wconf 76' lang='grc' dir='ltr'><strong>τ</strong></span> <span class='ocrx_word' id='word_1_713' title='bbox 1293 1913 1459 1947; x_wconf 70' lang='lat' dir='ltr'>Colleyertmt</span> <span class='ocrx_word' id='word_1_714' title='bbox 1492 1915 1630 1948; x_wconf 81' lang='lat' dir='ltr'>pontifices</span> <span class='ocrx_word' id='word_1_715' title='bbox 1655 1916 1680 1941; x_wconf 80' lang='lat' dir='ltr'>et</span> <span class='ocrx_word' id='word_1_716' title='bbox 1702 1915 1775 1949; x_wconf 80' lang='lat' dir='ltr'>pha-</span> 
     </span>
     <span class='ocr_line' id='line_1_90' title="bbox 1003 1959 1774 1996; baseline 0.005 -12"><span class='ocrx_word' id='word_1_717' title='bbox 1003 1959 1077 1985; x_wconf 68' lang='lat' dir='ltr'>risoei&#39;</span> <span class='ocrx_word' id='word_1_718' title='bbox 1099 1960 1258 1992; x_wconf 68' lang='lat' dir='ltr'>consilium,</span> <span class='ocrx_word' id='word_1_719' title='bbox 1281 1961 1333 1986; x_wconf 86' lang='lat' dir='ltr'>etc.</span> <span class='ocrx_word' id='word_1_720' title='bbox 1356 1959 1451 1986; x_wconf 81' lang='lat' dir='ltr'>Prima</span> <span class='ocrx_word' id='word_1_721' title='bbox 1478 1960 1507 1987; x_wconf 91' lang='lat' dir='ltr'>in</span> <span class='ocrx_word' id='word_1_722' title='bbox 1541 1959 1616 1988; x_wconf 88' lang='lat' dir='ltr'>duas</span> <span class='ocrx_word' id='word_1_723' title='bbox 1642 1962 1738 1996; x_wconf 79' lang='lat' dir='ltr'>partes</span> <span class='ocrx_word' id='word_1_724' title='bbox 1768 1970 1774 1988; x_wconf 74' lang='grc' dir='ltr'>ε</span> 
     </span>
     <span class='ocr_line' id='line_1_91' title="bbox 1005 2006 1778 2041; baseline 0.004 -9"><span class='ocrx_word' id='word_1_725' title='bbox 1005 2006 1075 2041; x_wconf 88' lang='lat' dir='ltr'>quia</span> <span class='ocrx_word' id='word_1_726' title='bbox 1100 2006 1178 2033; x_wconf 89' lang='lat' dir='ltr'>enim</span> <span class='ocrx_word' id='word_1_727' title='bbox 1198 2007 1313 2034; x_wconf 89' lang='lat' dir='ltr'>occasio</span> <span class='ocrx_word' id='word_1_728' title='bbox 1338 2007 1384 2034; x_wconf 80' lang='lat' dir='ltr'>vel</span> <span class='ocrx_word' id='word_1_729' title='bbox 1409 2015 1495 2035; x_wconf 89' lang='lat' dir='ltr'>causa</span> <span class='ocrx_word' id='word_1_730' title='bbox 1520 2007 1631 2035; x_wconf 88' lang='lat' dir='ltr'>reditus</span> <span class='ocrx_word' id='word_1_731' title='bbox 1653 2008 1698 2035; x_wconf 92' lang='lat' dir='ltr'>sui</span> <span class='ocrx_word' id='word_1_732' title='bbox 1723 2007 1778 2035; x_wconf 82' lang='lat' dir='ltr'>fuit</span> 
     </span>
     <span class='ocr_line' id='line_1_92' title="bbox 1004 2052 1776 2089; baseline 0.004 -10"><span class='ocrx_word' id='word_1_733' title='bbox 1004 2052 1183 2079; x_wconf 83' lang='lat' dir='ltr'>resuscitatio</span> <span class='ocrx_word' id='word_1_734' title='bbox 1206 2053 1314 2087; x_wconf 86' lang='lat' dir='ltr'>Lazari,</span> <span class='ocrx_word' id='word_1_735' title='bbox 1336 2053 1403 2081; x_wconf 92' lang='lat' dir='ltr'>ideo</span> <span class='ocrx_word' id='word_1_736' title='bbox 1423 2053 1520 2089; x_wconf 89' lang='lat' dir='ltr'>primo</span> <span class='ocrx_word' id='word_1_737' title='bbox 1541 2054 1776 2082; x_wconf 83' lang='lat' dir='ltr'>antecedentium</span> 
     </span>
     <span class='ocr_line' id='line_1_93' title="bbox 1005 2098 1777 2136; baseline 0.006 -12"><span class='ocrx_word' id='word_1_738' title='bbox 1005 2098 1099 2133; x_wconf 85' lang='lat' dir='ltr'>ipsam</span> <span class='ocrx_word' id='word_1_739' title='bbox 1122 2099 1383 2133; x_wconf 84' lang='lat' dir='ltr'>resuscitationem,</span> <span class='ocrx_word' id='word_1_740' title='bbox 1407 2100 1468 2127; x_wconf 87' lang='lat' dir='ltr'>sive</span> <span class='ocrx_word' id='word_1_741' title='bbox 1494 2100 1681 2134; x_wconf 90' lang='lat' dir='ltr'>miraculum,</span> <span class='ocrx_word' id='word_1_742' title='bbox 1705 2109 1777 2136; x_wconf 81' lang='lat' dir='ltr'>prae·</span> 
     </span>
     <span class='ocr_line' id='line_1_94' title="bbox 1006 2144 1778 2181; baseline 0.004 -10"><span class='ocrx_word' id='word_1_743' title='bbox 1006 2144 1120 2179; x_wconf 88' lang='lat' dir='ltr'>missio;</span> <span class='ocrx_word' id='word_1_744' title='bbox 1136 2145 1277 2178; x_wconf 85' lang='lat' dir='ltr'>secundo,</span> <span class='ocrx_word' id='word_1_745' title='bbox 1294 2146 1389 2181; x_wconf 90' lang='lat' dir='ltr'>ipsum</span> <span class='ocrx_word' id='word_1_746' title='bbox 1406 2146 1592 2180; x_wconf 88' lang='lat' dir='ltr'>miraculum,</span> <span class='ocrx_word' id='word_1_747' title='bbox 1608 2147 1670 2174; x_wconf 88' lang='lat' dir='ltr'>sive</span> <span class='ocrx_word' id='word_1_748' title='bbox 1682 2154 1778 2174; x_wconf 86' lang='lat' dir='ltr'>resus-</span> 
     </span>
     <span class='ocr_line' id='line_1_95' title="bbox 1006 2191 1778 2225; baseline 0.004 -7"><span class='ocrx_word' id='word_1_749' title='bbox 1006 2191 1114 2225; x_wconf 87' lang='lat' dir='ltr'>citatio,</span> <span class='ocrx_word' id='word_1_750' title='bbox 1130 2191 1171 2218; x_wconf 88' lang='lat' dir='ltr'>ibi</span> <span class='ocrx_word' id='word_1_751' title='bbox 1187 2191 1206 2208; x_wconf 83' lang='lat'>¹⁷</span> <span class='ocrx_word' id='word_1_752' title='bbox 1228 2201 1234 2218; x_wconf 91' lang='lat'>:</span> <span class='ocrx_word' id='word_1_753' title='bbox 1254 2192 1314 2219; x_wconf 84' lang='lat' dir='ltr'>Hoec</span> <span class='ocrx_word' id='word_1_754' title='bbox 1336 2201 1394 2219; x_wconf 83' lang='lat' dir='ltr'>cum</span> <span class='ocrx_word' id='word_1_755' title='bbox 1415 2193 1538 2225; x_wconf 69' lang='lat' dir='ltr'>dimisset,</span> <span class='ocrx_word' id='word_1_756' title='bbox 1557 2195 1609 2220; x_wconf 89' lang='lat' dir='ltr'>etc.</span> <span class='ocrx_word' id='word_1_757' title='bbox 1631 2193 1726 2221; x_wconf 84' lang='lat' dir='ltr'>Prima</span> <span class='ocrx_word' id='word_1_758' title='bbox 1747 2193 1778 2221; x_wconf 89' lang='lat' dir='ltr'>in</span> 
     </span>
     <span class='ocr_line' id='line_1_96' title="bbox 1007 2237 1776 2275; baseline 0.004 -11"><span class='ocrx_word' id='word_1_759' title='bbox 1007 2240 1143 2273; x_wconf 88' lang='lat' dir='ltr'>quatuor,</span> <span class='ocrx_word' id='word_1_760' title='bbox 1163 2237 1325 2264; x_wconf 87' lang='lat' dir='ltr'>secundum</span> <span class='ocrx_word' id='word_1_761' title='bbox 1344 2240 1471 2274; x_wconf 87' lang='lat' dir='ltr'>quatuor</span> <span class='ocrx_word' id='word_1_762' title='bbox 1485 2238 1697 2273; x_wconf 88' lang='lat' dir='ltr'>antecedentia,</span> <span class='ocrx_word' id='word_1_763' title='bbox 1711 2247 1776 2275; x_wconf 86' lang='lat' dir='ltr'>quae</span> 
     </span>
     <span class='ocr_line' id='line_1_97' title="bbox 1006 2283 1778 2320; baseline 0.004 -11"><span class='ocrx_word' id='word_1_764' title='bbox 1006 2283 1219 2319; x_wconf 70' lang='lat' dir='ltr'>proemittuntur</span> <span class='ocrx_word' id='word_1_765' title='bbox 1234 2292 1240 2310; x_wconf 81' lang='lat' dir='ltr'><strong><em>z</em></strong></span> <span class='ocrx_word' id='word_1_766' title='bbox 1257 2291 1385 2319; x_wconf 88' lang='lat' dir='ltr'>quorum</span> <span class='ocrx_word' id='word_1_767' title='bbox 1403 2285 1533 2320; x_wconf 90' lang='lat' dir='ltr'>primum</span> <span class='ocrx_word' id='word_1_768' title='bbox 1547 2287 1589 2313; x_wconf 86' lang='lat' dir='ltr'>est</span> <span class='ocrx_word' id='word_1_769' title='bbox 1602 2285 1778 2313; x_wconf 80' lang='lat' dir='ltr'>infirmitatis</span> 
     </span>
     <span class='ocr_line' id='line_1_98' title="bbox 1007 2329 1777 2365; baseline 0.004 -9"><span class='ocrx_word' id='word_1_770' title='bbox 1007 2329 1174 2365; x_wconf 85' lang='lat' dir='ltr'>descriptio,</span> <span class='ocrx_word' id='word_1_771' title='bbox 1191 2331 1218 2357; x_wconf 87' lang='lat' dir='ltr'>et</span> <span class='ocrx_word' id='word_1_772' title='bbox 1240 2329 1331 2365; x_wconf 89' lang='lat' dir='ltr'>ipsius</span> <span class='ocrx_word' id='word_1_773' title='bbox 1350 2331 1458 2358; x_wconf 82' lang='lat' dir='ltr'>infirmi</span> <span class='ocrx_word' id='word_1_774' title='bbox 1480 2340 1548 2359; x_wconf 92' lang='lat' dir='ltr'>cum</span> <span class='ocrx_word' id='word_1_775' title='bbox 1571 2331 1630 2359; x_wconf 91' lang='lat' dir='ltr'>suis</span> <span class='ocrx_word' id='word_1_776' title='bbox 1653 2331 1777 2359; x_wconf 82' lang='lat' dir='ltr'>circum-</span> 
     </span>
     <span class='ocr_line' id='line_1_99' title="bbox 1007 2376 1777 2412; baseline 0.003 -10"><span class='ocrx_word' id='word_1_777' title='bbox 1007 2376 1131 2410; x_wconf 83' lang='lat' dir='ltr'>stantiis3</span> <span class='ocrx_word' id='word_1_778' title='bbox 1168 2376 1331 2403; x_wconf 87' lang='lat' dir='ltr'>secundum</span> <span class='ocrx_word' id='word_1_779' title='bbox 1365 2379 1407 2404; x_wconf 87' lang='lat' dir='ltr'>est</span> <span class='ocrx_word' id='word_1_780' title='bbox 1437 2377 1570 2412; x_wconf 90' lang='lat' dir='ltr'>ejusdem</span> <span class='ocrx_word' id='word_1_781' title='bbox 1603 2376 1777 2405; x_wconf 83' lang='lat' dir='ltr'>infirmitatis</span> 
     </span>
    </p>
   </div>
   <div class='ocr_carea' id='block_1_9' title="bbox 1009 2458 1777 2560">
    <p class='ocr_par' dir='ltr' id='par_1_9' title="bbox 1009 2458 1777 2560">
     <span class='ocr_line' id='line_1_100' title="bbox 1009 2458 1777 2490; baseline 0.001 -8"><span class='ocrx_word' id='word_1_782' title='bbox 1009 2459 1029 2474; x_wconf 73' lang='lat'>¹²</span> <span class='ocrx_word' id='word_1_783' title='bbox 1041 2458 1095 2489; x_wconf 72' lang='lat' dir='ltr'>Job,</span> <span class='ocrx_word' id='word_1_784' title='bbox 1112 2464 1203 2489; x_wconf 74' lang='lat' dir='ltr'>xxxiv,</span> <span class='ocrx_word' id='word_1_785' title='bbox 1215 2460 1253 2482; x_wconf 76' lang='grc'>23.</span> <span class='ocrx_word' id='word_1_786' title='bbox 1266 2472 1292 2475; x_wconf 85' lang='lat'>—</span> <span class='ocrx_word' id='word_1_787' title='bbox 1307 2460 1325 2476; x_wconf 75' lang='lat'>¹³</span> <span class='ocrx_word' id='word_1_788' title='bbox 1341 2461 1427 2490; x_wconf 82' lang='lat' dir='ltr'>Greg.,</span> <span class='ocrx_word' id='word_1_789' title='bbox 1442 2460 1540 2488; x_wconf 81' lang='lat' dir='ltr'>Moral.‚</span> <span class='ocrx_word' id='word_1_790' title='bbox 1553 2459 1595 2483; x_wconf 86' lang='lat' dir='ltr'>lib.</span> <span class='ocrx_word' id='word_1_791' title='bbox 1609 2460 1686 2490; x_wconf 71' lang='lat' dir='ltr'>XXV,</span> <span class='ocrx_word' id='word_1_792' title='bbox 1701 2466 1723 2483; x_wconf 88' lang='lat' dir='ltr'>c.</span> <span class='ocrx_word' id='word_1_793' title='bbox 1741 2465 1777 2490; x_wconf 78' lang='lat' dir='ltr'>vi,</span> 
     </span>
     <span class='ocr_line' id='line_1_101' title="bbox 1009 2495 1777 2526; baseline 0.001 -8"><span class='ocrx_word' id='word_1_794' title='bbox 1009 2495 1040 2518; x_wconf 85' lang='lat' dir='ltr'>al.</span> <span class='ocrx_word' id='word_1_795' title='bbox 1059 2500 1103 2524; x_wconf 71' lang='lat' dir='ltr'>vu,</span> <span class='ocrx_word' id='word_1_796' title='bbox 1118 2502 1145 2518; x_wconf 87' lang='lat' dir='ltr'>n.</span> <span class='ocrx_word' id='word_1_797' title='bbox 1170 2497 1205 2518; x_wconf 82' lang='lat'>¹3.</span> <span class='ocrx_word' id='word_1_798' title='bbox 1224 2508 1253 2512; x_wconf 97' lang='lat'>—</span> <span class='ocrx_word' id='word_1_799' title='bbox 1273 2496 1290 2511; x_wconf 81' lang='lat'>¹·</span> <span class='ocrx_word' id='word_1_800' title='bbox 1311 2496 1370 2525; x_wconf 61' lang='lat' dir='ltr'>Iso„</span> <span class='ocrx_word' id='word_1_801' title='bbox 1387 2502 1446 2526; x_wconf 70' lang='lat' dir='ltr'>ux,</span> <span class='ocrx_word' id='word_1_802' title='bbox 1462 2498 1484 2521; x_wconf 86' lang='lat'>8.</span> <span class='ocrx_word' id='word_1_803' title='bbox 1500 2509 1530 2514; x_wconf 90' lang='lat'>—</span> <span class='ocrx_word' id='word_1_804' title='bbox 1547 2496 1565 2512; x_wconf 78' lang='lat'>¹⁵</span> <span class='ocrx_word' id='word_1_805' title='bbox 1580 2495 1720 2526; x_wconf 60' lang='lat' dir='ltr'>chrysost„</span> <span class='ocrx_word' id='word_1_806' title='bbox 1736 2495 1777 2519; x_wconf 89' lang='lat' dir='ltr'>ubi</span> 
     </span>
     <span class='ocr_line' id='line_1_102' title="bbox 1009 2530 1474 2560; baseline 0.002 -7"><span class='ocrx_word' id='word_1_807' title='bbox 1009 2537 1065 2560; x_wconf 64' lang='lat' dir='ltr'>sup.</span> <span class='ocrx_word' id='word_1_808' title='bbox 1081 2543 1108 2547; x_wconf 87' lang='lat'><em>-</em></span> <span class='ocrx_word' id='word_1_809' title='bbox 1125 2531 1144 2546; x_wconf 76' lang='lat'>¹⁸</span> <span class='ocrx_word' id='word_1_810' title='bbox 1161 2530 1218 2559; x_wconf 63' lang='lat' dir='ltr'>inf.¹</span> <span class='ocrx_word' id='word_1_811' title='bbox 1234 2532 1271 2554; x_wconf 69' lang='lat'>47.</span> <span class='ocrx_word' id='word_1_812' title='bbox 1285 2544 1314 2548; x_wconf 95' lang='lat'><em>-</em></span> <span class='ocrx_word' id='word_1_813' title='bbox 1329 2532 1348 2548; x_wconf 82' lang='lat'>¹⁷</span> <span class='ocrx_word' id='word_1_814' title='bbox 1365 2532 1421 2560; x_wconf 66' lang='lat' dir='ltr'>ins„</span> <span class='ocrx_word' id='word_1_815' title='bbox 1436 2533 1474 2556; x_wconf 73' lang='lat'>4³.</span> 
     </span>
    </p>
   </div>
   <div class='ocr_carea' id='block_1_10' title="bbox 1009 2578 1775 2647">
    <p class='ocr_par' dir='ltr' id='par_1_10' title="bbox 1009 2578 1775 2647">
     <span class='ocr_line' id='line_1_103' title="bbox 1042 2578 1775 2609; baseline 0.005 -8"><span class='ocrx_word' id='word_1_816' title='bbox 1042 2579 1075 2608; x_wconf 81' lang='lat' dir='ltr'>(a)</span> <span class='ocrx_word' id='word_1_817' title='bbox 1094 2579 1155 2602; x_wconf 79' lang='lat' dir='ltr'>Coet.</span> <span class='ocrx_word' id='word_1_818' title='bbox 1169 2578 1228 2603; x_wconf 74' lang='lat' dir='ltr'>edit.</span> <span class='ocrx_word' id='word_1_819' title='bbox 1245 2586 1291 2603; x_wconf 77' lang='lat' dir='ltr'>non</span> <span class='ocrx_word' id='word_1_820' title='bbox 1306 2579 1396 2603; x_wconf 72' lang='lat' dir='ltr'>haben!</span> <span class='ocrx_word' id='word_1_821' title='bbox 1411 2582 1437 2604; x_wconf 88' lang='lat' dir='ltr'>ut</span> <span class='ocrx_word' id='word_1_822' title='bbox 1451 2587 1477 2603; x_wconf 81' lang='lat' dir='ltr'>sc</span> <span class='ocrx_word' id='word_1_823' title='bbox 1493 2580 1605 2609; x_wconf 67' lang='lat' dir='ltr'>diligere.</span> <span class='ocrx_word' id='word_1_824' title='bbox 1622 2594 1649 2598; x_wconf 89' lang='lat'>—</span> <span class='ocrx_word' id='word_1_825' title='bbox 1667 2581 1698 2609; x_wconf 67' lang='lat' dir='ltr'>(b)</span> <span class='ocrx_word' id='word_1_826' title='bbox 1715 2581 1775 2605; x_wconf 79' lang='lat' dir='ltr'>Caet.</span> 
     </span>
     <span class='ocr_line' id='line_1_104' title="bbox 1009 2614 1615 2647; baseline 0.002 -9"><span class='ocrx_word' id='word_1_827' title='bbox 1009 2614 1068 2638; x_wconf 72' lang='lat' dir='ltr'>edil.</span> <span class='ocrx_word' id='word_1_828' title='bbox 1085 2614 1197 2644; x_wconf 84' lang='lat' dir='ltr'>quidem.</span> <span class='ocrx_word' id='word_1_829' title='bbox 1209 2628 1239 2632; x_wconf 97' lang='lat'><strong>—</strong></span> <span class='ocrx_word' id='word_1_830' title='bbox 1256 2616 1284 2644; x_wconf 75' lang='lat' dir='ltr'>(c)</span> <span class='ocrx_word' id='word_1_831' title='bbox 1297 2615 1355 2646; x_wconf 72' lang='lat' dir='ltr'>Leq.</span> <span class='ocrx_word' id='word_1_832' title='bbox 1368 2615 1494 2645; x_wconf 77' lang='lat' dir='ltr'>cubiculo,</span> <span class='ocrx_word' id='word_1_833' title='bbox 1512 2616 1615 2647; x_wconf 73' lang='grc' dir='ltr'>ταμιείῳ.</span> 
     </span>
    </p>
   </div>
   <div class='ocr_carea' id='block_1_11' title="bbox 1789 1777 1894 1829">
    <p class='ocr_par' dir='ltr' id='par_1_11' title="bbox 1789 1777 1894 1829">
     <span class='ocr_line' id='line_1_105' title="bbox 1821 1777 1894 1798; baseline 0 0"><span class='ocrx_word' id='word_1_834' title='bbox 1821 1777 1894 1798; x_wconf 78' lang='lat' dir='ltr'>conti-</span> 
     </span>
     <span class='ocr_line' id='line_1_106' title="bbox 1789 1809 1871 1829; baseline 0 0"><span class='ocrx_word' id='word_1_835' title='bbox 1789 1809 1871 1829; x_wconf 72' lang='lat' dir='ltr'>nuatio.</span> 
     </span>
    </p>
   </div>
  </div>
 </body>
</html>
