1987 3032
198 203 256 233 318

196 267 323 300 mecam,
337 266 387 302 qui
399 265 504 294 volunt
517 264 731 300 evangelizare,
746 265 890 300 projicere
911 265 966 300 hy-

198 313 308 347 driam,
318 312 351 340 id
363 315 418 346 est,
434 313 632 348 cupiditatem.
646 322 659 337 »
672 314 703 339 Et
713 311 754 339 ibi
766 312 841 339 benc
851 311 887 338 de
899 311 965 339 hoc.

194 359 306 394 hydria
322 359 414 391 enim,
430 360 461 386 ut
475 359 608 386 habitum
627 360 669 385 est
689 366 793 393 supra,
811 358 916 385 dieitur
930 358 967 385 ab

198 405 270 440 ῦδιρ,
291 405 374 441 quod
389 407 430 432 est
451 413 537 440 aqua.
556 406 586 431 Et
610 404 647 431 de
666 404 723 431 hoe
745 404 969 439 chrysostomus

194 452 291 479 ,hene1
308 461 314 479 :
332 461 344 476 τι
361 454 460 485 Ignem
474 452 595 478 venerat
610 450 750 477 Dominus
759 451 908 478 mitterein
918 452 970 477 ter-

197 506 262 527 ram
276 497 286 512 ²
302 507 307 525 :
326 498 419 525 voluit
434 497 594 533 discipulos
607 505 668 524 esse
680 497 786 531 ignitos
797 506 804 524 .·
815 497 856 524 sie
865 496 970 524 mulier

199 543 304 572 dicitur
318 551 450 577 accensa,
460 545 492 570 ut
500 543 640 578 hydriam
650 543 830 578 relinqueret
838 545 866 570 et
873 550 971 570 neces-

198 589 325 620 sitatem,
337 589 445 617 scilicet
460 597 555 625 aquae,
570 591 690 624 propter
705 597 796 624 quam
810 591 938 616 venerat.
954 598 967 613 »

200 637 231 662 Et
251 635 293 662 ibi
313 635 389 663 bene
412 635 448 663 de
469 635 535 663 hoe.
555 637 590 662 Et
609 636 676 662 abiit
701 637 731 661 in
749 637 899 668 civitatem,
915 636 969 662 etc.

200 683 232 708 Ut
244 681 284 709 ait
302 681 525 717 Chrysostornus
539 682 559 714 ³,
577 691 590 707 «
600 689 661 708 non
677 689 769 708 unum
783 683 833 708 aut
846 681 970 708 alterum

199 728 332 763 vocavit,
348 730 379 756 ut
397 728 544 762 Andreas,
558 727 605 755 vel
620 727 787 762 Philippus,
803 726 854 753 sed
869 726 970 753 civita-

200 776 259 802 tem
274 774 452 809 integram.»
468 775 502 801 Et
517 774 583 801 dicit
599 777 635 805 (v.
647 773 692 807 ίὶϋ)
708 781 715 800 2
732 774 839 807 Venite,
852 773 972 799 ctridete

201 821 331 848 hominem
342 841 351 855 ‚
367 822 421 848 ete.
435 820 490 848 Sed
502 820 650 855 quaeritur,
667 827 759 855 quare
772 827 835 846 non
845 818 886 846 ait
894 818 973 846 Chri-

196 869 294 900 stum,
308 875 397 902 quem
412 866 546 894 confessa
560 868 619 898 est,
636 873 697 893 esse
718 865 850 892 messiam
860 866 873 891 ἰ)
888 867 919 892 Et
933 865 971 892 ad

202 912 259 940 hoc
292 913 452 948 respondet
485 913 708 947 Chrysostomus
733 910 743 926 ’”
753 931 760 944 ,
793 911 876 946 quod
905 919 972 938 cum

202 958 309 987 eadem
333 959 524 986 descensione
547 958 593 993 (a),
609 966 668 993 qua
692 958 820 986 Christus
846 960 887 984 est
907 965 973 984 eam

200 1005 339 1040 piscatus,
355 1005 552 1033 convertendo
566 1004 685 1038 scilicet,
701 1004 818 1031 allicere
833 1003 927 1030 voluit
939 1004 972 1038 (b)

178 1073 183 1077 .
201 1051 283 1085 illos,
300 1052 332 1078 ut
345 1051 455 1079 seilicet
477 1059 512 1078 ex
533 1050 654 1086 propria
668 1049 818 1077 voluntate
839 1049 972 1076 enuntia-

108 1753 195 1779 Sapien-

91 1785 120 1804 tiu
144 1790 192 1803 mu-

91 1815 158 1836 lieris,

201 1100 267 1125 rent
279 1097 377 1132 ipsum
392 1105 453 1124 esse
468 1097 621 1124 Christum.
646 1097 741 1123 Venite
760 1103 845 1130 ergo,
863 1095 972 1130 inquit,

203 1143 382 1176 festinanter,
393 1146 418 1170 et
432 1144 529 1177 videte,
543 1141 820 1178 experimentaliter,
830 1142 972 1175 hominem,

203 1192 252 1224 qui
266 1190 355 1224 dimit,
371 1191 424 1217 ete.
440 1189 591 1222 Quaeritur,
612 1196 647 1215 cx
664 1196 723 1223 quo
740 1188 853 1216 dixerat
867 1187 892 1214 ei
909 1195 974 1223 quae

204 1235 301 1270 turpia
316 1237 413 1269 erant,
440 1243 530 1270 quare
551 1235 599 1262 hic
620 1234 659 1262 ait
679 1234 719 1261 ita
740 1241 896 1269 expresse:
922 1233 975 1265 Qui

205 1282 278 1309 dimit
293 1282 374 1314 milti,
390 1284 443 1309 etc.
461 1283 491 1308 Et
511 1281 549 1308 ad
563 1281 619 1308 hoc
634 1280 792 1315 respondet
806 1279 977 1314 Chrysosto-

204 1336 271 1355 mus
280 1329 300 1362 ⁵,
322 1328 405 1363 quod
419 1336 487 1355 eum
509 1327 600 1361 ignita
622 1326 708 1354 fuerit
729 1326 828 1353 anima
850 1325 918 1360 igne
934 1325 975 1352 di-

206 1374 275 1402 vino
285 1395 293 1408 ,
307 1374 346 1402 ad
360 1374 434 1401 nihil
448 1373 564 1409 inspicit
578 1381 680 1400 eorum
691 1381 756 1408 quae
766 1372 875 1399 suntin
887 1373 975 1406 terra,

201 1429 266 1452 ‚non
281 1421 319 1449 ad
338 1420 479 1455 gloriam,
501 1428 555 1447 nec
574 1419 613 1447 ad
634 1418 851 1446 verecundiam.
876 1420 977 1445 Exem-

205 1467 289 1501 plum
304 1467 340 1494 de
355 1466 543 1501 Magdalena,
558 1474 624 1501 quae
638 1465 755 1492 intravit
769 1464 892 1491 domum
902 1464 975 1491 Pha-

204 1513 295 1546 risaei,
317 1513 368 1540 ubi
389 1512 515 1540 Christus
536 1511 738 1539 recumbebat.
756 1512 788 1538 Et
808 1510 849 1538 ibi
871 1511 978 1544 Grego-

203 1560 267 1586 rius
282 1559 319 1586 de
333 1559 390 1586 hoc
404 1560 425 1593 ⁶,
441 1558 524 1593 quod
539 1565 599 1584 non
616 1559 720 1584 vocata
734 1556 822 1590 venit,
832 1559 884 1583 etc.
895 1557 978 1583 Num-

207 1606 275 1641 quid-
289 1607 346 1640 ipse
361 1606 502 1633 christus?
526 1604 581 1633 Sed
603 1603 745 1641 quaffritur
761 1610 852 1637 quare
875 1602 922 1629 hic
936 1602 979 1629 lo-

209 1652 308 1687 quitur
338 1650 421 1686 quasi
445 1650 622 1683 dubitative,
654 1657 690 1677 ex
723 1657 782 1684 quo
813 1648 900 1675 Filius
931 1648 978 1674 Dei

210 1698 323 1725 dixerat
341 1705 370 1723 se
386 1704 447 1724 esse
463 1696 629 1723 Christum?
647 1696 680 1722 Et
699 1695 737 1722 ad
752 1695 808 1721 hoc
823 1693 981 1728 respondet

210 1744 433 1779 Chrysostomus
458 1743 468 1759 7
494 1751 500 1769 :
530 1741 648 1775 «Vide,
674 1740 783 1775 inquit,
807 1739 980 1774 sapientiam

206 1789 358 1818 mulieris:
375 1790 498 1816 noverat
521 1788 600 1815 enim
623 1786 764 1822 quoniam
782 1788 928 1820 gustantes
943 1785 980 1812 de

210 1836 261 1864 illo
276 1836 354 1863 l'onte
366 1857 374 1869 ,
389 1835 493 1862 eadem
502 1835 671 1870 paterentur
683 1841 748 1868 quae
758 1832 821 1867 ipsa
831 1840 918 1867 passa
928 1833 979 1866 est,

211 1884 239 1910 et
261 1882 381 1909 nolebat
403 1889 440 1908 ex
466 1880 587 1916 propria
616 1879 813 1907 enuntiatione
842 1878 981 1905 inducere

211 1936 277 1963 eos,
298 1928 349 1956 sed
369 1936 403 1955 ex
426 1927 576 1955 anditione
600 1926 676 1953 illius
700 1924 866 1958 sententiae,
891 1932 981 1959 quam

211 1975 338 2004 Christus
353 1974 439 2006 dixit,
462 1975 490 2000 et
503 1973 541 2000 ab
567 1973 642 2008 ipso.
659 1973 691 1998 Et
706 1971 773 1998 ideo
789 1970 829 1998 ait
843 1979 849 1997 :
869 1971 980 2004 Videte,

211 2024 239 2050 et
252 2029 313 2049 non
329 2030 336 2047 z
352 2020 474 2053 Credite,
490 2019 567 2046 illud
581 2019 659 2046 enim
674 2018 767 2046 levius
784 2020 836 2045 est.

247 2070 290 2096 30.
306 2069 342 2094 Et
355 2068 416 2100 illi,
437 2065 552 2093 excitati
571 2065 679 2092 seilicet
702 2072 719 2091 a
740 2071 812 2091 voce
833 2062 982 2096 mulieris,

211 2116 332 2146 emtarum
347 2114 379 2140 de
394 2114 519 2145 civitate,
535 2113 590 2138 ete.
612 2112 644 2138 Et
658 2118 695 2138 ex
713 2110 770 2137 hoc
784 2111 863 2145 patet
880 2116 982 2136 eorum

212 2161 333 2188 facilitas
361 2158 399 2186 ad
432 2157 631 2191 credendum,
663 2156 849 2183 sermonibus
877 2154 984 2182 auditis

214 2215 232 2233 a
250 2206 382 2234 muliere.
410 2206 442 2232 Et
468 2206 499 2231 ut
522 2206 601 2239 patet
624 2210 659 2230 ex
683 2202 781 2236 dictis,
804 2202 857 2229 ista
878 2201 984 2228 mulier

213 2260 232 2279 a
257 2252 405 2280 salvatore
433 2250 555 2283 edocta,
585 2251 612 2276 et
638 2248 707 2282 igne
739 2247 840 2274 divino
868 2247 983 2274 inflam-

214 2301 310 2333 mata,
338 2300 371 2325 ut
397 2297 436 2325 ait
462 2296 653 2331 Augustinus„
682 2294 734 2321 ubi
761 2301 864 2328 supra,
889 2292 984 2327 figura

215 2346 257 2371 est
276 2344 502 2379 praedicatorum
529 2340 801 2376 evangelizantium.
826 2339 906 2366 Unde
927 2342 984 2367 Au-

215 2390 347 2425 gustinus
373 2390 383 2406 ⁸
410 2400 418 2416 ;
452 2399 465 2415 ι(
484 2388 598 2416 Discant
628 2387 679 2423 qui
711 2386 814 2414 volunt
837 2385 984 2419 evangeli-

250 2488 255 2502 ¹
269 2487 410 2517 Chrysost.‚
429 2486 454 2508 iu
468 2486 549 2514 doum,
565 2484 635 2508 hom.
650 2488 750 2510 xxxin,
765 2482 796 2505 al.
814 2487 902 2509 xxx1v,
917 2488 945 2505 n.
964 2484 982 2506 1.

216 2536 247 2541 -
258 2523 268 2539 Β
281 2523 348 2551 Luc„
364 2527 413 2551 xli,
435 2522 472 2544 49.
488 2533 516 2538 —
531 2520 539 2533 ³
555 2520 696 2549 Chrysost„
716 2517 758 2541 ubi
776 2524 832 2547 sup.
847 2529 878 2533 —
895 2517 905 2533 ὅ
920 2517 983 2541 ibid.
999 2537 1001 2543 ,

219 2572 245 2575 -
268 2559 275 2573 ⁵
295 2557 358 2581 thid.
373 2570 403 2574 —
421 2556 430 2572 6
448 2556 534 2585 Greg.‚
550 2555 575 2577 2'11
593 2555 700 2583 Evunq„
714 2553 784 2577 hom.
806 2558 904 2582 xxxnt,
919 2559 944 2576 n.
962 2554 982 2576 1,

220 2607 245 2615 2-
269 2593 278 2609 ⁷
298 2592 438 2623 Chrysost.,
459 2590 520 2614 ibid.
534 2602 565 2607 —
581 2590 589 2603 ⁸
610 2589 683 2617 Aug„
703 2588 746 2611 ubi
767 2594 833 2617 sup„
854 2594 879 2610 n.
901 2588 939 2611 30.
954 2601 985 2604 —

217 2630 227 2645 ⁹
242 2629 332 2658 Marc„
349 2633 402 2656 xvi,
423 2627 461 2650 15.
476 2637 512 2653 ,-,
524 2625 544 2642 ¹⁰
558 2625 626 2653 Luc„
644 2629 698 2652 xxv,
719 2625 756 2647 16.
772 2635 798 2640 —
817 2623 835 2638 ¹¹
850 2623 934 2652 Pron„
950 2629 985 2653 ix,

713 197 929 230 EVA'NGELH'
948 197 1089 230 SANCTI
1111 195 1276 231 JoANNts

1021 273 1104 300 zare,
1120 266 1265 301 projicere
1275 266 1432 302 hyan-iam,
1453 265 1483 293 id
1505 266 1547 294 est
1561 256 1758 302 cupiditateili.
1773 268 1787 293 a

1023 312 1055 338 Et
1069 311 1198 346 sequitur
1214 321 1220 339 z
1241 321 1254 337 ι(
1267 314 1359 340 Onere
1375 313 1490 347 abjecto
1500 334 1507 346 ,
1531 315 1658 340 cucurrit.
1673 322 1688 338 n
1708 310 1792 339 nisci2

1022 357 1086 393 puli
1100 358 1178 385 euim
1194 358 1237 393 (ν),
1259 359 1366 386 relictis
1381 358 1536 392 omnibuS‚
1552 359 1642 386 secuti
1657 351 1724 386 sunt
1738 351 1792 386 Bo!

1022 405 1146 432 minum.
1168 406 1247 433 Unde
1270 405 1414 440 figuratur
1431 405 1478 433 hie
1499 404 1638 441 perfectio
1653 404 1793 440 praediea-

1024 453 1121 479 torum
1136 452 1236 488 quoad
1252 460 1371 479 omnem
1387 451 1613 486 abdicationem,
1629 451 1670 479 ibi
1691 460 1697 478 :
1721 451 1793 478 Reti-

1025 500 1084 532 qm't
1107 499 1230 531 hydriam
1246 508 1254 532 ς
1281 497 1427 531 seeundo,
1453 498 1553 533 quoad
1580 497 1739 532 agilitatem
1759 495 1793 524 in

1024 544 1224 579 praedicando,
1241 544 1300 571 ibi:
1317 545 1395 570 Abiit
1403 546 1433 570 in
1447 545 1592 571 cit-itatem.
1607 544 1676 571 Ideo
1687 540 1795 571 aitSalss

1024 592 1109 617 vator
1123 589 1272 625 discipulis
1283 590 1292 606 ⁹
1308 600 1315 616 :
1334 600 1346 613 κ
1362 591 1468 617 Euntes
1482 590 1512 616 in
1523 588 1669 617 mundum
1677 589 1795 616 univer-

1025 644 1101 670 sum,
1116 636 1306 672 praedicate.»
1322 637 1391 663 Item
1400 635 1501 670 quoad
1516 635 1642 663 veritatis
1653 634 1794 670 praedica-

1027 683 1152 717 tionem,
1173 682 1326 709 invitando
1349 681 1497 715 homines,
1516 683 1548 708 ut
1571 680 1610 708 ad
1631 681 1721 708 Deum
1742 687 1794 708 ve-

1026 730 1107 756 niant
1122 729 1262 762 amando,
1279 729 1306 755 et
1319 727 1440 755 videant
1454 727 1602 755 eredendo
1615 727 1639 744 '⁰
1652 736 1658 754 ι
1675 736 1689 752 α
1700 726 1795 754 Homo

1027 775 1150 811 quidam
1173 775 1239 802 feeit
1267 781 1381 801 emnam
1402 781 1555 808 magnam,
1585 775 1613 800 et
1636 772 1714 800 misit
1736 778 1797 800 ser-

1024 829 1111 854 vum,
1127 831 1140 846 n
1164 820 1195 847 id
1217 825 1271 854 est,
1296 820 1431 847 ordinem
1454 818 1691 855 praedicantium,
1713 826 1727 843 «
1744 826 1797 846 vo-

1027 875 1093 895 care
1107 867 1252 894 invitatos.
1270 877 1283 892 ν
1302 866 1380 893 Unde
1395 865 1499 893 dicitur
1510 866 1528 882 ¹¹
1547 875 1574 892 :a
1588 864 1661 892 Misit
1674 863 1796 892 ancillas

1027 921 1108 947 suas,
1125 915 1156 940 ut
1171 914 1308 940 vocarent
1320 913 1358 940 ad
1373 920 1480 940 arcem.
1494 923 1506 938 n
1523 913 1576 940 Per
1585 911 1708 939 ancillas
1717 911 1797 939 enim

1028 959 1199 995 obsequiosi
1226 959 1432 995 praedicatores
1459 960 1486 986 et
1512 957 1656 993 humiles,
1689 956 1799 985 scillcet

1029 1006 1209 1041 Apostoli,ut
1223 1005 1426 1039 aitGregorius
1440 1006 1473 1032 ¹².
1489 1004 1559 1031 Boni
1574 1005 1672 1031 autem
1686 1002 1800 1031 audito*-

1028 1060 1074 1079 res
1089 1053 1196 1079 exeunt
1209 1051 1244 1078 de
1261 1051 1389 1084 civitate,
1405 1050 1513 1078 scilicet
1527 1052 1642 1078 terrena
1657 1050 1685 1077 et
1697 1048 1799 1077 diabo-

1029 1098 1096 1132 lica,
1106 1098 1225 1125 obviam
1239 1097 1361 1124 Christo.
1378 1098 1411 1124 Ut
1423 1097 1500 1124 enim
1515 1096 1555 1124 ait
1569 1095 1745 1131 Augustinus
1754 1089 1797 1122 ¹⁸:

1031 1154 1044 1169 «
1061 1146 1134 1171 Duas
1145 1144 1272 1171 civitates
1282 1143 1413 1170 feceruut
1424 1143 1484 1170 duo
1494 1150 1609 1170 amores
1622 1151 1628 1169 ε
1642 1142 1798 1175 terrenam,

1030 1198 1114 1217 amor
1128 1190 1173 1217 sui
1188 1198 1281 1225 usque
1297 1190 1335 1217 ad
1351 1191 1550 1225 contemptum
1562 1188 1611 1216 Dei
1621 1198 1629 1224 ;
1641 1187 1798 1221 coelestem,

1031 1243 1114 1263 amor
1130 1237 1178 1263 Dei
1193 1244 1287 1271 usque
1298 1236 1336 1263 ad
1347 1237 1547 1270 contemptum
1559 1234 1614 1262 sui.
1625 1243 1639 1259 1>
1653 1235 1690 1261 De
1703 1232 1801 1269 prima

1031 1290 1103 1309 vero
1121 1281 1230 1309 debent
1244 1282 1323 1309 exire
1338 1281 1451 1315 fideles,
1469 1280 1579 1308 Christo
1595 1279 1748 1308 credentes
1761 1279 1800 1306 ¹⁸:

1035 1338 1048 1354 (ι
1061 1329 1224 1364 Relinquite
1239 1329 1368 1356 civitates
1377 1349 1385 1362 ,
1398 1330 1425 1355 et
1439 1327 1567 1355 habitate
1580 1327 1610 1354 in
1624 1327 1707 1362 petra
1716 1347 1724 1361 ‚
1738 1336 1752 1352 »ι
1770 1325 1801 1353 id

1032 1376 1089 1408 est,
1104 1374 1134 1401 in
1149 1375 1271 1402 Christo.
1775 1381 1777 1385 ’

1069 1423 1101 1448 Et
1115 1421 1245 1456 sequitur
1258 1421 1311 1448 illa
1324 1428 1408 1455 pars,
1432 1420 1462 1447 in
1484 1427 1544 1455 qua
1557 1418 1716 1447 salvatoris
1730 1418 1802 1446 invi-

1032 1467 1102 1494 tatio
1118 1475 1135 1494 a
1150 1467 1300 1502 discipulis
1322 1466 1360 1493 ad
1381 1465 1641 1499 manducandum,
1662 1466 1690 1491 et
1711 1464 1802 1499 ipsius

1032 1512 1202 1548 responsio,
1224 1512 1285 1539 ibi:
1309 1513 1557 1545 Interroqaverunt,
1574 1512 1627 1538 ete.
1649 1511 1682 1537 Et
1708 1510 1759 1537 illa
1772 1509 1802 1537 in

1034 1560 1161 1594 quatuor
1184 1567 1190 1585 τ
1219 1558 1330 1593 primo,
1359 1556 1570 1593 supplicator-ia
1594 1556 1738 1589 invitatio;
1756 1563 1803 1583 se-

1034 1605 1148 1638 cundo,
1181 1604 1337 1631 salvatoris
1360 1603 1530 1638 responsio,
1558 1602 1630 1630 ibi:
1658 1603 1707 1630 Ille
1730 1602 1805 1629 discit

1034 1654 1088 1684 eis,
1104 1653 1173 1685 etc.;
1191 1650 1290 1682 tertio,
1306 1649 1520 1685 discipulorum
1534 1651 1636 1676 mutua
1648 1648 1806 1683 interroga-

1036 1697 1091 1731 tio,
1105 1697 1146 1723 ibi
1163 1706 1170 1723 :
1186 1697 1313 1723 Dicebant
1329 1704 1406 1730 eryt),
1423 1698 1493 1729 etc.;
1510 1697 1630 1731 quarto,
1647 1695 1748 1722 Christi
1758 1702 1806 1722 re-

1035 1743 1171 1778 sponsio,
1187 1742 1246 1770 ibi:
1263 1744 1353 1774 Dicit,
1370 1743 1422 1768 etc.
1705 1751 1709 1754 >

1072 1789 1115 1816 Ait
1131 1796 1200 1823 ergo
1212 1798 1218 1816 :
1231 1790 1245 1816 1
1247 1791 1477 1822 ntcrroqaverum,
1488 1787 1520 1815 id
1531 1789 1585 1822 est,
1597 1786 1806 1821 interrogando

1036 1836 1206 1870 rogabant:
1234 1836 1332 1869 Rabbi,
1359 1834 1499 1861 manduca.
1522 1833 1578 1861 Sed
1601 1833 1751 1869 quaeritur,
1769 1833 1808 1860 ad

1038 1881 1111 1917 quid
1126 1889 1194 1908 eum
1213 1882 1407 1915 rogaverunt,
1431 1888 1466 1907 ex
1490 1888 1550 1915 quo
1575 1881 1719 1907 noverant
1739 1885 1808 1906 eum

1037 1935 1153 1963 semper
1167 1928 1262 1954 facere
1277 1927 1360 1962 quod
1382 1928 1443 1954 erat
1465 1926 1570 1953 melius
1591 1928 1618 1953 et
1632 1925 1809 1953 convenien-

1039 1974 1094 2001 tius
1103 1974 1117 2000 ⁶?
1125 1975 1133 2001 i
1138 1976 1194 2001 tem
1209 1982 1245 2001 ex
1252 1981 1311 2009 quo
1323 1973 1437 2000 dixerat
1446 1972 1561 2000 mulieri
1571 1979 1674 2007 supra:
1689 1973 1731 1998 Da
1740 1970 1809 1998 mihi

1038 2021 1134 2053 bibere,
1150 2028 1186 2047 ex
1199 2028 1257 2055 quo
1269 2021 1348 2055 patet
1363 2019 1445 2055 quod
1457 2018 1593 2053 fatigatus
1608 2019 1669 2045 erat
1678 2017 1808 2045 esuriens

1039 2068 1067 2094 ct
1083 2067 1197 2100 sitiens,
1213 2066 1363 2102 quaeritur,
1380 2073 1470 2101 quare
1481 2072 1541 2092 non
1552 2064 1764 2092 manducavit?
1777 2064 1809 2091 Et

1039 2113 1077 2140 ad
1089 2113 1146 2140 hoc
1160 2112 1318 2148 respondet
1329 2112 1552 2146 chrysostomus
1567 2111 1598 2143 ¹³,
1611 2109 1694 2146 quod
1708 2109 1810 2136 viden-

1039 2162 1080 2186 tes
1096 2167 1163 2186 eum
1179 2158 1332 2193 fatigatum
1342 2178 1351 2192 ,
1367 2158 1529 2192 rogabant:
1545 2164 1642 2192 neque
1656 2155 1735 2184 enim
1749 2157 1810 2183 erat

1039 2205 1110 2237 hoc,
1124 2205 1156 2232 id
1166 2206 1207 2231 est
1222 2204 1334 2239 precari
1349 2211 1403 2238 pro
1418 2202 1551 2236 cibariis,
1565 2201 1744 2234 temeritatis,
1757 2200 1809 2228 sed

1039 2251 1150 2278 amoris
1165 2249 1304 2278 custodiae
1328 2249 1405 2276 cirea
1424 2248 1606 2283 magistrum.
1630 2249 1663 2275 Et
1679 2246 1810 2283 sequitur

1039 2297 1131 2332 ipsius
1144 2296 1297 2332 responsio
1314 2296 1351 2331 (V.
1377 2296 1422 2330 32)
1443 2304 1450 2322 :
1470 2296 1518 2321 Ille
1536 2295 1610 2321 dixit
1627 2303 1634 2321 :
1656 2296 1712 2328 Ego
1726 2293 1809 2320 eibum

1039 2344 1133 2377 habeo,
1151 2345 1218 2376 etc„
1238 2342 1270 2369 id
1290 2343 1347 2376 est,
1368 2341 1598 2369 conversionem·
1611 2339 1808 2368 Samaritano-

1039 2397 1121 2423 rum,
1134 2389 1174 2417 ait
1185 2389 1300 2423 Glossa3
1312 2396 1387 2423 quem
1400 2395 1446 2415 vos
1460 2389 1584 2421 nescitis,
1593 2386 1701 2413 seilicet
1709 2391 1809 2412 earna-

1041 2472 1063 2493 3.
1078 2483 1107 2487 -
1130 2470 1148 2485 ¹2
1167 2471 1254 2500 (ἧι-ες.ἱ
1268 2469 1371 2497 Μοι·(ιί.,
1388 2469 1431 2493 lib.
1454 2469 1572 2499 xxxiii,
1595 2474 1618 2491 e.
1639 2473 1680 2497 xv,
1702 2467 1735 2491 al.
1754 2473 1806 2496 m,

1041 2512 1067 2528 n.
1083 2506 1121 2528 32.
1137 2519 1168 2523 —-
1184 2506 1203 2522 ¹³
1220 2508 1295 2535 Aug„
1311 2505 1340 2528 ‹Ie
1355 2505 1430 2528 Cia-it.
1448 2504 1505 2531 Dei,
1525 2503 1568 2527 lib.
1588 2502 1653 2533 XlV,
1673 2509 1695 2526 e.
1714 2508 1807 2527 xxvm.

1043 2553 1069 2557 -—
1084 2540 1103 2556 ¹⁴
1116 2541 1218 2571 Jerem„
1233 2546 1325 2569 xrwu,
1340 2541 1378 2565 28.
1391 2552 1421 2557 -
1438 2540 1455 2556 ‘⁵
1468 2538 1609 2569 Chrysost„
1625 2537 1667 2562 ubi
1682 2545 1738 2568 sup.

1040 2574 1042 2576 V
1075 2589 1106 2616 (a)
1121 2589 1181 2612 Coet.
1198 2589 1258 2614 edit.
1281 2589 1308 2612 in
1326 2588 1500 2612 descensione.
1517 2599 1546 2604 -
1565 2586 1599 2616 (ὁ)
1621 2585 1680 2609 Item
1698 2585 1807 2610 evellere

1041 2624 1130 2648 uoluit.
1145 2638 1171 2641 —
1191 2626 1220 2654 (c)
1235 2625 1291 2654 Ley.
1307 2624 1394 2648 etiam.
1783 2635 1786 2638 -
