1987 3032
745 211 952 243 EXPOSlTw
975 210 1014 242 IN
1037 211 1123 243 CAP.
1144 211 1194 243 XI.

171 282 313 317 professio
329 281 483 315 majestatis
499 282 525 307 et
539 280 688 315 potestatis
699 279 760 306 Filii
772 279 831 312 Dei,
847 281 874 306 et
888 287 940 305 sua

171 328 343 356 humiliatio.
360 328 440 355 Unde
461 327 684 362 Chrysostomus
700 326 706 341 ¹
722 335 727 352 ε
744 325 872 353 Calidior
889 333 940 351 au-

170 376 226 401 tem
243 375 303 401 haec
319 381 402 401 soror
416 381 485 406 sua,
503 373 572 408 quia
587 381 646 399 non
665 373 704 399 ol)
727 372 845 399 turbam
860 379 940 398 vere-

170 421 297 448 cundata
311 423 361 453 est,
379 427 439 446 non
455 419 493 446 ob
513 419 756 454 suspicationem,
780 426 871 453 quam
885 417 938 444 ha-

169 467 278 494 bebant
293 466 402 493 inimici
417 466 453 493 de
469 465 590 498 Christo,
608 465 690 500 quod
703 467 763 491 erat
776 463 938 491 contrarius

170 514 242 541 Deo:
257 512 308 539 sed
325 512 424 539 omnia
435 512 568 547 projecit,
586 514 612 539 et
626 511 712 538 dixit:
727 511 758 537 St*
770 511 867 543 fuisses
884 510 936 541 hic,

167 567 219 585 non
234 560 327 591 fuisset
342 561 473 591 mortuus,
488 560 553 591 etc.,
572 558 644 584 sicut
663 557 701 584 ait
716 557 825 584 Martha
837 564 935 591 supra.

167 606 236 631 Tam
247 612 316 639 ergo
333 606 428 638 gestu,
441 604 510 639 quia
521 603 633 634 cecidit,
646 611 737 638 quam
750 602 850 635 affatu,
867 602 937 637 quia

166 650 207 678 sic
221 650 304 683 dixit,
316 650 416 677 Christi
427 651 599 685 potestatem
614 649 746 684 professa
760 650 810 676 est.
831 649 938 681 Quaerit

166 699 262 724 antem
277 697 452 729 Augustinus
463 697 473 712 ²
492 704 583 731 quare
599 696 725 722 narravit
742 694 937 729 avangelista-

166 744 248 778 quod
270 743 360 770 Judaei
382 742 470 770 secuti
491 744 578 769 sunt?
597 743 629 769 Et
648 742 824 777 respondet:
846 743 878 768 Ut
891 741 934 768 vi-

166 790 288 817 deamus
302 797 367 824 quae
382 789 495 816 occasio
510 789 606 822 fuerit,
622 797 714 824 quare
729 789 763 823 (a)
779 788 879 824 plures
894 788 934 815 ibi

165 837 275 869 essent,
301 835 421 871 quando
443 837 565 862 Lazarus
589 835 643 862 suit
665 835 860 862 resuscitatus.
877 845 890 860 »
906 837 935 862 Et

165 884 235 909 nota
245 882 326 917 quod
342 882 381 909 ait
396 884 535 917 utraque:
548 883 579 909 St*
593 883 692 914 faisses
706 882 758 913 hic,
776 889 826 908 ηοη
839 882 935 914 fuisset

163 929 248 960 frater
262 936 332 955 meus
345 932 473 962 mortuus,
490 928 570 963 quia,
583 930 614 954 ut
627 928 665 955 ait
678 928 791 955 Glossa:
808 937 819 952 ε(
833 929 888 955 Deo
901 927 934 962 (h)

165 977 304 1009 praesente
319 975 401 1001 nulla
419 974 572 1001 infirmitas
592 982 662 1001 ausa
685 976 757 1001 esset
775 982 933 1009 apparere,

165 1021 245 1056 apud
262 1029 335 1056 quas
353 1020 412 1047 vita
426 1021 567 1056 hospitari
587 1023 717 1048 noverat.
737 1031 749 1045 n
769 1020 934 1047 Gloriosum

164 1074 244 1101 ergo,
259 1067 469 1101 etjucundum,
483 1069 509 1093 ct
521 1075 654 1094 securum
669 1069 710 1094 est
727 1067 831 1094 animae
843 1066 933 1100 fideli,

164 1113 267 1140 Filium
284 1113 331 1140 Dei
349 1113 491 1148 hospitari
508 1113 537 1140 in
551 1113 658 1147 corde,
675 1115 703 1140 et
725 1113 888 1148 suscipere,
904 1115 935 1139 ut

163 1159 245 1186 nulla
259 1159 425 1192 infirmitas,
442 1159 524 1186 nulla
540 1168 619 1186 mors
634 1160 762 1195 peccati,
778 1160 858 1186 nulla
872 1160 934 1186 tris-

163 1205 223 1232 titia
243 1205 375 1232 indebita
395 1206 435 1232 ibi
455 1206 499 1232 sit.
524 1206 600 1233 Infra
613 1207 641 1232 ³:
661 1217 672 1231 (ι
688 1207 740 1239 Qui
758 1206 852 1240 diligit
870 1214 931 1239 me,

163 1259 329 1279 sermonem
350 1260 449 1279 mcum
473 1253 615 1285 servabit,
643 1254 669 1279 et
694 1252 730 1279 ad
751 1261 817 1279 eun]
838 1253 933 1280 venie-

162 1307 242 1331 muS,
260 1302 338 1326 11010.
355 1300 386 1325 Et
400 1299 440 1325 sic
457 1299 585 1332 veniens,
602 1298 693 1326 defert
712 1307 810 1325 secum
833 1300 933 1326 omnia

163 1344 241 1372 bona
257 1345 285 1372 ἠ
305 1356 317 1370 1<
340 1347 486 1372 Venerunt
508 1345 579 1372 mihi
601 1346 709 1380 pariter
733 1345 832 1372 omnia
853 1346 933 1373 bona

162 1399 228 1417 curn
245 1391 305 1418 illa.
324 1402 336 1417 v)

197 1439 241 1464 33.
257 1437 391 1472 Sequitur
409 1446 475 1473 pars
495 1438 524 1464 in
549 1446 607 1473 qua
626 1438 878 1473 praeambulorum
893 1437 932 1465 ad

161 1483 336 1510 miraculum
357 1484 548 1518 specificatio,
571 1492 638 1511 eum
654 1484 930 1511 concomitantibus.

162 1531 192 1556 Et
207 1532 272 1556 sunt
286 1529 358 1556 tria:
383 1538 510 1564 qnorum
528 1530 656 1566 primum
673 1532 714 1557 est
729 1530 890 1558 insremitus
906 1533 933 1558 et

161 1576 380 1612 lacrymationis
402 1577 503 1604 Christi
524 1577 701 1612 prsemissio,
727 1585 794 1603 cum
815 1586 867 1604 sua
887 1577 931 1604 in-

161 1623 331 1658 quisitionc;
348 1624 488 1657 secundo,
505 1623 634 1650 fremitus
653 1623 781 1657 iteratio,
798 1631 864 1650 cum
879 1632 932 1650 sua.

160 1670 369 1705 pra‘ceptionc,
386 1670 426 1696 ibi
442 1671 469 1696 ⁵.-
491 1672 580 1703 Jssus,
603 1672 671 1698 etc.:
691 1669 788 1703 tertio,
810 1677 931 1696 suorum

161 1716 313 1743 oculorum
327 1716 451 1743 elevatio
464 1725 528 1743 cum
542 1717 699 1751 gratiarum
712 1717 837 1749 actione,
854 1716 894 1743 ibi
906 1718 929 1743 6;

160 1762 235 1789 Jesus
250 1765 336 1789 autem
352 1764 460 1789 elevatis
475 1764 572 1796 (unalis,
590 1765 642 1789 etc.

197 1809 239 1835 Ait
254 1817 341 1843 ergo:
358 1810 443 1842 Jesns,
460 1812 490 1835 uc
503 1809 573 1834 vidit
588 1810 751 1843 plorantem,
767 1810 832 1841 etc„
849 1810 932 1841 infre-

162 1856 228 1880 muit
239 1856 350 1888 spiritu,
365 1856 431 1888 etc„
444 1855 599 1881 ostendens
614 1857 747 1882 naturam
759 1855 930 1888 humanam,

163 1903 189 1927 et
205 1900 375 1927 denudans:
388 1901 460 1927 nihil
473 1901 549 1927 enim
565 1901 632 1936 plus
645 1901 762 1928 volebat
777 1902 931 1936 imaginari

161 1949 239 1980 tunc,
250 1955 339 1982 quam
356 1947 435 1982 quod
448 1950 521 1974 esset
534 1956 620 1974 verus
635 1947 736 1981 homo,
753 1948 932 1984 0101101111*-

160 1995 305 2020 sostomus
320 1994 339 2020 ⁷.
363 1995 504 2027 Tio-bavit,
524 1994 646 2029 inquam
661 1994 710 2028 (ν),
733 1994 840 2021 scilicet
862 1995 932 2030 quia

160 2040 270 2066 voluit:
292 2050 304 2065 ι(
319 2039 359 2066 sic
373 2040 504 2073 esurivit,
522 2040 562 2067 sic
583 2040 736 2073 dormivit,
756 2041 796 2067 sic
811 2041 932 2067 contris-

161 2088 235 2113 tatus
251 2088 306 2120 est,
320 2086 359 2113 sic
375 2088 506 2113 mortuus
522 2088 576 2120 cst,
599 2086 670 2121 quia
688 2087 791 2114 voluit.
810 2088 838 2113 ln
855 2087 932 2114 illius

161 2133 236 2159 enim
260 2135 398 2168 potestate
418 2135 478 2160 erat
499 2133 554 2165 sie,
575 2133 619 2160 vel
639 2133 678 2159 sic
699 2133 788 2166 affici,
805 2133 851 2160 vcl
872 2142 931 2161 non

161 2179 252 2213 affici,
269 2189 280 2203 »1
300 2181 330 2206 ut
346 2179 384 2206 ait
399 2179 573 2213 Augustinus
588 2180 606 2205 ⁸.

198 2228 240 2252 34.
252 2227 284 2252 Ea
295 2227 382 2252 demit:
400 2227 449 2252 t’bz'
459 2228 588 2260 posw'srt's
601 2234 655 2251 rum
667 2228 680 2252 ἱ)
690 2225 745 2252 Sed
755 2233 821 2252 cum
833 2226 932 2254 omnIa

162 2274 308 2305 nosceret,
333 2280 423 2306 quare
442 2273 497 2298 hoc
520 2272 676 2307 qumsivit‘!
696 2273 727 2298 Et
747 2272 784 2298 ad
801 2272 857 2299 hoc
872 2279 932 2299 res—

162 2318 273 2353 pondet
291 2318 512 2353 chrysostomus
527 2320 547 2352 ⁹,
565 2318 634 2353 quia
653 2328 665 2342 κ
680 2326 740 2345 1100
761 2318 821 2345 vult
839 2326 869 2345 se
889 2318 932 2345 in-

159 2363 264 2398 jicere,
284 2364 314 2391 id
336 2366 390 2396 est,
414 2364 544 2398 ingerere
568 2364 604 2391 ad
622 2364 788 2391 faciendum
808 2364 932 2392 miracu-

163 2409 224 2438 lum
239 2419 245 2438 :
260 2410 312 2438 sed
335 2410 436 2438 omnia
451 2410 562 2438 abillis
580 2411 690 2438 discere
707 2411 756 2446 (d),
773 2413 799 2438 et
813 2413 932 2446 rogatus

194 2472 201 2487 ¹
218 2471 357 2501 Chrysus-t..
378 2471 418 2494 11111
435 2478 490 2501 sup.
507 2484 534 2487 —
551 2472 558 2484 '·'
574 2472 647 2501 Aug,
667 2471 707 2493 ubi
723 2479 790 2501 sup.‚
807 2479 822 2494 ιι
852 2473 885 2494 17.
905 2486 929 2489 -—

163 2507 173 2522 ³
191 2506 247 2535 lns.,
266 2513 318 2536 xiv,
337 2509 374 2531 25³,
391 2520 421 2524 -
445 2511 450 2519 ¹
470 2509 540 2535 sup„
561 2512 611 2535 vii,
635 2509 667 2528 11.
689 2520 718 2523 -
737 2507 746 2523 ⁵
767 2508 823 2536 1011,
844 2509 881 2531 38.
902 2521 932 2525 —

165 2541 174 2557 Β
189 2541 245 2571 tus„
261 2543 299 2565 41.
313 2555 341 2559 -
355 2542 360 2555 ²
375 2542 513 2572 (Ilua-sofr,
530 2541 570 2564 ubi
587 2548 641 2571 sup,
654 2554 682 2558 -—
696 2543 704 2554 '‘
720 2542 774 2571 Aug
787 2560 794 2572 ,
811 2542 852 2565 ubi
864 2550 932 2573 sup„

165 2583 190 2600 n.
208 2579 243 2600 13.
261 2591 287 2594 --
303 2579 311 2591 ‘³
330 2578 471 2608 Chrys-Ost„
493 2577 534 2600 ubi
553 2584 639 2607 5011.-
662 2578 682 2592 ²⁰
703 2577 764 2600 ibid.
782 2591 813 2595 —
834 2578 848 2593 ¹¹
868 2578 930 2601 lbid.

166 2625 191 2628 ——
208 2612 228 2627 ¹³
243 2612 301 2642 Iso„
317 2618 383 2642 xuz,
401 2614 422 2636 s».
443 2626 471 2629 ——
491 2613 508 2627 ’ὅ
524 2614 604 2639 stratu,
626 2618 655 2637 x.
675 2614 712 2635 550.
731 2626 761 2630 —-
781 2613 798 2629 ¹⁴
815 2614 888 2643 Aug„
904 2613 932 2635 (le

167 2646 240 2670 ΟιίιἸ.
260 2647 312 2677 lm,
327 2647 369 2671 lib.
386 2649 425 2677 lx,
441 2656 463 2671 0.
481 2654 524 2677 μα,
540 2651 591 2671 u.t.
604 2660 634 2664 —
654 2649 670 2663 ’δ’
685 2649 760 2678 Aug„
777 2648 819 2672 ubi
835 2655 890 2678 sup.
901 2661 931 2665 —

1713 218 1771 246 413

997 278 1093 305 facere
1110 278 1156 313 (e),
1174 281 1204 305 01
1218 278 1256 306 ab
1282 279 1362 306 omni
1387 279 1553 315 suspicione
1577 280 1694 315 signum
1717 282 1770 308 eri-

997 324 1068 359 piat.
1086 334 1098 348 »
1118 326 1181 351 Hzec
1194 325 1252 352 ille.
1269 325 1356 352 ldeo:
1375 327 1472 352 Dicant
1493 328 1536 352 ei.-
1554 327 1637 360 Veni,
1652 330 1677 353 et
1692 327 1770 361 vide,

997 371 1104 399 scilicet
1122 372 1208 399 oculo
1224 372 1442 399 misericordiae.
1460 374 1492 399 Et
1510 381 1570 400 non
1587 373 1682 400 solum
1696 374 1768 408 1100;

996 417 1048 444 sed
1064 418 1109 453 (v.
1122 418 1171 452 35)
1185 427 1189 444 :
1206 419 1379 452 Lam-ymetus
1393 422 1441 452 est,
1454 421 1619 446 monstrans
1635 421 1770 447 naturam

996 463 1176 498 humanam,
1202 465 1240 491 ait
1255 465 1479 500 chrysostomus
1502 467 1529 493 ¹⁰.
1550 467 1669 501 Propter
1690 466 1771 502 quod

996 509 1133 536 dixerunt
1154 511 1203 545 (v.
1227 512 1278 545 35)
1298 520 1304 538 :
1328 513 1393 539 Ecce
1417 512 1545 546 quomodo
1571 513 1678 539 amabat
1701 521 1770 540 eum.

995 556 1026 582 Et
1047 556 1238 583 nihilominus
1259 557 1453 585 detrahebant
1477 558 1514 585 ei.
1538 558 1617 585 Unde
1640 559 1772 594 sequitur

994 601 1041 636 (v.
1059 601 1108 637 37)
1121 611 1127 628 ι
1147 603 1205 629 Non
1222 605 1328 637 poterat
1341 605 1400 638 leisc,
1417 606 1469 631 etc.
1488 605 1519 631 Ut
1534 605 1611 631 enim
1626 605 1665 632 ait
1679 605 1770 640 Chry—

993 650 1140 675 sostomus
1149 650 1163 664 ¹¹
1174 658 1199 675 :u
1207 650 1387 676 Confitentur
1398 651 1537 685 quoniam
1547 651 1661 686 aperuit
1669 651 1771 679 oculos

993 694 1075 728 eaeei,
1094 696 1122 721 et
1141 697 1239 722 tamen
1261 695 1418 723 detrahunt
1432 697 1457 723 ei
1477 706 1482 723 ε
1508 699 1569 724 erat
1593 697 1670 724 enim
1690 698 1769 732 judi-

993 741 1071 767 cium
1091 743 1276 776 corruptum.
1293 752 1305 767 »
1324 742 1380 769 Sed
1402 743 1550 778 quaeritur,
1568 743 1694 778 qualiter
1709 743 1766 771 ait:

991 787 1065 814 Jeszts
1078 789 1237 822 infremuit,
1256 792 1280 815 01
1297 790 1416 816 turbavit
1434 791 1602 824 semetipsum
1614 793 1627 816 ἱ)
1642 791 1712 825 quia
1727 791 1748 807 ¹²
1761 800 1768 818 z

996 845 1008 857 u
1030 835 1092 860 Non
1115 835 1168 861 erit
1184 834 1284 868 tristis,
1305 843 1402 870 neque
1428 836 1622 863 turbulentus.
1645 847 1657 861 »
1676 838 1707 863 Et
1726 837 1769 864 lo-

992 880 1091 914 quitur
1107 880 1143 907 de
1158 881 1279 908 Christo,
1296 883 1365 908 Item
1380 881 1400 898 ¹³
1414 891 1438 908 z«
1455 883 1516 909 Non
1533 883 1769 910 commovebitur

991 926 1092 960 justus.
1110 938 1122 951 n
1140 927 1227 954 Multo
1244 928 1341 955 minus
1356 928 1494 956 Christus.
1512 931 1580 956 ltem
1596 929 1693 964 passio
1708 938 1767 957 non

992 972 1069 999 cadit
1084 973 1112 999 in
1128 974 1306 1009 sapientem,
1328 975 1490 1002 secundum
1508 975 1679 1011 opinionem
1695 976 1769 1004 Stoi·

991 1027 1105 1053 corum,
1120 1023 1204 1054 prout
1218 1021 1317 1048 recitat
1332 1022 1509 1056 Augustinus
1521 1022 1549 1049 11.
1566 1022 1655 1049 Multo
1671 1023 1768 1050 minus

990 1065 1019 1091 in
1041 1065 1164 1092 Christo.
1188 1068 1219 1093 Et
1241 1066 1279 1093 afl
1302 1067 1379 1094 istud
1400 1070 1441 1094 est
1463 1069 1705 1103 respondendum
1721 1077 1766 1096 se-

991 1111 1121 1138 cundnm
1134 1113 1328 1147 Augustinum
1337 1114 1366 1147 ¹5,
1377 1114 1459 1149 quod
1473 1115 1626 1142 «turbatus
1635 1117 1685 1149 est,
1698 1115 1768 1150 quia

991 1157 1092 1184 voluit.
1112 1168 1124 1183 v
1141 1160 1171 1185 Et
1185 1158 1252 1186 ideo
1269 1159 1308 1186 ait
1323 1160 1499 1193 Augustinus
1518 1161 1536 1177 ¹⁶
1548 1169 1554 1187 ε
1568 1171 1580 1186 κ
1595 1163 1766 1189 potestatem

990 1203 1144 1236 attendite,
1177 1204 1420 1239 significationem
1444 1206 1591 1242 inquirite.
1626 1208 1766 1235 Fremitus

990 1256 1059 1283 ergo
1076 1249 1106 1276 in
1121 1250 1232 1277 Christo
1249 1251 1358 1285 signat,
1383 1254 1526 1287 quantum
1546 1253 1637 1281 homo
1654 1254 1765 1282 turbari

990 1294 1095 1322 debeat
1116 1304 1232 1331 pressus
1259 1297 1338 1324 mole
1358 1299 1480 1333 peccati.
1504 1309 1516 1323 »
1539 1300 1571 1326 Et
1594 1300 1630 1327 de
1655 1300 1712 1327 1100
1736 1301 1765 1328 in

989 1341 1097 1368 Glossa.
1125 1343 1203 1369 Unde
1220 1345 1261 1370 cst
1276 1344 1404 1371 turbatio
1421 1348 1570 1381 assumpta
1584 1346 1765 1381 voluntarie,

989 1390 1103 1421 etcum
1123 1389 1281 1423 modestia,
1307 1393 1334 1417 et
1356 1391 1573 1426 moderamine,
1597 1395 1624 1419 et
1649 1393 1678 1420 in
1702 1393 1766 1429 ipsa

987 1434 1173 1461 sensualitate
1187 1444 1192 1461 :
1216 1438 1242 1462 et
1259 1436 1299 1462 sic
1314 1436 1368 1463 fuit
1389 1437 1419 1464 in
1434 1438 1562 1472 Christ03
1584 1439 1658 1466 sicut
1673 1440 1713 1467 ait
1728 1440 1764 1467 de

988 1488 1017 1506 se
1033 1479 1070 1507 ¹⁷:
1091 1485 1103 1505 ἑ(
1118 1481 1212 1508 Tristis
1232 1484 1274 1508 est
1295 1483 1394 1510 anima
1414 1492 1480 1511 mea
1507 1493 1600 1520 usque
1623 1486 1660 1512 ad
1683 1494 1765 1513 mor-

988 1527 1055 1552 tem.
1072 1536 1085 1551 »
1107 1528 1175 1554 Item
1195 1528 1335 1563 quaeritur
1351 1529 1387 1555 de
1403 1529 1476 1564 1100,
1492 1531 1573 1565 quod
1590 1531 1629 1558 ait
1644 1541 1649 1558 :
1667 1533 1765 1566 Lacry-

987 1575 1075 1599 matus
1089 1575 1126 1600 est
1140 1575 1238 1600 Jeszts:
1256 1583 1323 1601 cum
1340 1575 1416 1602 dicat
1430 1577 1586 1611 Apostolus
1602 1577 1621 1594 ¹⁸
1632 1587 1657 1605 z«
1673 1579 1764 1606 Nolite

988 1619 1151 1646 contristari
1167 1621 1205 1655 (f)
1229 1621 1266 1647 de
1284 1621 1509 1657 dormientibus,
1525 1633 1538 1649 )›
1557 1625 1623 1657 etc„
1639 1625 1765 1660 qualiter

987 1665 1043 1691 ait:
1062 1666 1183 1692 Christus
1205 1668 1368 1701 lacrymatus
1384 1672 1441 1695 est?
1460 1670 1530 1696 ltem
1551 1670 1612 1704 ipse
1633 1673 1694 1698 erat
1712 1680 1763 1706 po-

988 1712 1049 1737 tens
1077 1711 1115 1738 ad
1142 1711 1238 1747 ipsum
1262 1714 1517 1741 resuscitandum:
1546 1723 1606 1742 non
1632 1717 1763 1751 oportuit

988 1765 1056 1792 ergo
1083 1758 1251 1793 lacrymari.
1275 1761 1344 1787 item
1368 1761 1485 1788 videtur
1510 1761 1626 1789 dedisse
1650 1763 1761 1790 malum

988 1805 1157 1840 exemplum
1173 1806 1254 1839 aliis,
1272 1807 1353 1841 quod
1369 1807 1544 1842 displicebat
1560 1808 1584 1835 ei
1601 1808 1703 1836 divina
1716 1818 1763 1837 or-

987 1850 1098 1877 dinatio
1122 1851 1157 1878 de
1179 1854 1272 1879 morte
1292 1853 1400 1880 Lazari.
1424 1855 1455 1881 Et
1478 1854 1517 1882 ad
1539 1854 1617 1882 istud
1639 1864 1763 1891 respon-

987 1896 1119 1924 dendum
1133 1898 1297 1926 secundum
1311 1900 1553 1935 Chrysostonnun
1565 1902 1596 1936 ¹⁹,
1609 1902 1691 1937 quod
1703 1903 1762 1930 «la-

987 1946 1134 1978 crymatus
1150 1947 1192 1971 est
1211 1946 1309 1972 Jesus:
1326 1946 1460 1973 nondum
1480 1947 1558 1974 enim
1579 1948 1702 1984 aliquod
1717 1957 1763 1977 re-

987 1990 1173 2017 surrectionis
1196 1992 1313 2026 signum
1338 1993 1570 2021 demonstrabat.
1597 2005 1609 2020 1)
1638 1997 1669 2022 Et
1692 1996 1764 2031 quia

986 2039 1105 2064 venerat
1125 2039 1156 2064 ut
1177 2037 1408 2073 lacrymatums,
1434 2040 1591 2067 ostendens
1610 2041 1691 2076 prius
1710 2050 1762 2069 na-

987 2084 1081 2110 turam
1101 2083 1277 2118 humanam,
1298 2088 1324 2112 et
1344 2087 1446 2120 postea
1460 2089 1673 2114 monstraturus
1689 2087 1763 2115 divi-

987 2137 1055 2156 nam
1071 2132 1205 2157 naturam
1221 2131 1250 2158 in
1269 2131 1428 2167 iniracu103
1446 2133 1514 2160 ideo
1530 2134 1610 2168 prius
1624 2135 1718 2169 flevit,
1735 2138 1763 2163 et

986 2176 1042 2202 11οο
1062 2177 1132 2211 quia
1156 2177 1224 2204 sscre
1246 2177 1399 2205 hominem
1424 2179 1521 2206 decuit
1540 2180 1586 2215 (9).
1604 2181 1683 2209 Unde
1704 2184 1762 2209 Au-

988 2222 1119 2257 gustinus
1135 2222 1155 2238 ²⁰
1169 2233 1174 2250 :
1195 2234 1207 2249 «
1223 2224 1314 2251 Flevit
1329 2225 1472 2259 Christus,
1494 2227 1561 2253 fleat
1580 2235 1609 2254 sc
1628 2227 1729 2256 homo.
1746 2239 1759 2255 »

988 2270 1018 2296 Et
1038 2269 1191 2296 Anselmus
1208 2279 1213 2297 :
1234 2280 1246 2295 «
1271 2271 1360 2298 Flevit
1383 2272 1510 2299 Christus
1533 2273 1661 2301 amicum
1682 2283 1763 2302 mor-

987 2317 1086 2349 tuum3
1103 2317 1170 2344 llcat
1189 2325 1218 2343 se
1241 2317 1332 2344 hoino
1352 2326 1527 2353 oppressum
1543 2320 1673 2354 pondere
1693 2329 1759 2357 pec-

987 2364 1052 2390 cati.
1080 2375 1090 2388 ι)
1119 2366 1150 2391 Et
1178 2367 1256 2399 patet
1288 2365 1335 2392 hic
1363 2365 1438 2393 mira
1465 2365 1557 2401 pietas
1586 2367 1760 2403 salvatoris,

989 2453 1009 2469 ¹⁰
1030 2453 1101 2482 111111,
1126 2460 1149 2476 ιι.
1181 2455 1204 2475 18
1227 2455 1251 2476 et
1277 2456 1316 2483 11),
1335 2454 1417 2484 quoad
1437 2461 1548 2478 sensum.
1571 2469 1600 2473 —
1625 2457 1640 2471 ¹⁷
1660 2457 1760 2486 Manli„

988 2494 1062 2517 xxxi,
1083 2490 1167 2511 311,-
1192 2490 1208 2503 ¹¹¹
1229 2489 1236 2511 1
1264 2488 1353 2518 'slim-s,
1372 2495 1404 2519 iv,
1428 2492 1462 2513 12.
1481 2504 1505 2506 —
1528 2491 1546 2506 ¹²¹
1562 2492 1703 2522 Chrysost„
1719 2493 1761 2517 uhi

987 2531 1042 2553 sup.
1060 2537 1088 2540 —
1103 2524 1123 2539 ¹⁰
1137 2525 1213 2554 Aug„
1229 2524 1271 2547 ubi
1286 2531 1354 2555 sup„
1367 2532 1392 2548 n.
1413 2526 1448 2549 19.

1019 2578 1049 2607 (η)
1066 2576 1104 2599 ΑΙ.
1121 2576 1207 2600 feccrit
1223 2579 1256 2600 ut.
1271 2590 1297 2594 —·
1316 2577 1348 2607 (b)
1364 2578 1422 2602 Caes.
1440 2579 1500 2602 odil.
1520 2581 1563 2604 Dc,
1579 2593 1608 2597 --
1624 2581 1651 2610 (c)
1668 2580 1756 2611 Suppl.

988 2612 1107 2642 seipsum.
1120 2625 1148 2629 —
1164 2612 1195 2639 ‘tl’
1210 2614 1269 2635 Coel-
1286 2613 1345 2636 mat.
1363 2613 1480 2638 disceret.
1493 2628 1522 2632 —
1534 2616 1565 2646 (ι’)
1581 2616 1642 2638 Item
1655 2616 1756 2640 fuceret.

987 2661 1016 2665 ——
1039 2648 1073 2677 (s)
1097 2647 1166 2677 Γαίῃ.
1189 2647 1381 2672 contristemini.
1399 2661 1430 2667 —
1450 2651 1485 2680 (q)
1502 2651 1561 2674 Czet.
1580 2650 1639 2674 edit.
1663 2651 1757 2676 docuit.

1786 1681 1885 1705 Qualiter

1778 1713 1880 1733 Christus

1778 1743 1883 1769 lici-yma-

1778 1775 1822 1794 tus.
