1987 3032
86 657 181 682 Concep-

90 687 120 707 tiu
131 687 169 706 hu-

92 723 164 738 mana.

117 1949 184 1974 Loqui

79 1980 183 2005 aenigma«

79 2013 120 2032 tice
133 2011 183 2038 quid

80 2043 114 2063 sit.

772 208 975 240 EXPOSITIO
998 207 1039 238 IN
1061 208 1146 239 CAP.
1171 208 1209 239 ΙΙ.

197 278 229 304 Et
251 276 289 304 ad
311 277 388 304 istud
412 274 652 312 respondendum
676 275 839 303 secundum
859 274 962 310 Magis-

197 324 273 349 trum
295 322 324 349 in
347 323 491 352 Historiis,
519 321 682 348 secundum
702 321 781 349 hunc
804 329 963 348 numerum

197 368 366 395 convenisse
382 366 551 402 perfectioni
567 367 698 402 corporis
711 367 863 401 dominici,
873 374 964 402 quan-

197 416 258 441 tum
278 414 316 441 ad
339 413 483 448 majorem
503 413 728 440 distinctionem.
754 413 833 441 Unde
857 421 964 449 corpus

195 460 314 496 perfici,
330 462 424 495 potest
441 459 564 494 intelligi
589 459 741 495 dupliciter
758 468 765 487 ι
782 460 829 487 vel
845 460 964 495 organi-

196 505 322 540 zatione,
340 505 387 532 vel
402 506 604 540 magnitudine
620 505 680 533 sive
697 506 733 541 (a)
748 505 827 533 mole
841 515 847 533 :
863 506 964 534 omnia

197 552 273 579 enim
288 552 346 579 alia
369 560 494 587 corpora
516 552 647 580 humana
668 555 807 588 concepta
827 561 862 580 ex
881 553 966 580 semi-

194 598 281 625 nibus
310 598 460 634 permixtis
486 598 676 634 perficiuntur
703 600 828 634 utroque
853 598 965 632 modo,

195 646 282 679 prout
296 644 335 671 ait
348 645 534 679 Augustinus,
548 644 599 680 qui
615 644 654 672 ait
668 663 678 678 0
691 653 697 672 :
717 654 730 669 «
740 644 897 680 Conceptio
910 644 966 671 hu-

196 698 284 717 mana
299 691 339 717 sic
352 690 501 726 procedit,
517 691 599 726 quod
614 690 643 717 in
657 690 760 725 primis
774 698 825 717 sex
845 690 964 725 diebus,

195 737 277 764 lactis
299 736 383 772 quasi
404 736 493 763 habet
515 736 752 770 similitudinem,
775 736 966 771 sequentibus

196 791 305 810 novem
332 783 508 810 convertitur
531 782 561 808 in
586 782 777 817 sanguinem,
807 782 966 809 duodecim

197 829 303 857 diebus
322 829 479 863 solidatur,
494 828 616 864 reliquis
634 828 739 855 diebus
760 828 904 855 formatur
920 835 966 855 us—

197 884 254 911 que
269 875 308 902 ad
330 875 458 910 perfecta
484 875 672 902 lineamenta.
688 884 700 900 »
726 876 757 902 Et
778 874 819 902 ibi
836 875 913 901 bene
930 874 966 901 de

196 922 263 950 hoc.
280 923 390 956 Corpus
406 929 475 948 vero
497 920 599 948 Christi
618 921 647 947 in
665 921 762 956 primo
780 921 897 947 instanti
914 920 968 948 fuit

198 969 397 1003 organizatum
416 967 575 1002 complete,
592 968 689 994 tamen
710 966 789 994 mole
809 968 837 994 et
855 966 968 1001 magni-

197 1014 298 1041 tudine
321 1014 523 1041 membrorum
551 1013 645 1048 spatio
669 1013 785 1040 dierum
812 1012 968 1048 perficien-

199 1061 280 1087 dum.
302 1060 370 1087 Ideo
392 1068 531 1087 numerus
552 1059 709 1095 praedictus
728 1067 787 1086 non
811 1061 852 1086 est
872 1059 969 1086 dicen-

198 1107 253 1134 dus
269 1107 425 1134 convenire
450 1114 533 1134 sacro
555 1105 673 1141 corpori
691 1105 808 1139 Christi,
824 1108 968 1140 quantum

198 1152 236 1180 ad
249 1152 479 1185 distinctionem,
496 1152 568 1179 sicut
582 1151 647 1179 aliis
662 1151 837 1186 corporibus
850 1159 856 1177 z
869 1151 921 1178 sed
932 1159 967 1179 eo

197 1199 304 1232 modo,
321 1207 382 1235 quo
396 1199 507 1226 dictum
525 1200 575 1225 est.
599 1199 630 1225 ln
644 1197 760 1224 instanti
777 1197 855 1224 enim
870 1198 966 1232 primo

198 1245 397 1280 conceptionis
406 1245 585 1280 completum
596 1246 623 1272 et
631 1244 832 1279 organizatum
842 1243 895 1270 fuit
907 1252 969 1271 cor-

197 1300 253 1327 pus
281 1291 478 1325 dominicum,
500 1293 528 1318 et
553 1291 681 1318 verbum
709 1290 834 1317 unitum.
862 1290 969 1322 Quaerit

197 1338 435 1373 Chrysostomus,
452 1345 542 1372 quare
561 1344 621 1364 non
636 1336 717 1363 dedit
732 1336 772 1363 eis
793 1336 920 1370 signum.
937 1338 969 1364 Et

196 1383 356 1419 respondet
370 1386 402 1410 ut
419 1383 517 1419 prius,
535 1383 618 1418 quod
639 1382 707 1409 ideo
726 1390 787 1410 non
803 1382 897 1414 dedit,
913 1382 969 1409 sci-

197 1429 264 1457 licet
290 1431 410 1465 propter
436 1437 538 1456 eorum
564 1429 700 1456 dolosam
728 1430 867 1456 mentem.
898 1430 969 1456 Item

197 1476 316 1511 quaerit}
338 1483 428 1510 quare
447 1483 508 1502 non
531 1475 619 1502 solvit
638 1474 679 1502 eis
696 1474 821 1509 aenigma
842 1475 878 1501 de
899 1476 969 1502 tem-

196 1522 258 1557 plo.
274 1523 306 1549 Et
320 1529 388 1548 cum
403 1521 515 1548 dicatur
525 1520 550 1548 ²:
572 1521 644 1553 «Qui
657 1520 812 1556 sophistice
825 1519 967 1556 loquitur,

200 1568 317 1596 odibilis
333 1570 387 1603 est,
405 1577 418 1594 n
436 1567 552 1595 videtur
568 1567 651 1602 quod
666 1575 728 1594 non
750 1566 852 1594 debuit
873 1566 913 1594 eis
928 1567 969 1595 ita

196 1614 278 1650 loqui
293 1614 377 1650 quasi
392 1613 563 1649 sophistice,
575 1613 660 1649 quasi
671 1613 886 1649 aequivocando
898 1614 970 1641 tem-

196 1660 290 1696 plum.
303 1662 335 1688 Et
350 1660 387 1688 ad
401 1660 531 1696 primum
545 1659 705 1695 respondet
715 1660 938 1695 Chrysostomus
947 1660 967 1694 ³,

198 1707 280 1742 quod
299 1716 312 1733 «
330 1714 497 1734 sermonem
517 1714 578 1733 non
602 1706 809 1741 suscepissent,
830 1705 897 1733 licet
920 1713 968 1733 ex-

196 1753 341 1788 posuisset
356 1753 396 1780 eis
408 1753 444 1780 de
458 1752 570 1788 templo
585 1752 716 1787 corporis
733 1752 786 1779 sui.
804 1762 817 1777 n
835 1752 862 1779 Si
877 1752 967 1786 enim,

197 1799 307 1835 inquit,
328 1799 464 1834 discipuli
486 1806 582 1833 neque
605 1798 783 1825 sufficienter
804 1799 906 1826 curant
927 1798 969 1825 in-

198 1846 327 1880 telligere
357 1845 439 1880 quod
464 1844 574 1871 dictum
596 1846 653 1877 est,
677 1843 770 1871 multo
798 1844 891 1879 magis
913 1852 967 1871 nec

198 1891 301 1919 turbae.
317 1891 361 1918 Ad
376 1891 450 1918 illud
464 1890 720 1926 respondendum,
737 1890 819 1925 quod
834 1889 914 1918 aliud
927 1891 968 1918 est

198 1938 281 1973 loqui
296 1938 468 1973 sophistice,
483 1937 564 1964 aliud
580 1937 761 1972 aenigmatice
777 1946 783 1964 ε
801 1937 870 1973 quia
884 1937 967 1973 loqui

199 1984 353 2020 sophistice
366 1987 408 2011 est
422 1984 504 2019 loqui
518 1983 557 2011 ad
567 1983 772 2019 deceptionem
777 1992 785 2018 ς
800 1984 883 2020 loqui
895 1991 966 2012 vero

198 2030 381 2065 aenigmatice
401 2032 442 2057 est
460 2030 499 2057 ad
514 2029 740 2057 occultationem
760 2030 967 2065 mysteriorum

198 2077 282 2105 malis
298 2079 325 2104 et
338 2076 484 2112 indignis,
499 2076 546 2103 vel
563 2076 601 2103 ad
621 2075 856 2103 exercitationem
870 2076 966 2105 bono-

197 2132 264 2151 rum
285 2123 324 2151 ad
344 2122 551 2158 inquirendam
572 2122 796 2157 intelligentiam
815 2122 844 2150 in
863 2125 968 2158 myste-

197 2170 258 2198 riis.
274 2171 312 2197 De
329 2169 468 2205 mysterio
489 2170 588 2196 autem
603 2168 726 2196 istorum
746 2168 878 2203 dierum,
894 2169 968 2197 scili-

200 2219 243 2244 cet
258 2215 453 2252 quadraginta
468 2223 533 2249 sex,
556 2215 586 2242 in
609 2215 724 2249 Glossa,
740 2217 767 2242 ct
785 2215 815 2242 in
831 2215 966 2243 Romilia.

198 2265 230 2291 Et
241 2263 372 2298 sequitur
386 2263 536 2297 quartum,
549 2261 725 2296 specificatio
741 2261 894 2296 temporis,
907 2269 967 2297 quo

199 2308 335 2344 discipuli
351 2308 466 2335 fuerunt
480 2307 624 2335 recordati
635 2307 776 2343 przemissi
785 2307 947 2342 aenigmatis
959 2317 965 2335 :

201 2356 266 2383 Cum
282 2363 341 2389 erqo
354 2356 552 2386 resurrexisset,
564 2354 782 2387 etc.,recordati,
794 2355 846 2381 etc.
855 2355 864 2370 ⁶
875 2356 968 2390 «Ape-

198 2402 256 2430 ruit
280 2401 338 2429 illis
362 2409 479 2428 sensum
502 2402 534 2427 ut
557 2400 751 2435 intelligerent
765 2400 934 2435 Scripturas.
951 2412 963 2427 n

198 2448 267 2476 ideo
291 2447 446 2482 sequitur:
472 2446 649 2474 Crediderunt
668 2446 829 2481 Scripturae,
850 2446 880 2474 in
909 2455 968 2483 qua

233 2535 238 2549 ¹
255 2535 330 2564 Aug„
345 2533 375 2556 cle
388 2532 515 2556 LXXXII!
529 2532 629 2561 Quoest.‚
645 2532 734 2562 quaest.
749 2536 840 2555 Lv1.—
855 2532 863 2546 ²
879 2532 967 2564 Ecca„

203 2574 299 2599 xxxvn,
316 2570 354 2592 2³.
369 2582 400 2585 —
419 2568 429 2584 ³
445 2568 587 2598 Chrysost.,
605 2566 647 2591 ubi
663 2574 728 2597 sup„
747 2574 772 2591 u.
789 2568 813 2590 3.
828 2580 854 2585 -
873 2568 883 2585 ⁴
900 2569 966 2599 Luc„

203 2609 271 2634 xxiv,
293 2606 331 2628 45.
350 2617 381 2623 —
403 2605 411 2619 ⁶
431 2604 529 2633 Matth,
554 2609 604 2632 xii,
625 2604 661 2626 40.
682 2615 711 2620 -
732 2603 742 2618 ⁶
763 2602 903 2634 Chrysost„
924 2605 967 2629 ubi

202 2645 256 2669 sup.
271 2651 300 2656 -
316 2639 324 2653 ⁷
340 2639 396 2669 tull,
409 2645 454 2669 vn,
470 2640 508 2663 39.
519 2651 549 2656 -
564 2639 571 2652 ⁸
586 2638 684 2668 Matth„
701 2643 753 2667 xvi,
767 2639 803 2662 22.
818 2651 848 2656 —
863 2640 871 2653 ⁵
885 2639 965 2671 Joan„

1730 213 1787 242 293

1017 274 1204 310 praefigurata
1219 274 1321 303 Christi
1340 276 1529 310 resurrectio,
1541 277 1615 304 sicut
1631 277 1662 304 in
1681 278 1790 305 evomi-

1018 320 1096 348 tione
1110 322 1189 349 Jonae
1205 321 1241 349 de
1256 323 1356 349 ventre
1370 321 1458 357 piscis
1476 331 1483 349 z
1499 322 1535 349 Et
1555 325 1685 358 sermoni,
1701 331 1790 359 quem

1019 366 1091 394 dixit
1111 367 1148 394 de
1168 367 1377 395 resurrectione
1389 367 1398 384 ⁵
1414 376 1421 394 :
1450 378 1463 394 «
1485 368 1543 396 Erit
1565 368 1642 396 filius
1662 369 1790 397 hominis

1019 412 1056 446 in,
1065 414 1154 441 corde
1175 415 1265 441 terrae.
1288 424 1300 439 »
1325 414 1381 441 Sed
1403 414 1508 450 quaerit
1529 415 1750 450 Chrysostomus
1765 417 1790 451 Β,

1021 460 1143 494 qualiter
1158 460 1293 496 discipuli
1308 461 1365 488 hoc
1377 460 1557 494 nescierunt,
1569 461 1711 497 quoniam
1724 470 1791 489 eum

1020 505 1149 532 suscitari
1166 507 1319 541 oportebat
1341 515 1358 534 a
1378 507 1510 535 mortuis.
1532 509 1563 534 Et
1582 508 1621 535 ad
1640 508 1718 535 istud
1732 516 1792 535 res-

1019 551 1145 586 pondet,
1164 562 1177 577 «
1194 553 1337 587 quoniam
1353 553 1470 588 spiritus
1485 554 1620 581 nondum
1640 556 1699 581 erat
1715 554 1792 582 scili-

1021 599 1065 624 cet
1079 598 1173 632 datus,
1190 609 1203 624 »
1220 600 1251 626 ut
1266 599 1370 627 dicitur
1385 599 1461 627 infra
1473 601 1493 627 ⁷.
1507 600 1576 628 Ideo
1592 600 1728 628 continue
1742 609 1792 628 au-

1022 644 1135 672 dientes
1150 653 1300 672 sermones
1315 646 1351 672 de
1367 647 1594 681 resurrectione,
1606 647 1679 674 nihil
1690 647 1794 674 intelli-

1021 691 1129 725 gebant
1150 700 1155 718 :
1183 691 1312 718 alienum
1341 692 1419 719 enim
1447 694 1473 719 et
1496 695 1599 728 praeter
1621 693 1794 728 opinionem

1022 738 1096 771 erat,
1119 737 1200 772 quod
1226 737 1388 765 dicebatur.
1418 738 1487 765 Ideo
1504 739 1542 766 ait
1562 741 1660 766 Petrus
1682 740 1793 768 Christo

1021 783 1154 818 loquenti
1171 783 1207 810 de
1221 784 1358 818 passione
1371 784 1381 800 ²³
1397 793 1403 810 :
1423 794 1435 809 υ
1451 785 1595 820 Propitius
1618 788 1678 812 esto
1697 786 1761 813 tibi.
1777 796 1790 813 »

1022 831 1053 857 In
1076 830 1178 865 primis
1203 838 1272 865 crgo
1298 830 1376 857 hunc
1399 839 1566 858 sermonem
1592 832 1792 868 convelatum,

1022 884 1075 912 per
1090 877 1316 911 experientiam,
1330 877 1437 904 scilicet
1449 878 1646 912 resurgendo,
1663 879 1702 905 ad
1716 879 1793 906 veri-

1023 924 1110 949 tatem
1126 922 1227 956 duxit;
1247 924 1349 958 postea
1372 923 1452 950 dedit
1470 925 1580 951 tantam
1601 924 1717 960 spiritus
1732 933 1796 959 gra·

1023 968 1110 1002 tiam,
1139 971 1171 996 ut
1199 963 1299 996 omnia.
1326 970 1514 1005 susciperent.
1537 980 1549 995 »
1581 972 1612 997 Et
1640 971 1771 1006 sequitur
1786 980 1793 998 z

1027 1024 1040 1040 «
1055 1016 1157 1042 Postea
1169 1015 1247 1042 enim
1258 1015 1348 1042 vitam
1364 1016 1555 1043 ostenderunt
1568 1016 1754 1052 praeclaram,
1769 1019 1795 1045 et

1024 1061 1146 1088 multam
1162 1061 1402 1097 philosophiam,
1426 1064 1453 1089 et
1475 1071 1600 1097 magnos
1620 1063 1754 1097 labores,
1769 1065 1796 1090 et

1025 1107 1188 1134 deriserunt
1204 1110 1378 1142 praesentem
1393 1109 1494 1141 vitam,
1514 1111 1540 1135 et
1558 1108 1631 1135 nihil
1648 1109 1794 1136 existima-

1023 1155 1129 1181 verunt
1147 1154 1287 1181 humana.
1310 1154 1366 1181 Sed
1386 1154 1550 1190 superiores
1574 1154 1712 1181 omnibus
1728 1154 1796 1182 facti

1023 1203 1103 1234 sunt,
1132 1202 1159 1228 et
1187 1200 1261 1228 sicut
1285 1201 1390 1236 aquilce
1413 1201 1493 1228 leves
1516 1200 1571 1228 alte
1589 1201 1721 1228 volantes
1743 1209 1797 1236 per

1025 1254 1117 1282 opera
1132 1247 1170 1274 ad
1184 1247 1279 1281 ipsum
1295 1247 1429 1274 adierunt
1445 1247 1561 1274 coslum.
1578 1257 1591 1273 >³
1609 1248 1674 1274 Haec
1686 1247 1746 1274 ille.
1765 1249 1797 1275 Et

1023 1292 1066 1320 ibi
1084 1293 1158 1320 bene
1170 1293 1207 1319 dc
1220 1293 1286 1320 hoc.
1304 1293 1380 1321 Infra
1395 1295 1404 1310 Β
1421 1302 1448 1320 :«
1458 1294 1530 1320 Cum
1545 1293 1686 1320 exaltatus
1701 1293 1794 1328 fuero,

1025 1339 1125 1366 omnia
1139 1339 1253 1366 traham
1262 1339 1300 1366 ad
1313 1339 1492 1374 meipsum,»
1507 1342 1559 1366 etc.
1576 1339 1634 1371 Vel,
1646 1341 1678 1366 ut
1692 1339 1731 1366 ait
1739 1341 1796 1366 Au-

1025 1385 1171 1420 gustinus,
1193 1385 1276 1420 quod
1290 1385 1320 1412 in
1334 1385 1397 1413 aliis
1416 1385 1488 1412 locis
1503 1385 1718 1420 Scriptururam
1737 1385 1797 1412 evi-

1025 1431 1126 1458 denter
1141 1433 1278 1466 apparet,
1297 1440 1310 1456 «
1326 1431 1485 1466 discipulos
1501 1439 1604 1459 omnes
1618 1431 1796 1467 appellatos,

1024 1477 1075 1513 qui
1090 1477 1127 1504 ab
1148 1485 1182 1504 eo
1203 1477 1360 1511 discerent,
1385 1477 1468 1513 quod
1489 1477 1527 1505 ad
1547 1477 1638 1505 vitam
1658 1480 1797 1505 aeternam

1023 1523 1216 1559 pertineret.»
1243 1525 1306 1551 Haec
1331 1523 1389 1551 ille.
1410 1526 1473 1552 Non
1498 1531 1567 1558 ergo
1590 1523 1687 1551 solum
1711 1525 1797 1551 vocat

1024 1570 1199 1606 discipulos,
1226 1570 1334 1598 scilicet
1359 1570 1509 1606 apostolos
1533 1570 1621 1605 forte,
1647 1570 1699 1598 sed
1722 1570 1796 1598 alios

1024 1619 1178 1652 sequentes
1192 1625 1252 1644 eos.

1059 1664 1103 1690 23.
1120 1665 1152 1691 Et
1166 1663 1296 1699 sequitur
1318 1663 1420 1690 ultima
1442 1671 1511 1698 pars
1525 1663 1661 1698 capituli,
1686 1663 1718 1690 in
1737 1670 1796 1699 qua

1833 1669 1914 1690 Ultima

1025 1712 1160 1737 narratur
1175 1709 1211 1737 de
1240 1709 1412 1737 credulitate
1427 1709 1590 1737 multorum
1609 1708 1640 1736 in
1664 1717 1741 1737 eum.
1765 1711 1797 1737 Et
1810 1706 1860 1726 pm
1878 1707 1914 1721 ⁰³·

1809 1731 1873 1756 pituli
1885 1732 1915 1751 di-

1024 1756 1076 1783 illa
1103 1756 1133 1782 in
1159 1755 1232 1783 duas
1256 1765 1261 1783 :
1283 1755 1402 1791 primo,
1429 1755 1466 1783 de
1493 1755 1662 1783 credulitate
1688 1756 1796 1783 multo·
1824 1763 1905 1783 viditur

1024 1810 1090 1829 rum
1106 1802 1317 1836 communiter3
1333 1801 1479 1836 secundo,
1503 1801 1540 1829 de
1560 1801 1689 1829 adventu
1709 1802 1794 1830 Nico—

1025 1848 1117 1882 demi,
1136 1849 1164 1876 et
1177 1848 1239 1883 ejus
1254 1848 1441 1882 credulitate,
1457 1848 1499 1876 ibi
1519 1857 1525 1876 z
1547 1849 1617 1876 Erat
1636 1851 1725 1876 autem
1748 1849 1795 1876 ho-

1023 1903 1063 1922 mo
1073 1915 1082 1928 ,
1098 1896 1151 1922 etc.

1048 1942 1094 1969 Ait
1117 1949 1187 1977 ergo
1206 1950 1212 1968 ε
1237 1941 1301 1969 Cum
1327 1944 1416 1968 autem
1433 1943 1499 1969 esset
1514 1942 1544 1968 in
1559 1941 1751 1975 Hierosolymis
1765 1943 1796 1969 in

1020 1989 1131 2023 pascha,
1149 1989 1215 2022 etc.,
1229 1988 1312 2023 cujus
1327 1988 1497 2016 solemnitas
1512 1987 1717 2015 celebrabatur
1731 1996 1795 2024 sep-

1023 2037 1082 2062 tem
1099 2034 1217 2069 diebus,
1234 2035 1316 2061 multi
1331 2035 1518 2062 crediderunt:
1534 2042 1596 2062 non
1611 2034 1720 2062 scilicet
1731 2042 1796 2070 pcr—

1023 2080 1108 2114 fecte,
1124 2080 1176 2107 sed
1190 2081 1311 2107 videntes
1326 2082 1414 2115 signa.
1431 2082 1463 2108 Ut
1477 2081 1556 2108 enim
1571 2080 1611 2108 ait
1622 2081 1794 2115 Chrysosto-

1023 2127 1124 2160 mus¹⁰,
1136 2126 1319 2161 «grossiores
1334 2126 1455 2162 quidem
1470 2126 1554 2161 signa
1572 2126 1735 2160 trahebant,
1747 2134 1794 2154 ra-

1023 2172 1225 2200 tionabiliores
1239 2181 1309 2200 vero
1329 2172 1490 2208 prophetiae
1500 2193 1510 2206 ,
1525 2182 1539 2199 »
1556 2172 1632 2199 infra
1645 2172 1664 2190 ¹¹
1681 2181 1687 2200 z
1707 2181 1720 2198 ε(
1735 2172 1794 2200 Nisi

1023 2219 1107 2254 sigua
1128 2221 1155 2246 ct
1173 2219 1310 2254 prodigia
1330 2218 1480 2253 videritis,
1499 2226 1561 2246 non
1582 2218 1708 2246 creditis.
1725 2228 1738 2245 >›
1762 2220 1795 2246 Et

1023 2266 1090 2293 licet
1103 2265 1142 2293 ita
1157 2267 1230 2293 esset
1248 2266 1286 2301 (v.
1307 2265 1352 2301 Ἡ)
1362 2286 1370 2299 ,
1386 2267 1444 2300 ipse
1457 2266 1532 2292 Jesus
1546 2273 1598 2291 non
1612 2265 1735 2292 credebat
1753 2273 1793 2292 se-

1024 2315 1165 2348 metipsum
1178 2314 1226 2340 eis.
1243 2312 1299 2340 Sed
1314 2312 1438 2347 qualiter
1453 2312 1529 2339 hoc‘!
1541 2311 1667 2345 videtur,
1683 2320 1718 2339 ex
1733 2319 1793 2347 quo

1024 2360 1054 2387 in
1075 2367 1143 2387 eum
1168 2359 1371 2392 crediderant,
1406 2358 1488 2393 quod
1510 2358 1572 2394 ipsc
1597 2357 1745 2385 debuisset
1762 2366 1793 2386 se

1025 2405 1143 2433 credere
1157 2405 1208 2432 eis.
1218 2405 1336 2439 Sicut(b)
1354 2405 1432 2431 enim
1446 2404 1548 2440 quaerit
1563 2404 1740 2440 Augustinus
1752 2405 1772 2421 ¹2
1784 2414 1790 2431 :

1025 2454 1105 2486 Item,
1119 2462 1131 2476 «
1143 2459 1209 2478 cum
1219 2451 1506 2485 haberetpotestatem
1519 2459 1616 2486 ponere
1630 2452 1758 2484 animam,
1769 2454 1794 2478 et

1024 2532 1075 2557 111,
1108 2528 1146 2550 32.
1175 2538 1205 2543 ·-
1235 2527 1254 2542 ¹⁰
1281 2525 1423 2557 Chrysost„
1452 2526 1477 2549 in
1504 2526 1584 2555 loun„
1613 2526 1682 2550 hom.
1712 2531 1794 2557 xx111,

1024 2563 1056 2586 al.
1074 2567 1145 2591 xxiv,
1161 2568 1186 2585 n.
1204 2564 1225 2586 1.
1240 2573 1271 2579 -
1287 2562 1306 2578 ¹¹
1323 2561 1379 2592 int,
1398 2567 1432 2592 1v,
1448 2562 1486 2585 48.
1501 2574 1532 2579 —
1546 2562 1566 2578 ¹2
1580 2562 1654 2592 Aug„
1673 2562 1698 2585 in
1713 2562 1793 2590 Joan„

1023 2599 1094 2621 tract.
1112 2602 1147 2627 xi,
1162 2603 1188 2620 n.
1204 2598 1226 2620 2.

1056 2642 1089 2671 (a)
1107 2641 1166 2665 caet.
1182 2641 1243 2665 edit.
1258 2640 1322 2665 sine.
1338 2655 1364 2659 —
1380 2641 1414 2672 (b)
1430 2641 1545 2665 Fortasse
1560 2640 1701 2671 leqendum,
1717 2640 1760 2664 sic.

1809 1794 1831 1814 in
1853 1794 1915 1815 duas.
