1987 3032
34 1823 52 1841 N
55 1822 100 1842 uvis

20 1853 72 1878 qnid
82 1853 112 1873 si-

35 1886 95 1910 gnet.

32 2102 99 2122 Navis

24 2133 103 2153 dieitur

11 2164 115 2190 multipli-

30 2195 92 2216 citer.

719 219 926 251 EXPOSITIO
948 219 987 250 IN
1010 219 1096 250 CAP.
1118 219 1167 251 VI.

149 287 334 315 adversarius
348 287 454 314 meus?
463 295 477 312 n
491 287 523 313 Et
533 287 688 321 propterea
699 285 708 301 ¹
720 294 727 313 ε
746 295 759 312 α
773 285 914 313 Dominus

148 333 220 361 mihi
248 333 386 368 adjutor,
411 339 471 359 non
499 331 608 358 timebo
635 331 708 367 quid
731 332 818 359 faciat
841 331 914 359 mihi

147 379 249 407 homo.
265 389 279 404 n
296 378 376 406 Unde
399 378 622 413 Chrysostomus
636 378 647 394 2
668 386 674 404 :
700 387 712 403 «
726 379 778 405 Per
794 378 829 412 (a)
847 385 914 404 ver-

147 426 221 453 bum
235 425 327 459 istud,
343 425 398 459 qu
413 432 485 457 sum,
500 424 740 452 formidationem
755 423 861 458 abjecit
875 424 913 451 ab

148 472 246 499 anima
260 479 372 499 eorum.
389 481 402 496 η

181 519 225 545 21.
247 518 387 544 Voluerunt
400 525 460 551 ergo
476 518 595 552 accipere
605 537 614 551 ,
629 516 737 544 scilicet
751 523 913 551 agnoscen-

145 566 188 592 tes
202 566 230 591 et
242 563 412 598 gaudentes.
428 564 462 590 Et
480 565 574 590 statim
590 565 668 590 navis
680 564 735 596 fuit
748 564 783 590 al
799 566 912 596 terram,

145 611 184 638 ad
209 609 424 638 ostendendam
448 617 532 636 suam
558 609 816 644 omnipotentiam,
843 608 913 644 quia

144 664 205 684 non
227 656 378 691 indigebat
400 663 494 688 nave,
516 655 568 682 sed
589 655 686 691 potius
700 655 838 691 portabat
860 663 912 682 na-

143 711 212 731 vem
222 723 232 737 ,
247 703 297 739 qui
317 704 358 730 est
372 702 462 729 virtus
477 703 487 718 ³
505 711 518 727 α
532 704 653 737 portans
672 702 782 729 omnia.
797 712 809 726 »
827 702 911 734 Quae-

142 751 211 776 runt
225 752 322 776 autem
334 748 425 784 aliqui
443 757 448 775 :
461 749 584 782 Quando
598 748 724 776 Christus
739 748 912 776 ambulabat

142 803 230 831 super
243 802 341 829 mare,
358 803 394 822 ex
410 803 469 830 qua
483 797 564 829 parte
579 794 633 821 tuit
654 794 848 822 miraculum?
861 794 912 821 Vel

143 850 179 869 ex
192 843 273 877 parte
293 841 424 877 corporis
443 841 704 876 superincedentiS,
719 841 766 868 vel
781 849 817 867 ex
828 842 910 876 parte

142 895 227 923 aquae
242 887 438 923 supportantis
459 889 486 914 ct
501 887 676 914 calcabilem
689 895 718 914 se
735 886 908 914 exhibentis.

141 934 221 962 Unde
234 942 301 962 cum
319 934 376 961 hoc
394 933 544 969 quaeritur,
560 941 598 960 an
612 934 716 960 virtute
740 940 793 960 sua
815 935 911 960 creata

141 980 236 1016 potuit
259 980 371 1007 calcare
393 980 488 1007 undas
511 980 622 1007 maris?
637 981 668 1007 Et
687 979 804 1007 videtur
827 979 910 1014 quod

141 1034 216 1061 non,
241 1026 311 1062 quia
334 1034 421 1053 suum
447 1034 554 1061 corpus
578 1028 638 1053 crat
656 1026 798 1058 mixtum,
820 1028 847 1052 et
870 1026 910 1053 ita

139 1072 310 1100 naturaliter
323 1072 534 1108 ponderosum.
551 1072 595 1099 Ad
610 1071 789 1099 contrarium
805 1071 908 1106 objici-

140 1120 196 1152 tur,
221 1119 304 1154 quod
331 1118 420 1145 exivit
448 1118 484 1145 de
508 1120 592 1145 utero
620 1117 746 1153 Virginis
773 1118 908 1152 gloriosae

139 1165 239 1195 clauso
264 1164 384 1191 :multo
412 1164 506 1198 magis
536 1164 631 1199 potuit
657 1163 793 1191 incedere
821 1171 909 1199 super

139 1219 249 1246 aquaS,
274 1218 382 1246 easque
404 1211 524 1238 calcare.
542 1212 573 1238 Et
587 1211 625 1238 ad
648 1210 727 1237 istud
748 1210 908 1245 responde-

139 1258 184 1284 tur
212 1257 374 1284 secundum
402 1257 550 1292 quosdam
567 1277 575 1291 ,
600 1256 683 1292 quod
708 1256 835 1283 Christus
864 1264 908 1283 as-

138 1304 261 1339 sumpsit
284 1306 381 1331 actum
405 1303 486 1330 istius
507 1303 597 1337 dotis,
622 1311 688 1338 quae
709 1304 751 1330 est
773 1302 905 1337 agilitas,

138 1350 321 1377 ambulando
337 1358 424 1385 super
438 1357 529 1383 mare,
539 1349 611 1376 sicut
621 1351 719 1376 actum
730 1348 867 1376 claritatis
877 1348 907 1375 in

137 1396 402 1431 transfiguratione.
423 1395 590 1423 Secundum
604 1395 677 1422 alios
692 1403 762 1422 vero
774 1415 783 1428 ,
807 1394 907 1422 divina

137 1444 239 1470 virtute
261 1442 409 1469 ferebatur
434 1449 521 1477 super
547 1449 649 1477 aquas.
679 1443 719 1468 Ex
744 1449 803 1476 quo
828 1441 906 1468 enim

135 1491 196 1516 erat
210 1496 296 1516 verus
306 1488 418 1521 homo,
435 1489 463 1514 et
482 1495 600 1514 carnem
615 1495 717 1514 veram
736 1495 904 1522 assumpse-

134 1537 180 1562 rat
190 1535 222 1562 in
236 1542 337 1568 carne,
349 1533 474 1561 faciebat
489 1541 554 1568 quse
569 1535 651 1560 erant
667 1541 755 1568 super
769 1535 905 1560 naturam

135 1581 240 1609 carnis.
255 1581 287 1607 Ut
309 1580 386 1607 enim
406 1580 444 1607 ait
465 1580 688 1615 Chrysostomus
705 1580 735 1606 ¹³:
756 1588 769 1604 «
789 1581 904 1606 Monens

135 1627 213 1655 enim
236 1627 277 1654 ita
301 1626 331 1653 in
354 1626 475 1662 propria
497 1628 600 1653 natura
619 1633 714 1658 mare,
729 1625 769 1651 sic
793 1625 904 1652 ferebat

135 1674 353 1700 Dominatorem
367 1680 456 1708 supra
479 1672 600 1699 dorsum
610 1691 619 1705 ,
639 1673 775 1698 attestans
790 1671 836 1705 ei,
852 1671 904 1706 qui

134 1719 204 1746 dicit
217 1719 227 1735 ⁵
245 1729 250 1746 :
271 1729 284 1744 «
298 1719 459 1746 Ambulans
483 1726 571 1753 super
596 1725 686 1744 mare.
706 1727 718 1743 »
738 1718 904 1752 Mystcrium

134 1768 231 1793 autem
245 1767 324 1801 patet
339 1773 374 1792 ex
389 1765 472 1792 dictis
489 1773 495 1791 z
512 1771 564 1799 per
579 1771 686 1790 navem
708 1763 786 1790 enim
810 1764 904 1798 poeni-

132 1813 266 1846 tentiam,
283 1820 342 1847 qua
356 1811 530 1845 navigamus
545 1810 583 1837 ad
598 1812 723 1843 terram,
738 1809 768 1836 id
793 1811 850 1843 est,
864 1810 903 1836 ad

133 1858 308 1885 soliditatem
324 1858 360 1893 (b)
376 1856 459 1891 regni
475 1856 608 1883 coelestis.
632 1855 801 1882 Poenitentia
825 1855 903 1882 enim

132 1903 261 1931 secunda
275 1903 376 1930 tabula
396 1904 463 1938 post
481 1901 686 1936 naufragium,
701 1902 740 1928 ait
760 1901 901 1937 Hierony-

132 1958 198 1977 mus
221 1950 240 1977 ⁶.
272 1949 353 1976 Unde
381 1948 546 1976 notandum
574 1947 657 1983 quod
687 1947 771 1974 navis
797 1947 902 1975 dicitur

131 1996 329 2031 multipliciter
354 2005 360 2022 :
382 1995 431 2022 vel
458 1995 522 2029 ipsa
549 1993 676 2021 Ecclesia
699 1993 730 2020 in
753 1993 873 2028 figura⁷
893 2003 899 2020 ι

134 2053 147 2068 ι(
170 2042 305 2070 Ascendit
324 2043 404 2069 Iesus
420 2041 450 2068 in
465 2041 641 2068 naviculam.
666 2050 679 2065 »
703 2041 795 2075 Super
819 2040 901 2075 quod

131 2088 287 2123 Gregorius
301 2088 311 2104 Β
328 2097 334 2115 ;
351 2097 363 2113 «
379 2087 455 2120 Quid
477 2095 529 2123 per
547 2085 715 2114 naviculam
739 2085 832 2119 Petri,
844 2086 900 2113 nisi

131 2134 257 2162 Ecclesia
273 2133 461 2168 designatur?
471 2143 483 2158 η
498 2135 567 2160 Item
582 2132 665 2159 navis
683 2131 788 2158 dicitur
801 2131 900 2159 anima

130 2181 259 2208 virtuosa
281 2201 289 2214 ,
318 2179 463 2214 navigans
486 2179 516 2206 in
547 2178 654 2205 coelum
668 2178 677 2194 ¹¹
694 2187 700 2204 :
719 2188 731 2202 α
752 2179 837 2205 Facta
859 2180 901 2205 est

130 2226 214 2262 quasi
226 2226 309 2253 navis
328 2225 474 2253 institoris.
491 2235 504 2250 »
520 2227 551 2252 Et
566 2225 626 2251 brec
640 2224 728 2251 debet
742 2232 802 2251 esse
817 2223 899 2258 talis,

129 2272 226 2308 qualis
249 2274 291 2299 est
319 2271 402 2299 navis
429 2272 519 2299 bona.
546 2273 577 2298 Ut
601 2271 679 2298 enim
703 2270 742 2297 ait
767 2271 897 2297 Seneca:

132 2319 244 2347 «Navis
262 2319 343 2346 bona
365 2318 485 2352 dicitur,
507 2325 566 2345 non
583 2325 649 2352 quae
669 2316 803 2351 pretiosis
818 2316 898 2343 colo-

127 2365 209 2392 ribus
229 2365 307 2400 picta
328 2366 385 2398 cst,
401 2364 453 2391 scd
476 2372 542 2399 quae
560 2363 672 2391 stabilis
698 2364 725 2389 et
748 2362 855 2396 firma,
872 2364 900 2389 et

125 2411 268 2446 juncturis
288 2418 400 2446 aquam
424 2409 645 2437 excludentibus
665 2408 774 2444 spissa,
796 2408 835 2435 ad
855 2407 896 2435 se-

158 2472 166 2488 ¹
179 2471 247 2495 Psal.
260 2477 338 2501 cxvii,
354 2472 376 2494 6.
388 2483 417 2488 -
432 2471 442 2486 ²
454 2471 593 2501 Chrysosh,
611 2469 653 2493 ubi
673 2476 728 2499 sup.
745 2481 775 2486 -—
790 2468 799 2484 ³
813 2469 896 2498 Helm,

129 2513 147 2537 ι,
167 2508 189 2530 3.
211 2520 240 2524 -
262 2507 272 2524 ⁴
286 2507 426 2537 Chrysost„
444 2506 485 2530 ubi
504 2513 570 2537 sup.¹
589 2513 615 2529 n.
633 2507 656 2529 2.
671 2518 702 2523 —
717 2505 724 2518 '²
739 2504 804 2533 10¹1„
820 2510 855 2534 xx,
872 2506 895 2528 8.

129 2554 155 2558 —
169 2542 179 2555 θ
193 2542 308 2571 Hieron,
323 2542 356 2565 ad
370 2542 490 2570 flmmeum,
505 2542 577 2572 epist.
594 2547 649 2569 vui,
666 2540 740 2571 paulo
755 2542 813 2563 ante
828 2540 896 2564 med.

127 2589 158 2594 —
173 2577 180 2590 '¹
199 2576 265 2607 Luc„
279 2583 304 2607 v,
317 2579 340 2601 3.
355 2590 385 2594 —
400 2578 408 2591 ¹³
423 2578 509 2607 Greg.²
527 2576 630 2606 Moral„
648 2576 690 2599 lib.
708 2576 787 2605 XVII,
802 2581 826 2599 c.
841 2581 894 2606 xlv,

128 2612 160 2635 al.
178 2617 253 2642 xxm,
268 2619 294 2636 n.
314 2614 352 2637 37.
369 2625 398 2630 —
413 2614 421 2627 ⁹
436 2613 520 2641 Prov„
538 2618 609 2641 xxxi,
626 2612 661 2635 14.
677 2624 707 2628 —-
726 2611 743 2626 ¹⁰
758 2611 823 2634 Psal.
839 2617 894 2641 ein,

128 2648 166 2671 26.
179 2660 209 2665 —
224 2647 241 2663 ¹¹
256 2647 328 2678 Aug„
344 2649 431 2672 Enarr-
447 2649 473 2672 ιή
488 2647 580 2672 Psalm.
599 2652 651 2677 ενι,
663 2654 688 2671 n.
704 2648 740 2670 ¹2.
753 2659 780 2663 —
799 2646 816 2662 ¹²
829 2646 893 2671 Psal.

1682 225 1740 254 345

970 286 1097 314 rendum
1121 286 1271 313 incursum
1292 286 1381 313 maris
1403 285 1516 321 solida,
1538 286 1738 321 gubernaculo

969 340 1092 368 parenS,
1107 332 1210 364 velox,
1228 334 1256 359 et
1273 340 1334 359 non
1356 331 1482 359 sentiens
1501 334 1631 360 ventum.
1645 343 1658 358 n
1677 335 1739 361 Haec

969 378 1028 405 ille.
1045 378 1097 406 Illa
1118 386 1188 413 ergo
1208 378 1306 405 anima
1330 379 1372 405 est
1392 378 1476 405 navis
1499 379 1597 412 bona,
1613 387 1678 414 quae
1698 382 1740 407 est

969 424 1033 451 talis
1053 424 1260 459 spiritualiter:
1277 427 1305 451 et
1324 424 1376 452 illa
1395 426 1490 460 potest
1515 425 1637 452 transire
1657 433 1738 453 mare

968 470 1055 505 hujus
1077 471 1184 498 saeculi.
1209 473 1240 498 In
1262 472 1367 498 Psalmo
1388 472 1429 498 ¹⁰:
1449 481 1462 496 «
1477 471 1537 498 Illic
1559 480 1649 499 naves
1671 481 1738 508 per-

967 516 1142 543 transibunt.
1162 527 1175 543 »
1194 518 1264 544 Item
1284 519 1362 545 navis
1387 517 1493 545 dicitur
1512 518 1692 553 baptismus,
1713 521 1740 547 et

968 562 1130 598 baptizatus
1143 563 1248 590 dicitur
1260 565 1355 596 navis,
1369 566 1396 591 et
1412 573 1424 589 «
1435 571 1509 591 mare
1528 563 1635 591 dicitur
1650 572 1739 592 saecu-

967 608 1047 642 lum,
1062 618 1074 633 π
1094 608 1132 635 ait
1148 609 1324 643 Augustinus
1340 610 1359 626 ¹¹
1384 609 1414 637 in
1437 611 1570 637 Psalmum
1588 611 1608 627 ¹²
1630 619 1637 637 ε
1657 620 1670 636 «ι
1685 611 1738 644 Qui

968 654 1149 682 descendunt
1162 663 1243 683 mare
1260 656 1290 682 in
1305 656 1464 683 navibus.»
1482 657 1552 683 Item
1569 657 1739 692 poenitentia

968 700 1074 727 dicitur
1087 702 1180 734 novis,
1196 703 1228 728 ut
1251 701 1361 728 dictum
1377 704 1426 729 est.
1450 703 1481 729 In
1495 702 1590 736 figura
1602 703 1623 720 ¹³
1638 711 1644 730 ε
1663 714 1676 729 «
1690 705 1738 731 Za-

966 746 1061 773 bulon
1071 746 1102 773 in
1113 747 1237 774 statione
1246 747 1368 775 navium
1376 748 1554 782 pertingens.
1564 749 1652 776 »Item
1662 752 1739 778 navis

965 793 1026 820 haec
1052 793 1128 827 vita,
1143 795 1175 820 ut
1201 793 1241 821 ait
1268 793 1446 828 Augustinus
1470 803 1509 821 2«
1530 795 1593 822 Vita
1617 795 1670 823 ista
1697 798 1739 824 est

966 840 1051 875 quasi
1065 841 1148 868 navis
1169 848 1279 876 magna
1292 843 1413 876 portans
1434 841 1653 876 fluctuationes,
1668 851 1737 878 pro-

965 886 1045 913 cellis
1061 889 1088 914 et
1102 887 1322 921 tempestatibus
1342 887 1515 922 subjacens,
1531 895 1638 915 cavens
1661 896 1737 916 nau-

963 932 1102 967 fragium,
1113 933 1262 968 suspirans
1272 933 1302 960 in
1310 935 1438 969 portum.
1446 944 1458 959 n
1466 934 1485 951 ¹¹
1494 944 1507 959 «
1518 934 1736 962 periclitabatur

964 979 1062 1013 navis,
1075 989 1089 1004 1>
1107 982 1159 1006 etc.
1175 981 1246 1007 Item
1264 981 1341 1007 novis
1360 980 1466 1007 dicitur
1481 988 1553 1007 crux
1573 980 1690 1015 Christi3
1706 984 1737 1009 ut

964 1026 1042 1053 enim
1058 1026 1097 1053 ait
1110 1027 1287 1061 Augustinus
1302 1027 1320 1042 ¹⁵
1337 1035 1344 1054 z
1357 1036 1369 1052 «
1385 1027 1506 1054 Instituit
1521 1029 1594 1054 Deus
1607 1027 1734 1063 lignum,

964 1080 1024 1107 quo
1039 1080 1120 1100 mare
1135 1073 1221 1107 hujus
1237 1073 1336 1100 saeculi
1354 1075 1528 1100 transeatur.
1542 1084 1555 1098 n
1572 1075 1662 1101 Nemo
1681 1083 1735 1109 po-

963 1120 1017 1146 test
1038 1119 1159 1146 transire
1180 1127 1262 1147 mare
1287 1120 1374 1154 hujus
1398 1120 1511 1153 saeculi,
1528 1120 1583 1146 nisi
1604 1122 1735 1155 portatus

963 1174 1048 1193 cruce
1064 1166 1166 1193 Christi
1179 1166 1198 1183 ¹¹³
1214 1176 1220 1194 :
1240 1178 1253 1191 «
1267 1167 1331 1194 Tria
1348 1169 1415 1193 sunt
1429 1166 1571 1200 difficilia,
1585 1167 1634 1194 via
1653 1168 1735 1195 navis

962 1212 992 1239 in
1008 1213 1106 1240 medio
1119 1213 1210 1247 mari,
1226 1223 1239 1239 »
1259 1215 1313 1240 etc.
1330 1215 1362 1240 Et
1381 1213 1440 1240 istae
1459 1221 1550 1240 naves
1564 1215 1682 1249 portant
1696 1214 1735 1241 ad

962 1260 1070 1286 terram
1086 1259 1263 1294 discipulos,
1276 1259 1386 1286 Christo
1402 1262 1541 1295 praesente
1553 1280 1561 1293 ‚
1580 1262 1607 1287 et
1627 1260 1735 1295 guber-

961 1308 1064 1340 nante,
1086 1307 1113 1332 et
1134 1306 1279 1340 trahente,
1300 1308 1331 1332 ut
1351 1306 1492 1340 figuratur
1512 1306 1560 1333 hic
1576 1307 1597 1323 ¹⁷
1616 1315 1622 1333 :
1642 1317 1655 1332 «
1672 1309 1735 1335 Per-

962 1352 1138 1379 transierunt
1153 1352 1237 1388 quasi
1251 1360 1359 1386 naveS,
1374 1361 1465 1388 poma
1486 1355 1651 1388 portantes,
1666 1362 1734 1382 cum

962 1398 1106 1425 odoribus
1120 1399 1270 1426 virtutum.
1284 1410 1296 1424 n
1314 1401 1345 1426 Et
1368 1399 1404 1426 de
1427 1400 1639 1434 gubernatione
1663 1401 1732 1428 ista-

961 1453 1027 1472 rum
1042 1445 1163 1472 navium
1179 1446 1334 1480 Gregorius
1352 1446 1548 1473 Nazianzenus
1570 1447 1662 1481 bene,
1679 1447 1733 1475 ubi

962 1492 1001 1519 ait
1017 1501 1022 1518 :
1043 1502 1055 1517 «
1070 1494 1129 1521 Mos
1151 1493 1357 1527 navigantibus
1377 1496 1419 1521 est
1433 1502 1548 1529 semper
1567 1495 1674 1522 coelum
1689 1495 1733 1523 in-

961 1538 1095 1571 tendere,
1111 1541 1138 1566 et
1152 1540 1221 1566 inde
1236 1540 1298 1566 vias
1313 1540 1356 1567 sui
1371 1548 1473 1567 cursus
1488 1548 1646 1575 agnoscere
1657 1563 1665 1575 ,
1681 1549 1733 1577 per

961 1584 1041 1611 diem
1053 1585 1127 1612 Solis
1139 1586 1266 1619 indiciis,
1277 1586 1307 1613 in
1324 1586 1459 1614 noctibus
1469 1588 1615 1614 astrorum
1627 1587 1730 1622 signis:

961 1631 1001 1658 510
1017 1631 1105 1658 debet
1123 1632 1216 1666 justus
1231 1633 1375 1668 respicere
1392 1633 1431 1660 ad
1445 1633 1539 1660 solem
1552 1633 1669 1668 justitife
1680 1655 1688 1668 ,
1705 1637 1732 1662 et

960 1676 999 1703 ad
1023 1677 1136 1712 stellas,
1161 1678 1191 1704 id
1213 1680 1269 1712 est,
1292 1679 1331 1706 ad
1355 1679 1491 1714 exempla
1515 1681 1692 1707 sanctorum.
1715 1690 1728 1706 n

960 1720 997 1746 ¹⁸«
1013 1721 1059 1748 Sta
1075 1724 1101 1748 et
1116 1722 1271 1749 considera
1286 1723 1434 1750 mirabilia
1450 1723 1532 1750 Dei.»
1552 1725 1583 1751 Et
1599 1724 1670 1751 alibi
1686 1725 1706 1742 ¹⁹
1723 1734 1730 1752 z

962 1776 975 1791 «
990 1767 1134 1802 Respiciet
1148 1768 1298 1803 homines,
1311 1771 1338 1796 et
1354 1769 1431 1796 dicet
1447 1778 1454 1796 ε
1471 1770 1600 1797 Peccavi.
1615 1779 1629 1795 n
1647 1771 1731 1803 Quod

959 1813 1079 1847 exponit
1102 1814 1257 1848 Gregorius
1271 1815 1292 1830 ²⁰
1306 1815 1349 1841 ibi
1365 1815 1401 1842 dc
1417 1815 1526 1842 Sanctis
1541 1817 1568 1843 et
1587 1817 1731 1852 exemplis

959 1860 1141 1887 Sanctorum.
1156 1859 1175 1876 ²¹
1185 1869 1198 1886 α
1211 1860 1381 1888 illuminans
1393 1862 1423 1888 tu
1434 1861 1608 1889 mirabiliter
1620 1870 1637 1890 a
1648 1871 1732 1890 mon-

957 1905 1034 1932 tibus
1056 1906 1169 1933 aeternis
1182 1926 1191 1940 ,
1208 1916 1220 1932 »
1244 1906 1275 1934 id
1299 1909 1356 1940 est,
1373 1915 1391 1934 a
1411 1907 1517 1934 sanctis
1531 1928 1540 1941 ,
1556 1907 1595 1935 ait
1618 1908 1731 1936 ibidem

957 1952 1121 1986 Gregorius

992 1999 1037 2025 ⁶2⁰2.
1055 2000 1085 2025 Et
1104 1998 1235 2033 sequitur
1257 1999 1385 2026 secunda
1404 2007 1472 2035 pars
1493 2000 1664 2036 principalis
1679 2009 1728 2029 ca-

957 2044 1056 2079 pituli,
1073 2044 1114 2071 ibi
1131 2053 1137 2071 :
1154 2045 1250 2071 Altera
1271 2045 1332 2078 die,
1347 2047 1416 2080 etc.,
1434 2046 1464 2073 in
1487 2055 1546 2081 qua
1559 2047 1685 2074 ostendit
1699 2056 1728 2075 se

957 2096 1018 2115 esse
1034 2090 1270 2116 conservatorem
1289 2089 1355 2116 vitae
1369 2090 1506 2117 humanae
1525 2091 1668 2125 spirituali
1682 2099 1727 2118 re-

955 2134 1080 2162 fectione
1096 2156 1104 2169 ,
1130 2135 1239 2162 scilicet
1258 2135 1353 2162 carnis
1380 2144 1440 2162 suae
1473 2137 1500 2163 et
1520 2137 1680 2171 sanguinis,
1698 2139 1729 2165 Et

956 2181 1008 2208 illa
1020 2189 1089 2216 pars
1113 2181 1143 2208 in
1163 2181 1236 2208 duas
1255 2183 1351 2216 partes
1367 2191 1375 2208 .-
1392 2182 1487 2217 primo
1512 2183 1656 2210 adventus
1675 2191 1728 2218 po-

955 2227 1094 2262 pulorum
1120 2227 1300 2262 praunissio,
1323 2229 1351 2255 et
1376 2236 1478 2255 eorum
1500 2228 1665 2264 inquisitio;
1682 2237 1726 2257 se-

956 2273 1068 2307 cundo,
1087 2273 1244 2301 salvatoris
1267 2273 1437 2309 responsio,
1455 2276 1483 2301 et
1507 2274 1546 2301 ad
1567 2275 1727 2310 appetitum

954 2319 1015 2346 veri
1032 2319 1089 2346 cibi
1104 2319 1247 2353 hortatio,
1262 2319 1304 2346 ibi
1321 2329 1327 2347 ;
1344 2320 1491 2354 Respondit
1513 2321 1551 2347 eis
1566 2321 1655 2355 Jesus,
1672 2322 1726 2349 etc.

991 2365 1034 2393 Ait
1047 2373 1117 2400 crgo
1135 2375 1141 2392 :
1159 2366 1256 2392 Altera
1276 2366 1336 2397 die,
1355 2366 1435 2392 turba
1455 2374 1513 2400 quoe
1533 2367 1640 2401 stabat;
1657 2367 1727 2402 quia

954 2459 1006 2484 cvi,
1018 2455 1057 2477 23.
1067 2467 1097 2472 —
1110 2454 1127 2470 ¹³
1141 2454 1527 2486 Geu.,x1.1x,13.—¹‘Jon.‚1‚
1542 2456 1565 2479 4.
1576 2456 1637 2474 -15
1650 2456 1724 2487 Aug„

954 2490 980 2513 in
999 2490 1079 2518 loon,
1105 2491 1177 2513 tract.
1205 2495 1236 2518 ιι,
1260 2496 1285 2512 n.
1310 2491 1334 2512 2¹.
1352 2501 1382 2506 —-
1403 2490 1421 2503 ¹⁸
1442 2491 1526 2518 Prov.‚
1547 2497 1612 2521 xxx,
1635 2492 1673 2515 19.
1696 2504 1725 2508 —

954 2524 974 2540 ¹7
992 2524 1046 2552 Job,
1070 2530 1109 2553 ix,
1131 2526 1168 2547 ‘202
1191 2537 1221 2541 —
1243 2523 1262 2540 ¹⁸
1282 2524 1355 2555 ibid„
1378 2530 1482 2555 xxxvn,
1508 2526 1544 2550 14.
1561 2539 1591 2543 —
1611 2527 1629 2542 ¹⁹
1651 2527 1725 2556 1hi11.‚

954 2566 1047 2590 XXXIII,
1061 2561 1099 2583 27.
1109 2571 1139 2577 -
1150 2560 1170 2575 ΞΘ
1183 2560 1268 2589 Greg„
1282 2559 1384 2587 lum-al„
1396 2559 1439 2584 lib.
1455 2561 1544 2587 xxw.
1558 2569 1581 2585 c.
1595 2568 1628 2592 VI,
1640 2562 1672 2586 al.
1686 2568 1724 2592 rx,

953 2602 978 2618 n.
995 2596 1033 2619 23.
1049 2607 1079 2612 -
1095 2595 1113 2611 ²¹
1130 2594 1197 2618 Psal.
1214 2600 1290 2624 mxv,
1306 2596 1329 2618 5.

985 2648 1017 2679 (a)
1034 2648 1095 2671 Caet.
1110 2647 1171 2671 edit.
1185 2648 1254 2672 Post.
1269 2661 1300 2666 —
1315 2647 1348 2680 (ὁ)
1363 2648 1425 2673 Item
1439 2649 1612 2673 solitudinem.
