1987 3032
691 214 899 246 EXPOSITIO
920 214 959 245 IN
981 215 1065 245 CAP.
1090 214 1193 246 XXIV.

146 286 252 317 laeam.
266 296 280 313 n
304 284 370 315 Hoc
391 284 475 314 enim
492 282 599 313 divina
620 282 820 312 ordinatione
843 290 916 320 ges-

146 341 215 369 tum
233 339 289 375 est,
307 339 343 367 ut
358 335 512 366 nuntiatio
525 335 763 365 resurrectionis
779 343 835 374 per
849 343 918 364 mu-

147 391 238 422 lieres
260 390 383 420 veniret
405 388 443 418 ad
466 388 554 418 viros
570 389 623 426 (a),
650 387 730 417 sicut
744 396 763 417 a
784 386 918 416 muliere

147 444 273 474 initium
290 441 422 481 sumpsit
437 450 523 471 mors
538 443 567 470 et
581 444 755 480 peccatum,
773 440 816 469 ita
831 448 917 469 nunc

148 505 204 536 per
218 495 369 526 mulieres
384 494 422 525 ad
439 494 524 524 viros
543 494 659 524 rediret
675 492 873 524 annuntiatio
889 494 919 522 et

148 548 288 587 cognitio
302 547 377 578 vitae
393 549 423 576 et
437 546 683 576 immortalitatis
694 570 702 583 ,
728 547 765 576 ut
782 554 839 584 per
858 545 918 575 hoc

147 600 338 631 humilitatis
353 600 482 630 daretur
497 599 692 638 exemplum.
715 597 802 629 Unde
817 598 918 637 Chry—

147 655 320 684 sostomus:
329 664 342 681 (1
350 652 438 683 Evan
442 652 555 690 gelista
566 660 631 682 non
639 651 744 690 privat
751 651 918 681 mulierem

145 706 254 744 laude,
271 715 329 737 nec
344 705 561 736 verecundum
576 706 666 744 putat
687 714 706 734 a
720 704 853 734 muliere
868 704 915 734 di-

146 760 267 790 dicisse.
284 771 299 788 D
319 759 470 789 Aufertur
492 757 587 788 etiam
602 757 775 787 mulierum
799 764 917 795 oppro-

145 811 264 849 brium,
277 814 307 842 et
320 811 459 842 maxime
475 810 695 850 peccatricum.
709 809 747 840 Et
758 809 827 840 ideo
840 818 918 848 prae-

145 864 236 904 cipue
256 865 338 894 inter
359 864 435 894 alias
458 863 512 893 illa
534 863 691 901 peccatrix
713 862 914 900 nominatur,

145 927 217 948 cum
228 917 331 949 subdit
350 918 391 957 (v.
406 919 454 955 10)
466 928 472 946 ε
487 917 573 948 Erat
585 920 691 946 aulem
702 916 808 947 Maria
823 916 915 955 May-

145 970 277 1008 clalene,
300 975 330 1001 et
347 971 495 1006 Jocmna,
519 974 549 1000 et
572 970 678 1001 Maria
698 969 822 1006 Jacobz',
844 971 914 1007 etc„

145 1033 217 1063 qna?
232 1033 304 1054 cum
319 1024 363 1053 eis
378 1027 485 1060 erant,
507 1032 580 1062 qzcoe
597 1022 744 1052 dicebant
764 1021 809 1051 ad
820 1031 917 1061 apos-

146 1077 223 1107 tolos
250 1077 326 1107 hoec.
350 1076 482 1106 Mariam
505 1078 611 1106 autem
630 1075 849 1113 Magdalenam
874 1076 917 1105 si-

146 1131 283 1168 gnanter
298 1129 367 1159 aliis
380 1129 563 1168 praemittit,
576 1128 651 1167 quia
664 1128 729 1167 ipsa
744 1128 916 1158 ferventius

145 1182 215 1213 aliis
229 1181 354 1219 dilexit,
371 1184 400 1212 et
416 1181 513 1220 prior,
528 1183 563 1211 ut
578 1180 730 1218 traditur,
747 1180 784 1210 ad
802 1189 915 1211 monu-

144 1236 290 1264 mentum
306 1234 408 1272 venit,
431 1236 460 1264 01
482 1243 547 1273 prae
564 1235 686 1264 caeteris
703 1233 821 1264 diutius
843 1243 913 1272 per—

144 1287 313 1317 severavit.
327 1287 363 1317 Et
378 1287 448 1316 ideo
462 1286 599 1317 Joannes
612 1286 847 1316 amantissimus
860 1286 915 1316 Do-

146 1339 223 1369 mini
241 1339 327 1369 illam
342 1338 467 1369 Domini
483 1339 666 1369 amatricem
680 1339 846 1377 signanter
858 1348 914 1369 110-

146 1392 246 1422 minat
261 1393 270 1408 ¹
289 1400 297 1421 :
317 1391 442 1421 «Maria
462 1392 563 1422 stabat
588 1392 627 1422 ad
653 1394 913 1428 monumentum,

146 1445 221 1475 soris
235 1444 378 1484 plorans;
390 1455 403 1471 »
418 1446 446 1474 et
463 1444 657 1483 sequituribi
667 1444 750 1483 quod
766 1444 843 1474 vidit
857 1453 913 1474 an-

147 1497 250 1536 gelos,
278 1499 308 1527 et
323 1490 454 1527 tandem
474 1496 551 1527 vidit
572 1496 754 1527 Dominum.
779 1496 915 1528 Joannes

147 1549 247 1588 igitur
262 1549 365 1580 solum
389 1549 528 1588 loquitur
542 1549 580 1579 de
599 1548 698 1579 Maria
716 1549 911 1588 Magdalena.

147 1602 313 1633 Matthaeus
326 1602 468 1642 loquitur
480 1602 517 1632 de
532 1602 654 1633 duabus
667 1602 775 1632 Mariis
785 1606 812 1632 5²:
831 1614 845 1632 «
858 1602 914 1634 Ve-

101 1681 105 1686 .
148 1656 194 1686 nit
209 1655 307 1686 Maria
321 1655 523 1694 Magdalene,
537 1657 568 1685 et
585 1655 681 1685 altera
696 1655 794 1686 Maria
807 1656 914 1686 videre

149 1708 363 1747 sepulchrum.
379 1708 526 1738 »Marcus
541 1710 646 1738 autem
656 1709 797 1747 loquitur
811 1708 848 1738 de
863 1709 915 1738 tri-

149 1761 209 1791 bus
222 1761 348 1791 Mariis³
363 1770 371 1791 :
392 1772 406 1789 «
421 1761 518 1791 Maria
540 1761 725 1799 Magdalene
738 1785 746 1799 ,
764 1763 794 1791 01
818 1761 915 1791 Maria

148 1813 264 1852 Jacobi,
282 1816 312 1844 et
327 1813 450 1844 Salome
461 1815 608 1843 emerunt
621 1816 800 1844 aromata.»
813 1813 915 1844 Lucas

149 1868 267 1904 autem,
280 1866 418 1905 optimus
432 1868 587 1903 narrator,
604 1866 754 1905 exprimit
769 1867 806 1897 de
821 1867 870 1897 his
884 1869 915 1897 01

150 1918 187 1947 de
207 1918 285 1949 aliis.
304 1918 342 1948 Et
361 1918 404 1948 sic
420 1921 549 1958 apparet
567 1919 650 1958 quod
668 1919 748 1949 inter
767 1919 914 1958 Evange-

149 1970 236 2001 listas
266 1971 353 2001 nulla
376 1980 505 2010 prorsus
528 1974 575 2002 est
597 1973 813 2003 controversia
829 1996 836 2010 ,
860 1973 914 2003 sed

148 2024 280 2064 quilibet
302 2025 342 2055 ad
359 2034 449 2055 suam
468 2025 680 2065 principaliter
699 2026 796 2056 fertur
810 2026 914 2057 inten-

148 2077 277 2108 tionem.
302 2077 418 2108 Omnes
443 2080 550 2108 tamen
571 2077 781 2117 Evangelistae
806 2080 912 2118 expri-

147 2132 240 2160 munt
254 2130 474 2169 Magdalenam
488 2154 495 2168 ‚
512 2133 543 2161 et
557 2132 715 2171 praecipue
730 2132 850 2162 amicus
861 2132 911 2163 Dei

147 2182 301 2221 Joannes,
317 2184 392 2223 quia
405 2183 507 2223 primo
522 2183 582 2213 sibi
595 2185 757 2224 apparuit,
775 2185 855 2215 sicut
869 2185 914 2215 di—

147 2236 229 2267 citur
239 2239 250 2255 ⁶
265 2247 271 2266 ε
295 2236 461 2276 «Surgens
475 2239 581 2267 autem
597 2237 688 2267 ι105115
702 2247 795 2268 mane
811 2239 914 2278 prima

148 2288 280 2326 sabbati,
290 2289 435 2328 apparuit
448 2289 551 2328 primo
562 2289 669 2320 Mariae
680 2290 886 2329 Magdalenae.
895 2302 910 2320 »

147 2340 185 2371 Et
200 2340 260 2372 hoc
279 2341 475 2381 quadruplici
490 2342 621 2372 ratione.
641 2342 747 2373 Prima
763 2346 824 2381 est,
839 2344 914 2383 quia

147 2393 309 2424 ardentius
323 2393 473 2433 diligebat
486 2394 496 2410 ⁶
513 2405 519 2423 :
542 2406 556 2422 «
569 2394 783 2425 Remittuntur
797 2396 826 2426 ei
840 2406 912 2436 pec-

148 2447 215 2476 eata
236 2446 353 2485 multa,
371 2447 521 2486 quoniam
540 2446 650 2477 dilexit
668 2447 841 2478 multum.»
858 2449 914 2479 Se-

149 2498 251 2529 cunda
258 2498 276 2538 ,’
285 2501 321 2530 ut
335 2499 511 2530 ostenderet
528 2499 611 2539 quod
626 2509 684 2539 pro
699 2501 913 2539 peccatoribus

180 2598 186 2614 ¹
203 2598 284 2627 Joan„
307 2605 350 2629 xx,
364 2601 402 2624 tl.
421 2602 472 2618 ——2
489 2598 592 2629 Mamu,
609 2605 699 2630 xxvni,
720 2601 742 2623 1.
759 2614 784 2617 —
802 2601 812 2617 ³
827 2602 914 2630 Marc„

146 2636 232 2663 xv1,1.
252 2647 277 2651 —-
293 2634 376 2665 ⁴bid.‚
391 2637 414 2659 9.
428 2648 457 2653 -
473 2637 481 2652 ⁵
496 2637 567 2665 Sup„
585 2640 629 2664 vii,
644 2636 681 2659 47.
697 2648 727 2652 —
743 2638 752 2650 ‘⁵
768 2637 914 2670 Matth.‚1x‚

146 2669 183 2691 13.
199 2682 230 2686 -
249 2669 259 2685 ⁷
281 2669 353 2699 lbid.,
373 2676 432 2700 xxi,
454 2672 492 2694 31.
512 2684 537 2687 -
554 2670 564 2686 8
586 2670 663 2699 ltom„
681 2677 702 2700 v,
721 2672 760 2694 20.
783 2684 808 2688 —
831 2674 840 2686 ‘³
862 2674 915 2697 1ωο

263 2721 326 2743 ἸῸΜ
347 2721 389 2743 XI.

1683 226 1741 255 225

974 285 1132 312 veneratss:
1152 282 1245 313 «Non
1259 284 1344 314 enim
1357 285 1429 315 veni
1439 294 1551 316 vocare
1562 288 1675 326 justos,
1688 291 1741 321 sed

973 337 1160 373 peccatores,
1172 347 1185 364 »
1202 335 1317 366 scilicet
1331 337 1369 367 ad
1385 339 1614 376 poenitentiam.
1624 340 1738 380 Tertia,

973 388 1011 418 ad
1021 389 1242 419 conterendam
1253 389 1428 420 humanam
1438 393 1616 431 superbiam
1629 405 1636 431 ;
1646 404 1741 434 prop-

974 442 1020 470 ter
1039 442 1123 479 quod
1144 442 1177 472 in
1197 442 1347 473 Maltlzoeo
1369 444 1406 482 (h)
1428 444 1437 460 ⁷
1459 455 1465 475 :
1492 456 1506 473 «
1521 445 1686 477 Publicani
1711 450 1741 478 et

974 495 1154 525 meretrices
1168 497 1350 534 praecedunt
1365 506 1420 528 vos
1433 498 1468 528 in
1482 507 1624 537 regnum
1640 500 1704 531 Dei.
1722 513 1737 530 ο

973 545 1106 584 Quarta,
1124 548 1162 577 ad
1178 548 1313 579 dandam
1328 549 1476 581 fiduciam
1489 561 1496 589 3
1514 555 1642 592 propter
1657 555 1741 593 quod

973 598 1087 629 dicitur
1099 602 1129 630 ⁸:
1151 612 1164 629 α
1181 601 1235 631 Ubi
1255 605 1361 633 autem
1382 604 1556 636 abundavit
1572 606 1739 645 delictum,

974 653 1244 691 superabundavit
1260 657 1290 685 et
1304 656 1408 694 gratia
1419 680 1426 694 ,
1442 668 1456 685 »
1479 660 1537 688 etc.

1013 705 1172 744 Secundo,
1195 710 1351 746 quantum
1367 709 1405 739 ad
1421 713 1591 749 aspectum
1602 713 1741 753 discipu-

972 758 1096 796 lorum,
1112 759 1258 790 subditur
1282 761 1322 799 (v.
1344 764 1392 799 11)
1407 771 1414 792 :
1430 764 1477 794 Ec
1494 765 1560 794 visa
1574 771 1649 796 sunt
1668 772 1741 798 ante

973 811 1042 842 illos
1062 813 1142 843 sicut
1158 814 1404 846 deliramentum
1418 817 1513 847 verba
1527 819 1603 856 ἰδία,
1627 824 1657 849 et
1677 829 1741 850 non

973 865 1173 897 crediderunt
1195 868 1266 897 z'llz's.
1293 867 1380 899 Unde
1399 870 1520 901 auditui
1544 881 1608 902 11011
1633 874 1738 904 crede-

972 918 1059 957 bant,
1076 921 1142 949 tum
1159 921 1233 957 quia
1241 921 1386 952 mirabile
1400 925 1467 954 erat
1482 925 1566 963 quod
1583 925 1738 965 dicebant,

972 973 1041 1001 tum
1057 972 1131 1011 quia
1146 973 1207 1003 hoc
1225 974 1333 1004 divina
1347 975 1551 1014 dispositione
1573 979 1737 1018 agebatur,

971 1027 1008 1054 ut
1020 1027 1123 1064 major
1137 1028 1166 1056 et
1181 1027 1295 1057 certior
1311 1029 1453 1059 veritatis
1468 1031 1598 1062 assertio
1613 1033 1739 1064 obtine-

971 1079 1069 1108 retur.
1094 1078 1181 1109 Unde
1200 1079 1373 1119 Gregorius
1389 1082 1399 1097 9
1421 1092 1428 1112 :
1454 1083 1573 1120 «Quod
1594 1085 1739 1124 discipuli

971 1130 1058 1160 tarde
1073 1131 1288 1171 crediderunt,
1313 1143 1377 1164 non
1400 1137 1464 1165 tam
1484 1136 1613 1168 illorum
1634 1138 1739 1169 incre-

970 1182 1085 1213 dulitas
1097 1208 1104 1221 ‚
1128 1193 1223 1223 quam
1243 1188 1368 1225 nostra,
1386 1190 1422 1218 ut
1439 1189 1482 1219 ita
1498 1189 1615 1229 dicam,
1632 1192 1739 1223 futura

970 1236 1104 1267 firmitas
1126 1238 1195 1268 fuit.
1219 1239 1297 1270 Nam
1317 1240 1377 1271 illis
1395 1242 1613 1274 dubitantibus
1629 1254 1736 1276 resur-

969 1289 1066 1319 rectio
1079 1290 1186 1320 multis
1196 1294 1394 1330 argumentis
1408 1298 1581 1327 monstrata
1591 1300 1647 1336 est,
1663 1307 1736 1338 quae

970 1340 1045 1370 dum
1061 1341 1202 1380 legentes
1215 1345 1421 1382 agnoscimus
1430 1370 1438 1384 ,
1451 1348 1525 1387 quid
1539 1349 1624 1380 aliud
1638 1361 1736 1390 quam

969 1393 1007 1423 de
1022 1402 1133 1424 eorum
1148 1395 1344 1428 dubItatione
1359 1398 1555 1431 solidamur?
1566 1413 1580 1430 »
1595 1402 1632 1433 Et
1646 1413 1737 1444 prop-

971 1448 1054 1477 terea
1070 1448 1224 1480 dubitatio
1242 1450 1280 1480 de
1295 1452 1406 1482 auditu
1421 1453 1563 1485 incitavit
1577 1456 1616 1486 ad
1631 1456 1737 1497 inqui—

969 1499 1098 1530 rendam
1113 1502 1334 1533 certitudinem
1349 1513 1405 1544 per
1414 1509 1593 1546 aspectum;
1609 1513 1737 1550 propter

969 1553 1053 1592 quod
1070 1554 1175 1585 subdit
1192 1556 1232 1591 (v.
1255 1558 1303 1594 12)
1319 1568 1326 1588 :
1343 1557 1455 1590 Petrus
1477 1565 1585 1592 autem
1604 1571 1736 1603 surqens

970 1607 1111 1637 cucurrit
1134 1608 1179 1638 acl
1196 1615 1455 1652 monumentum,
1478 1618 1506 1644 et
1527 1616 1737 1654 procumbens

970 1659 1049 1689 vidit
1063 1660 1251 1693 linteamina
1262 1664 1329 1694 sola
1338 1666 1461 1704 posita,
1477 1671 1508 1697 et
1521 1668 1616 1707 abiit,
1631 1679 1738 1701 secum

970 1713 1093 1743 mirans
1113 1716 1203 1754 quod
1220 1718 1345 1755 sactum
1359 1719 1480 1757 fuerat.
1495 1720 1609 1753 Narrat
1631 1725 1739 1754 autem

970 1764 1024 1795 hic
1038 1767 1212 1805 specialiter
1226 1769 1325 1800 Lucas
1346 1771 1384 1802 110
1409 1772 1517 1813 Petro,
1541 1776 1578 1805 111
1596 1777 1739 1807 ostendat

971 1819 1055 1857 quod
1076 1820 1144 1859 ipse
1157 1831 1175 1851 a
1188 1822 1312 1854 fervore
1327 1834 1386 1855 suo
1403 1834 1468 1856 non
1486 1827 1656 1859 destiterat.
1674 1828 1736 1860 Sed

970 1869 985 1900 J
988 1879 1106 1902 oannes
1117 1873 1176 1904 hoc
1190 1877 1371 1915 expressius
1384 1882 1502 1916 narrat,
1517 1881 1603 1920 quod
1613 1890 1677 1912 non
1687 1891 1736 1913 so-

970 1922 1020 1953 lus
1035 1923 1145 1956 Petrus
1160 1927 1235 1966 ivit,
1262 1938 1374 1960 verum
1390 1933 1420 1962 et
1435 1931 1590 1969 Joannes;
1607 1936 1638 1965 01
1651 1935 1737 1975 quod

970 1976 1249 2019 simuicurrebant,
1257 1982 1307 2014 etJ
1310 1992 1428 2015 oannes
1433 1989 1641 2024 praecucurrit
1647 1989 1739 2021 citius

971 2029 1079 2069 Petro,
1097 2033 1151 2063 sed
1166 2042 1231 2064 non
1245 2035 1332 2074 prior
1346 2037 1488 2070 introivit
1502 2040 1535 2070 in
1550 2049 1737 2074 monumen-

970 2085 1050 2114 tum.
1068 2084 1182 2117 Narrat
1197 2087 1299 2126 igitur
1312 2089 1414 2121 Lucas
1434 2093 1519 2131 quod
1535 2093 1646 2125 Petrus
1660 2105 1739 2135 pro*

969 2138 1142 2176 cumbens,
1166 2140 1351 2172 linteamina
1365 2143 1443 2174 vidit
1465 2146 1580 2184 posita;
1601 2147 1738 2179 Joannes

969 2198 1045 2220 vero
1060 2192 1238 2231 expressius
1261 2196 1473 2236 prosequitur,
1498 2199 1582 2237 quod
1597 2209 1662 2231 non
1684 2210 1738 2232 so-

969 2242 1037 2273 lum
1051 2244 1121 2275 haec
1135 2246 1231 2284 vidit,
1243 2248 1297 2278 sed
1312 2249 1408 2279 etiam
1424 2251 1565 2282 introivit
1579 2253 1612 2283 111
1627 2263 1738 2285 monu-

970 2298 1133 2334 mentum,
1150 2301 1180 2329 et
1194 2301 1300 2330 tamen
1314 2325 1320 2339 ,
1344 2302 1424 2332 sicut
1437 2303 1489 2333 hic
1504 2304 1636 2345 dicitur,
1662 2307 1740 2338 abiit

971 2357 1077 2379 secum
1092 2352 1229 2390 mirans,
1248 2362 1312 2384 non
1326 2354 1429 2385 adhuc
1443 2356 1590 2396 credenS,
1607 2359 1682 2398 quia
1698 2360 1741 2390 di-

971 2401 1052 2432 citur
1069 2403 1089 2419 ¹⁰
1113 2414 1142 2433 :a
1157 2404 1304 2436 Nondum
1328 2407 1414 2438 enim
1435 2409 1575 2440 sciebant
1594 2411 1738 2451 Scriptu-

970 2462 1038 2484 ram
1053 2479 1061 2493 ,
1085 2457 1161 2495 quia
1175 2461 1332 2504 oporteret
1346 2470 1420 2491 eum
1441 2471 1460 2493 a
1473 2464 1608 2494 mortuis
1627 2474 1738 2496 resur-

972 2516 1060 2545 gere.
1072 2519 1086 2537 »
1101 2509 1138 2539 Et
1150 2511 1374 2544 attendendum
1387 2516 1471 2554 quod
1486 2516 1670 2549 linteamina
1685 2528 1739 2558 po-

973 2599 1084 2629 ned.,1'11
1101 2600 1167 2630 Luc„
1188 2601 1230 2625 lib.
1254 2604 1294 2633 Vl,
1314 2610 1337 2627 c.
1353 2611 1410 2634 xcv,
1432 2613 1462 2629 ex
1481 2608 1568 2637 Greg„
1588 2608 1613 2630 ιἰι
1633 2607 1739 2637 Ευαηφ,

971 2634 1040 2658 honi.
1054 2642 1124 2665 xxxl,
1137 2644 1162 2660 n.
1178 2638 1200 2661 7.
1218 2651 1249 2656 —
1264 2639 1281 2654 ¹⁰
1291 2641 1371 2667 doun„
1383 2647 1426 2671 xx,
1441 2644 1462 2666 U.

1004 2677 1034 2705 (a)
1049 2677 1135 2707 suppl.
1150 2680 1175 2702 ct
1189 2679 1227 2703 vel
1243 2682 1276 2704 ut.
1291 2695 1322 2699 —
1334 2682 1365 2711 (b)
1381 2683 1440 2706 Coel.
1454 2684 1513 2707 edil.
1525 2685 1593 2714 quod
1609 2685 1695 2709 Matth-

1572 2731 1608 2758 15
