1987 3032
207 221 264 250 452

209 283 344 319 diligunt,
353 282 397 310 illi
405 288 466 310 non
481 289 488 308 :
501 278 617 308 dilectio
627 276 707 304 enim
715 275 851 303 discernit
862 275 977 302 sanctos

209 329 348 358 amundo
357 331 365 346 ¹
379 338 385 356 ε
397 326 592 355 Charttatemsz·
603 331 655 351 non
669 323 794 355 habuero,
803 322 874 348 nihil
883 328 950 348 sum.
961 329 976 345 π

209 376 265 404 Sed
273 375 414 412 quaeritur
423 374 458 401 de
468 374 525 400 hoc
535 370 618 407 quod
629 369 685 396 ait:
699 368 730 396 Si?
745 370 805 403 quis
816 367 912 401 diligit
927 374 977 400 me,

210 424 276 457 etc.;
289 425 316 449 et
325 421 475 457 sequitur:
489 420 523 446 Et
536 418 572 444 ad
583 424 641 443 eum
651 417 792 442 veniemus
811 413 929 440 Videtur
943 420 979 440 ex

208 468 284 503 hoc,
308 467 390 504 quod
411 466 491 501 prius
511 464 546 491 sit
566 463 687 496 diligere
704 462 804 494 Deum,
821 462 848 487 et
861 467 979 487 servare

209 506 978 551 ejusmandata,quamneum(a)venireadhominem:

209 562 261 590 sed
279 560 318 589 ad
335 559 487 587 hominem
506 557 600 590 venit,
623 555 743 590 quando
766 553 816 581 dat
837 553 978 588 gratiam;

209 609 238 636 et
251 607 290 634 ita
305 608 370 634 ante
385 605 499 632 donum
518 602 617 638 gratize
635 603 678 628 est
695 599 835 636 possibile
857 598 979 633 diligere

209 656 312 687 Deum,
328 651 410 688 quod
425 653 466 678 est
478 650 594 677 salsum.
612 649 642 674 Et
655 647 693 675 ad
708 646 785 673 istud
798 644 980 680 responden-

210 701 283 728 dum
299 701 341 727 est
360 697 523 726 secundum
538 695 669 724 Glossam
692 694 720 721 et
739 692 827 720 ctiam
845 690 979 725 Augusti-

209 754 292 780 num,
309 745 391 781 quod
413 751 502 772 causa
525 744 577 776 cst,
598 748 689 777 quare
712 740 749 775 (b)
771 737 899 766 Christus
920 738 982 764 crat

209 801 239 821 se
261 793 320 820 suis
334 790 584 822 manifestaturus,
605 786 722 814 dilectio
744 794 750 812 :
775 792 841 820 quae
858 783 980 819 quidem

210 839 327 867 dilectio
351 837 494 873 probatur
512 835 543 862 in
562 833 697 861 custodia
724 838 896 858 sermonum
923 830 979 856 Do-

209 885 292 913 mini.
310 894 325 911 «
343 883 479 911 probatio
502 879 666 908 dilectionis
685 880 727 905 est
746 875 887 904 exhibitio
912 882 980 910 ope-

209 932 262 966 ris,
289 930 360 958 »ait
381 928 538 964 Gregorius
550 926 570 960 ²,
600 931 751 960 exponens
774 922 863 950 istud.
894 920 979 954 Diligi

209 980 307 1006 autem
317 985 334 1004 a
344 978 411 1009 Deo,
420 976 462 1002 cst
472 972 617 1008 acceptari
626 980 643 999 a
656 972 723 1003 Deo,
740 977 829 1004 supra
837 968 943 996 codem
954 968 977 993 ³:

211 1034 224 1050 «
239 1024 292 1057 Qui
303 1022 400 1058 diligit
413 1029 472 1054 me,
489 1020 626 1054 diligetur
639 1026 657 1044 a
672 1018 752 1044 Patre
768 1023 845 1043 meo.
861 1024 874 1039 »
897 1015 928 1040 Et
942 1013 981 1040 ad

208 1071 248 1098 sic
263 1070 433 1105 diligentem
449 1066 555 1094 dicitur
576 1066 657 1092 Pater
670 1066 697 1090 et
714 1062 801 1090 Filius
815 1063 842 1088 et
858 1060 980 1095 Spiritus

209 1118 324 1144 sanctus
340 1115 447 1148 venire,
472 1116 500 1140 et
520 1111 706 1139 mansionem
726 1109 832 1139 facere,
856 1105 982 1141 amplio-

207 1171 271 1190 rem
290 1161 415 1197 gratiam
439 1159 554 1191 dando,
576 1159 603 1184 et
627 1155 753 1183 finaliter
775 1152 979 1181 custodiendo.

208 1209 288 1236 Unde
303 1207 458 1242 Gregorius
469 1206 479 1221 '³
501 1214 507 1232 :
527 1214 541 1230 α
560 1204 591 1230 ln
613 1200 813 1238 quorumdam
833 1198 921 1226 corda
934 1204 982 1224 vc-

208 1256 260 1289 nit,
274 1254 382 1282 scilicet
395 1260 448 1288 per
468 1249 727 1286 compunctionem
739 1256 746 1281 3
773 1245 825 1273 scd
848 1246 982 1279 tempore

209 1299 374 1330 tentationis
396 1306 457 1326 non
476 1298 585 1325 manet.
614 1294 670 1322 Sed
692 1293 774 1320 aliter
797 1292 833 1319 de
854 1299 905 1322 eo,
931 1289 983 1325 qui

210 1350 301 1376 Deum
314 1353 383 1374 vere
398 1345 504 1379 diligit,
521 1342 591 1378 quia
606 1342 646 1368 sic
662 1348 730 1368 cum
747 1346 832 1366 amor
847 1336 981 1365 divinita-

210 1395 245 1423 tis
258 1394 400 1430 penetrat,
421 1393 452 1419 ut
467 1393 504 1419 ab
525 1390 582 1417 hoc
602 1396 703 1416 amore
725 1383 891 1413 tentationis
911 1385 982 1410 tem—

210 1448 283 1477 pore
298 1447 360 1467 non
373 1437 523 1466 recedat.»
538 1437 602 1464 Haec
614 1434 674 1462 ille.
688 1434 751 1461 Non
767 1439 837 1465 ergo
853 1429 984 1465 loquitur

211 1487 258 1515 hic
273 1487 310 1513 de
325 1485 454 1513 adventu
469 1483 518 1510 Dei
533 1483 563 1510 in
577 1481 708 1509 animam
723 1479 754 1505 in
766 1477 862 1513 prima
877 1474 982 1510 gratia,

212 1533 264 1561 sed
278 1532 309 1559 in
323 1531 441 1559 datione
457 1528 609 1564 amplioris
623 1526 731 1561 gratice.
744 1526 775 1551 Et
785 1523 822 1550 de
836 1523 893 1549 hoc
908 1521 984 1549 hene

212 1577 406 1614 Augustinus⁵
422 1585 428 1603 :
450 1585 463 1601 «
478 1576 558 1602 Pater
575 1575 602 1601 et
616 1572 704 1600 Filius
719 1572 747 1598 et
762 1569 884 1605 Spiritus
899 1575 984 1594 sanc-

212 1627 258 1653 tus
271 1624 393 1652 veniunt
410 1622 449 1650 ad
464 1629 518 1648 nos
537 1617 741 1647 subveniendo
752 1637 760 1650 ,
781 1617 809 1642 ct
828 1622 883 1641 nos
905 1612 986 1640 veni-

213 1679 279 1699 mus
293 1668 462 1698 obediendo
477 1661 835 1695 :veniuntilluminando,
850 1659 985 1687 venimus

214 1717 356 1746 intuendo
381 1725 388 1743 ;
412 1714 534 1742 veniunt
561 1710 723 1746 implendo,
754 1707 888 1735 venimus
912 1704 987 1732 exci-

215 1763 336 1800 piendo.
354 1773 365 1787 ι)
384 1763 416 1789 Et
430 1760 472 1787 ibi
486 1759 563 1786 bene
582 1757 619 1784 de
634 1757 691 1784 hoc
718 1756 749 1782 Et
764 1753 834 1790 quia
849 1752 963 1779 dixerat
979 1760 985 1778 :

215 1812 349 1839 Sermones
364 1815 444 1838 meos,
461 1806 493 1833 in
506 1803 625 1841 plurali,
643 1802 682 1829 ait
698 1811 704 1828 :
721 1801 870 1827 Sermonem
891 1805 986 1828 meum,

217 1865 294 1892 quem
314 1854 443 1887 audistis,
455 1860 508 1879 non
523 1842 664 1878 est-inens.
684 1849 716 1875 Et
732 1847 788 1874 hoc
811 1845 895 1879 ideo,
919 1843 989 1879 quia

218 1904 279 1939 ipse
293 1909 355 1929 non
373 1901 416 1927 est
434 1898 559 1926 verbum
581 1903 682 1928 suum,
703 1893 756 1921 scd
775 1891 865 1920 Patris
888 1900 894 1918 z
915 1897 990 1926 quo-

219 1949 311 1978 modo
326 1955 379 1975 nec
394 1953 448 1974 sua
460 1945 559 1978 imago
580 1944 632 1974 est,
651 1940 702 1968 sed
719 1939 822 1973 Patris;
846 1945 900 1965 nec
921 1943 990 1963 suus

219 1996 298 2024 filius
323 1994 404 2021 idem
431 1992 508 2027 ipse,
537 1989 590 2016 sed
613 1987 713 2021 PatriS,
739 1984 903 2013 secundum
932 1985 990 2010 Au-

221 2042 371 2078 gustinum
385 2040 406 2065 ⁶.
424 2039 519 2073 Supra
539 2033 658 2063 eodem7
676 2042 682 2060 :
702 2042 715 2058 «
738 2034 759 2060 Α
779 2039 826 2059 mc
845 2031 910 2066 ipso
929 2035 990 2056 non

222 2090 340 2124 loquor.
354 2096 368 2113 »

257 2135 342 2163 eant
356 2131 487 2167 sequitur
501 2126 673 2163 illapars,in
682 2133 742 2160 qua
752 2124 855 2151 iterata
868 2121 992 2157 promis-

223 2182 266 2209 sio
275 2190 283 2216 ;
298 2182 326 2208 et
340 2180 383 2207 est
398 2178 435 2205 de
450 2175 580 2208 duobus,
597 2172 706 2200 scilicet
724 2171 760 2199 de
774 2169 913 2198 missione
929 2167 993 2203 Spi—

223 2229 294 2256 ritus
321 2225 361 2254 ad
388 2222 557 2252 docendum
569 2242 577 2254 ,
606 2221 634 2246 et
661 2218 697 2245 dc
724 2215 884 2244 donatione
911 2213 994 2249 pacis

225 2274 264 2301 ad
278 2271 435 2308 tranquille
458 2267 631 2300 vivendum,
651 2264 693 2291 ibi
704 2264 714 2280 ⁸
731 2273 738 2289 :
764 2264 854 2289 Pacem
872 2261 994 2294 relinquo

225 2320 308 2352 vobis,
323 2320 376 2346 etc.

261 2366 306 2394 Ait
319 2371 410 2399 ergo:
431 2363 492 2389 Hoec
512 2361 612 2387 locutus
629 2364 687 2384 sum
709 2354 782 2391 apud
802 2362 847 2381 cos
869 2359 994 2386 manens,

227 2411 336 2441 scilicet
352 2407 500 2445 corporali
520 2404 674 2442 praesentia
688 2404 716 2430 et
734 2401 912 2433 forinsecus,
937 2406 996 2434 qua

261 2508 266 2521 ¹
287 2507 294 2530 l
315 2505 383 2534 Cor„
398 2508 460 2532 ³111,
480 2502 531 2525 1-3.
550 2512 582 2518 ·—
597 2500 605 2513 ²
627 2499 714 2527 Greg.,
736 2497 762 2519 in
786 2495 890 2525 Evuny..
907 2493 949 2518 lib.
967 2493 997 2523 ΙΙ,

228 2543 300 2566 hom.
315 2547 342 2564 x.
356 2552 387 2557 —-
400 2538 409 2552 ³
423 2539 496 2567 Sup.‚
510 2538 549 2559 21.
563 2548 593 2552 —
608 2534 618 2550 δ
635 2534 722 2563 Greg.,
737 2531 762 2554 in
783 2531 887 2559 Evanq.,
907 2528 950 2553 lib.
966 2529 997 2558 11,

228 2578 300 2601 hom.
315 2582 346 2605 x,
367 2573 400 2598 al.
417 2579 483 2601 xxx,
498 2578 525 2594 n.
543 2573 564 2594 ι.
579 2570 632 2593 —-.⁵
647 2570 723 2597 Aug„
736 2565 781 2590 ubi
800 2572 866 2595 sup„
883 2571 909 2587 n.
929 2565 951 2587 4.
967 2575 998 2580 -—

231 2614 239 2628 ⁸
254 2611 331 2641 lbid.‚
342 2616 368 2634 n.
384 2610 409 2633 5.
420 2620 451 2626 —
461 2607 471 2623 '¹
483 2607 556 2635 sup„
568 2606 607 2628 10.
621 2617 652 2621 —
668 2604 676 2616 Β
691 2601 748 2632 inf„
762 2601 801 2625 27.
813 2612 844 2618 —
861 2600 869 2613 ὓ
882 2600 955 2629 Aug„
972 2600 997 2621 in

228 2648 310 2675 Jaan„
325 2645 396 2669 tract.
412 2647 508 2670 uxvn,
526 2646 551 2663 u.
570 2643 591 2662 ⁴1.
603 2650 631 2655 —
648 2638 667 2653 ¹⁰
679 2635 763 2664 fleon,
780 2641 798 2664 1,
813 2635 835 2658 2.
849 2647 878 2651 —
894 2634 909 2649 ¹¹
924 2634 998 2663 Aug„

730 207 941 240 EVANGELH
963 207 1099 239 SANCTI
1122 209 1287 241 JOANNIS

1035 283 1102 303 eum
1116 275 1174 303 illis
1188 275 1310 304 visibilis
1325 275 1512 311 loquebatur,
1533 275 1573 302 ait
1593 277 1771 311 Augustinus
1780 276 1801 303 ⁹.

1035 321 1116 349 Prior
1130 329 1200 350 vero
1215 321 1340 356 mansio,
1354 322 1390 350 de
1409 329 1470 358 qua
1491 321 1607 349 locutus
1621 324 1675 357 est,
1699 326 1741 351 est
1760 323 1805 351 tu·

1034 369 1132 395 turam
1149 378 1162 392 «
1178 368 1337 396 Novissime
1352 367 1458 395 diebus
1470 367 1540 400 istis,
1560 367 1676 396 locutus
1690 370 1733 397 est
1747 376 1799 396 no-

1036 413 1081 440 bis
1095 414 1125 440 in
1139 414 1221 447 Filio,
1237 424 1251 440 »
1269 416 1322 441 etc.

1070 461 1116 487 ⁶26.
1133 461 1288 487 Paracletus
1304 463 1392 487 autem
1414 461 1547 496 Spiritus,
1568 464 1622 490 etc.
1638 470 1647 489 :
1663 461 1735 489 etin
1748 461 1806 490 hoc

1035 506 1107 534 boni
1124 506 1260 541 promissi
1273 506 1446 542 pretiositas.
1460 508 1541 540 Quem
1562 510 1651 535 mittet
1667 509 1766 535 Pater:
1779 509 1807 535 et

1036 552 1066 579 in
1076 553 1133 580 hoc
1147 552 1243 580 dantis
1253 553 1400 587 majestas.
1416 554 1449 580 In
1462 555 1567 581 nomine
1580 562 1635 582 meo
1649 563 1656 581 :
1672 553 1739 582 etin
1749 553 1807 582 hoc

1037 598 1163 626 dationis
1180 598 1394 627 ordinabilitas,
1415 600 1523 627 nocebit
1541 607 1586 627 vos
1604 601 1692 627 omnia
1713 609 1721 626 :
1737 600 1808 627 etin

1036 644 1093 672 hoc
1106 644 1165 672 dati
1182 645 1303 680 Spiritus
1317 647 1444 680 potestas
1459 647 1487 672 ct
1499 645 1618 673 utilitas.
1634 646 1752 680 nocebit,
1767 645 1808 673 in-

1037 698 1137 726 quam,
1157 694 1187 718 ut
1202 690 1418 726 intelligamus,
1432 694 1456 718 et
1469 694 1603 726 suggeret,
1619 690 1650 718 id
1665 692 1718 725 est,
1729 698 1809 719 com-

1037 737 1228 771 memorabit,
1244 737 1407 765 secundum
1421 737 1547 764 litteram
1569 737 1720 772 Augustini
1733 737 1763 772 ¹¹,
1779 739 1810 764 ut

1037 791 1098 811 non
1113 783 1337 818 obliviscamur3
1354 783 1399 810 vel
1415 784 1552 818 suggeret
1566 783 1604 810 ab
1619 783 1745 817 occulto,
1762 791 1803 811 se-

1038 827 1169 855 cundum
1183 828 1325 855 Glossam.
1341 828 1397 855 Sed
1419 828 1558 864 quaeritur
1582 835 1673 864 quare
1687 827 1811 864 Spiritus

1037 876 1154 901 sanctus
1177 874 1282 902 dicitur
1305 874 1484 908 Paracletus,
1507 873 1539 901 id
1564 875 1606 901 est
1629 873 1810 908 advocatus,

1038 929 1105 948 cum
1117 921 1172 956 ipsi
1187 920 1260 948 Filio
1274 920 1331 948 hoc
1342 920 1550 956 approprietur
1560 921 1580 937 ¹²
1593 919 1810 948 :uAdvocatum

1036 966 1182 994 habemus
1201 967 1282 1002 apud
1305 969 1419 995 Patrem
1440 968 1537 994 lesum
1557 966 1724 994 Christum:
1746 966 1810 1002 ipse

1038 1015 1079 1040 est
1098 1013 1266 1048 propitiatio
1286 1021 1340 1049 pro
1364 1013 1489 1049 peccatis
1508 1012 1624 1040 nostris.
1651 1022 1664 1038 ι)
1687 1013 1762 1047 Ergo
1783 1011 1811 1040 ei

1037 1059 1222 1094 appropriari
1238 1059 1325 1087 debet
1340 1059 1489 1087 advocari.
1517 1060 1587 1086 Item
1607 1058 1733 1094 qualiter
1745 1057 1786 1086 ait
1801 1066 1808 1085 :

1037 1105 1156 1140 Spiritus
1171 1106 1272 1132 docebit
1286 1113 1331 1132 vos
1347 1107 1447 1139 omnia,
1463 1113 1531 1132 cum
1551 1104 1621 1132 Filio
1635 1103 1808 1140 approprie-

1037 1152 1084 1178 tur
1095 1158 1204 1179 nomcn
1219 1151 1486 1186 magisterii,supra
1498 1150 1662 1186 proximo¹³
1675 1158 1682 1176 :
1697 1157 1768 1185 ergo
1783 1151 1812 1178 et

1039 1197 1065 1224 ei
1085 1197 1173 1224 debet
1193 1197 1391 1232 appropriari,
1406 1197 1522 1224 docere.
1533 1197 1553 1213 ¹³
1569 1199 1631 1232 ipse
1647 1198 1689 1224 est
1705 1205 1720 1221 α
1732 1203 1810 1223 unus

1038 1242 1186 1277 magister.
1203 1253 1217 1268 »
1235 1244 1304 1270 item
1319 1243 1381 1279 ipse
1396 1245 1437 1270 est
1451 1243 1516 1278 ipsa
1529 1242 1648 1276 veritas,
1663 1249 1752 1277 supra
1761 1249 1810 1269 eo-

1039 1289 1107 1316 dcm
1121 1289 1149 1316 ¹⁵.
1165 1290 1239 1323 Ergo
1256 1291 1287 1316 ut
1307 1289 1398 1324 prius.
1421 1290 1453 1316 Et
1473 1288 1512 1316 ad
1531 1288 1609 1316 istud
1628 1287 1812 1324 responden-

1039 1335 1112 1362 dum
1133 1335 1296 1362 secundum
1322 1335 1515 1369 Augustinum
1531 1334 1563 1368 ¹⁶,
1584 1334 1667 1370 quod
1689 1334 1812 1362 Trinitas

1040 1381 1127 1408 docet
1141 1383 1168 1408 ct
1183 1380 1262 1414 dicit,
1279 1383 1306 1408 et
1322 1383 1419 1409 tamen
1440 1381 1497 1408 hoc
1511 1380 1679 1408 attribuitur
1693 1380 1814 1408 cuilibet

1039 1435 1173 1462 personae
1188 1428 1218 1455 iu
1230 1427 1389 1463 Scriptura,
1405 1427 1479 1455 sicut
1499 1427 1542 1454 ibi
1561 1427 1644 1463 ponit
1664 1426 1811 1463 exempla.

1038 1473 1189 1504 Similiter,
1216 1476 1248 1501 ut
1271 1474 1309 1501 ait
1327 1473 1443 1507 Glossa,
1470 1482 1484 1498 «
1507 1473 1654 1500 consolari
1675 1474 1718 1501 est
1737 1480 1813 1508 opus

1039 1520 1195 1553 Trinitatis;
1213 1522 1239 1546 ct
1255 1519 1324 1554 quia
1339 1519 1459 1546 nomine
1474 1519 1611 1547 bonitatis
1626 1518 1747 1554 Spiritus
1763 1518 1814 1546 de-

1040 1565 1190 1600 signatur,
1218 1567 1245 1592 et
1267 1573 1320 1600 per
1343 1565 1506 1593 honitatem
1530 1567 1604 1592 Deus
1627 1564 1813 1599 consolatur,

1040 1611 1108 1638 ideo
1124 1611 1241 1646 Spiritui
1266 1611 1442 1639 attribuitur.
1464 1610 1508 1638 Ad
1526 1610 1608 1638 aliud
1630 1610 1813 1646 responden-

1042 1656 1124 1690 dum,
1141 1657 1223 1692 quod
1239 1658 1281 1684 est
1296 1657 1452 1685 advocatio
1477 1658 1621 1692 quantum
1647 1656 1687 1684 ad
1710 1664 1813 1692 perso-

1041 1710 1131 1737 nam,
1158 1704 1185 1730 et
1211 1705 1355 1738 quantum
1377 1703 1416 1730 ad
1437 1702 1577 1730 officium.
1603 1702 1699 1730 Primo
1721 1702 1814 1731 modo

1043 1748 1179 1776 convenit
1202 1748 1295 1783 Filio,
1323 1749 1394 1784 quia
1417 1749 1563 1776 mediator
1588 1750 1650 1783 est;
1683 1748 1814 1776 secundo

1043 1796 1144 1829 modo,
1159 1795 1276 1831 Spiritui
1298 1797 1409 1830 sancto,
1426 1797 1546 1830 propter
1567 1794 1690 1823 consilia
1708 1784 1816 1823 010111-

1044 1842 1097 1869 cia.
1116 1843 1162 1869 Est
1177 1841 1256 1870 enim
1277 1841 1409 1869 officium
1428 1840 1564 1869 advocati
1586 1840 1736 1876 postulare
1755 1840 1816 1868 effi-

1044 1888 1158 1921 caciter,
1174 1887 1257 1923 quod
1267 1887 1335 1915 facit
1347 1887 1468 1923 Spiritus
1482 1888 1504 1904 ¹⁷
1516 1896 1543 1914 :a
1552 1887 1674 1923 Spiritus
1688 1886 1818 1923 postulat

1044 1942 1099 1969 pro
1114 1934 1209 1961 vobiS.
1226 1943 1239 1960 ›>
1255 1934 1325 1961 Item
1340 1933 1476 1961 advocati
1496 1935 1537 1961 est
1555 1932 1746 1968 respondere,
1767 1933 1817 1961 vel

1044 1980 1175 2008 resistere
1191 1989 1198 2008 z
1215 1980 1298 2016 quod
1319 1980 1387 2008 lacit
1401 1980 1522 2015 Spiritus
1536 1980 1556 1996 ¹⁸
1573 1988 1580 2007 ;
1602 1988 1616 2005 α
1629 1979 1722 2007 Nolite
1736 1978 1817 2015 cogi-

1045 2030 1106 2055 tare
1118 2027 1283 2063 quomodo,
1300 2029 1349 2055 aut
1365 2026 1438 2062 quid
1452 2026 1627 2062 loquamini.
1642 2035 1656 2052 »
1674 2027 1706 2053 Et
1719 2025 1817 2061 sequi-

1046 2076 1092 2101 tur
1108 2082 1115 2100 :
1133 2083 1147 2099 «
1161 2075 1224 2101 Non
1240 2073 1306 2101 estis
1322 2073 1374 2109 qui
1385 2072 1554 2108 loquimini,
1570 2071 1622 2100 sed
1636 2071 1759 2107 Spiritus
1770 2073 1819 2099 Pa-

1047 2120 1098 2147 tris
1119 2119 1221 2152 vestri,
1249 2129 1261 2144 >i
1281 2122 1335 2147 etc.
1365 2120 1435 2147 Item
1464 2118 1601 2146 advocati
1629 2120 1671 2146 est
1695 2125 1818 2152 arguere

1048 2167 1204 2195 adversam
1213 2168 1328 2203 partem
1342 2175 1348 2193 ε
1361 2168 1389 2194 ct
1399 2166 1455 2194 hoe
1470 2166 1539 2193 facit
1552 2165 1684 2200 Spiritus,
1697 2163 1773 2192 infra
1782 2165 1816 2191 ¹⁰:

1052 2224 1065 2240 «
1079 2214 1151 2241 Cum
1164 2213 1277 2241 venerit
1293 2212 1425 2248 SpirituS,
1442 2214 1544 2247 arguet
1557 2211 1715 2245 mundum,
1736 2220 1750 2237 ι)
1763 2212 1818 2238 etc.

1049 2261 1120 2287 ltem
1135 2259 1266 2288 officium
1285 2257 1420 2287 advocati
1442 2260 1483 2285 est
1505 2257 1624 2286 arrham
1639 2256 1688 2284 vel
1712 2256 1820 2292 pignus

1050 2314 1104 2342 pro
1125 2305 1291 2333 haeredibus
1313 2312 1440 2339 sumere,
1462 2305 1523 2332 sive
1545 2302 1749 2331 securitatem:
1766 2302 1820 2331 sed

1049 2352 1106 2380 hoc
1125 2352 1193 2380 tacit
1212 2351 1350 2387 Spiritus;
1373 2350 1556 2378 securitatem
1577 2351 1656 2378 enim
1676 2348 1736 2383 dat,
1757 2348 1818 2376 sive

1050 2397 1117 2426 facit
1127 2398 1147 2414 ²⁰
1162 2407 1169 2425 :
1187 2408 1201 2424 ιι
1215 2397 1297 2425 Dedit
1311 2397 1398 2426 nobis
1411 2397 1519 2433 pignus
1530 2396 1651 2432 Spiritus
1656 2415 1666 2430 ,
1686 2404 1700 2421 »
1710 2396 1763 2422 etc.
1779 2395 1818 2421 De

1051 2480 1094 2503 ubi
1108 2486 1175 2510 supi,
1190 2486 1216 2504 n.
1232 2480 1254 2502 2.
1268 2492 1298 2497 -
1313 2479 1335 2496 ¹²
1349 2479 1356 2502 1
1369 2479 1450 2507 loun„
1465 2484 1496 2508 11,
1512 2479 1534 2501 ¹.
1547 2489 1574 2495 —
1587 2476 1605 2492 ¹³
1619 2476 1692 2506 Sup.,
1706 2480 1764 2505 xm,
1780 2476 1817 2499 Η.

1054 2528 1080 2531 -
1100 2516 1116 2531 ¹⁴
1130 2514 1230 2543 inauli„
1245 2520 1327 2545 xxm,
1342 2515 1380 2537 10.
1395 2527 1426 2532 —
1442 2514 1461 2530 ¹⁵
1474 2514 1547 2542 Sup.,
1562 2512 1585 2535 6.
1602 2523 1632 2528 -
1647 2511 1667 2527 ¹⁸
1685 2511 1760 2541 Aug„
1776 2510 1820 2534 ubi

1053 2556 1109 2580 sup.
1124 2562 1153 2567 —
1171 2550 1188 2566 ¹⁷
1203 2550 1280 2578 Rom..
1296 2555 1356 2578 vul,
1372 2550 1410 2572 26.
1425 2560 1456 2566 —
1475 2549 1494 2562 ¹⁸
1509 2545 1609 2575 Mami..
1626 2552 1658 2575 x,
1675 2546 1718 2574 19,
1734 2547 1773 2569 20.
1790 2558 1817 2563 —

1055 2584 1072 2600 ¹⁹
1086 2585 1143 2614 inf„
1156 2590 1209 2614 xri,
1225 2586 1249 2608 8.
1263 2597 1294 2602 —
1310 2584 1331 2601 ²⁰
1343 2584 1361 2607 ll
1377 2584 1444 2611 Cor.¹
1459 2588 1484 2612 V,
1499 2583 1522 2605 5.

1084 2634 1116 2662 (a)
1134 2632 1194 2655 Coer.
1209 2632 1268 2656 edit.
1282 2638 1363 2656 suum.
1382 2644 1408 2648 -
1424 2630 1455 2661 (b)
1472 2631 1533 2654 Item
1547 2629 1629 2660 quasi.
