1987 3032
66 859 161 881 Miuistri

58 892 109 917 quid
134 891 161 911 si-

66 923 154 948 gnifica-

66 954 122 973 rent.

86 1878 162 1897 Homo.

755 230 958 263 EXPOSITIO
980 231 1020 262 IN
1042 232 1128 263 CAP.
1152 232 1190 263 ΙΙ.

176 299 207 326 in
218 299 426 327 testimonium.
451 298 507 326 Sed
521 297 658 333 quaeritur
675 306 682 324 :
707 305 798 333 quare
818 306 878 325 non
893 305 940 325 re—

176 345 283 372 velavit
296 345 360 372 aliis
372 344 611 372 recumbentibus
620 345 633 370 ⁴?
649 344 693 371 Ad
712 344 768 371 hoc
782 344 941 379 respondet

176 391 398 426 Chrysostomus
411 392 436 424 ¹,
460 390 541 425 quod
567 398 627 418 non
654 392 735 417 erant
755 390 940 423 sufficientes,

176 437 283 464 scilicet
305 436 571 471 comprehendere,
595 445 629 463 eo
650 436 731 471 quod
751 436 825 463 ebrii
849 437 940 469 erant,

178 482 326 509 utdictum
341 485 396 515 est;
410 482 435 508 ei
450 485 547 509 autem
557 482 710 516 revelavit,
723 482 831 509 scilicet
845 481 940 509 archi-

176 529 303 562 triclino,
336 529 387 564 qui
413 530 528 564 poterat
557 529 724 564 conspicere
755 531 782 556 et
807 528 938 563 judicare

175 576 260 602 recte.

210 622 275 648 9.Et
289 621 419 656 sequitur
429 622 591 649 secundum
604 631 610 649 ς
627 623 660 648 [ἐ
669 625 758 649 autem
768 623 876 656 ῃῑιειαυι·
880 624 889 647 t
903 623 944 648 vi-

174 675 247 701 num,
263 669 332 701 etc„
347 667 454 695 seilicet
467 667 576 695 sactum
590 677 625 695 ex
646 676 724 703 aqua
740 677 746 695 :
763 669 816 695 Nec
830 668 942 701 sciebat,

174 713 245 740 unde
260 717 336 746 esset,
352 713 460 741 scilicet
479 722 514 741 ex
529 722 588 749 qua
610 714 724 748 virtute,
740 714 779 741 ad
793 713 939 748 litteram‘3

177 761 300 787 Mtnz'stn'
321 762 408 786 autem
433 761 566 793 sciebant,
591 762 668 787 certa
697 760 884 795 experientia.
911 761 942 787 Et

175 805 235 833 haec
260 806 426 840 ignorantia
440 806 623 840 significabat
644 806 834 833 nescientiam
849 806 941 841 Syna-

175 859 274 886 gogae3
299 852 422 879 ministri
445 860 515 879 vcro
538 852 742 887 significabant
765 852 940 887 prophetas,

176 898 226 933 qui
249 898 406 926 hauserant
431 898 525 925 varias
549 898 703 925 sententias
726 899 760 933 (a)
787 898 942 933 propheta-

175 947 280 979 tarum,
297 945 333 972 de
346 945 453 980 quibus
464 945 493 972 in
506 946 611 973 Psalmo
622 946 632 960 ‘²
648 955 678 973 z«
688 945 853 973 Tenebrosa
864 953 943 980 aqua

176 992 206 1018 in
221 992 350 1019 nubibus
365 992 448 1019 aeris.
460 1002 472 1017 ι)
484 993 531 1019 Et³
548 1001 554 1019 :
573 992 734 1019 «Haurietis
747 999 849 1027 aquas.
862 1001 876 1017 »
886 991 943 1019 Tri-

176 1038 296 1065 clinium
324 1040 420 1065 autem
453 1038 559 1065 dieitur
591 1038 717 1066 Ecclesia
738 1040 859 1073 propter
887 1040 943 1064 tres

176 1084 294 1112 ordines
308 1085 381 1119 ejus,
397 1084 436 1112 ait
453 1086 533 1118 Hugo
552 1085 591 1119 (de
614 1084 737 1119 Anima),
755 1087 782 1111 et
795 1084 835 1111 sic
850 1084 943 1111 archi-

175 1130 305 1157 triclinus
319 1130 449 1158 Ecclesiae
462 1131 614 1166 praelatum
632 1131 774 1165 designat.

211 1178 253 1203 10.
271 1178 302 1203 Et
317 1177 447 1211 sequitur
468 1176 551 1204 tertia
565 1176 707 1212 particula
717 1197 725 1210 ,
739 1176 769 1203 in
785 1184 844 1211 qua
856 1177 940 1203 vocat

174 1231 326 1258 sponsum,
338 1223 445 1250 scilicet
456 1222 666 1250 architriclinus
676 1232 683 1257 ;
695 1224 791 1257 vocat,
807 1222 940 1257 inquam,

174 1269 214 1296 ad
237 1268 512 1303 congratulandum.
540 1269 621 1296 Unde
653 1268 785 1303 sequitur
814 1277 820 1294 :
853 1268 944 1294 Omnis

175 1316 260 1349 homo,
276 1317 329 1342 etc.
349 1315 405 1342 Sed
426 1315 566 1350 quteritur
582 1324 588 1341 :
607 1322 696 1350 quare
715 1314 831 1341 vocavit
851 1321 942 1349 spon-

175 1362 259 1388 sum‘?
274 1361 440 1396 Respondet
455 1361 705 1396 Chrysostomus³·,
723 1361 806 1396 quod
821 1368 882 1388 non
896 1368 944 1387 so-

175 1407 238 1434 lum
250 1408 301 1443 qui
316 1407 513 1440 ministrabat,
526 1407 578 1434 sed
593 1415 717 1442 sponsus
733 1409 759 1434 et
773 1407 942 1434 architricli-

176 1461 232 1480 nus
246 1454 374 1480 testaturi
391 1456 486 1480 erant:
502 1453 637 1487 ministri,
647 1453 778 1488 sicutqui
786 1453 943 1480 hauserant

176 1507 285 1534 aquam
292 1508 300 1533 ;
310 1499 362 1533 illi,
370 1499 626 1534 sicutprincipales
638 1500 665 1526 et
676 1499 816 1526 habentes
826 1507 943 1526 sensum

176 1545 295 1580 vigilem
307 1548 334 1572 et
344 1553 447 1572 sanum
460 1545 499 1572 ad
507 1545 743 1578 discernendum,
751 1545 893 1580 quoniam
904 1546 946 1572 vi—

176 1600 248 1619 num
267 1594 336 1625 erat,
360 1594 387 1618 et
410 1591 555 1627 optimum
579 1593 654 1624 erat,
670 1591 752 1626 quod
766 1592 875 1619 factum
893 1594 944 1619 est.

177 1640 209 1666 Et
223 1639 331 1673 allegat
350 1638 559 1665 architriclinus
580 1638 822 1666 consuetudinem
841 1638 877 1665 de
889 1639 946 1666 lar-

177 1686 262 1721 gitate
279 1684 439 1712 discubitus
450 1685 479 1711 in
493 1684 649 1720 principio,
667 1686 694 1711 et
708 1684 744 1711 de
758 1685 945 1719 providentia

177 1731 207 1758 in
221 1731 279 1758 fine
293 1731 469 1766 exponendo
484 1731 513 1757 in
524 1731 556 1765 (b)
569 1730 697 1757 bonum:
707 1730 799 1757 Omm's
812 1732 896 1764 homo,
913 1732 946 1758 ut

177 1778 282 1805 dicitur
295 1778 331 1804 ab
344 1777 524 1804 humanitate
539 1776 648 1803 scilicet
661 1786 667 1803 :
683 1777 773 1804 homo
786 1777 862 1804 enim
876 1785 944 1812 pro-

177 1824 240 1859 prie
251 1826 302 1857 est,
319 1824 370 1859 qui
385 1823 448 1850 aliis
461 1823 586 1858 proficit.
605 1824 635 1849 itt
651 1823 729 1850 enim
744 1823 783 1850 ait
797 1823 907 1850 Tullius
917 1824 943 1850 ³⁵:

179 1880 193 1895 «
215 1872 308 1897 Homo
329 1877 390 1896 non
410 1871 452 1896 est
475 1871 559 1896 natus
582 1869 637 1896 sibi
662 1869 824 1896 secundum
850 1869 943 1897 Plato-

176 1924 253 1943 nem.
275 1926 287 1940 »
308 1915 387 1942 L‘ndc
411 1915 515 1942 dicitur
532 1916 564 1942 ⁰:
586 1924 599 1940 «
627 1915 745 1942 Barbari
768 1916 947 1950 prcestabant

176 1970 236 1989 non
255 1961 403 1988 modicam
425 1961 636 1988 humanitatem
656 1972 668 1987 n
699 1961 786 1989 Paulo
809 1964 835 1989 et
859 1962 944 1989 sociis

175 2009 248 2042 ejus,
264 2007 332 2035 Ideo
349 2007 453 2034 dicitur
467 2007 514 2034 hic
531 2016 537 2033 ι
554 2008 646 2034 Omnis
662 2008 746 2041 homo,
763 2007 793 2035 id
808 2010 859 2042 est,
874 2016 942 2043 per-

174 2053 265 2081 fectus
276 2054 388 2087 vivens,
405 2055 437 2080 ut
451 2053 593 2080 habetur⁷
608 2063 613 2080 :
634 2064 646 2078 α
663 2053 809 2081 illuminat
824 2062 944 2082 omnem

173 2100 340 2127 hominem:
352 2110 364 2125 υ
377 2101 404 2127 et
415 2100 481 2127 talis
490 2100 584 2126 bonum
594 2101 686 2126 vinum
695 2102 781 2134 ponit,
791 2100 899 2128 scilicet
909 2108 944 2128 ex

173 2146 315 2181 largitate.
331 2146 387 2173 Sed
402 2146 472 2181 quia
485 2146 569 2173 multi
585 2146 772 2173 convivantes
784 2147 944 2174 abutuntur

173 2192 304 2227 largitate
319 2192 408 2227 patris
422 2192 558 2226 familias,
584 2192 651 2219 ideo
667 2192 798 2228 sequitur
815 2202 821 2220 z
837 2194 872 2220 Et
886 2202 944 2220 cum

173 2239 301 2265 inebriati
315 2239 430 2272 fuerint,
445 2238 553 2265 scilicet
568 2246 620 2265 suo
642 2238 712 2266 vitio
729 2248 735 2265 z
756 2239 790 2265 Id
808 2239 878 2273 quod
897 2239 943 2266 de-

174 2286 269 2318 terius,
285 2284 392 2311 scilicet
406 2285 498 2319 ponit,
515 2284 622 2312 scilicet
636 2285 666 2312 in
683 2285 857 2319 remedium,
874 2285 944 2321 quia

174 2330 324 2357 inebriatis
339 2329 450 2357 confert
463 2331 530 2366 plus
540 2330 636 2358 debile
651 2331 764 2365 vinum,
781 2331 828 2358 vel
842 2339 878 2358 ne
894 2331 944 2359 fiat

175 2376 363 2412 dispendium
378 2377 542 2412 etamplius
557 2378 782 2405 incommodum
795 2388 802 2405 z
818 2379 943 2414 perditio

175 2422 254 2449 enim
267 2425 309 2450 est
330 2425 358 2450 et
371 2423 536 2458 periculum
551 2424 621 2451 dare
640 2424 755 2452 bonum
772 2425 874 2452 vinum
897 2425 942 2453 in-

176 2468 302 2497 ebriatis.
317 2471 354 2496 Τιι
363 2472 461 2504 autem,
472 2469 580 2497 scilicet
591 2478 707 2506 sponse,
718 2473 830 2498 servasti
838 2472 943 2507 bonum,

208 2552 217 2568 ¹
231 2552 369 2584 Chrysost„
390 2554 432 2577 ubi
450 2561 516 2585 sup„
536 2562 561 2579 n.
578 2556 600 2579 2.
616 2568 646 2572 —
663 2556 673 2571 2
689 2555 756 2579 Psal.
775 2561 841 2586 xvu,
858 2557 896 2580 12.
912 2569 944 2574 —

179 2585 189 2601 ⁸
201 2587 261 2612 Im„
273 2594 319 2618 xii,
335 2590 358 2612 3.
370 2602 401 2607 —·
415 2590 425 2606 ⁴
439 2590 581 2620 Chrysost„
597 2591 638 2613 ubi
653 2598 720 2621 sup„
736 2598 761 2614 n.
778 2592 800 2614 3.
815 2604 844 2609 —
857 2592 865 2605 ⁵
880 2592 942 2621 Cic„

177 2621 207 2645 de
223 2622 305 2652 offic„
323 2623 366 2647 lib.
386 2625 409 2655 l,
424 2633 446 2649 c.
467 2632 518 2654 vn,
537 2627 572 2650 De
592 2626 680 2650 tribus.
697 2640 727 2644 —
746 2628 755 2639 ⁴²
769 2627 833 2657 Act„
848 2633 943 2658 xxviii,

178 2658 200 2680 1.
214 2669 244 2675 —
259 2658 266 2671 ⁷
281 2658 354 2689 Sup„
373 2665 391 2690 i,
407 2661 431 2684 9.
446 2673 477 2678 —
489 2661 500 2677 θ
513 2661 571 2685 Vid.
593 2662 648 2692 iub,
668 2661 759 2686 Cellae.
783 2668 821 2686 ΧΗ
839 2664 864 2686 et
882 2668 942 2687 xm.

1710 237 1767 266 287

1000 299 1199 326 continuando
1223 298 1395 333 largitatem.
1425 298 1525 327 Glossa
1550 306 1621 327 vero
1649 301 1769 336 exponit

999 345 1185 380 spiritualiter
1213 345 1250 372 de
1278 345 1398 372 homine
1429 345 1556 380 carnali,
1591 348 1618 373 et
1646 347 1683 374 de
1711 347 1768 375 hoc

999 391 1030 417 in
1056 391 1216 418 Collatione
1224 390 1243 419 ⁸.
1271 391 1376 424 Quaerit
1400 391 1621 427 Chrysostomus
1631 393 1651 427 ⁹,
1677 401 1768 428 quare

1000 444 1061 464 non
1076 437 1129 464 fuit
1143 438 1199 465 hoc
1214 438 1391 465 miraculum
1409 438 1571 465 revelatum
1586 438 1651 466 aliis
1666 439 1767 466 convi-

999 483 1147 517 vantibus3
1164 484 1244 517 item,
1258 492 1348 519 quare
1364 492 1425 511 non
1445 486 1578 512 narratur
1592 484 1639 512 hic
1655 485 1691 512 de
1708 494 1770 513 res-

1000 529 1142 564 ponsione
1153 530 1252 565 sponsi
1260 530 1297 557 ad
1306 530 1545 557 architriclinum.
1553 532 1585 558 Et
1593 531 1631 558 ad
1640 533 1769 566 prImum

999 576 1166 611 respondet,
1179 576 1261 611 quod
1276 576 1518 604 monstrationem
1531 579 1558 604 et
1571 577 1769 612 cognitionem

1000 620 1087 655 hujus
1097 622 1230 649 miraculi
1245 623 1371 650 servavit
1384 623 1512 650 Christus
1526 631 1619 658 usque
1630 623 1660 650 in
1670 623 1769 652 futuro

1000 668 1143 702 tempore,
1166 670 1231 703 post
1255 668 1438 703 reliquorum
1463 669 1615 703 signorum
1644 669 1769 697 demon-

1000 714 1169 740 strationem
1186 723 1192 741 :
1208 722 1243 741 ex
1261 715 1343 749 cujus
1363 715 1529 749 cognitione
1548 715 1667 750 regulus
1685 724 1770 751 roga-

1000 760 1041 786 vit
1055 760 1209 793 Christum,
1225 762 1257 787 ut
1270 762 1386 788 sanaret
1394 760 1500 795 filium,
1515 760 1590 789 infra
1608 762 1637 788 ¹0.
1652 762 1703 789 Alii
1719 770 1771 789 au-

1000 808 1057 834 tem
1078 806 1126 833 hic
1147 806 1337 833 convivantes
1357 814 1419 834 non
1439 807 1580 834 valebant
1600 808 1770 843 conspicere

1000 852 1186 886 miraculum,
1202 854 1233 879 ut
1247 852 1357 880 dictum
1373 855 1424 880 est.
1441 852 1578 888 Discipuli
1594 855 1692 881 autem
1703 862 1770 889 per-

1000 901 1149 934 ceperunt,
1164 899 1244 926 unde
1259 899 1288 926 in
1302 907 1369 926 eum
1383 899 1570 926 crediderunt
1585 908 1591 926 :
1611 901 1639 927 et
1652 908 1687 928 ex
1701 900 1769 934 hoc,

1000 945 1085 979 infra,
1101 945 1219 978 eodem,
1241 945 1410 972 crediderunt
1431 947 1460 972 τη
1479 953 1537 972 eum
1554 946 1685 981 discipuli
1703 947 1769 980 ejus.

1001 991 1041 1018 Ad
1053 991 1133 1018 aliud
1147 991 1565 1026 respondetChrysostomusss
1584 992 1665 1027 quod
1679 994 1772 1020 Evan-

1000 1038 1102 1072 gelista
1115 1038 1254 1065 festinans
1270 1038 1308 1065 ad
1322 1038 1475 1066 interiores
1494 1047 1551 1072 res,
1571 1040 1693 1074 tangens
1714 1039 1772 1067 hoc

1001 1084 1097 1111 solum
1113 1084 1291 1118 transcurrit,
1308 1084 1416 1112 scilicet
1436 1092 1496 1112 non
1512 1084 1551 1112 ad
1572 1085 1629 1112 hoc
1649 1093 1772 1120 respon-

1002 1129 1092 1156 dens:
1112 1131 1195 1165 quod
1208 1138 1278 1157 vero
1299 1130 1496 1158 necessarium
1517 1132 1592 1164 erat,
1611 1130 1668 1158 hoc
1693 1133 1771 1165 erat,

1002 1176 1099 1204 dicere
1114 1176 1222 1204 scilieet
1237 1177 1379 1212 quoniam
1400 1185 1510 1212 aquam
1526 1176 1592 1204 fecit
1615 1177 1729 1212 vinum,
1746 1181 1773 1205 et

1002 1222 1116 1250 bonum
1131 1223 1244 1250 vinum.
1254 1224 1390 1256 Quaerunt
1398 1223 1490 1258 aliqui
1502 1223 1564 1257 hic,
1577 1231 1613 1250 ex
1628 1232 1687 1259 quo
1699 1232 1773 1252 non-

1002 1269 1074 1295 nulli
1089 1269 1278 1296 convivantes
1290 1269 1320 1296 in
1332 1269 1377 1296 his
1390 1269 1499 1304 nuptiis
1513 1268 1630 1296 fuerunt
1645 1270 1730 1303 ebrii,
1743 1273 1774 1298 ut

1002 1315 1042 1342 ait
1056 1315 1289 1350 Chrysostomus,
1312 1316 1437 1351 qualiter
1456 1316 1543 1343 Filius
1565 1317 1613 1344 Dei
1633 1317 1686 1344 fuit
1705 1326 1773 1345 cum

1003 1361 1044 1388 eis
1062 1361 1093 1388 in
1107 1362 1254 1395 convivio,
1277 1370 1344 1389 cum
1366 1362 1478 1390 dicatur
1488 1363 1507 1379 ¹2
1526 1372 1532 1390 ε
1552 1363 1643 1390 «Noli
1666 1372 1727 1391 esse
1742 1364 1774 1391 in

1003 1407 1139 1434 convivio
1158 1409 1348 1443 potatorum?
1363 1409 1432 1436 ltem
1447 1408 1585 1444 quoeritur
1595 1412 1657 1436 tum
1673 1410 1771 1445 etiam,

1002 1461 1040 1481 an
1056 1454 1180 1481 ebrietas
1196 1462 1311 1489 semper
1321 1455 1357 1481 sit
1370 1457 1534 1490 peccatum,
1550 1455 1618 1482 etin
1628 1464 1687 1491 quo
1704 1464 1773 1483 casu

1003 1501 1045 1527 est
1063 1502 1227 1535 peccatum,
1249 1502 1275 1527 et
1289 1500 1318 1527 in
1334 1509 1393 1536 quo
1410 1501 1586 1529 excusabile.
1610 1504 1642 1529 Et
1656 1502 1694 1529 ad
1716 1502 1774 1538 pri-

1003 1554 1085 1573 mum
1100 1546 1351 1582 respondendum,
1372 1548 1404 1574 ut
1428 1555 1528 1582 supra,
1548 1548 1631 1583 quod
1646 1548 1774 1576 Christus

1003 1592 1141 1627 dignatus
1151 1594 1193 1620 est
1207 1593 1362 1620 comedere
1378 1601 1446 1620 cum
1462 1593 1501 1620 eis
1514 1596 1543 1621 et
1556 1594 1667 1628 bibere,
1682 1596 1714 1622 ut
1728 1603 1773 1623 sa-

1002 1641 1086 1666 naret
1100 1647 1160 1674 eos,
1177 1639 1348 1675 quoniam¹³
1366 1648 1448 1667 «non
1463 1642 1505 1667 est
1517 1648 1592 1675 opus
1607 1641 1773 1669 valentibus

1004 1685 1144 1712 medicus.
1162 1696 1174 1711 n
1191 1687 1223 1712 Et
1235 1686 1305 1721 quia
1319 1686 1350 1712 in
1363 1687 1440 1713 Cana
1450 1686 1573 1714 Galilaeae
1585 1689 1668 1715 erant
1681 1688 1774 1723 pisca-

1003 1732 1079 1758 tores
1095 1731 1266 1759 ethomines
1283 1732 1430 1766 rusticani,
1445 1732 1514 1759 ideo
1535 1733 1717 1760 credendum
1732 1736 1774 1761 est

1003 1785 1038 1805 eo
1051 1778 1146 1812 magis
1160 1778 1246 1805 fuisse
1266 1778 1364 1806 ebrios
1381 1787 1417 1806 ex
1436 1778 1629 1806 desuetudine
1648 1779 1772 1807 bibendi

1002 1823 1116 1858 vinum,
1128 1824 1175 1851 vel
1189 1833 1223 1852 ex
1233 1825 1472 1860 praecipitatione,
1488 1825 1535 1852 vel
1547 1833 1583 1852 ex
1593 1825 1771 1861 infirmitate,

1002 1870 1050 1897 vel
1062 1878 1098 1897 ex
1110 1870 1276 1905 ignorantia
1292 1871 1403 1898 virtutis
1422 1871 1495 1905 vini,
1514 1879 1605 1906 quam
1624 1880 1661 1899 ex
1674 1873 1771 1900 studio

1002 1916 1136 1945 bibendi.
1155 1917 1196 1944 Ad
1222 1917 1304 1944 aliud
1324 1919 1519 1954 respondetur
1548 1922 1772 1955 consequenter,

1003 1963 1085 1998 quod
1099 1963 1130 1990 in
1146 1963 1284 1991 ebrietate
1308 1966 1375 1991 sunt
1399 1966 1455 1992 tres
1477 1965 1605 2000 gradus,
1627 1967 1771 1994 sumendo

1003 2014 1068 2036 eam
1092 2009 1186 2044 large.
1220 2010 1315 2037 Prima
1341 2011 1419 2038 enim
1445 2011 1570 2040 ebrietas
1597 2013 1640 2039 est
1662 2012 1701 2040 ad
1726 2021 1772 2041 ra-

1002 2055 1088 2083 tionis
1106 2055 1265 2091 aliqualem
1289 2056 1555 2085 obnubilationem.
1580 2059 1713 2088 Secunda
1730 2062 1772 2088 est

1002 2102 1041 2129 ad
1056 2110 1236 2137 organorum
1251 2104 1277 2130 et
1293 2103 1390 2130 cordis
1405 2104 1645 2138 aggravationem
1667 2107 1694 2132 et
1713 2106 1771 2132 dis-

1002 2148 1208 2176 turbationem.
1224 2149 1316 2176 Tertia
1337 2151 1380 2176 est
1400 2149 1438 2176 ad
1459 2150 1581 2178 rationis
1603 2151 1771 2179 subversio-

1002 2202 1070 2222 nem
1087 2197 1113 2222 et
1126 2195 1328 2222 membrorum
1343 2198 1370 2222 et
1392 2203 1573 2230 organorum
1590 2196 1768 2232 ligationem.

1002 2241 1097 2268 Prima
1116 2240 1221 2268 dicitur
1244 2249 1305 2268 csse
1325 2241 1462 2276 venialis,
1483 2242 1538 2269 nisi
1561 2242 1634 2270 sorte
1657 2243 1770 2271 ratione

1002 2286 1224 2314 circumstantiae
1241 2295 1276 2314 ex
1291 2289 1372 2322 parte
1388 2295 1530 2323 personae,
1546 2288 1592 2316 vel
1605 2288 1705 2323 officii,
1724 2289 1771 2317 vel

1001 2332 1151 2368 temporis,
1167 2333 1240 2360 sicut
1260 2333 1290 2360 in
1310 2333 1510 2361 sacerdotibus
1532 2334 1678 2369 legalibus
1699 2337 1771 2363 tem-

1001 2386 1073 2414 pore
1084 2378 1127 2405 sui
1138 2379 1225 2406 officii
1237 2378 1267 2412 ¹⁶,
1279 2379 1330 2406 ubi
1343 2382 1373 2413 (c)
1386 2380 1558 2415 prohibetur
1569 2382 1771 2410 sacerdotibus

1000 2425 1104 2452 bibere
1130 2424 1232 2452 vinum
1256 2426 1387 2460 tempore
1409 2434 1469 2462 quo
1489 2427 1638 2456 debebant
1662 2429 1769 2457 intrare

1001 2520 1031 2525 ·-
1052 2509 1060 2521 ²*
1082 2507 1220 2538 Chrysost.,
1238 2508 1280 2531 ubi
1300 2515 1366 2540 snp.,
1387 2516 1413 2533 n.
1434 2512 1457 2533 2.
1476 2524 1506 2528 —
1524 2512 1543 2527 ¹⁸
1561 2511 1617 2541 inf„
1635 2518 1670 2542 iv,
1686 2513 1723 2536 47.
1740 2525 1769 2530 -

1003 2544 1022 2559 ¹¹
1037 2543 1177 2574 chrysost.¹
1194 2543 1236 2567 ubi
1251 2550 1318 2574 sup„
1333 2551 1359 2568 n.
1375 2546 1398 2568 3.
1413 2558 1444 2563 —
1458 2546 1476 2562 ¹²
1492 2547 1576 2577 Prov„
1593 2553 1671 2577 xxxii,
1688 2550 1725 2571 20.
1739 2561 1770 2565 -

1001 2578 1020 2593 ¹³
1035 2578 1186 2608 Mattlz.,1x,
1203 2580 1240 2602 12.
1256 2591 1286 2596 -·
1300 2579 1318 2595 ¹¹¹
1335 2580 1421 2610 Levit„
1440 2587 1466 2610 x,
1483 2583 1506 2606 9.

1032 2627 1064 2658 (a)
1079 2626 1139 2650 Coet.
1150 2626 1210 2651 eam.
1222 2626 1381 2652 scientias.—
1393 2628 1425 2658 (b)
1438 2629 1492 2654 Del.
1508 2630 1575 2654 in.—
1587 2631 1616 2660 (c)
1632 2630 1691 2655 Coee.
1707 2630 1768 2654 edit.

1003 2662 1058 2686 add.
1076 2668 1142 2686 cuni.

1787 1465 1820 1484 Au
1826 1464 1894 1484 ebrie-

1801 1496 1834 1515 tas
1852 1496 1880 1516 sit

1801 1532 1875 1551 pecca-

1789 1593 1883 1614 semper.

1812 1974 1866 1993 Tres

1800 2003 1880 2029 gradus

1786 2034 1808 2053 in
1822 2034 1891 2054 ebrie-

1786 2066 1837 2085 tate.
