1987 3032
75 862 164 883 Divisio.

195 204 234 231 24
739 205 952 238 EVANGELII
976 209 1116 242 SANCTl
1142 211 1252 243 LUCAE

194 266 288 296 venta
310 266 370 297 fuit
393 268 535 305 ovicula,
557 269 684 301 inventa
706 271 764 302 suit
787 275 817 302 et
845 273 965 312 perdita

193 319 361 358 drachma,
379 323 409 351 et
424 321 493 352 ideo
509 322 637 362 epulari
649 325 812 363 oportebat
836 330 865 355 et
889 335 966 364 ῃαιι-

193 370 284 410 clere,
302 372 392 411 quia,
409 373 489 404 sicut
504 384 600 414 supra
615 376 734 406 dictum
749 379 815 407 est¹
834 388 840 407 :
861 389 875 406 «
887 379 966 409 (iau-

194 422 284 453 dium
307 426 354 454 est
373 426 496 464 angelis
522 427 575 456 Dei
598 437 693 467 super
716 439 780 460 uno
805 433 965 469 peccatore

194 475 412 514 poenitentiam
429 480 559 516 agente;
577 490 590 507 »
610 481 765 518 gaudium
780 483 876 512 etiam
899 493 966 522 pas-

195 528 255 558 tori
270 528 308 559 de
321 538 392 566 ove,
406 531 561 569 gaudium
576 535 606 563 et
617 534 742 564 mulieri
754 535 791 565 de
803 536 963 567 drachma.

194 580 281 620 Ergo
296 582 396 613 multo
410 584 521 614 fortius
535 586 693 624 gaudium
709 587 800 618 debet
818 598 884 619 esse
904 590 966 620 sra-

194 634 234 665 tri
248 633 286 664 de
301 634 395 666 fratre
412 645 486 673 suo,
503 639 533 667 et
548 639 629 676 patri
645 639 682 669 de
704 640 769 671 tilio
788 642 964 673 reinvento.

419 757 594 791 CAPUT
629 760 734 794 XVI.

236 851 263 878 1.
281 849 413 880 Dicebat
425 854 532 881 autem
552 852 598 882 acl
611 853 781 893 dz'scapulos
800 864 889 893 suos,
906 860 965 887 etc.

194 899 267 931 Post
296 903 532 941 expressionem
558 905 728 944 impietatis
753 908 906 946 judaieae,
937 911 967 939 et

194 953 440 985 notificationem
456 957 579 995 pietatis
593 958 721 998 divinae,
737 961 967 992 subintroducit

193 1003 245 1033 hic
259 1003 465 1044 Evangelista
479 1009 784 1040 commendationem
796 1014 826 1041 et
840 1021 967 1051 persua-

194 1056 313 1086 sionem
334 1058 457 1096 pietatis
477 1060 639 1091 humanae‘.
662 1062 700 1092 Et
721 1063 873 1094 dividitur
894 1074 966 1104 pars

194 1109 252 1139 ista
267 1109 300 1139 in
315 1110 409 1148 duas,
426 1111 460 1141 in
479 1121 616 1151 quarum
636 1115 739 1153 prima
760 1117 967 1154 persuadetur

192 1161 268 1200 ipsis
295 1163 455 1203 discipulis
485 1174 540 1204 per
568 1166 681 1197 Christi
708 1168 910 1207 documenta,
936 1173 966 1201 ct

192 1223 249 1253 per
259 1216 403 1255 exempla
412 1218 602 1257 parabolica,
613 1220 710 1259 pietas
720 1221 862 1253 humana
870 1232 966 1262 quan-

193 1268 263 1297 tum
277 1268 315 1298 ad
329 1277 424 1308 opera
440 1272 629 1310 corporalia;
650 1273 682 1303 in
698 1276 846 1312 secunda,
863 1286 964 1315 quan-

193 1321 262 1349 tum
284 1321 323 1351 ad
343 1322 520 1361 spiritualia
535 1328 545 1343 ²
568 1335 574 1354 :
600 1326 645 1356 Et
664 1327 711 1356 ait
732 1327 775 1356 ad
797 1327 966 1368 cliscz'pulos

193 1382 276 1410 suos,
288 1375 346 1404 etc.
364 1374 439 1405 Pars
453 1376 556 1415 prima
569 1379 706 1409 continet
721 1388 860 1418 praesens
877 1382 965 1420 capi-

193 1425 310 1463 tulum,
326 1427 409 1465 quod
426 1428 459 1457 in
474 1430 538 1458 tres
553 1432 656 1468 partes
679 1431 905 1470 distinguitur:
932 1435 965 1464 in

195 1487 332 1517 quarum
347 1479 449 1518 prima
464 1482 652 1520 proponitur
667 1485 849 1523 exemplum
871 1496 964 1526 para-

195 1531 334 1561 bolicum
350 1532 473 1571 pietatis
491 1535 647 1573 providae3
665 1536 698 1566 in
720 1539 856 1569 secunda
878 1539 963 1570 elici-

196 1585 247 1613 tur
274 1584 500 1616 documentum
528 1588 650 1626 pietatis
675 1591 836 1629 perreetae,
864 1592 906 1622 ibi
927 1593 936 1609 ³
957 1604 963 1623 z

198 1637 268 1676 qu
289 1637 357 1667 dico
377 1638 480 1676 vobis,
501 1640 614 1679 facite,
631 1644 703 1679 etc.;
724 1643 756 1673 in
778 1645 867 1675 tertia
888 1647 963 1676 sub-

192 1691 302 1729 jungit
317 1692 499 1731 exemplum
518 1693 687 1732 impietatis
708 1697 847 1735 punitae,
869 1699 912 1728 ibi
928 1700 937 1716 ⁴
956 1712 963 1731 :

196 1744 299 1775 Homo
319 1744 453 1783 quidam
470 1750 539 1776 erat
556 1746 657 1785 clives,
677 1750 734 1779 etc.
756 1749 843 1781 Circa
857 1760 966 1783 exem-

196 1796 284 1835 plum
300 1796 401 1835 igitur
420 1798 544 1836 pietatis
564 1800 723 1839 providae,
743 1804 828 1841 quod
847 1814 965 1845 propo-

196 1849 284 1879 nitur
302 1850 384 1880 circa
406 1851 560 1889 villicum,
584 1853 637 1892 qui
659 1854 717 1884 suit
738 1856 776 1885 de
798 1856 888 1887 bonis
909 1859 964 1889 ‹lo-

197 1901 276 1931 mini
303 1902 350 1932 sui
372 1902 503 1941 largus,
530 1905 756 1936 attendendum
782 1909 865 1947 quod
890 1910 965 1941 illud

196 1954 313 1993 partim
324 1956 369 1984 est
378 1956 560 1995 exemplum
572 1966 768 1996 expressum,
780 1961 894 1999 partin]
907 1963 965 1993 dic-

198 2010 265 2038 tum
288 2008 529 2047 parabolicum:
556 2011 615 2040 nisi
640 2012 726 2042 enim
753 2018 833 2045 esset
857 2024 967 2045 exeni-

197 2059 285 2099 plum
296 2069 496 2100 expressum,
513 2071 578 2092 non
590 2064 779 2095 subderetur
789 2066 821 2096 in
838 2068 899 2098 sine
915 2078 967 2107 pa—

197 2113 330 2150 rabolae,
357 2114 441 2153 quod
473 2115 616 2146 laudavit
642 2118 799 2148 Dominus
824 2121 965 2151 villicum

198 2166 385 2205 iniquitatis,
402 2170 480 2206 quio
490 2168 666 2207 prudenter
680 2171 815 2209 fecisset,
831 2174 888 2202 etc.
906 2174 965 2203 Sed

197 2226 323 2256 rursuS‚
341 2219 401 2249 nisi
416 2222 496 2250 esset
510 2221 684 2259 parabolice
701 2223 831 2261 dictum,
848 2226 964 2256 sactum

198 2272 293 2301 tantae
318 2271 436 2302 fraudis
459 2272 536 2303 adeo
557 2274 775 2306 detestandum
800 2277 830 2306 in
855 2287 962 2309 exem-

196 2324 286 2363 plum
301 2324 480 2355 nullatenus
494 2335 513 2355 a
529 2326 661 2357 Domino
679 2330 810 2368 proponi
825 2330 962 2362 deberet.

197 2375 327 2415 Propter
345 2377 430 2415 quod
450 2380 572 2416 oportet
585 2380 768 2420 exemplum
786 2382 869 2412 istud
889 2393 963 2422 par-

196 2428 253 2458 tim
267 2429 307 2459 ad
322 2429 458 2460 litteram
473 2432 641 2470 prosequi,
664 2434 778 2472 partim
793 2435 887 2465 etiam
909 2445 964 2475 pa-

194 2481 345 2519 raholice3
370 2491 444 2513 cum
463 2483 578 2513 habeat
600 2485 754 2516 rationem
776 2489 912 2528 exempli
933 2491 963 2520 et

193 2534 366 2573 parabolae,
384 2535 464 2565 sicut
487 2538 518 2566 et
539 2536 615 2567 illud
636 2537 674 2567 de
696 2538 791 2570 divite
813 2541 958 2579 epulone.

225 2614 231 2629 ¹
247 2615 320 2644 sup,
339 2621 364 2638 v.
382 2616 419 2638 10.
436 2628 461 2631 -
485 2615 564 2645 21nr.‚
584 2621 652 2646 xvii,
669 2618 691 2641 1.
708 2630 737 2634 —
756 2618 764 2631 ³
782 2619 837 2647 lns.5
853 2627 876 2645 v.
893 2623 915 2645 9.
932 2634 960 2639 ·—

192 2649 199 2663 ⁴
215 2648 272 2678 tus„
291 2656 314 2673 v.
333 2650 411 2673 29.—
426 2651 434 2664 ὃ
451 2650 523 2680 lbid.‚
543 2658 568 2674 v.
590 2653 608 2674 1.
623 2664 652 2668 -—
670 2654 678 2666 ν
694 2653 725 2676 V.
741 2654 764 2677 2.
780 2666 810 2671 -—
826 2656 832 2668 'f
848 2656 877 2679 V.
894 2658 915 2679 3.
934 2670 958 2673 m

1024 276 1110 307 Istud
1133 279 1240 308 tamen
1268 278 1339 316 plus
1362 280 1447 308 tenet
1475 277 1629 308 rationem
1657 276 1790 316 parabo-

1023 328 1081 365 1ae,
1110 332 1139 359 et
1162 330 1238 360 illud
1261 331 1366 368 magis
1390 330 1544 360 rationem
1569 328 1707 368 exempli
1731 339 1737 358 :
1761 330 1792 359 et

1023 380 1092 411 ideo
1109 382 1212 420 magis
1233 382 1420 419 intelligitur
1439 382 1615 412 secundum
1638 382 1789 418 litteram3

1023 433 1107 464 istud
1137 437 1244 465 autem
1274 435 1389 474 partini
1419 435 1594 465 secundum
1628 434 1793 473 metapho-

1024 496 1107 524 ram,
1131 489 1247 527 partim
1271 489 1444 519 secundum
1469 489 1607 518 litteram
1631 491 1677 519 est
1700 487 1793 518 intel-

1022 539 1200 577 ligendum.
1217 541 1264 570 Ad
1279 541 1376 579 hujus
1392 541 1490 579 igitur
1503 540 1672 579 parabolici
1688 550 1794 572 exem-

1023 591 1066 630 pli
1092 592 1297 630 evidentiam,
1324 593 1549 623 attendendum
1571 593 1654 632 quod
1675 594 1793 632 aliquid

1024 646 1211 684 proponitur
1225 646 1258 675 in
1281 655 1318 675 eo
1338 646 1592 683 recogitandum,
1614 645 1733 685 aliquid
1748 654 1794 676 re-

1023 698 1210 736 futandum,
1241 699 1359 737 aliquid
1388 702 1424 729 ut
1450 698 1702 735 formidandum,
1736 698 1795 729 ali-

1024 750 1099 789 quid
1124 753 1159 781 ut
1185 751 1402 787 tolerandum,
1427 751 1546 790 aliquid
1570 753 1605 781 ut
1629 751 1795 790 providen-

1023 802 1116 841 dum,
1142 804 1261 843 aliquid
1287 807 1320 834 ut
1342 804 1548 841 imitandum,
1570 806 1601 834 et
1620 804 1740 843 aliquid
1760 806 1796 834 ut

1023 856 1322 886 commendandum.
1346 856 1558 895 Recogitanda
1587 865 1725 896 namque
1749 859 1796 887 est

1024 908 1117 946 origo
1127 909 1288 947 potestatis
1296 908 1458 946 humanae,
1470 910 1508 939 dc
1518 918 1581 948 qua
1594 909 1635 939 ibi
1646 910 1656 925 ⁵
1669 920 1674 939 :
1691 909 1795 940 Homo

1024 960 1157 1000 quz'dczm
1170 965 1239 991 erat
1251 961 1347 992 dives.
1366 961 1538 992 Refutanda
1552 964 1599 992 est
1613 962 1724 992 abusio
1740 971 1796 1001 po-

1024 1014 1144 1044 testatis
1158 1015 1353 1052 commissae,
1377 1024 1474 1054 quam
1495 1015 1635 1044 insinuat
1659 1015 1702 1044 ibi
1720 1025 1726 1044 z
1753 1014 1798 1046 Et

1024 1066 1211 1105 diffamatus
1226 1071 1271 1097 est
1285 1068 1375 1106 opud
1391 1068 1493 1098 illum.
1518 1067 1730 1098 Formidanda
1750 1069 1798 1098 est

1023 1120 1176 1150 diScussio
1199 1120 1357 1160 {equitatis
1383 1130 1530 1160 supernze
1552 1120 1590 1151 de
1612 1130 1676 1160 qua
1697 1120 1740 1150 ibi
1755 1121 1766 1136 ‘³
1788 1131 1795 1151 :

1030 1173 1158 1203 l'ococtt
1174 1173 1283 1209 illum,
1300 1177 1330 1203 et
1344 1174 1389 1203 ait
1404 1173 1460 1203 illi.
1477 1173 1651 1203 Toleranda
1671 1175 1717 1203 est
1735 1173 1798 1202 im-

1023 1225 1170 1263 perfectio
1186 1225 1355 1264 impietatis
1370 1226 1536 1262 humanae,
1551 1235 1648 1264 quam
1665 1225 1708 1255 ibi
1724 1225 1798 1255 insi-

1023 1278 1118 1307 nuat⁷
1140 1287 1146 1307 :
1165 1279 1216 1309 Ait
1241 1283 1347 1308 autem
1370 1279 1493 1309 villicus
1512 1279 1599 1310 intra
1622 1288 1664 1309 sc.
1686 1278 1798 1309 Provi-

1024 1329 1126 1359 denda
1153 1333 1198 1359 est
1226 1330 1368 1360 inventio
1398 1331 1497 1360 tidelis
1522 1331 1668 1361 amicitiae
1694 1331 1764 1360 ibi⁸
1788 1341 1795 1361 :

1024 1382 1099 1412 Scio
1113 1382 1193 1421 quid
1203 1383 1338 1421 faciam,
1352 1387 1386 1412 ut
1395 1392 1467 1413 cum
1479 1387 1604 1413 amotus
1614 1384 1720 1422 fuero,
1736 1385 1795 1414 etc.

1025 1434 1179 1465 Imitanda
1200 1437 1247 1465 cst
1267 1435 1420 1465 exhibitio
1442 1435 1580 1465 liberalis
1602 1435 1795 1473 clementiae,

1025 1486 1062 1516 de
1077 1496 1139 1525 qua
1155 1486 1197 1516 ibi
1210 1487 1220 1502 ⁹
1239 1497 1244 1516 z
1265 1487 1453 1518 Convocatis
1468 1488 1575 1526 imque
1589 1487 1724 1527 sz'nqzclz's
1742 1488 1797 1518 cle-

1026 1540 1186 1571 &itm-ibus.
1204 1540 1374 1570 Laudanda
1391 1540 1457 1570 sive
1480 1540 1730 1571 commendanda
1750 1543 1796 1571 est

1021 1592 1166 1623 discretio
1181 1592 1305 1631 sagacis
1322 1592 1527 1631 providentiae
1539 1616 1546 1629 ,
1564 1592 1602 1622 de
1616 1602 1682 1631 qua
1693 1593 1737 1622 ibi
1751 1594 1772 1612 ¹⁰
1787 1603 1794 1623 :

1023 1644 1180 1675 Louclaoit
1195 1645 1351 1675 Dominus
1365 1644 1508 1674 villicum
1524 1645 1713 1684 iniquitatis.

1063 1698 1169 1728 Primo
1191 1698 1292 1736 igitur
1313 1698 1345 1726 in
1365 1697 1422 1727 hac
1444 1697 1592 1736 parabola
1615 1698 1797 1729 insinuatur

1021 1751 1114 1788 origo
1129 1751 1293 1789 potestatis
1309 1751 1479 1780 mundanae
1497 1760 1514 1780 a
1529 1750 1691 1790 discipulis
1705 1760 1794 1782 reco-

1023 1804 1166 1841 gitanda,
1179 1813 1252 1833 cum
1262 1803 1352 1833 dicit:
1372 1804 1500 1834 Dicebat
1520 1808 1627 1834 (tutem
1639 1804 1724 1834 etad
1736 1804 1795 1835 dis-

1022 1857 1142 1896 cipulos
1156 1866 1238 1894 suos7
1253 1858 1309 1886 etc..
1329 1856 1449 1893 Quibus
1461 1856 1540 1886 dixit
1550 1866 1645 1895 supra
1656 1858 1675 1873 ¹¹
1689 1869 1694 1887 :
1710 1857 1792 1887 «Vo-

1023 1909 1069 1938 bis
1085 1909 1194 1939 datum
1209 1912 1256 1939 est
1271 1918 1361 1939 nosse
1378 1909 1567 1947 mysterium
1582 1909 1677 1947 regni
1692 1909 1756 1940 Dei.
1773 1921 1787 1938 »

1022 1960 1059 1990 Et
1080 1961 1111 1990 in
1125 1962 1248 1991 Joomze
1272 1962 1311 1998 (al
1325 1962 1344 1977 ¹²
1363 1972 1368 1991 :
1391 1961 1480 1991 «Vos
1501 1963 1608 1991 autem
1627 1961 1692 1991 dixi
1712 1962 1793 1992 ami-

1024 2023 1091 2051 COS,
1108 2015 1182 2054 quia
1199 2015 1307 2044 omnia
1324 2023 1536 2053 quercumque
1551 2015 1658 2046 audivi
1674 2024 1693 2044 a
1706 2017 1793 2054 patre

1022 2075 1109 2103 meo,
1136 2069 1211 2097 nota
1232 2067 1289 2097 feci
1313 2067 1414 2096 vobis.
1438 2078 1452 2093 »
1478 2066 1550 2097 Ideo
1571 2069 1678 2097 auten]
1703 2069 1733 2096 et
1754 2068 1792 2097 ad

1024 2119 1194 2158 discipulos
1218 2119 1352 2155 dicebat,
1376 2119 1449 2157 quia
1471 2118 1589 2149 Jndaeis
1613 2118 1789 2156 confutatis,

1023 2172 1068 2201 eis
1079 2172 1210 2202 debebat
1220 2173 1316 2211 pietas
1331 2172 1524 2211 persuaderi,
1539 2171 1576 2201 ad
1588 2180 1685 2210 quau]
1697 2172 1792 2202 vehe-

1023 2227 1146 2255 menter
1160 2225 1266 2255 incitat
1281 2225 1487 2255 consideratio
1503 2224 1639 2261 originis
1654 2226 1789 2263 potesta-

1022 2278 1060 2307 tis
1082 2280 1232 2315 terrenae,
1259 2278 1296 2307 de
1318 2287 1378 2316 qua
1403 2277 1476 2307 dicit
1499 2286 1506 2306 ι
1532 2277 1636 2307 Ilomo
1657 2276 1789 2316 quidam

1022 2335 1089 2360 erat
1105 2331 1205 2369 (lires,
1224 2331 1281 2370 qui
1293 2330 1427 2361 habebat
1446 2330 1596 2360 villicum.
1616 2329 1716 2359 llomo
1732 2330 1790 2360 iste

1020 2384 1150 2422 quidam
1179 2383 1367 2422 singularis,
1394 2385 1424 2413 ct
1451 2382 1657 2420 singulariter
1684 2382 1787 2419 dives,

1019 2438 1101 2466 recte
1119 2436 1306 2474 intelligitur
1331 2435 1425 2472 Deus,
1453 2434 1628 2464 secundum
1653 2433 1730 2464 illud
1746 2434 1785 2463 ¹¹:

1023 2500 1036 2517 «
1052 2488 1137 2519 Iden]
1160 2489 1310 2519 Dominus
1326 2489 1486 2525 oninium,
1503 2487 1591 2518 divos
1612 2487 1644 2516 in
1664 2495 1786 2524 omneS,

1018 2542 1073 2580 qui
1094 2542 1241 2572 invocant
1261 2541 1363 2571 illum.
1384 2552 1398 2568 »
1424 2540 1483 2571 Iste
1507 2540 1591 2570 solus
1613 2539 1711 2576 diveS,
1731 2539 1786 2578 qui

1018 2622 1026 2635 ⁸
1045 2622 1074 2645 V.
1089 2623 1111 2645 4.
1126 2635 1156 2639 —
1175 2624 1184 2636 θ
1201 2622 1230 2645 V.
1247 2623 1269 2644 5.
1288 2634 1312 2637 ψ
1337 2622 1352 2635 ¹·
1368 2622 1398 2645 V.
1412 2622 1434 2644 8.
1451 2633 1481 2637 -
1499 2621 1519 2636 ¹¹
1533 2621 1605 2649 sup„
1623 2624 1683 2648 vni,
1704 2620 1740 2642 10.
1755 2631 1784 2636 —

1018 2658 1035 2673 ¹³
1050 2657 1132 2687 doun„
1148 2663 1190 2687 xxv,
1210 2658 1245 2682 15.
1262 2670 1292 2674 —
1309 2657 1418 2686 ¹³1t0m.,
1436 2662 1462 2686 x,
1480 2657 1516 2679 12.
