1987 3032
60 1338 151 1358 Devotio

46 1369 73 1389 ud
86 1369 148 1388 Chri-

47 1402 103 1419 stum
129 1400 150 1419 in

45 1433 150 1456 quatuor.

741 243 944 275 EXPOSITIO
967 243 1007 274 IN
1030 243 1115 273 CAP.
1137 242 1173 273 X.

159 314 287 342 liberum
301 313 466 346 arbitrium,
481 312 554 339 sicut
566 312 744 346 jumentum,
760 311 800 338 ait
816 314 928 346 Augus-

160 362 236 389 tinus
252 371 258 387 :
275 363 302 388 et
316 360 388 387 sicut
403 359 565 395 aliquando
578 359 744 393 jumentum
759 359 853 392 cadit,
868 366 928 385 non

160 415 196 435 ex
217 406 388 442 impotentia
409 406 543 438 sessoris,
565 406 606 432 ita
625 405 753 432 liberum
775 405 929 432 arbitrium

161 454 238 481 cadit
251 474 259 486 ,
274 460 336 479 non
354 460 389 479 ex
403 451 517 479 defectu
533 452 631 486 gratiae
646 451 693 478 vel
710 451 757 479 Dei
772 453 928 486 protegen-

161 499 204 526 tis.
227 498 306 525 Unde
330 497 430 525 Glossa
456 507 461 524 :
487 498 601 532 «Major
625 505 690 524 sum
711 497 749 524 ad
773 499 930 532 protegen·

161 544 251 578 dum,
269 551 358 579 quam
374 543 417 570 illi
439 543 477 570 ad
492 543 751 579 impugnandum;
769 543 820 570 sed
837 544 879 569 est
895 550 929 569 ex

161 590 318 617 defectibili
335 590 475 617 labilitate
490 590 575 617 liberi
590 589 712 617 arbitrii.
727 599 739 614 »
755 591 763 605 ¹
777 600 789 615 (ι
802 588 929 616 Perditio

161 639 209 664 tua
225 636 331 669 Israel,
353 636 383 663 in
402 644 449 663 me
468 636 612 663 auxilium
627 638 719 663 tuum.
732 645 745 660 ι)
768 637 799 662 Et
818 635 840 662 si
856 634 930 669 obji-

161 682 252 710 ciatur
267 682 304 709 de
318 682 547 717 praedestinatis,
571 682 653 717 quod
668 689 728 708 non
744 683 808 708 sunt
824 680 930 708 confir-

160 728 230 756 mati
245 729 275 755 in
289 728 344 755 hac
359 728 417 755 vita
429 750 436 762 ,
461 731 488 755 et
502 728 541 755 ita
556 730 679 763 possunt
693 735 813 763 peccare
825 747 833 760 ,
854 728 881 753 et
902 726 931 752 in

160 777 280 810 peccato
300 782 485 810 perseverare
499 796 505 808 ,
529 777 557 801 et
580 775 619 801 ita
636 774 749 810 perire3
772 775 870 808 posset
894 772 932 799 ad

161 821 217 848 hoc
231 821 418 856 responderi,
442 821 607 856 quodlicet
631 820 729 847 nullus
748 820 784 847 de
805 819 931 855 praedes-

162 867 259 895 tinatis
280 869 380 902 pereat
398 867 542 900 finaliter,
567 875 628 894 non
649 869 692 894 est
711 867 767 893 hoc
787 865 826 893 ob
849 865 933 892 liberi

162 913 274 941 arbitrii
298 913 572 948 confirmationem,
599 913 651 940 sed
671 913 741 948 quia
760 914 832 939 Deus
859 911 933 944 iliis,

163 968 239 995 quos
263 960 349 994 elegit
359 981 367 994 ,
395 962 422 987 et
440 960 478 987 ad
497 960 587 987 vitam
613 958 831 995 praedestinavit
850 979 858 992 ,
882 957 933 984 da-

163 1006 244 1031 turus
270 1006 312 1031 est
339 1004 464 1039 gratiam
487 1004 621 1031 finaliter.
651 1003 728 1030 Infra
756 1004 766 1019 ‘³
783 1011 789 1029 :
816 1012 828 1027 t(
844 1003 934 1029 Nemo

163 1050 249 1085 periit
270 1050 325 1077 nisi
344 1050 421 1077 filius
442 1050 624 1085 perditionis.
639 1050 759 1082 »Quare
776 1057 846 1076 vero
864 1050 935 1075 Deus

163 1096 205 1123 sic
220 1096 366 1131 quosdam
387 1096 474 1131 elegit
494 1098 521 1123 et
540 1095 773 1131 praedcstinavit,
790 1094 937 1130 quosdam

163 1143 306 1178 praesciVit
329 1143 368 1170 ad
394 1145 519 1170 mortem
531 1163 540 1176 ,
565 1143 602 1170 de
635 1142 786 1170 altitudine
814 1150 936 1169 suorum

161 1189 342 1224 judiciorum
366 1191 417 1217 est.
438 1191 557 1224 Propter
581 1189 663 1224 quod
683 1189 790 1216 clamat
808 1190 935 1224 Aposto-

164 1235 209 1263 lus
231 1236 240 1252 ³
261 1245 267 1263 :
290 1245 303 1260 (ι
325 1237 346 1262 O
373 1235 496 1263 altitudo
526 1235 696 1262 divitiarum
726 1235 875 1270 sapientiae
910 1237 938 1262 et

165 1281 290 1309 scientiae
306 1282 370 1315 Dei,
391 1289 482 1317 quam
496 1281 807 1316 incomprehensibilia
824 1281 937 1315 judicia

166 1328 240 1362 ejus!
253 1338 267 1353 n
278 1327 288 1342 ⁶
302 1329 334 1355 Et
347 1330 425 1363 patet
439 1335 473 1355 ex
489 1327 571 1355 dicus
586 1326 714 1362 perfecta
733 1327 849 1354 devotio
866 1327 938 1354 sidc-

166 1374 239 1401 lium
253 1373 292 1401 ad
307 1374 449 1401 Christum
459 1395 468 1407 ,
490 1376 516 1400 et
531 1373 618 1400 etiam
637 1373 676 1401 ad
691 1382 777 1400 suum
797 1373 939 1400 vicarium

166 1420 195 1447 in
211 1422 350 1456 quatuor,
364 1428 492 1455 quorum
504 1420 634 1455 primum
648 1419 854 1447 obedientialis
869 1419 939 1446 sub-

163 1467 271 1501 jectio:
288 1466 369 1502 quod
390 1468 507 1493 notatur
522 1465 563 1492 ibi
581 1475 587 1493 :
606 1467 671 1493 Oves
686 1474 759 1493 meoe.
780 1466 847 1494 Ovis
862 1465 940 1492 enim

167 1515 208 1540 est
225 1522 239 1538 «
255 1512 343 1540 molle
358 1520 448 1548 pecus
463 1509 552 1546 la'nis,
578 1520 702 1547 corpore
725 1512 835 1540 inerme
846 1533 853 1545 ,
878 1511 940 1538 ani-

165 1567 215 1587 mo
230 1559 381 1595 placidum
392 1579 399 1591 ,
413 1559 457 1592 {ab
473 1559 606 1586 oblatione
623 1558 751 1592 dictum,
765 1569 778 1583 »
797 1558 836 1585 ait
849 1557 941 1585 Isido-

165 1607 244 1634 rus⁵.
260 1608 292 1633 Et
306 1614 342 1633 ex
356 1606 412 1633 hoc
427 1608 525 1642 patet,
543 1605 625 1641 quod
641 1614 711 1633 oves
723 1608 790 1633 sunt
804 1613 941 1632 mansue-

167 1656 202 1681 tae
214 1675 222 1687 ‚
253 1654 406 1687 innocuae,
435 1653 575 1688 placidae,
603 1655 630 1679 et
655 1654 712 1680 Deo
739 1652 921 1680 dedicabiles
932 1673 941 1686 ,

169 1700 273 1736 quales
289 1700 397 1727 debent
410 1707 470 1727 esse
486 1699 599 1726 fideles.
615 1701 647 1726 Et
661 1699 729 1726 ideo
745 1707 799 1734 per
815 1706 885 1726 oves
903 1698 940 1725 si-

168 1748 295 1781 gnantur
306 1747 316 1762 ⁶
331 1755 336 1773 :
353 1756 366 1771 «
377 1745 506 1773 Visitabo
522 1753 592 1772 oves
607 1753 698 1772 meas.
712 1755 725 1769 »
737 1746 769 1771 Et
783 1745 857 1771 sicut
871 1752 942 1771 oves

169 1793 263 1820 solent
278 1800 374 1820 errare
388 1813 396 1826 ,
412 1794 439 1819 ct
453 1791 581 1826 dispergi
597 1799 614 1818 a
629 1791 706 1826 lupis
717 1812 725 1825 ,
743 1791 864 1826 quando
880 1791 941 1818 sine

169 1839 312 1874 regimine
328 1839 399 1866 honi
418 1838 561 1873 pastoris,
579 1838 619 1864 sic
634 1845 670 1864 cx
685 1839 766 1872 parte
791 1837 843 1864 ista
867 1837 941 1864 dici-

171 1888 217 1912 tur
227 1886 237 1902 7
253 1894 259 1912 :
279 1894 292 1910 «
307 1885 398 1912 Eratis
413 1884 486 1911 sicut
499 1891 568 1911 oves
583 1885 726 1918 errantes,
744 1883 796 1910 sed
808 1883 941 1911 conversi

171 1932 239 1959 estis
253 1931 291 1959 ad
306 1933 454 1967 pastorem
478 1932 506 1957 et
521 1929 693 1965 episcopum
710 1929 876 1957 animarum
892 1937 942 1957 ve-

171 1981 306 2006 strarum.
322 1987 336 2002 n
354 1976 521 2005 Secundum
536 1978 593 2010 est,
618 1976 648 2002 in
671 1984 730 2011 quo
747 1978 869 2012 apparet
890 1975 942 2003 de-

172 2025 252 2052 votio
267 2023 402 2051 fidelium
413 2043 421 2056 ‚
437 2022 684 2050 documentorum
700 2022 796 2049 libens
811 2021 942 2055 auditio,

173 2070 256 2106 quod
269 2071 386 2097 notatur
400 2069 458 2096 ibi:
472 2070 565 2095 Vocem
579 2077 662 2095 meam
677 2069 812 2102 audiunt,
826 2069 941 2104 supra⁸z

178 2127 190 2142 ι(
204 2116 257 2150 Qui
270 2124 306 2144 ex
322 2118 379 2143 Deo
395 2117 450 2149 cst,
472 2114 565 2141 verba
581 2114 629 2141 Dei
645 2114 757 2142 audit.»
767 2116 798 2141 Et
811 2114 852 2141 ibi
868 2114 943 2141 bene

175 2163 211 2190 de
226 2163 292 2190 hoc.
308 2162 433 2189 Tertium
449 2163 490 2189 est
500 2160 530 2187 in
539 2160 679 2196 operibus
695 2160 722 2187 dt
733 2160 795 2188 bita
809 2160 942 2194 imitatio,

174 2209 257 2245 quod
270 2210 387 2236 notatur
401 2207 443 2235 ibi
457 2208 510 2234 :Et
520 2209 668 2241 sequuntur
679 2215 728 2234 me.
744 2216 757 2231 «
768 2206 855 2242 Sequi
866 2207 943 2234 enim

175 2259 218 2285 est
226 2257 343 2290 imitari,
354 2266 366 2282 u
377 2254 541 2283 secundum
551 2254 746 2289 Augustinum
754 2255 773 2281 ⁹.
784 2255 854 2281 Sunt
866 2255 944 2281 enim

175 2305 330 2339 sequentes
344 2302 448 2330 Filium
463 2301 512 2329 Dei
527 2308 580 2336 per
593 2300 694 2335 plana,
706 2301 778 2327 sicut
793 2302 859 2328 sunt
872 2300 945 2328 fide-

177 2350 219 2378 les
233 2348 439 2377 communiter.
460 2349 493 2375 Et
512 2349 580 2374 sunt
600 2349 755 2383 sequentes
775 2346 879 2374 Filium
898 2348 946 2375 Dei

177 2405 230 2432 per
244 2396 338 2424 ardua
351 2395 409 2423 sive
423 2395 579 2428 montana,
595 2393 668 2421 sicut
681 2393 838 2429 Apostolus
853 2395 879 2421 et
892 2393 945 2420 viri

210 2475 215 2490 Ι
237 2474 300 2503 Osa,
321 2478 388 2502 xi11,
408 2472 428 2494 ἱ).
450 2483 479 2487 -
497 2470 507 2486 ²
528 2469 584 2499 Ins„
604 2475 671 2499 xvii,
692 2471 727 2493 12.
748 2482 778 2486 —
793 2469 802 2485 ³
818 2470 895 2499 Rom„
911 2476 947 2500 xi,

179 2511 216 2534 33.
232 2522 263 2526 —
281 2510 288 2522 ⁴
305 2508 361 2532 Vid.
385 2507 431 2530 hac
451 2506 481 2529 de
500 2512 527 2529 re
548 2506 627 2535 Seni„
646 2505 689 2529 lib.
715 2506 737 2535 I,
754 2505 810 2529 dist.
831 2511 876 2535 XL,
894 2505 947 2536 huj.

180 2544 239 2568 edit.
258 2546 322 2568 tom.
347 2543 382 2573 II,
405 2549 462 2572 pag.
483 2542 511 2564 89
536 2542 561 2564 ct
584 2547 637 2570 seq.
659 2553 684 2558 -
708 2542 717 2557 ⁵
741 2541 809 2569 isid„
828 2540 948 2571 Etymol„

181 2579 296 2606 1ih.X11.
310 2586 333 2602 c.
350 2584 368 2602 ι.
384 2590 415 2595 —-
432 2580 440 2591 ⁸
457 2575 557 2602 Ezech..
574 2581 662 2604 xxxiv,
679 2577 716 2600 12.
731 2588 762 2592 —
775 2576 785 2592 ‘¹
803 2576 808 2599 Ι
825 2576 904 2605 Petra,
919 2581 948 2606 11,

181 2616 221 2639 25.
235 2627 265 2632 ·—
280 2613 291 2630 ⁸
302 2614 374 2644 Sup„
388 2619 445 2643 vui,
460 2613 498 2635 ¹17.
514 2624 543 2628 ——
555 2612 565 2627 ⁹
578 2613 654 2642 Aug,
669 2611 700 2634 de
714 2612 799 2635 Sancl.
820 2611 949 2642 Virqim't.,

182 2657 204 2674 c.
218 2655 299 2673 xxvu.
316 2661 346 2666 —
365 2649 386 2666 ¹⁰
402 2649 431 2672 III
449 2648 517 2678 Κεφ,
532 2652 610 2676 xvllI,
629 2648 667 2670 21.
687 2660 713 2664 --
733 2647 749 2663 ¹¹
768 2647 840 2677 thid„
857 2653 909 2677 Χιν,
926 2648 949 2670 8.

182 2698 211 2703 -
226 2685 246 2701 ¹¹
262 2684 316 2714 lob,
336 2689 416 2714 xxiii,
438 2686 475 2707 11.
494 2695 524 2700 —
546 2682 565 2698 ¹²
585 2683 658 2713 Snp.‚
673 2688 733 2712 vin,
752 2684 787 2706 12.
804 2695 831 2700 —
850 2682 869 2698 ἱ*
884 2683 950 2711 Luc.,

1693 250 1750 278 403

983 310 1143 346 apostolici.
1167 311 1263 337 Primo
1289 310 1379 338 modo
1403 312 1444 338 est
1465 312 1548 347 sequi
1572 313 1722 348 tripliciter

983 357 1029 383 vel
1048 364 1100 392 per
1120 357 1210 384 fidem
1234 357 1264 384 in
1289 357 1451 391 intellectu,
1477 358 1555 385 unde
1578 359 1682 386 dicitur
1703 360 1721 375 ¹⁰
1745 370 1749 375 ·

986 413 999 427 «
1014 404 1169 439 Usquequo
1191 404 1361 431 claudicatis
1376 405 1406 431 in
1422 405 1496 432 duas
1513 407 1633 440 partes?
1649 406 1676 433 Si
1697 407 1752 433 Do-

984 449 1080 476 minus
1095 449 1156 484 ipse
1177 452 1219 476 est
1234 452 1321 484 DeuS,
1343 451 1500 486 sequimini
1517 459 1600 485 eum,
1614 463 1626 475 n
1645 452 1753 479 scilicet

984 498 1059 522 recte
1075 495 1234 523 credendo.
1252 498 1322 524 Item
1337 498 1378 524 est
1388 496 1471 532 sequi
1486 498 1576 524 Deum
1590 506 1643 533 per
1659 498 1752 525 chari-

985 543 1071 568 tatem
1088 542 1193 569 affeetu
1209 544 1225 559 ¹¹
1241 552 1247 569 :
1268 545 1353 570 «Non
1367 543 1444 571 fuisti
1460 544 1533 571 sicut
1552 552 1651 571 servus
1671 552 1754 571 meus

986 587 1077 615 David
1088 609 1097 621 ,
1112 588 1161 623 qui
1187 591 1301 616 secutus
1317 592 1358 616 est
1373 598 1420 617 me
1436 590 1466 617 in
1480 592 1541 617 toto
1556 590 1644 617 corde
1659 598 1722 617 suo.
1740 601 1753 616 »

986 634 1055 660 Item
1077 636 1117 661 cst
1136 635 1219 670 sequi
1241 635 1345 662 Filium
1366 636 1412 663 Dei
1435 644 1487 671 per
1504 636 1703 664 obedientiam
1727 637 1756 663 in

986 679 1088 707 effectu
1104 680 1124 696 ’Ξ
1142 689 1148 707 ;
1162 691 1175 706 «
1189 681 1313 716 vestigia
1328 683 1390 716 ejus
1404 685 1519 710 secutus
1535 686 1575 710 est
1590 691 1641 718 pes
1657 691 1754 717 meus,

986 726 1065 752 viam
1081 726 1143 760 ejus
1159 727 1337 755 custodiens¹
1353 739 1364 753 n
1385 729 1431 755 His
1453 729 1550 756 modis
1565 729 1673 756 debent
1691 737 1755 756 om-

987 780 1038 799 nes
1052 773 1136 808 sequi
1152 773 1296 801 Christum
1311 783 1317 800 t
1334 775 1403 810 quia
1419 775 1492 802 tides
1503 777 1621 810 aspectu
1637 776 1670 810 (a)
1688 776 1757 803 diri-

987 819 1028 853 git
1043 821 1070 845 et
1088 818 1252 853 illuminat,
1268 820 1393 848 charitas
1408 821 1544 848 affectum
1568 822 1651 849 trahit
1668 825 1695 849 et
1710 830 1757 850 or-

989 865 1080 899 dinat,
1096 865 1215 893 effectus
1229 867 1289 893 sive
1306 875 1380 902 opus
1394 867 1523 902 deducit,
1541 869 1601 896 sive
1618 869 1756 903 extendit,

989 913 1016 939 et
1030 912 1185 939 confirmat
1201 921 1207 939 ε
1224 913 1264 939 sic
1286 915 1383 940 autem
1403 915 1594 949 sequentibus
1615 915 1665 942 dat
1687 916 1759 942 Deus

989 958 1079 985 vitam
1094 960 1243 986 aeternam.
1267 960 1297 986 Et
1312 959 1342 986 in
1356 959 1412 987 hoc
1431 960 1543 995 praemii
1564 961 1739 995 magnitudo
1751 983 1759 996 ,

991 1004 1165 1038 multitudo,
1182 1005 1341 1040 certitudo,
1357 1007 1500 1034 aeternitas
1517 1007 1577 1034 sive
1593 1007 1758 1035 indefectio.

991 1051 1083 1086 Supra
1095 1050 1133 1077 ¹³:
1148 1052 1223 1084 «Qui
1239 1052 1371 1087 sequitur
1384 1061 1442 1087 me,
1454 1061 1515 1080 non
1531 1053 1664 1081 ambulat
1678 1054 1708 1080 in
1723 1056 1762 1081 te-

990 1097 1105 1130 nebriS,
1122 1097 1174 1124 sed
1190 1097 1311 1125 habebit
1325 1098 1426 1126 lumen
1440 1099 1514 1127 vitae.
1530 1110 1541 1125 n
1561 1101 1592 1127 Et
1611 1103 1643 1127 ut
1656 1108 1762 1135 perve-

991 1143 1073 1170 niant
1091 1143 1130 1170 ad
1151 1143 1260 1179 vitam,
1281 1145 1421 1172 Dominus
1441 1146 1527 1172 Filius
1546 1146 1595 1173 Dei
1614 1147 1740 1174 custodit
1756 1156 1762 1174 :

992 1189 1028 1216 de
1044 1190 1126 1224 cujus
1141 1198 1232 1217 manu
1246 1199 1334 1218 nemo
1358 1194 1452 1227 potest
1470 1200 1592 1228 rapere,
1613 1196 1700 1229 prout
1719 1194 1763 1220 di-

993 1236 1067 1263 citur
1082 1236 1138 1262 hic.
1156 1238 1187 1263 Et
1202 1237 1219 1252 ¹²
1239 1246 1244 1263 :
1265 1239 1361 1264 «Cum
1384 1238 1464 1266 fortis
1484 1241 1614 1266 armatus
1638 1240 1766 1267 custodit

994 1283 1116 1310 domuin
1139 1285 1166 1309 ct
1181 1291 1265 1317 vasa,
1290 1284 1388 1311 nullus
1410 1284 1527 1320 diripiet
1551 1286 1607 1312 nisi
1625 1286 1766 1321 alligave-

994 1329 1043 1363 rit,
1058 1331 1134 1356 nete.
1152 1331 1184 1356 Et
1210 1330 1238 1356 in
1257 1330 1314 1357 hoc
1337 1332 1416 1365 patet
1435 1331 1537 1359 insana
1559 1332 1674 1360 fatuitas
1697 1341 1764 1368 pec-

995 1375 1134 1409 cantium,
1144 1376 1194 1411 qui
1206 1384 1212 1402 ε
1221 1384 1234 1403 e
1244 1376 1425 1412 praecipitant
1433 1377 1469 1404 de
1478 1380 1538 1405 tam
1546 1386 1649 1406 secura
1658 1379 1692 1414 (b)
1701 1388 1765 1407 cus-

996 1422 1093 1456 todia,
1107 1424 1134 1449 et
1149 1422 1185 1448 de
1197 1422 1246 1449 tali
1262 1430 1362 1450 manu.
1381 1426 1433 1451 Ista
1449 1424 1529 1451 enim
1544 1433 1650 1453 manns
1665 1427 1766 1454 omnia

996 1469 1124 1496 efficiens
1133 1468 1152 1485 ’ὅ
1163 1478 1169 1495 2
1182 1470 1302 1496 «Manus
1312 1478 1384 1497 meae
1393 1471 1586 1500 extenderunt
1598 1473 1629 1507 (c)
1642 1473 1740 1500 coelos
1752 1484 1763 1499 »

997 1517 1065 1543 Item
1082 1517 1124 1542 est
1138 1515 1190 1543 ista
1205 1524 1310 1543 manus
1326 1517 1426 1544 omnia
1441 1517 1585 1553 largiens,
1602 1521 1634 1546 ut
1649 1520 1687 1547 ait
1702 1521 1767 1547 Pro-

996 1561 1084 1596 pheta
1100 1562 1119 1578 ¹⁶
1137 1571 1143 1588 ε
1162 1573 1174 1586 «
1191 1563 1290 1598 Aperis
1306 1565 1336 1590 tu
1350 1571 1472 1591 manum
1489 1566 1588 1599 tuam,
1612 1567 1640 1592 et
1663 1565 1768 1601 imples

997 1616 1084 1635 omne
1106 1609 1214 1636 animal
1238 1609 1482 1637 benedictione.»
1501 1612 1532 1638 Ut
1548 1612 1627 1639 enim
1642 1612 1682 1639 ait
1702 1614 1768 1640 Ber-

998 1655 1108 1682 nardus
1123 1656 1141 1671 ¹7
1155 1664 1161 1682 :
1177 1656 1313 1691 «Duplex
1329 1665 1434 1684 manus
1451 1658 1510 1692 Dei,
1524 1658 1632 1686 scilicet
1643 1659 1768 1687 latitudo

999 1703 1026 1728 et
1040 1701 1190 1728 fortitudo.
1217 1701 1312 1730 Prima
1328 1702 1428 1730 tribuit
1448 1704 1621 1740 affluentem
1639 1706 1769 1733 secunda

998 1747 1123 1782 protegit
1137 1749 1302 1783 potenter.»
1315 1750 1384 1776 Item
1400 1749 1454 1777 ista
1468 1758 1573 1778 manus
1587 1752 1713 1779 custodit
1727 1761 1769 1780 se-

999 1802 1066 1821 cure
1082 1796 1107 1821 et
1122 1794 1263 1829 valenter,
1278 1797 1422 1830 quantum
1438 1799 1479 1823 est
1494 1804 1511 1823 a
1523 1799 1604 1832 parte
1616 1806 1684 1833 sua,
1698 1799 1768 1834 quia

998 1848 1058 1867 non
1074 1842 1115 1867 est
1129 1840 1180 1876 qui
1195 1841 1228 1867 de
1244 1848 1278 1868 ea
1292 1841 1402 1876 rapiat,
1418 1844 1449 1869 ut
1464 1843 1503 1869 ait
1518 1843 1605 1871 Isaias
1616 1844 1636 1860 ¹⁸
1654 1854 1660 1871 :
1680 1854 1692 1870 «
1707 1847 1769 1872 Non

999 1887 1100 1922 estqui
1115 1887 1152 1914 dc
1166 1895 1256 1915 manu
1266 1896 1332 1915 mea
1344 1891 1435 1916 eruat.
1449 1899 1461 1915 ›>
1473 1891 1504 1917 Et
1515 1889 1552 1917 ¹⁹:
1571 1891 1652 1918 «Sub
1664 1892 1770 1919 umbra

1000 1942 1103 1961 manus
1119 1942 1178 1961 suoe
1191 1935 1319 1969 protexit
1334 1943 1390 1962 me.
1405 1945 1417 1960 »
1436 1937 1506 1963 Item
1521 1936 1576 1964 ista
1590 1945 1695 1964 manus
1717 1938 1770 1966 do-

1000 1984 1042 2009 cet
1057 1983 1084 2009 et
1099 1981 1443 2016 dirigitinenarrabiliter
1453 1984 1473 1999 '2⁰
1487 1993 1512 2010 :«
1523 1985 1640 2012 Docebo
1650 1993 1704 2012 vos
1719 1994 1771 2021 per

1000 2036 1121 2055 manum
1138 2029 1195 2056 Dei.
1211 2039 1223 2054 ν)
1241 2030 1261 2045 2¹
1281 2031 1376 2057 «Ecce
1391 2038 1496 2057 manus
1511 2030 1600 2058 missa
1615 2031 1654 2058 ad
1668 2040 1726 2065 me,
1742 2033 1771 2059 in

1001 2083 1060 2109 qua
1081 2074 1156 2102 liber
1178 2075 1365 2103 involutus.»
1388 2077 1457 2103 Item
1477 2076 1530 2103 ista
1552 2085 1658 2105 manus
1680 2078 1772 2106 salvat

1000 2122 1176 2156 perenniter,
1193 2122 1266 2149 sicut
1281 2124 1344 2149 orat
1360 2123 1503 2157 Propheta
1514 2122 1534 2137 ²²
1552 2133 1582 2149 :a
1593 2124 1654 2152 Fiat
1666 2133 1772 2152 manus

1001 2169 1050 2194 tua
1064 2169 1095 2194 ut
1109 2167 1202 2195 salvet
1216 2176 1272 2195 me.
1290 2179 1302 2194 »
1319 2169 1351 2195 Ut
1362 2168 1408 2195 isti
1423 2169 1555 2204 quinque
1571 2173 1651 2198 actus
1666 2179 1772 2207 appro-

1001 2214 1133 2249 prientur
1154 2215 1238 2249 quasi
1260 2215 1392 2250 quinque
1417 2215 1533 2250 digitis,
1558 2216 1624 2244 licet
1639 2217 1773 2248 dicantur

1002 2262 1058 2288 tres
1074 2260 1156 2296 digiti
1180 2269 1285 2288 manus
1302 2261 1350 2289 Dei
1365 2260 1386 2278 ²³
1401 2271 1407 2288 ;
1423 2274 1435 2286 «
1450 2262 1503 2295 Qui
1519 2263 1660 2298 appendit
1681 2264 1773 2292 trihus

1002 2306 1100 2342 digitis
1115 2307 1226 2334 molem
1242 2310 1323 2334 terrae
1336 2328 1345 2341 ‚
1357 2318 1369 2332 η
1392 2309 1445 2334 etc.
1465 2318 1478 2333 «
1493 2310 1545 2335 Per
1567 2300 1714 2344 quos'tres
1729 2311 1773 2338 di-

1002 2353 1077 2388 gitos
1092 2353 1222 2389 potentia
1244 2353 1311 2387 Dei,
1333 2356 1360 2380 et
1375 2354 1535 2389 sapientia,
1556 2358 1584 2383 et
1598 2356 1714 2384 bonitas
1734 2358 1773 2384 si-

1003 2401 1146 2433 guantum
1162 2407 1215 2435 per
1230 2407 1352 2427 manum
1367 2401 1464 2427 autem
1485 2401 1533 2428 Dei
1549 2401 1610 2437 ipse
1631 2403 1721 2430 Filius
1739 2404 1776 2431 si-

1004 2470 1040 2495 xt,
1064 2467 1106 2494 21,
1132 2466 1169 2491 22.
1193 2465 1277 2495 quoad
1298 2472 1410 2489 sensum,
1431 2478 1462 2482 —
1482 2466 1501 2482 ¹⁸
1524 2467 1583 2496 isa„
1604 2473 1662 2497 XLV,
1688 2471 1724 2492 12.
1746 2483 1775 2487 -

1005 2502 1024 2516 ¹⁶
1039 2501 1106 2524 Paul.
1128 2506 1212 2530 (λων,
1235 2503 1270 2524 16,
1286 2514 1316 2517 -
1336 2501 1355 2517 ¹⁷
1377 2502 1462 2532 Rern„
1484 2502 1509 2525 in
1530 2503 1613 2533 Cant„
1633 2511 1709 2527 serm.
1730 2510 1775 2534 vu,

1005 2542 1031 2559 n.
1051 2538 1069 2559 1.
1084 2549 1110 2552 -—
1125 2535 1144 2551 ¹⁸
1160 2536 1218 2564 lm„
1233 2541 1310 2566 xiim,
1328 2539 1350 2559 3.
1366 2550 1390 2553 -
1410 2538 1426 2550 ¹⁹
1439 2537 1514 2567 1bi‹1.‚
1530 2544 1600 2568 xmx,
1613 2541 1676 2562 2.—
1689 2540 1708 2555 ²⁰
1721 2539 1775 2569 Job,

1006 2577 1091 2600 xxvii,
1110 2573 1145 2594 11.
1161 2584 1191 2587 —
1206 2571 1222 2586 ²¹
1240 2571 1339 2600 Ezech„
1356 2578 1393 2602 11,
1410 2573 1432 2595 9,
1447 2585 1475 2589 -
1492 2573 1512 2588 ‘³²'
1528 2573 1706 2604 Psul.cxv:11‚
1723 2576 1775 2598 1:3¹1.

1006 2619 1036 2623 —
1049 2606 1070 2621 ²³
1085 2607 1144 2634 Im„
1160 2612 1203 2635 xL,
1221 2608 1258 2629 12.

1040 2650 1071 2677 (a)
1101 2648 1156 2678 Leq.
1192 2649 1322 2678 aspectum
1334 2665 1341 2678 ,
1369 2649 1408 2671 vel
1437 2650 1527 2672 melius
1557 2650 1721 2674 intellectum.
1750 2664 1774 2668 —-

1009 2682 1043 2713 (h)
1061 2683 1122 2706 Cret.
1138 2682 1198 2706 eme.
1212 2683 1344 2707 securi.—
1361 2683 1390 2713 (c)
1410 2683 1481 2714 Vulq.
1498 2685 1668 2709 tetenderunt.

1743 323 1749 341 :
1768 319 1832 345 sequi
1840 320 1872 339 est

1776 351 1864 375 tripiici-

1744 382 1749 387 ‘
1776 383 1816 401 ter.
