1987 3032
198 197 257 227 480

200 264 241 288 est
254 261 429 296 iniquitatis,
448 269 508 296 quo
522 263 675 297 peecatum
691 260 840 294 diligitur¹
857 269 864 286 :
882 269 894 284 ιι
910 260 966 286 1.ae-

199 308 295 334 tantur
310 315 378 334 cum
395 307 470 334 male
489 307 626 340 fecerint,
647 308 673 333 ct
689 306 819 333 exultant
835 306 863 333 in
879 305 967 332 rebus

200 353 334 388 pessimis
346 363 353 387 ;
366 355 416 380 »et
428 354 438 369 '²
455 363 460 380 :
478 364 490 378 κ
504 355 535 380 Et
550 355 679 380 extrema
694 351 796 387 gaudii
812 352 906 379 luctus
921 359 968 378 oc<

200 401 296 434 cnpat.
311 409 324 425 »
344 401 375 426 Et
389 401 430 426 est
444 398 601 433 gaudium,
618 406 678 433 quo
693 401 807 425 terrena
821 400 966 431 amantur,

200 452 289 480 supra
309 445 446 480 proximo
462 446 472 461 ³
493 453 499 470 :
514 454 526 469 «
542 444 664 471 Mundus
686 444 846 479 gaudebit;
860 453 872 468 ιι
892 446 918 470 et
933 443 942 459 ¹*
960 452 966 470 :

203 501 216 515 α
225 491 357 518 Gaudent
367 490 405 517 ad
418 490 544 517 sonitum
559 490 695 525 organi.»
707 492 738 517 Et
750 492 791 517 est
805 489 947 524 gaudium
959 509 968 522 ‚

201 544 260 571 quo
273 536 383 570 justitia
399 536 529 570 diligitur
541 536 550 552 ⁵
568 545 574 563 :
592 546 604 560 α
620 538 676 563 Cor
692 535 774 570 quod
790 535 870 562 novit
887 543 967 562 ama-

200 581 358 608 ritudinem
374 582 478 608 animae
493 590 568 616 suae,
585 581 615 608 in
631 581 741 616 gaudio
761 581 823 615 cjus
838 588 898 608 non
917 580 970 607 mi—

200 627 327 654 scebitur
353 629 517 654 extraneus.
535 637 548 653 ιι
568 626 738 655 Amaritudo
760 627 865 653 animae
886 627 969 660 justae

200 674 242 699 est
259 673 393 700 contritio
409 673 445 700 de
460 673 587 708 peccatis
605 682 610 699 :
630 684 642 698 a
654 673 798 701 Gaudium
815 672 914 699 euim⁶
929 674 971 698 est

197 719 275 753 justo
299 718 395 746 facere
414 719 568 754 judicium.
585 730 598 745 ι)
617 721 646 748 Et
662 721 703 746 est
717 718 860 753 gaudium
882 718 971 745 felici-

201 765 265 791 tatis
276 786 283 799 ,
297 765 378 800 quod
395 765 448 792 erit
461 765 596 800 plenum,
612 773 701 800 supra
717 765 854 800 proximo
869 765 878 781 ⁷
893 773 899 790 ;
915 775 927 789 u
940 765 972 791 L't

201 810 344 845 gaudium
363 812 492 838 vestrum
507 811 630 846 plenum
652 810 722 838 sit.»
738 812 769 837 Et
784 810 888 837 merito
910 810 971 845 ple-

201 864 273 884 num
288 865 305 884 a
318 860 400 892 parte
415 857 539 892 objecti,
557 857 626 892 quia
642 859 714 884 Deus
725 877 733 890 ‚
756 857 808 892 qui
827 859 869 883 est
884 864 971 884 omne

202 902 333 937 bonum,
348 903 507 930 videbitur.
524 905 593 930 ltem
609 911 625 930 a
639 905 721 938 parte
736 902 819 930 modi
835 902 971 936 videndi,

203 950 274 985 quia
286 949 434 977 videbitur
448 950 520 977 facie
535 950 573 977 ad
588 950 708 983 saniem,
728 951 755 977 et
773 949 929 984 tenebitur,
946 952 973 977 et

204 1004 238 1023 eo
253 997 353 1024 anima
362 996 493 1032 plenarie
503 996 623 1023 fruetur.
639 998 707 1023 Item
721 1004 738 1023 a
752 998 833 1031 parte
849 996 973 1030 subjecti

204 1042 329 1069 videntis
339 1063 348 1076 ‚
374 1042 445 1077 quia
469 1042 522 1069 erit
538 1042 675 1073 vliberum
704 1041 742 1069 ab
771 1042 852 1068 omni
880 1041 973 1077 impe-

205 1088 312 1116 diente.
330 1088 406 1115 Etde
419 1088 464 1114 his
479 1088 619 1115 omnibus
634 1089 644 1103 ⁸
662 1097 668 1114 τ
682 1097 694 1113 «
706 1089 778 1114 (jum
793 1088 972 1123 apparuerit,

205 1135 314 1162 similes
327 1135 353 1161 ei
368 1134 476 1161 erimus
487 1154 496 1168 ‚
512 1134 654 1169 quoniam
669 1133 838 1160 videbimus
853 1142 921 1160 eum
936 1134 973 1160 si-

205 1180 263 1207 cuti
287 1182 339 1207 est.
366 1182 397 1207 Et
417 1180 427 1195 ⁹
448 1189 454 1206 :
472 1179 623 1206 videbitur
642 1190 655 1205 t(
669 1179 742 1207 facie
765 1179 804 1206 ad
828 1180 942 1206 faciem.
959 1190 971 1205 n

206 1226 273 1253 idco
287 1227 306 1242 ²⁰
323 1235 328 1252 :
344 1236 357 1252 «
368 1227 445 1253 Intra
458 1226 488 1253 in
507 1226 648 1260 gaudium
664 1225 778 1253 Domini
794 1226 845 1252 tui.
862 1236 874 1251 »
893 1228 924 1253 Et
938 1226 974 1253 de

206 1273 262 1300 hoc
283 1273 459 1300 sufficienter
474 1273 638 1300 Bernartius
653 1273 672 1289 ¹¹
690 1281 696 1300 :
715 1282 727 1298 ι(
741 1272 894 1300 Plenitudo
905 1294 913 1307 ‚
933 1273 976 1300 in-

207 1320 286 1355 quit,
298 1328 388 1355 quam
404 1321 590 1355 expectamus
604 1327 620 1346 a
636 1321 693 1346 Deo
703 1340 711 1353 ,
726 1326 787 1346 non
802 1318 855 1345 erit
869 1319 924 1345 nisi
939 1319 975 1346 de

209 1367 276 1393 Deo.
290 1376 304 1391 »
324 1367 356 1393 Et
374 1366 506 1400 sequitur
521 1374 528 1392 ι
546 1375 558 1390 «
572 1366 624 1397 Qui
638 1366 719 1399 replet
735 1367 764 1391 z'n
781 1365 855 1391 bonis
874 1365 976 1391 deside·

207 1415 277 1439 rium
287 1412 306 1429 ¹⁶²
318 1412 432 1446 animae,
444 1413 505 1448 ipse
519 1412 625 1440 rat10ni
641 1411 754 1438 futurus
767 1414 808 1438 est
823 1411 975 1447 plenitudo

207 1459 280 1486 lucis
297 1468 303 1486 :
320 1459 382 1494 ipse
396 1458 540 1486 voluntati
553 1458 709 1485 multitudo
723 1457 804 1492 pacis
820 1466 826 1484 :
844 1457 905 1492 ipse
918 1466 977 1484 me-

208 1505 308 1532 moriae
325 1504 504 1532 continuatio
518 1503 693 1530 aeternitatis.
705 1514 717 1527 u
738 1504 799 1529 llaec
816 1503 880 1537 ille,
894 1505 921 1530 ct
935 1503 976 1530 ibi

208 1550 335 1577 multum
359 1550 396 1577 de
415 1549 482 1576 hoc.
504 1551 582 1576 Tunc
604 1548 682 1576 enim
706 1548 875 1583 implebitur
903 1549 977 1576 illud

209 1596 359 1632 Prophetae
381 1597 402 1612 ¹³
427 1605 433 1622 :
461 1606 473 1621 «
494 1595 684 1631 Replebimur
708 1595 738 1621 in
761 1594 848 1621 bonis
872 1594 978 1621 domus

210 1644 275 1668 tuae.
292 1651 306 1667 ι)

248 1690 289 1715 15.
306 1689 338 1715 Et
353 1687 484 1722 sequitur
504 1686 662 1722 particula,
678 1686 709 1713 in
724 1694 784 1721 qua
798 1686 893 1713 forma
908 1686 978 1721 peti-

211 1734 310 1768 tionis,
327 1734 369 1760 ibi
385 1741 391 1760 :
409 1734 468 1761 Non
482 1741 544 1767 roqo
566 1735 594 1759 ut
610 1733 688 1759 tollas
704 1740 746 1759 eos
763 1732 794 1758 cie
809 1732 926 1765 mundo,
944 1731 978 1758 li-

211 1783 254 1808 eet
268 1779 398 1807 mundus
412 1779 494 1807 odiat
508 1787 558 1806 eos
568 1800 574 1812 ,
591 1786 662 1806 nam
677 1780 704 1805 et
717 1779 784 1805 sunt
802 1778 958 1805 necessarii
969 1799 978 1812 ,

211 1828 242 1853 ut
256 1826 296 1853 ait
313 1825 414 1853 Glossa
430 1833 436 1851 :
452 1825 504 1852 Sed
521 1828 550 1851 ut
565 1832 650 1851 serves
670 1832 711 1851 eos
732 1833 748 1850 α
769 1825 856 1856 malo,
872 1823 981 1851 scilicet

211 1871 316 1898 mundi
331 1892 340 1905 ,
364 1870 446 1906 quod
469 1872 510 1897 est
531 1869 768 1905 concupiscentia
783 1870 803 1886 ¹³·
823 1879 829 1896 ι
853 1879 867 1894 «
887 1871 979 1897 Omne

212 1918 294 1952 quod
308 1920 349 1944 est
361 1918 391 1943 in
404 1916 533 1950 mundo,
549 1918 599 1943 aut
613 1918 654 1943 est
668 1915 906 1951 concupiscentia
920 1923 980 1942 car-

212 1964 289 1997 nis,»
303 1965 355 1990 etc.
370 1963 414 1990 Sic
430 1963 508 1990 enim
521 1963 621 1990 docuit
635 1963 742 1990 electos
757 1970 842 1990 orare
855 1963 876 1978 ¹5
892 1971 898 1989 :
913 1972 927 1987 «
938 1962 981 1989 Li-

212 2010 283 2037 bera
298 2018 352 2037 nos
368 2018 385 2037 a
401 2009 491 2036 malo.
506 2019 518 2034 »

248 2057 291 2082 iti.
300 2057 331 2082 Et
339 2055 443 2090 repetit
451 2054 533 2090 quod
541 2054 638 2090 prius:
652 2054 792 2081 Demundo
802 2061 853 2081 non
859 2057 920 2080 sunt
933 2054 980 2088 (a),

212 2101 321 2128 scilicet
331 2109 431 2128 amore
439 2099 610 2127 habitando.
625 2101 655 2126 ln
668 2099 780 2126 mundo
794 2099 871 2126 enim
881 2107 980 2126 aman-

214 2148 252 2175 do
259 2147 424 2175 habitamus
433 2146 596 2174 secundum
603 2145 835 2180 Augustinum1⁵‚
846 2153 936 2180 supra
946 2145 979 2172 ¹⁷:

216 2204 229 2218 «
245 2195 303 2228 Ego
323 2201 385 2220 non
399 2200 464 2219 sum
484 2192 521 2219 de
540 2191 670 2224 mundo,
686 2202 698 2217 »
718 2193 749 2218 ut
762 2193 804 2218 est
824 2199 913 2226 supra
929 2199 980 2218 ex-

213 2240 352 2275 positum.

251 2287 294 2312 17.
302 2285 406 2312 Etideo
418 2293 424 2312 :
437 2285 581 2317 Sancttfica
590 2291 631 2310 eos
638 2285 667 2310 in
675 2285 799 2316 veritate,
807 2283 882 2309 sicut
890 2282 981 2309 conti-

214 2331 403 2358 nuatGlossa.
413 2330 505 2365 Super
520 2329 602 2365 quod
617 2329 742 2365 opponit
754 2328 930 2363 Augustinus
940 2327 960 2344 ¹⁸
974 2337 980 2354 :

247 2401 352 2429 1Ρι·οιν,,
372 2407 402 2430 ιι,
420 2402 455 2423 14.
474 2413 504 2417 —
520 2398 619 2429 ²¹1bid.‚
636 2405 693 2428 xm,
709 2400 748 2422 123.
763 2412 792 2416 -
810 2399 819 2414 ³
836 2399 909 2428 Sup.,
928 2403 982 2428 xw,

215 2438 253 2460 20.
271 2448 300 2453 -
317 2436 324 2449 ⁴
338 2435 390 2462 Job,
410 2441 468 2464 xm,
486 2436 521 2457 12.
536 2447 566 2451 —-
583 2435 593 2450 ⁶
608 2436 689 2463 prov„
706 2439 759 2462 MV,
778 2436 813 2457 10.
830 2446 860 2450 —
874 2434 883 2446 ⁶
899 2432 982 2462 Ριόιι.,

215 2477 272 2501 xxi,
293 2472 328 2493 15.
346 2483 376 2487 —
399 2469 496 2499 ⁷sup„
519 2475 575 2499 xvi,
597 2470 634 2492 22.
655 2481 685 2485 —
704 2468 714 2483 Β
734 2469 840 2497 idom„
856 2474 898 2497 111,
915 2468 937 2490 2.
953 2479 982 2484 —

215 2507 223 2520 θ
243 2507 249 2529 l
269 2506 336 2534 Cora,
350 2509 407 2534 xiii,
426 2506 461 2527 12.
478 2517 503 2520 »-
522 2505 540 2519 ¹⁰
559 2503 658 2532 Matar,
677 2509 737 2532 xxv,
754 2505 793 2526 21.
811 2515 839 2519 -
863 2503 879 2518 ¹¹
896 2502 982 2531 Rern„

214 2548 288 2571 super·
309 2540 390 2568 Cant.,
414 2545 489 2562 serm.
511 2545 550 2567 xi,
569 2546 594 2561 11.
613 2540 634 2561 ui.
654 2551 680 2554 —
706 2538 725 2554 ¹2
749 2537 816 2560 Psal.
841 2542 888 2563 εΗ,
913 2538 935 2560 5.
953 2549 983 2553 -

218 2577 234 2590 ¹³
246 2575 314 2600 psal.
331 2580 400 2604 inv,
416 2575 438 2597 5.
453 2586 484 2590 —
498 2573 516 2588 ¹⁴
536 2574 541 2596 l
555 2574 682 2602 Joa71.,11‚
700 2575 736 2596 16.
751 2586 782 2590 —
798 2573 817 2589 ¹⁵
833 2571 933 2602 illaleh„
948 2576 982 2601 vi,

220 2613 254 2634 13.
268 2623 297 2628 —
317 2610 335 2625 ¹⁶
350 2611 422 2639 Aug,
443 2609 469 2631 in
484 2608 562 2636 Jotzn.¹
585 2611 656 2631 tract.
677 2614 708 2637 ιι,
727 2615 752 2631 ιι.
772 2610 810 2631 11.
826 2620 856 2624 —
871 2607 889 2622 ¹⁷
911 2607 983 2636 sup„

719 193 926 225 EVANGELH
951 193 1089 225 SANCTl
1111 194 1275 226 JOANNIS

1026 270 1039 284 «
1049 260 1142 292 Quaeri
1157 281 1165 294 ,
1192 261 1287 296 inquit
1300 282 1308 295 ‚
1336 263 1430 296 potest
1444 283 1453 296 ‚
1483 264 1637 298 quomodo
1664 265 1727 300 Jam
1752 265 1790 294 de

1023 305 1136 333 mundo
1144 314 1204 334 non
1217 308 1312 341 erant,
1324 307 1347 334 si
1362 308 1531 336 sanctificati
1543 309 1573 337 in
1583 311 1703 338 veritate
1717 318 1792 339 non-

1024 350 1096 378 dum
1111 351 1213 379 erant?
1235 355 1284 380 aut
1305 353 1328 380 si
1349 353 1412 387 jam
1427 359 1525 389 erant,
1547 364 1598 383 cur
1615 359 1736 391 poseat,
1760 358 1792 384 ut

1023 397 1079 424 sint
1095 397 1263 425 sanctificati
1274 398 1287 424 ‘i
1302 408 1314 423 »ι
1328 400 1359 426 Et
1373 400 1412 427 ad
1426 400 1503 428 istud
1518 402 1692 437 respondet,
1709 403 1792 438 quod

1026 453 1039 468 u
1055 443 1224 470 sanctificati
1251 444 1281 471 in
1306 444 1410 472 eadem
1436 447 1594 482 proficiunt
1621 448 1771 476 sanctitate
1781 468 1790 484 ‚

1023 489 1155 524 fiuntque
1169 490 1336 517 sanctiores.
1350 501 1362 515 n
1382 493 1444 518 Haec
1459 492 1517 520 ille.
1541 495 1587 521 Est
1601 502 1671 528 ergo
1686 494 1793 522 sancti-

1025 534 1104 561 ficari
1125 535 1298 570 dupliciter;
1317 537 1363 563 vel
1381 544 1398 564 a
1420 537 1499 565 malo
1520 538 1675 574 incipiente
1699 540 1793 574 gratia

1025 580 1172 615 purificari
1186 601 1193 613 ‚
1209 581 1256 608 vel
1271 581 1301 608 in
1316 582 1376 617 ipsa
1395 583 1487 617 gratia
1499 584 1665 619 perficiente
1680 585 1791 621 perfici.

1027 628 1057 653 Et
1071 626 1111 653 sic
1126 627 1257 662 loquitur
1271 627 1318 655 hic
1332 628 1351 644 ¹⁹
1366 637 1372 655 ι
1389 639 1402 653 «
1418 629 1471 661 Qui
1488 632 1605 657 sanctus
1619 633 1671 662 est,
1686 631 1793 658 sancti-

1027 672 1128 699 ficetur
1135 672 1242 700 adhuc.
1257 683 1269 698 »
1281 675 1313 700 Et
1323 673 1360 701 de
1374 674 1471 702 hocin
1486 675 1646 704 collatione
1661 676 1692 704 ²⁰.
1704 677 1794 704 Sermo

1027 720 1125 745 autem
1148 722 1208 745 tuus
1228 721 1327 746 veritas
1348 723 1400 754 est,
1425 721 1456 747 id
1476 723 1517 748 est
1541 722 1666 749 verbum
1688 724 1794 750 tuum:

1031 774 1043 789 α
1055 766 1136 792 Patcr
1151 765 1230 792 enim
1241 766 1401 794 sanctificat
1421 766 1451 793 in
1468 767 1563 795 Verbo
1575 776 1629 795 suo
1644 768 1795 804 unigenito

1026 811 1156 838 haeredes
1171 819 1239 838 suos
1251 832 1258 844 ,
1274 812 1396 847 ejusque
1414 813 1445 847 (b)
1462 813 1630 842 cohaeredes
1642 835 1649 847 ,
1658 824 1672 840 ιι
1685 815 1726 842 ait
1739 818 1795 843 Au-

1027 857 1159 891 gustinus
1172 857 1204 884 ²¹¹.
1220 858 1313 892 Supra
1325 857 1346 872 ⁴³²
1359 867 1366 885 :
1383 859 1504 886 «Mundi
1521 860 1587 887 estis
1606 863 1726 896 propter
1735 869 1796 889 ser-

1028 911 1148 930 monem
1163 911 1272 931 meum.
1290 913 1303 929 »

1067 952 1108 976 18.
1125 951 1155 976 Et
1169 949 1300 985 sequitur
1315 950 1415 978 debita
1431 951 1598 985 congruitas
1617 952 1796 980 exaudiendi

1030 997 1209 1024 orationem:
1221 998 1295 1024 Sicut
1307 1001 1336 1024 tu
1347 1006 1386 1025 me
1398 999 1509 1032 misisti,
1523 1000 1576 1025 etc.
1590 998 1678 1034 Sicut,
1693 999 1723 1026 id
1736 1001 1797 1033 est,

1030 1042 1099 1078 quia
1111 1064 1119 1076 ,
1136 1043 1174 1070 ait
1192 1043 1302 1077 mosset,
1318 1052 1369 1077 me,
1384 1044 1517 1079 inquam,
1533 1046 1645 1078 misisti,
1660 1047 1691 1072 ut
1705 1053 1798 1072 essem

1029 1089 1174 1116 mediator
1186 1091 1213 1116 et
1227 1089 1359 1117 Ecclesiae
1375 1092 1474 1125 caput,
1485 1090 1527 1117 illi
1539 1093 1635 1118 autem
1652 1091 1796 1118 membra.

1030 1135 1109 1162 Unde
1125 1136 1153 1161 et
1167 1142 1275 1162 nomen
1291 1136 1479 1169 Apostolorum
1494 1144 1621 1170 graecum
1637 1138 1693 1170 est,
1711 1138 1738 1164 et
1753 1137 1797 1164 ni-

1029 1180 1070 1207 hil
1084 1180 1140 1208 nisi
1154 1182 1246 1208 missos
1267 1181 1412 1215 significat
1427 1182 1514 1209 latine
1525 1203 1534 1215 ,
1551 1184 1582 1209 ut
1599 1182 1639 1209 ait
1661 1183 1797 1217 Augusti-

1029 1234 1085 1253 nus
1101 1228 1156 1253 ²³.²'·
1165 1236 1179 1251 «
1188 1227 1265 1254 Sicut
1275 1235 1321 1253 me
1332 1227 1407 1254 misit
1419 1229 1510 1261 Pater,
1522 1230 1549 1255 et
1559 1236 1614 1262 ego
1622 1228 1704 1256 mitto
1713 1236 1774 1256 vos.
1782 1239 1796 1255 ιι

1068 1274 1110 1299 19.
1126 1274 1159 1299 Ec
1176 1280 1224 1306 pro
1245 1273 1287 1298 his
1302 1274 1437 1306 sanctifico
1453 1281 1492 1299 me
1508 1276 1605 1308 ipsum.
1628 1273 1688 1301 Sed
1698 1274 1800 1310 quaeri-

1031 1320 1076 1344 tur
1093 1327 1099 1344 :
1116 1325 1183 1344 cum
1204 1318 1251 1345 vel
1265 1326 1281 1345 a
1296 1318 1375 1345 malo
1391 1318 1557 1353 purificari,
1583 1319 1630 1346 vel
1651 1319 1683 1346 in
1707 1319 1802 1354 gratia

1030 1364 1173 1398 proficere
1186 1364 1358 1399 neutiquam
1377 1365 1532 1392 conveniat
1546 1365 1670 1399 Christo,
1682 1365 1801 1393 videtur

1032 1409 1114 1444 quod
1126 1417 1187 1436 non
1202 1409 1277 1437 bene
1294 1410 1380 1444 dicat,
1398 1410 1518 1445 quando
1535 1411 1575 1438 ait
1591 1420 1597 1438 z
1614 1412 1666 1438 Pro
1678 1413 1715 1438 eis
1726 1419 1803 1439 sanc-

1032 1457 1101 1489 tifico
1116 1464 1163 1482 me.
1181 1457 1211 1482 Et
1226 1456 1264 1483 ad
1278 1456 1355 1483 istud
1374 1457 1614 1492 respondendum
1636 1459 1679 1485 est
1697 1465 1801 1485 secun-

1032 1501 1104 1528 dum
1117 1502 1312 1536 Augustinum
1326 1501 1357 1536 ²⁵,
1374 1502 1455 1537 quod
1473 1512 1485 1527 «
1498 1502 1625 1530 Christus
1639 1503 1802 1531 sanctifica-

1032 1546 1072 1573 vit
1086 1554 1115 1572 se
1131 1546 1161 1573 in
1175 1555 1222 1580 sc,
1237 1547 1293 1574 hoc
1309 1549 1362 1580 est,
1379 1547 1490 1575 dictum
1504 1548 1657 1576 hominem
1673 1548 1800 1576 sanctifi-

1033 1593 1109 1620 cavit
1128 1593 1158 1619 in
1177 1593 1286 1627 Verbo,
1313 1593 1435 1628 quando
1455 1594 1585 1621 Verbum
1599 1602 1668 1622 caro
1692 1594 1801 1622 factum

1033 1641 1093 1672 est;
1109 1638 1192 1673 quod
1207 1647 1278 1666 vero
1293 1647 1372 1666 nuuc
1387 1639 1445 1674 ait;
1461 1641 1582 1675 propter
1596 1648 1650 1668 sua
1665 1641 1801 1668 membra

1034 1684 1117 1718 dicit,
1134 1684 1204 1719 quia
1216 1685 1271 1720 ipsi
1287 1686 1353 1712 sunt
1367 1685 1426 1712 ille.
1443 1687 1475 1712 Et
1489 1685 1527 1713 ita
1542 1693 1587 1720 eqo
1601 1688 1737 1720 sanctifico
1751 1694 1803 1714 me-

1034 1731 1132 1764 ipsum,
1146 1729 1178 1757 id
1193 1732 1234 1757 est
1246 1751 1254 1764 ‚
1270 1731 1351 1766 ipsos
1367 1731 1397 1757 in
1411 1739 1459 1758 me
1469 1752 1478 1765 ,
1494 1733 1525 1758 ut
1539 1731 1596 1759 sint
1610 1731 1666 1766 ipsi
1679 1732 1803 1760 sanctifi-

1034 1775 1090 1803 cati
1104 1775 1134 1802 in
1148 1776 1277 1803 veritate.
1294 1786 1306 1801 »
1326 1778 1388 1803 Haec
1403 1776 1464 1804 ille.
1480 1778 1543 1805 Haee
1557 1785 1626 1812 ergo
1642 1778 1804 1806 sanctifica-

1034 1822 1073 1848 tio
1088 1829 1149 1848 non
1164 1821 1335 1856 intelligitur
1347 1823 1376 1849 in
1391 1822 1503 1850 Christo
1518 1823 1630 1859 capite,
1645 1824 1697 1851 sed
1710 1824 1741 1852 in
1755 1824 1804 1852 de-

1034 1867 1176 1894 rivatione
1188 1867 1424 1895 sanctificationis
1440 1869 1478 1896 ab
1491 1869 1556 1904 ipso
1571 1869 1677 1905 capite,
1691 1870 1722 1896 in
1736 1869 1804 1898 illos

1034 1913 1085 1948 qui
1100 1916 1182 1941 erant
1195 1913 1332 1941 membra
1341 1935 1350 1947 ‚
1364 1922 1440 1949 quos
1454 1914 1509 1941 sub
1525 1915 1645 1943 nomine
1656 1923 1710 1943 suo
1722 1923 1803 1943 com-

1034 1959 1208 1994 prehendit,
1233 1960 1306 1987 sicut
1320 1968 1409 1995 supra
1428 1959 1448 1976 ²⁵
1468 1969 1474 1987 :
1497 1962 1612 1988 «Nemo
1628 1961 1760 1989 ascendit
1772 1962 1804 1989 in

1035 2004 1152 2039 eoelum,
1164 2005 1220 2032 nisi
1236 2005 1287 2040 qui
1299 2005 1335 2032 de
1346 2005 1420 2032 coelo
1432 2006 1592 2034 descendit.
1601 2016 1615 2032 ι)
1633 2007 1802 2035 Secundum

1035 2053 1133 2078 autem
1146 2051 1388 2086 Chrysostomum
1402 2051 1422 2068 ²⁷
1434 2060 1535 2079 sensus
1550 2055 1592 2080 est
1606 2061 1636 2080 2«
1652 2053 1803 2082 sanctifico

1035 2097 1130 2130 metid
1141 2099 1193 2131 est,
1201 2105 1247 2124 me
1257 2097 1383 2124 hostiam
1394 2098 1496 2125 offero.
1504 2097 1804 2128 »⁹³«Tradiditsemet-

1035 2142 1132 2178 ipsum
1145 2151 1200 2178 pro
1214 2143 1301 2170 nobis
1316 2143 1509 2178 oblationem,
1519 2154 1531 2169 n
1550 2147 1603 2172 etc.
1619 2146 1651 2172 Et
1664 2147 1743 2180 patet
1755 2145 1803 2173 hic

1036 2188 1161 2222 dignitas
1182 2188 1336 2223 fidelium,
1361 2189 1550 2217 inexaltativa
1570 2189 1751 2223 sublimitas,
1776 2193 1804 2218 et

1035 2234 1163 2268 perfecta
1191 2234 1437 2262 sanctificabilitas
1448 2256 1456 2269 ,
1485 2235 1569 2270 quod
1593 2235 1714 2263 nomine
1736 2237 1804 2264 Jesu

1036 2280 1138 2307 Christi
1153 2282 1370 2315 nuncupantur,
1388 2281 1415 2307 et
1435 2280 1466 2307 in
1486 2280 1551 2315 ipso
1575 2281 1800 2310 sanctificantur.

1036 2326 1116 2353 Unde
1131 2325 1207 2354 infra
1221 2325 1242 2342 ²⁹
1258 2335 1265 2353 ;
1284 2327 1318 2352 Ut
1332 2327 1387 2353 sirit
1401 2334 1502 2360 unum,
1516 2328 1585 2354 sicut
1599 2335 1646 2354 nos
1660 2336 1742 2356 unum
1755 2336 1802 2356 su-

1037 2396 1099 2420 vm,
1116 2391 1154 2413 23.
1172 2403 1198 2406 —
1223 2389 1242 2405 ²⁸
1260 2391 1334 2419 Aug„
1353 2392 1425 2413 tract.
1443 2396 1523 2419 cvm,
1541 2397 1567 2414 n.
1586 2392 1608 2414 2.
1630 2403 1659 2408 —
1678 2391 1698 2408 ¹⁹
1717 2390 1801 2421 Apum,

1037 2430 1106 2454 xxii,
1134 2426 1167 2447 11.
1183 2437 1214 2442 —
1232 2425 1253 2441 ²⁰
1274 2424 1330 2448 Vid.
1352 2424 1455 2455 Callet„
1478 2430 1565 2449 Lxxvi.
1585 2438 1617 2443 -
1633 2425 1650 2441 ²¹
1671 2426 1744 2456 Aug„
1759 2426 1802 2449 uhi

1036 2466 1103 2489 sup.‚
1115 2466 1141 2482 n.
1155 2461 1178 2482 3.
1194 2473 1220 2476 —
1234 2459 1251 2473 ²²
1265 2460 1336 2489 Sup„
1351 2465 1392 2488 xv,
1409 2461 1432 2483 3.
1445 2472 1475 2477 —-
1490 2460 1510 2476 ²³
1525 2462 1596 2491 Aug„
1609 2459 1680 2490 ibid„
1695 2467 1721 2484 11.
1737 2462 1759 2484 4.
1772 2474 1802 2479 —

1036 2495 1054 2510 ²⁴
1070 2494 1126 2522 intl,
1141 2500 1184 2523 xx,
1200 2495 1238 2517 21.
1253 2507 1284 2511 —
1301 2494 1320 2510 ²⁵
1334 2496 1408 2524 Aug„
1423 2494 1496 2523 ibid„
1513 2501 1539 2518 n.
1555 2496 1578 2517 5.
1597 2507 1623 2511 -—
1641 2495 1662 2511 ¹⁶
1676 2496 1748 2525 Sup.,
1762 2502 1802 2526 ιιι,

1041 2531 1076 2552 113.
1093 2541 1118 2544 —
1134 2529 1151 2542 ²⁷
1167 2528 1308 2559 Chrysost„
1325 2528 1394 2552 hom.
1415 2534 1508 2558 ιδῃ-ι,
1523 2528 1555 2552 al.
1573 2534 1677 2560 mxxii,
1692 2537 1718 2554 n.
1736 2533 1757 2555 1.
1773 2543 1802 2548 —

1037 2563 1058 2579 ΞΒ
1073 2564 1173 2594 Ephes.,
1190 2569 1214 2593 v,
1229 2566 1252 2587 2.
1266 2577 1294 2581 —
1309 2564 1328 2579 ²⁴³
1345 2564 1403 2593 init,
1416 2565 1454 2588 22.

1069 2607 1099 2634 (α)
1117 2606 1176 2629 Czct.
1194 2606 1254 2629 edit.
1268 2612 1364 2628 su111.—
1383 2605 1416 2635 (ὁ)
1432 2605 1492 2628 uem
1507 2604 1586 2635 quasi.
