1987 3032
212 205 268 234 172

209 269 295 300 addit
311 281 317 301 :
333 270 378 302 Et
390 275 474 303 stare
484 277 557 303 ante
569 273 674 311 filium
688 273 836 304 hominis.
850 273 976 304 Glossa:

214 333 228 351 (ι
244 322 318 353 Haee
332 326 379 354 est
393 334 520 355 summa
534 326 746 363 beatitudinis,
762 327 795 356 in
810 326 979 366 praesentia

205 375 322 414 judicis
335 385 483 408 securum
505 378 682 409 consistere.
701 389 715 407 »
733 378 791 410 Job
811 380 818 395 ¹
841 390 846 409 :
871 390 885 407 α
903 379 979 416 Quis

209 428 288 458 mihi
305 429 438 468 tribuat,
455 432 490 460 ut
505 439 695 469 cognoscam
718 434 749 462 et
764 432 924 462 inveniam
939 432 976 462 il-

208 480 295 519 lum,
321 484 351 512 et
375 483 500 513 veniam
520 492 622 523 usque
643 484 681 514 ad
708 484 823 515 solium
847 486 936 524 ejus?
960 496 974 513 ι)

209 533 247 564 Et
261 538 271 554 ²
289 545 296 565 ε
318 546 332 564 (ι
342 535 380 566 IIi
395 538 468 566 suut
482 537 537 576 qui
551 540 708 569 venerunt
723 539 761 569 de
775 538 978 569 tribulatione

208 596 339 627 magna,
355 591 386 619 et
399 588 547 620 laverunt
568 590 663 621 stolas
684 601 758 622 suas
772 592 805 622 in
820 591 978 630 sanguine

208 641 296 679 agni.
321 641 392 672 Ideo
412 644 486 672 suut
506 645 579 674 ante
600 644 751 675 thronum
776 644 843 683 Dei,
867 648 897 674 et
911 653 979 674 ser-

208 693 300 724 viunt
310 695 338 724 ei
351 695 401 725 die
412 705 447 726 ac
461 699 552 727 nocte
566 697 599 727 in
612 698 730 737 templo
745 699 771 737 ej
778 706 825 728 us.
842 708 855 725 n
875 696 913 727 Et
927 696 979 726 hic

207 755 331 786 semper
355 751 401 779 est
422 750 594 788 orandum3
620 750 704 781 unde
728 751 762 780 in
782 750 912 781 Psalmo
933 752 942 768 ³
968 760 974 779 ε

210 810 224 827 (ι
241 799 347 832 Sitivit
359 803 465 833 anima
476 813 546 834 mea
555 804 593 834 ad
604 804 704 834 Deum
717 805 837 834 fontem
852 803 975 840 vivum;

206 854 334 893 quando
357 856 501 894 veniam,
528 859 558 887 et
582 857 739 897 apparebo
769 859 841 887 ante
866 857 977 886 faciem

206 907 283 938 Dei?
297 919 311 936 ›)

247 960 374 999 Quarto,
385 964 541 1001 quantum
552 963 590 994 ad
598 963 864 994 introductionem
873 971 978 993 exem-

206 1011 261 1050 pli,
279 1012 489 1052 subiungitur
509 1017 550 1053 (v.
575 1016 623 1051 37>
650 1025 657 1044 ε
683 1014 768 1045 Erat
787 1017 895 1043 autem
915 1013 977 1043 clie-

207 1065 263 1095 htcs
277 1065 390 1096 (locens
405 1067 577 1107 intemplo,
593 1069 629 1097 ut
642 1067 780 1105 vigilans
795 1066 877 1096 circa
891 1074 976 1095 exer-

206 1118 315 1149 citium
331 1119 454 1157 activae,
471 1122 507 1150 ut
520 1120 703 1160 exemplum
718 1120 806 1150 daret
825 1119 863 1149 ad
883 1127 974 1149 exer-

207 1172 316 1202 citium
332 1173 462 1204 actionis
477 1174 621 1213 perfectae
632 1198 640 1211 ,
657 1174 832 1204 secundum
851 1173 926 1203 illud
940 1173 949 1188 ⁸
966 1183 972 1202 :

208 1237 222 1253 «
234 1225 373 1256 Praedica
387 1227 537 1264 verbum,
553 1228 636 1257 insta
650 1229 837 1266 opportune,
856 1226 975 1264 impor-

205 1281 292 1316 tune,
305 1290 320 1307 »
339 1281 398 1310 etc.
418 1280 455 1311 Et
470 1280 588 1310 iterum
602 1281 612 1296 ¹⁵
636 1291 642 1310 :
662 1291 676 1308 «
695 1279 806 1318 Vigila,
823 1279 856 1308 in
870 1279 975 1308 omni—

205 1331 264 1361 bus
278 1332 398 1370 labora,
415 1343 429 1360 »
447 1335 505 1364 etc.
524 1333 675 1366 Noctibus
696 1341 768 1362 cero
784 1331 890 1362 exiens
905 1340 974 1361 mo-

204 1385 338 1416 rabatur
358 1387 392 1416 in
415 1391 533 1424 monte,
556 1387 614 1426 qui
633 1390 764 1416 vocatur
787 1385 912 1417 Olivea.
938 1383 975 1414 Ut

204 1438 344 1476 vigilans
360 1439 441 1469 circa
461 1440 561 1470 otium
577 1439 845 1478 contemplativae,
863 1446 975 1467 secun-

205 1491 283 1522 dum
298 1491 375 1522 illud
389 1492 399 1508 ⁶
424 1502 431 1523 :
458 1504 471 1521 «
487 1492 663 1531 Consul-ge,
679 1491 774 1522 lauda
789 1491 822 1520 in
836 1492 927 1520 nocte
942 1490 975 1519 in

204 1545 359 1584 principio
373 1545 558 1585 vigiliarum
575 1555 583 1576 ε
609 1545 736 1576 effunde
757 1544 836 1574 sicut
857 1551 973 1582 aquam

204 1600 397 1629 cortuum.»
418 1599 455 1630 Et
468 1608 509 1630 ex
522 1599 570 1629 his
585 1600 710 1630 duobus
724 1597 907 1638 exemplum
923 1597 972 1626 da-

205 1651 258 1681 bat
271 1652 415 1691 perfectae
431 1653 606 1692 vigilantiae
622 1653 653 1682 in
673 1652 775 1683 activa
790 1653 821 1681 et
836 1652 973 1681 contem-

205 1703 323 1742 plativa
346 1706 466 1735 cunctis
480 1706 632 1745 praelatis,
650 1704 825 1735 secundum
844 1702 923 1733 illud
936 1703 945 1717 '¹
964 1713 971 1732 2

208 1767 222 1785 «
246 1757 293 1787 En
313 1757 466 1789 lectulum
489 1758 667 1789 Salomonis
689 1758 856 1797 sexaginta
879 1757 973 1787 fortes

203 1811 351 1841 ambiunt
365 1820 405 1842 ex
419 1813 598 1842 fortissimis
616 1813 722 1851 Israel,
739 1821 850 1842 omnes
862 1814 971 1842 tenen-

201 1865 248 1893 tes
270 1863 403 1902 gladios,
429 1867 460 1895 et
481 1865 520 1896 ad
539 1865 620 1895 bella
638 1865 820 1896 doctissimi.
846 1874 860 1891 »)
884 1864 922 1894 Et
936 1863 946 1878 ⁸
964 1874 970 1893 2

207 1928 221 1945 «
241 1915 343 1956 Super
364 1918 524 1957 speculam
552 1918 673 1948 nomini
695 1927 755 1956 ego
775 1926 862 1955 sum,
886 1919 972 1947 stans

197 1969 319 2007 ¹iugiter
334 1979 389 2009 per
404 1970 498 2008 diem,
515 1973 543 2001 et
565 1980 660 2010 super
677 1971 851 2001 custodiam
868 1979 971 2000 meam

199 2030 263 2060 ego
278 2031 360 2060 sum,
376 2025 460 2053 stans
470 2024 544 2054 totis
558 2024 713 2054 noctibus.
727 2035 741 2051 »
761 2023 798 2054 Et
812 2023 887 2063 quia
899 2023 971 2054 talis

200 2075 349 2114 praelatus
364 2079 393 2106 et
407 2076 515 2107 doctor
528 2077 661 2107 libenter
670 2077 808 2115 auditur,
820 2077 889 2107 ideo
900 2077 972 2107 sub-

199 2127 244 2158 dit
260 2128 301 2167 (v.
320 2130 368 2164 38)
387 2140 394 2159 ε
411 2130 457 2160 Et
470 2131 573 2160 omnis
582 2130 723 2170 populus
733 2131 916 2160 manicabat
929 2131 974 2161 acl

201 2190 273 2211 eum
298 2183 331 2212 2¹72
350 2183 466 2223 templo
489 2183 601 2214 audire
624 2192 708 2220 eum,
724 2186 760 2214 ut
776 2184 917 2222 vigilans
931 2184 970 2214 ad

201 2234 413 2275 disciplinam,
433 2237 605 2267 secundum
622 2236 700 2267 illud
715 2237 725 2252 ⁰
743 2247 749 2266 ε
770 2248 784 2265 (ι
800 2236 859 2273 Qui
879 2246 971 2267 mane

204 2288 406 2326 vigilaverint
424 2290 464 2320 ad
484 2299 550 2327 me,
575 2290 739 2320 invenient
753 2298 814 2320 me.
831 2302 845 2317 »
869 2290 970 2320 Mani-

201 2349 272 2371 care
288 2344 393 2372 autem
410 2342 492 2372 idem
508 2344 564 2380 est,
582 2343 666 2382 quod
682 2352 774 2373 mane
784 2343 968 2381 accelerare,

201 2394 278 2434 quia
293 2403 386 2425 mane
406 2404 538 2434 surgere
559 2398 682 2435 oportet
702 2396 741 2426 ad
763 2396 904 2427 studium
919 2406 969 2426 sae

203 2447 327 2486 pientiae
340 2447 361 2464 ¹⁰
378 2458 407 2477 :a
423 2447 525 2487 Erigit
541 2458 644 2487 mane,
665 2458 759 2480 mane
778 2450 874 2488 erigit
891 2449 969 2479 mihi

201 2510 323 2539 aurem,
335 2503 370 2531 ut
383 2501 522 2539 audiam,
537 2503 624 2541 quasi
641 2503 863 2540 magistrum.»
876 2503 914 2534 Et
926 2504 944 2519 ¹²
961 2513 968 2533 :

236 2562 309 2593 ¹Job,
325 2569 400 2591 xxtii,
414 2565 436 2587 3.
450 2576 480 2581 -—
492 2564 500 2577 ²
513 2564 596 2594 Apoc„
612 2570 657 2594 vn,
676 2566 755 2588 14-15.
767 2580 797 2584 -
811 2566 821 2581 ³
836 2566 969 2594 Psal.x1,1‚

201 2599 225 2621 3.
240 2611 270 2615 —
288 2599 296 2612 ⁴
316 2599 333 2622 ll
350 2598 420 2628 Tim„
433 2604 466 2627 iv,
478 2600 501 2622 2.
518 2612 548 2617 —
563 2600 572 2615 ⁵
588 2599 660 2629 nna„
677 2601 871 2629 5.—1=T11›·e11.,
889 2608 916 2630 11,
935 2604 969 2626 19.

201 2634 210 2649 ⁷
226 2633 309 2663 Cant„
326 2639 366 2663 111,
381 2634 404 2657 7.
419 2647 449 2651 -
463 2633 544 2663 ⁸!s11.,
560 2640 613 2664 xxi,
629 2637 651 2657 s,
665 2647 696 2652 —
710 2638 718 2646 '¹
730 2636 880 2667 P1=ov.,v111‚
898 2638 971 2661 Π.-

203 2670 222 2685 10
240 2669 296 2698 lsa„
312 2675 336 2698 L,
351 2674 371 2692 11.
390 2682 417 2686 —
437 2670 456 2685 11
473 2669 554 2698 Prota,
570 2675 626 2698 vni,
641 2671 720 2693 31-35.
737 2684 765 2688 ——-
782 2672 799 2687 ¹²
818 2672 876 2702 lns.,
893 2678 914 2696 v.
932 2674 969 2696 47.

754 206 964 238 EVANGELll
988 205 1125 238 SANCTI
1148 205 1259 237 LUCAE

1038 284 1052 301 (ι
1067 272 1182 303 Beatus
1197 273 1294 305 homo
1308 275 1362 314 qui
1381 275 1468 306 audit
1483 283 1549 312 me,
1565 274 1622 314 qui
1637 274 1751 313 vigilat
1763 275 1803 305 ad

1033 326 1115 356 fores
1138 335 1223 356 meas
1246 327 1394 366 quotidie,
1417 330 1447 358 et
1468 328 1614 359 observat
1637 328 1676 357 ad
1700 329 1804 366 postes

1033 379 1104 409 ostii
1120 379 1192 409 mei.
1210 378 1269 416 Qui
1286 389 1336 410 me
1351 380 1519 418 invenerit,
1537 380 1676 411 inveniet
1691 379 1801 418 vitam,

1033 433 1064 462 et
1079 431 1203 462 hauriet
1217 432 1350 463 salutem
1366 442 1385 463 a
1400 433 1543 464 Domino.
1558 444 1572 461 ι)

1254 546 1420 580 CAPUT
1458 547 1578 580 XXII.

1070 649 1098 676 1.
1121 647 1409 687 Appropinquabat
1417 651 1525 678 autem
1535 647 1600 677 (lies
1614 648 1714 686 festus
1723 648 1805 687 Azy-

1032 708 1176 738 moram,
1197 703 1255 731 etc.
1284 700 1455 740 Postquam
1477 700 1644 731 terminata
1666 701 1713 730 est
1732 708 1805 739 pars

1032 750 1095 788 illa,
1113 760 1186 791 quae
1205 754 1251 782 est
1267 752 1306 782 de
1327 752 1543 783 incarnatione
1558 750 1670 787 Verbi,
1690 753 1722 781 et
1738 750 1802 789 illa,

1033 814 1106 844 quae
1117 808 1163 835 est
1173 806 1211 836 de
1222 806 1444 845 praedicatione
1454 809 1485 836 et
1499 805 1656 843 doctrina3
1672 805 1724 835 hie
1738 804 1805 844 agi-

1032 862 1085 889 tur
1100 860 1138 890 de
1154 861 1309 900 passione,
1326 870 1382 901 per
1397 870 1494 901 quam
1510 861 1654 892 Christus
1666 862 1713 890 est
1728 860 1802 890 hos-

1033 911 1086 941 tia.
1110 911 1267 942 Dividitur
1287 914 1393 943 autem
1417 922 1491 952 pars
1514 912 1574 942 ista
1594 912 1628 942 in
1649 911 1746 948 duas,
1771 911 1804 940 in

1032 974 1169 1004 quarum
1186 966 1289 1004 prima
1303 966 1412 1004 agitur
1430 966 1468 996 de
1488 965 1631 1005 passione
1646 966 1805 1004 quantum

1035 1017 1073 1048 ad
1092 1019 1326 1057 antecedentia3
1349 1020 1382 1049 in
1404 1018 1559 1056 secunda,
1583 1020 1739 1058 quantum
1765 1017 1805 1048 ad

1031 1071 1283 1109 concomitantia,
1300 1072 1344 1102 ibi
1362 1083 1368 1101 :
1389 1071 1501 1102 Adhuc
1515 1080 1550 1102 eo
1567 1071 1723 1111 loquente,
1736 1079 1805 1101 cccc

1032 1123 1136 1161 lut-ha,
1152 1124 1234 1154 infra
1250 1126 1282 1161 ¹²,
1300 1125 1410 1155 eodem
1428 1134 1496 1164 cap.
1507 1124 1732 1155 Antecedentia
1745 1133 1802 1154 au—

1031 1178 1095 1206 tem
1112 1177 1150 1207 ad
1170 1178 1349 1217 passionem
1371 1179 1500 1209 fuerunt
1521 1181 1670 1218 quatuor,
1688 1178 1805 1209 scilicet

1031 1232 1060 1259 1.
1087 1238 1235 1268 perversa
1259 1232 1452 1262 machinatio
1476 1231 1663 1271 proditoris;
1689 1239 1802 1260 secun-

1030 1282 1123 1320 dum,
1143 1283 1355 1322 dispensativa
1377 1284 1532 1314 institutio
1555 1283 1742 1314 sacramenti
1758 1283 1802 1314 al-

1029 1336 1116 1374 taris,
1133 1336 1244 1376 dequo
1257 1337 1299 1367 ibi
1312 1338 1331 1353 ¹³
1346 1348 1352 1368 ς
1365 1337 1454 1368 Venit
1469 1340 1577 1367 autem
1592 1336 1656 1367 dies
1667 1336 1804 1376 Azymo-

1030 1397 1116 1426 rum,
1137 1392 1209 1427 etc.;
1234 1390 1363 1420 tertium
1384 1392 1490 1420 autem
1514 1389 1646 1429 provida
1670 1389 1804 1420 eruditio

1030 1442 1268 1481 discipulorum,
1286 1443 1329 1472 ibi
1344 1444 1365 1461 ¹⁸
1377 1454 1383 1472 :
1395 1443 1495 1474 Facta
1510 1446 1555 1472 est
1568 1446 1676 1472 autem
1690 1445 1722 1472 et
1733 1451 1803 1472 con-

1031 1496 1127 1524 tentio
1146 1495 1227 1525 mter
1246 1504 1307 1533 ccx,
1324 1498 1395 1531 etc.;
1412 1497 1574 1534 quartum,
1595 1495 1709 1525 devota
1723 1504 1801 1535 sup-

1030 1547 1154 1587 plicatio
1169 1548 1270 1587 precis
1281 1548 1318 1578 ad
1335 1548 1450 1585 Deum,
1468 1547 1509 1577 ibi
1526 1549 1547 1566 ¹⁵
1564 1559 1570 1577 :
1589 1548 1635 1579 Et
1648 1557 1799 1587 eqressus,

1031 1600 1096 1630 ibat
1119 1600 1291 1631 scczmclemz
1320 1600 1579 1631 consuetudinem
1605 1601 1639 1630 in
1662 1605 1802 1631 montem

1033 1653 1211 1689 olivarum,
1229 1656 1286 1683 etc.
1309 1652 1500 1683 Describitur
1514 1655 1620 1683 autem
1638 1653 1800 1683 machina-

1031 1706 1073 1735 tio
1088 1706 1257 1744 proditoris
1273 1706 1447 1736 secundum
1463 1705 1702 1745 quadruplicem
1717 1714 1802 1736 com-

1031 1759 1238 1797 parationem,
1259 1758 1375 1788 scilicet
1398 1767 1454 1797 per
1473 1758 1740 1798 comparationem
1762 1759 1801 1789 ad

1029 1812 1180 1851 temporis
1191 1811 1470 1851 opportunitatem,
1482 1811 1521 1841 ad
1530 1811 1668 1850 judaicae
1679 1811 1801 1841 maehi-

1029 1865 1165 1895 nationis
1179 1865 1335 1902 fraudem,
1352 1865 1391 1895 ad
1408 1864 1570 1894 diabolicae
1584 1864 1801 1903 suggestionis

1028 1918 1275 1957 improbitatem,
1293 1920 1323 1948 et
1337 1918 1376 1948 ad
1389 1917 1478 1948 Judae
1494 1918 1661 1956 proditoris
1675 1918 1797 1957 cupidi-

1028 1973 1135 2001 tatem.
1152 1971 1226 2001 Hcec
1241 1973 1377 2010 quatuor
1392 1971 1431 2001 ad
1444 1971 1710 2001 machinationem
1725 1980 1798 2011 pro-

1028 2024 1136 2054 ditoris
1146 2024 1373 2055 concurrebant
1386 2034 1392 2053 :
1407 2032 1481 2053 nam
1495 2024 1713 2062 opportunitas
1722 2026 1799 2054 tem-

1027 2078 1113 2117 poris
1131 2087 1164 2108 se
1184 2078 1345 2114 offerebat,
1367 2077 1493 2116 judaica
1515 2078 1705 2116 perversitas
1723 2086 1796 2108 con-

1028 2131 1196 2168 sentiebat,
1217 2130 1370 2160 diabolica
1389 2130 1575 2168 improbitas
1589 2130 1794 2168 suggerebat,

1027 2186 1057 2214 et
1072 2184 1199 2224 propria
1212 2183 1366 2223 cupiditas
1379 2182 1566 2212 attrahebat.

1068 2237 1175 2267 Primo
1190 2245 1278 2275 ergo,
1295 2237 1452 2275 quantum
1465 2235 1503 2265 ad
1518 2236 1669 2275 temporis
1683 2245 1796 2276 oppor-

1027 2291 1212 2327 tunitatem,
1243 2289 1315 2320 dicit
1341 2300 1347 2318 :
1379 2288 1667 2328 Appropinquabat
1690 2293 1798 2320 autem

1028 2342 1092 2373 (lies
1107 2344 1207 2382 festus
1222 2343 1431 2381 Azymoram,
1449 2341 1506 2381 qui
1526 2340 1642 2371 dicitur
1660 2341 1794 2373 Pascha.

1027 2395 1165 2435 Tempus
1180 2396 1264 2426 enim
1281 2394 1436 2434 paschale,
1448 2394 1481 2423 in
1496 2402 1559 2432 quo
1572 2393 1797 2424 immolabatur

1027 2457 1149 2486 agnuS,
1180 2450 1247 2479 erat
1278 2449 1492 2487 opportunum
1522 2446 1561 2476 ad
1591 2446 1795 2477 occidendum

1028 2502 1199 2540 Christum,
1220 2503 1312 2541 cujus
1323 2510 1409 2532 mors
1419 2509 1474 2540 per
1488 2499 1566 2530 illud
1583 2499 1699 2539 pascha
1712 2501 1797 2540 typi-

1028 2564 1104 2586 cum
1119 2555 1364 2594 designabatur:
1375 2553 1499 2585 Pascha
1511 2553 1596 2583 enim
1610 2553 1630 2569 ¹⁸
1645 2555 1796 2585 transitus

1028 2637 1048 2653 ¹³
1065 2637 1121 2666 lull,
1140 2644 1165 2660 v.
1188 2639 1210 2661 7.
1231 2650 1260 2654 —
1282 2638 1299 2652 ¹⁸
1326 2636 1382 2666 lus„
1403 2643 1427 2659 v.
1449 2636 1486 2659 24.
1510 2649 1539 2652 —
1560 2636 1579 2652 ¹⁵
1602 2636 1658 2665 lull,
1677 2644 1701 2660 v.
1717 2638 1797 2660 39.-

1029 2673 1048 2688 111
1063 2673 1153 2700 Emit,
1168 2678 1214 2702 Ml,
1232 2675 1264 2695 li,

1831 930 1924 952 Divisio.
