1987 3032
78 1993 147 2015 Filius

54 2025 110 2045 alius
123 2032 135 2045 a

41 2056 113 2076 Patre.

764 211 971 244 EXPOSITIO
992 212 1032 243 ΙΝ
1055 213 1140 244 CAP.
1165 214 1188 244 Ι.

181 279 250 308 alio.
265 288 280 307 n
297 278 491 309 consimiliter
512 276 708 312 exemplificat
723 277 762 305 ibi
783 277 904 305 flamma
920 279 948 305 et

180 325 262 354 luce:
277 336 291 352 «
304 326 371 361 Ejus
382 323 583 358 emissionem,
598 323 709 359 inquit,
723 323 816 358 vides,
832 331 946 359 separa-

179 371 289 399 tionem
303 379 364 399 non
377 370 468 398 vides.
484 380 498 396 »
511 370 575 396 Haec
590 369 640 396 ibi.
657 370 689 396 Et
703 369 726 396 si
744 369 864 404 objiciat
881 369 947 404 quis

180 417 261 453 quod
273 417 323 444 lux
332 416 449 444 fontalis
461 417 503 443 est
510 415 639 443 nobilior
647 417 674 442 et
682 415 840 442 virtuosior
851 415 946 450 splen-

179 463 250 490 dore
263 463 379 497 emisso,
396 464 423 489 et
438 462 478 489 sic
493 463 575 489 Pater
589 461 722 488 similiter
736 461 832 495 major
846 462 873 488 et
888 469 946 488 no-

177 509 266 537 bilior
280 509 366 542 Filio;
382 508 624 544 respondendum
636 508 719 543 quod
731 516 791 535 non
802 508 944 543 sequitur,

177 563 244 582 cum
258 555 314 582 sint
329 555 460 589 ejusdem
476 555 604 582 essentiae
619 557 646 581 et
657 554 825 588 majestatiS,
837 562 889 581 nec
902 554 945 580 in-

175 601 331 628 veniuntur
342 601 372 627 in
382 601 520 628 creaturis
534 600 670 635 exempla
681 600 851 627 omnimode
862 602 894 635 (a)
910 599 945 626 si-

175 647 256 674 milia
268 647 446 682 generationi
457 647 599 674 ineffabili
614 646 644 673 in
655 646 773 679 divinis,
786 648 856 673 etex
870 647 941 673 toto.

175 694 294 727 Propter
309 693 390 728 quod
409 693 448 720 ait
468 693 645 727 Augustinus
660 693 667 708 ¹
684 692 766 728 quod
782 701 836 727 per
850 692 944 719 multa

175 739 327 766 dissimilia
344 738 525 766 veniendum
544 740 586 766 est
605 738 644 766 ad
660 738 861 765 contuendum
876 745 942 765 ver-

173 784 246 811 bum
265 784 409 811 divinum.
424 784 562 812 Praedicta
582 792 652 819 ergo
672 784 808 820 exempla
823 787 890 811 sunt
904 785 942 811 ad

173 831 387 858 ostendendum
403 831 627 858 coaeternitatem
640 831 702 858 Filii
716 839 782 858 cum
794 833 885 858 Patre.
895 831 941 858 His

171 877 354 912 praehabitis,
379 879 459 913 patet
483 877 626 912 expositio
652 877 752 905 litterae
778 878 941 905 secundum

172 925 286 951 sanctos
306 926 333 951 et
352 923 473 959 glossas.
490 925 562 951 Cum
577 923 683 950 dicitur
703 923 801 951 enim:
818 925 849 950 In
862 926 941 958 prin-

172 971 242 1003 cipio
266 972 323 996 erat
350 971 479 1003 Verbum,
507 970 662 1004 exponitur
693 970 939 1005 quadrupliciter,-

172 1014 219 1041 vel
233 1017 262 1042 in
275 1017 423 1050 principio,
437 1016 469 1042 id
484 1018 534 1049 est,
548 1015 579 1042 in
593 1017 688 1050 Patre;
705 1016 753 1043 vel
764 1018 792 1042 τη
804 1017 940 1050 principio

173 1061 306 1087 omnium
321 1063 537 1095 creaturarum;
557 1061 605 1088 vel
621 1064 650 1088 iu
665 1063 804 1096 principio
824 1064 939 1095 tempo-

170 1114 253 1140 rum,
269 1109 299 1134 ut
319 1107 424 1134 dicitur
444 1107 474 1134 in
490 1107 600 1134 Glossa.
624 1107 680 1134 Sed
699 1108 767 1134 tunc
783 1107 937 1141 objicitur:

173 1154 294 1188 «Ipsum
303 1153 431 1180 Verbum
442 1153 495 1180 fuit
505 1153 534 1180 in
546 1153 643 1188 primo
656 1153 773 1180 instanti
787 1154 936 1188 temporis,

171 1199 244 1226 sicut
264 1201 291 1226 et
308 1199 486 1234 principium
500 1201 710 1227 ereaturarum.
725 1210 738 1225 >›
757 1201 789 1227 Et
808 1200 845 1227 ad
860 1199 938 1227 istud

170 1245 411 1281 respondendum
448 1245 610 1272 secundum
642 1245 882 1281 Chrysostomum
906 1245 917 1260 ²
929 1267 938 1280 ,

170 1292 269 1326 quod:
288 1302 301 1317 ι(
315 1293 387 1319 Cum
403 1292 523 1319 dicitur:
539 1294 570 1319 In
586 1293 722 1326 principio
737 1295 795 1319 erat
813 1293 936 1323 Verbum,

169 1337 296 1372 intellige
311 1338 342 1372 (b)
357 1338 539 1373 unigenitum
552 1340 617 1365 ante
630 1338 728 1365 omnia
742 1338 938 1373 intelligibilia

169 1384 196 1409 et
217 1384 338 1417 saecula;
357 1394 370 1410 >⁷
389 1386 415 1412 et
437 1384 477 1411 510
505 1384 680 1412 antecessive
705 1386 746 1411 est
769 1384 936 1419 intelligenu

168 1429 256 1463 dum,
274 1438 310 1457 eo
331 1430 423 1458 modo
444 1438 504 1466 quo
520 1431 550 1466 (τ)
572 1431 676 1457 dieitur
697 1431 839 1458 aeternitas
855 1431 937 1466 prior

166 1470 317 1510 tempore]
330 1478 418 1511 prout
431 1476 562 1511 loquitur
575 1477 752 1511 Augustinus
767 1478 777 1493 s
791 1477 873 1512 quod
887 1477 936 1504 ali—

166 1521 239 1555 quid
253 1522 391 1556 praecedit
404 1523 560 1550 aeternitate
578 1523 626 1557 (cl),
643 1522 716 1550 sicut
730 1524 803 1550 Deus
823 1523 933 1550 omnia.

165 1567 176 1584 ⁴
195 1576 208 1591 «
223 1568 302 1595 Prior
317 1568 450 1595 omnium
469 1571 564 1596 creata
578 1568 729 1604 sapientia.
746 1578 759 1594 ι)
776 1570 808 1595 Ε1
822 1569 849 1596 ⁵:
867 1579 880 1594 «
894 1571 934 1596 Ex

165 1623 215 1643 ore
234 1616 369 1644 Altissimi
389 1617 486 1652 prodii
509 1617 707 1652 primogenita.
726 1619 791 1644 ante
815 1625 934 1645 omnem

164 1664 336 1690 creaturam.
360 1673 374 1689 ›>
397 1665 429 1690 Et
452 1663 552 1691 Glossa
574 1663 621 1690 hic
646 1663 729 1699 quasi
750 1663 849 1691 idem:
869 1673 882 1689 «
900 1665 933 1691 In

162 1710 298 1743 principio
319 1710 536 1743 creaturarum,
568 1710 638 1745 quia
661 1710 698 1737 ab
726 1709 791 1744 ipso
816 1710 931 1744 omnia,

162 1754 209 1781 vel
229 1756 260 1781 In
272 1757 424 1790 principio,
445 1756 476 1783 id
492 1757 548 1789 est,
567 1755 598 1782 in
616 1756 788 1789 aeternitate,
808 1757 839 1782 ut
855 1755 933 1783 dicat

161 1800 357 1835 privationem
371 1801 444 1828 initii
460 1803 486 1828 et
498 1801 575 1827 finis.
586 1811 598 1826 n
611 1801 687 1828 Infra
698 1802 708 1817 θ
720 1810 727 1829 :
744 1802 931 1836 «Antequam

162 1849 236 1873 esset
250 1846 407 1880 Abraham,
419 1854 472 1881 ego
488 1854 563 1873 sum.
577 1856 589 1871 »
604 1846 614 1862 ⁷
624 1847 786 1874 «Dominus
799 1847 931 1882 possedit

161 1899 209 1918 me
223 1892 253 1918 in
267 1892 349 1919 initio
364 1892 478 1919 viarum
493 1900 623 1920 suarum.
640 1903 653 1919 ›)

197 1938 332 1973 Exposita
347 1938 443 1974 prima
459 1938 605 1972 clausula,
626 1938 758 1974 sequitur
779 1939 926 1967 secunda:

162 1984 194 2010 Ec
214 1984 328 2011 Verbum
342 1987 400 2012 erat
414 1985 488 2020 apud
502 1986 593 2012 Deum.
614 1986 645 2012 In
660 1985 716 2013 hoc
738 1987 851 2014 notatur
866 1987 928 2014 Filii

161 2037 178 2057 a
196 2032 276 2058 Patre
295 2030 531 2066 distinguibilitas
549 2031 580 2058 in
602 2039 739 2067 persona.
756 2032 836 2060 Unde
850 2033 928 2061 Beda

160 2075 189 2103 in
197 2076 309 2111 Glossa,
324 2077 393 2113 quia
401 2077 450 2104 alii
458 2077 595 2105 dicebant
606 2077 687 2112 quod
698 2077 778 2105 idem
789 2079 863 2106 Deus
873 2079 927 2106 ali-

160 2122 280 2157 quando
296 2126 337 2150 est
348 2126 440 2159 pater,
456 2123 618 2159 aliquando
634 2123 721 2157 filius,
738 2126 768 2151 ut
783 2124 855 2152 alter
870 2133 924 2152 vo-

158 2170 237 2195 cetur
251 2169 281 2196 in
295 2177 431 2204 persona,
452 2169 569 2197 subdit:
592 2171 627 2197 Ec
648 2171 764 2197 Verbum
780 2173 838 2198 erat
853 2172 927 2206 apud

159 2216 254 2247 Deum,
273 2218 302 2242 ut
317 2216 390 2243 alius
405 2217 486 2252 apud
502 2216 610 2251 alium3
636 2219 663 2244 et
677 2217 745 2244 huie
765 2218 926 2246 coneordat

157 2261 379 2296 Chrysostomus
393 2262 420 2289 ⁸:
439 2272 453 2288 «
468 2264 535 2290 Erat
554 2263 628 2298 apud
643 2265 727 2290 Deum
738 2284 747 2297 ,
763 2264 812 2298 ait,
828 2265 925 2291 osten-

156 2306 229 2333 dens
241 2307 428 2335 aeternitatem
443 2309 515 2343 ejus,
532 2317 596 2344 quae
611 2310 772 2337 secundum
788 2309 925 2345 hyposta-

155 2352 210 2379 sin.
225 2355 279 2380 »Et
293 2353 372 2380 idem
387 2362 537 2389 exponens
552 2355 626 2382 illud
641 2356 770 2390 Apostoli
786 2356 811 2383 ¹³:
828 2357 923 2391 Splen-

155 2397 203 2425 dor
217 2399 310 2432 yloriae
323 2402 347 2426 et
362 2402 449 2433 figura
464 2401 619 2428 substantiae
632 2401 668 2428 ¹0:
683 2410 695 2426 «
711 2403 797 2437 Cum,
812 2402 922 2438 inquit,

185 2458 275 2489 ¹.Aug,
284 2458 313 2481 (le
326 2459 425 2486 Tr1''.‚n1t
438 2460 481 2484 lib
493 2461 921 2494 XV,c.x1,u.20.—·Chrysost.‚

155 2499 179 2514 m
201 2494 282 2523 loun„
303 2494 372 2517 hom.
395 2501 439 2525 111,
461 2495 492 2519 al
513 2501 548 2525 iv,
569 2503 595 2519 11.
618 2480 638 2520 17.
658 2510 689 2514 —
711 2496 722 2512 ⁸
741 2498 816 2527 Aug„
839 2498 921 2529 Cous,

153 2525 197 2550 lib
212 2528 266 2558 ΧΗ,
281 2536 302 2552 c
317 2536 431 2553 1111.-
446 2531 456 2546 δ
470 2531 559 2560 Ecclz'„
576 2537 592 2561 1,
607 2533 628 2555 4.
639 2544 668 2548 —
683 2533 692 2548 ⁵
710 2531 781 2560 ibid„
796 2534 917 2562 xx1V,05.

153 2573 183 2579 -
196 2562 206 2578 ⁶
223 2563 398 2594 1uf.,v1n,53.
414 2578 444 2583 —
457 2566 467 2582 '¹
482 2567 509 2589 Pl
513 2573 565 2596 ου.,
580 2572 639 2596 vm,
658 2568 696 2590 22.
713 2579 742 2584 -—
759 2567 919 2599 ⁸Chrysost„

153 2582 363 2628 m]oan.,110121.
384 2606 427 2631 111,
447 2601 531 2631 al.1v,
551 2608 576 2625 n.
599 2602 920 2634 i.—³Heht·.,1,3.—

154 2631 174 2647 ¹⁰
195 2632 334 2663 Chi-syost.,
359 2619 700 2667 1⁷1J'00n„1101n.v1,a1.
726 2643 824 2668 v11,n
845 2640 869 2662 2.
889 2651 919 2656 —-

1710 223 1769 252 253

1004 279 1123 307 dixisset
1138 279 1258 314 Filium,
1273 280 1462 316 splendorem
1476 283 1605 318 induxit,
1629 287 1771 320 quoniam

1004 325 1152 353 character
1167 328 1194 354 et
1207 326 1372 362 hypostasis
1384 328 1455 363 ejus,
1466 331 1499 356 ut
1508 330 1660 365 propriam
1675 333 1770 360 osten-

1003 371 1053 398 dat
1071 372 1274 407 hypostasin.»

1038 417 1094 444 Sed
1114 418 1249 453 objicitur
1269 419 1346 447 hoc:
1368 421 1536 456 Praepositio
1557 422 1631 457 apud
1653 423 1771 451 denotat

1001 463 1197 497 majoritatem
1222 464 1252 491 in
1276 473 1329 499 eo,
1354 467 1435 501 apud
1456 476 1545 503 quem
1569 469 1674 496 dicitur
1696 469 1770 498 alius

1002 516 1064 536 esse
1076 530 1085 543 ,
1102 511 1128 536 et
1142 510 1172 536 in
1186 510 1237 537 1110
1253 511 1450 540 minoritatem
1466 523 1474 540 :
1494 522 1559 549 quae
1580 522 1641 542 non
1659 516 1770 543 suntin

1002 554 1174 582 divinitate:
1201 563 1272 591 ergo
1295 558 1456 594 improprie
1480 559 1621 596 loquitur.
1646 562 1716 589 Item
1739 562 1770 589 in

1000 601 1100 627 Joamze
1112 601 1145 635 (e)
1156 602 1189 628 ¹¹:
1200 612 1213 627 (ι
1228 604 1287 637 Ego
1303 603 1333 630 in
1347 605 1439 639 Patre,
1450 607 1476 632 et
1491 607 1573 634 Pater
1586 607 1617 634 in
1632 615 1679 635 me
1694 610 1744 635 est.
1754 617 1767 633 ι)

1000 646 1071 673 Male
1093 654 1162 681 ergo
1187 647 1226 675 ait
1246 648 1293 675 hic
1315 650 1397 684 quod
1412 651 1540 679 Verbum
1563 653 1644 687 apud
1668 655 1767 680 Deum.

999 692 1088 726 Item,
1102 701 1193 728 quare
1209 694 1263 721 ait:
1280 696 1353 729 apud
1369 698 1465 731 Deum,
1482 699 1510 724 et
1523 706 1602 726 non:
1619 700 1655 726 ad
1671 701 1766 731 Deum,

999 745 1067 765 cum
1087 739 1243 767 videantur
1262 740 1342 768 idem
1365 742 1555 776 significare?
1583 746 1670 779 Item,
1694 746 1769 780 apud

999 783 1131 819 designat
1144 785 1302 813 terminum
1321 789 1418 815 motus
1434 797 1441 815 ε
1457 789 1509 816 sed
1528 790 1558 817 in
1581 790 1687 818 divinis
1702 799 1768 827 per-

997 830 1077 857 sonis
1091 830 1190 858 nullus
1206 833 1247 859 est
1261 834 1375 860 motus:
1392 841 1462 869 ergo
1475 836 1507 862 ut
1521 835 1611 870 prius.
1627 846 1641 863 »

1034 878 1066 903 Et
1080 877 1118 904 ad
1133 877 1209 905 istud
1223 879 1482 914 respondendum,
1498 881 1571 908 sieut
1586 884 1695 910 tactum
1710 885 1766 918 est,

998 922 1078 957 quod
1097 924 1171 958 apud
1185 924 1232 951 1110
1251 924 1371 953 denotat
1390 925 1604 955 distinctionem
1625 937 1767 964 persona-

996 969 1072 1003 lem,
1098 970 1158 997 sive
1182 970 1380 1006 hypostasim,
1407 973 1569 1001 secundum
1595 975 1766 1010 Chrysosto-

996 1023 1079 1042 mum
1094 1024 1101 1042 :
1118 1018 1145 1042 et
1159 1016 1229 1051 quia
1248 1017 1336 1044 Filius
1353 1019 1395 1045 est
1409 1026 1428 1046 a
1442 1021 1540 1053 Patre,
1556 1020 1623 1047 ideo
1639 1021 1669 1048 in
1684 1023 1765 1049 Patre

995 1062 1078 1088 notat
1100 1063 1320 1097 auctoritatem,
1344 1066 1371 1090 et
1393 1064 1461 1092 ideo
1483 1066 1545 1092 ait:
1574 1067 1688 1093 Verbum
1709 1069 1767 1094 erat

996 1107 1070 1141 apud
1084 1108 1182 1140 Deum,
1198 1108 1328 1142 genitum
1343 1109 1452 1137 scilicet
1471 1118 1489 1137 a
1508 1113 1566 1138 Deo
1590 1114 1670 1139 Patre
1686 1114 1767 1140 aeter-

995 1152 1108 1187 naliter,
1125 1155 1151 1180 et
1172 1153 1340 1182 distinctum
1358 1156 1559 1190 personaliter.
1575 1159 1606 1185 ln
1627 1158 1766 1186 creaturis

994 1200 1092 1225 autem
1109 1199 1169 1226 sive
1184 1199 1214 1226 in
1228 1200 1376 1235 humanis,
1393 1210 1460 1229 cum
1476 1203 1581 1231 dicitur
1595 1204 1686 1231 alium
1702 1213 1764 1233 esse

994 1244 1074 1279 apud
1088 1244 1190 1279 alium,
1201 1248 1339 1274 notantur
1350 1249 1501 1283 majoritas
1515 1251 1543 1276 et
1553 1250 1658 1277 minori
1664 1253 1715 1285 taS,
1732 1252 1765 1278 ut

994 1290 1143 1325 obJectum
1168 1294 1218 1319 est.
1243 1294 1276 1319 Et
1298 1302 1350 1329 per
1373 1294 1430 1322 hoc
1454 1295 1492 1322 ad
1516 1296 1616 1323 aliud:
1639 1299 1762 1332 utraque

993 1338 1071 1365 enim
1087 1340 1128 1365 est
1149 1347 1233 1373 vera,
1254 1342 1281 1367 et
1302 1341 1385 1375 quod
1406 1341 1493 1369 Filius
1512 1344 1553 1370 est
1572 1343 1602 1370 in
1619 1345 1699 1371 Patre
1714 1351 1762 1371 ra-

992 1384 1070 1411 tione
1086 1385 1218 1419 ejusdem
1233 1387 1376 1421 essentiae,
1399 1390 1426 1415 et
1449 1388 1531 1423 quod
1551 1391 1593 1416 est
1607 1390 1687 1425 apud
1708 1392 1761 1418 Pa·

991 1431 1065 1457 trem
1088 1431 1200 1459 ratione
1225 1432 1366 1460 distinctae
1389 1441 1534 1468 personae.
1563 1437 1615 1462 Per
1639 1436 1695 1463 11οο
1722 1437 1761 1464 ad

991 1475 1087 1510 aliud,
1104 1477 1175 1512 quia
1193 1477 1223 1504 in
1239 1479 1320 1505 Patre
1335 1481 1376 1506 est
1392 1480 1559 1514 auctoritas,
1571 1481 1638 1508 ideo
1655 1482 1760 1510 dicitur

990 1521 1117 1549 Verbum
1129 1530 1189 1550 esse
1204 1523 1284 1558 apud
1298 1524 1395 1559 ipsum
1410 1527 1532 1553 Patrem.
1544 1528 1638 1562 Etper
1652 1528 1708 1555 hoc
1720 1528 1759 1556 ad

989 1566 1089 1595 aliud:
1108 1569 1168 1596 haec
1181 1569 1259 1596 enim
1274 1571 1440 1606 praepositio
1450 1593 1457 1605 ,
1478 1572 1538 1604 Ad,
1555 1572 1676 1601 denotat
1690 1582 1759 1609 pro—

988 1621 1117 1648 cessum,
1132 1614 1190 1642 sive
1205 1618 1336 1650 motum,
1353 1618 1403 1652 qui
1422 1625 1483 1645 non
1502 1618 1580 1646 cadit
1594 1619 1625 1646 in
1640 1619 1757 1647 divinis.

988 1661 1019 1686 Et
1038 1668 1091 1695 per
1109 1660 1165 1688 hoc
1187 1662 1226 1689 ad
1246 1670 1387 1698 sequens:
1408 1664 1478 1699 quia
1496 1664 1558 1692 haec
1573 1665 1757 1700 praepositio,

987 1707 1075 1740 apud,
1098 1707 1211 1735 nnllam
1238 1708 1307 1736 dicit
1328 1710 1490 1738 motionem
1509 1711 1539 1738 in
1561 1712 1683 1747 divinis,
1705 1712 1757 1740 sed

987 1752 1127 1780 abstrahit
1143 1753 1180 1780 ab
1196 1754 1277 1781 omni
1292 1755 1432 1783 motione.

1022 1800 1053 1825 Et
1067 1799 1199 1834 sequitur
1214 1800 1297 1828 tertia
1312 1801 1444 1829 clausula
1458 1811 1464 1829 :
1480 1804 1515 1829 Et
1530 1804 1598 1831 Deus
1613 1806 1671 1831 erat
1689 1806 1755 1832 Ver-

985 1845 1054 1872 bum.
1071 1845 1126 1872 Sed
1138 1847 1287 1881 quaeritur,
1301 1855 1369 1875 cum
1381 1849 1416 1875 sit
1431 1849 1617 1877 manifestum
1626 1851 1755 1879 Verbum

985 1898 1046 1918 0550
1063 1893 1152 1919 Deum
1168 1901 1204 1920 ex
1219 1893 1314 1928 prima
1330 1895 1473 1929 clausula,
1495 1904 1563 1923 cum
1579 1896 1703 1924 dicitur:
1722 1899 1754 1924 In

982 1939 1119 1973 principio
1133 1942 1191 1966 erat
1205 1940 1331 1974 Verbum,
1342 1941 1458 1969 videtur
1470 1942 1552 1978 quod
1564 1942 1642 1970 istud
1654 1952 1754 1979 super-

983 1983 1064 2011 fluat.
1093 1986 1126 2012 Et
1151 1985 1190 2012 ad
1218 1985 1296 2014 istud
1322 1988 1565 2023 respondendum
1590 1991 1751 2018 secundum

983 2030 1224 2066 chrysostomum
1236 2033 1266 2067 ¹²,
1275 2034 1357 2068 quod
1368 2034 1425 2062 hoc
1435 2035 1483 2069 ait,
1496 2038 1527 2063 ut
1539 2044 1599 2064 non
1610 2037 1752 2065 existimet

982 2077 1048 2112 quis
1063 2077 1209 2104 minorem
1231 2086 1291 2105 esse
1308 2079 1489 2108 divinitatem
1509 2082 1582 2109 Filii.
1598 2084 1630 2110 Et
1649 2083 1678 2110 in
1695 2084 1751 2110 hoc

982 2122 1147 2150 confutatur
1168 2132 1249 2152 error
1267 2125 1437 2161 Porphyrii,
1459 2128 1509 2162 qui
1530 2129 1629 2163 posuit
1647 2129 1750 2156 Filium
1778 2153 1791 2172 ii

981 2176 1042 2196 esse
1064 2169 1094 2196 in
1117 2169 1266 2197 intellectu
1292 2171 1390 2205 Patris,
1411 2174 1438 2200 et
1459 2181 1519 2200 non
1541 2176 1631 2202 Deum
1653 2175 1750 2210 ipsum

981 2215 1119 2242 eumdem
1139 2215 1170 2242 in
1193 2217 1332 2251 05500110,-
1355 2218 1391 2245 de
1415 2227 1475 2253 quo
1496 2228 1594 2248 errore
1614 2223 1749 2256 Augusti-

979 2268 1035 2288 nus
1044 2262 1065 2278 ¹⁸
1077 2270 1104 2288 t«
1115 2262 1264 2297 Praedicas,
1276 2263 1380 2298 inquit,
1396 2266 1508 2292 Patrem
1521 2268 1548 2293 et
1559 2267 1621 2302 eJus
1634 2268 1748 2303 Filium,

979 2316 1069 2343 quem
1086 2317 1175 2337 vocas
1196 2311 1351 2344 paternum
1373 2311 1571 2348 intellectum,
1595 2316 1623 2341 01
1641 2315 1747 2342 horum

978 2355 1110 2382 medium
1125 2356 1263 2391 Spiritum
1276 2359 1425 2392 sanctum,
1441 2360 1468 2385 et
1483 2367 1564 2387 more
1580 2362 1680 2389 nostro
1695 2370 1748 2397 ap-

977 2402 1069 2437 pellas
1091 2404 1146 2429 tres
1174 2402 1255 2430 deos.
1276 2414 1288 2428 >1
1309 2404 1428 2432 Notatur
1448 2412 1518 2440 ergo
1541 2406 1588 2433 hic
1611 2407 1747 2436 identitas

978 2485 1090 2515 ¹¹..loan
1109 2487 1304 2516 xiv,10.—¹⁹
1322 2487 1401 2519 Chrys
1404 2490 1462 2519 ost„
1478 2497 1503 2513 tn
1519 2491 1599 2519 loun„
1616 2491 1686 2516 hom.
1707 2498 1746 2523 111,

976 2520 1007 2545 ai
1024 2527 1058 2551 iv,
1074 2528 1100 2544 n.
1116 2523 1140 2544 3.
1153 2522 1218 2539 -13
1230 2523 1305 2553 Aug,
1320 2522 1349 2546 de
1364 2523 1440 2548 civit.
1457 2525 1513 2556 Dei,
1529 2525 1571 2549 lib.
1588 2526 1618 2557 X,
1634 2534 1655 2550 0.
1672 2533 1744 2557 xxix,

976 2562 1002 2578 ι1.
1019 2557 1041 2579 1.

1007 2604 1039 2633 (α)
1051 2603 1111 2626 Caet.
1120 2603 1182 2627 edat.
1192 2605 1386 2630 omnimoda.—
1394 2606 1617 2638 (b)1ntelligere.—
1630 2607 1657 2637 (c)
1666 2607 1743 2637 quod.

976 2651 1006 2656 -
1021 2639 1057 2669 (cl)
1073 2639 1250 2665 aeternitatem.
1266 2654 1292 2658 -
1311 2642 1339 2671 (e)
1357 2642 1420 2666 item
1434 2643 1554 2667 Jounncs.

1801 2093 1867 2113 Error

1777 2123 1870 2148 Porphy<

1766 2184 1856 2204 futatus.

1790 2412 1866 2433 Identi-
