1987 3032
202 201 263 230 330
725 198 938 230 EVANGELII
960 199 1097 231 SANCTl
1119 200 1281 233 JOANNIS

201 266 258 293 est:
271 264 396 300 qualiter
410 272 481 300 ergo
495 265 535 293 ait
543 266 641 301 prius:
658 266 754 292 Omnia
763 265 947 293 demonstrat?
956 276 969 291 »

201 313 233 339 Et
254 311 292 338 ad
311 311 389 339 istud
410 311 651 347 respondendum
675 311 839 339 secundum
858 314 971 346 Augus-

200 357 310 390 tinum,
328 359 358 384 ut
380 359 421 384 est
440 358 470 384 in
491 357 611 385 Glossa:
638 359 718 385 «Pro
734 359 816 393 parte
836 358 972 385 demons-

200 405 275 431 trare
292 405 404 431 Patrem
421 404 506 438 Filio,
528 406 569 431 est
588 406 692 431 cuneta
711 412 763 439 per
784 404 887 431 Filium
901 413 970 440 ope-

199 450 267 478 rari.
280 460 293 476 »
307 450 391 484 Quod
407 458 476 477 vero
491 450 530 478 ait
544 459 550 478 :
567 452 777 485 Demonst-rabtt,
788 451 844 478 hoc
855 454 896 478 est
908 452 970 479 ‹lie-

200 497 278 523 tum:
294 497 402 530 MaJ'ora
412 504 465 531 per
484 504 552 523 eum
566 496 660 531 faciet,
676 497 750 525 sieut
764 499 895 525 mortuos
910 506 971 525 sus-

200 542 303 570 citare:
317 542 399 577 quod
414 544 456 569 est
468 543 572 577 majus,
584 551 675 578 quam
686 543 843 578 languidos
855 552 969 572 curare.

200 590 232 616 Et
252 596 305 623 per
327 588 384 615 1100
404 589 483 623 patet
499 589 606 616 solutio
628 589 666 616 ad
689 589 823 624 objecta,
845 598 970 626 quaeque

199 635 322 669 possunt
343 633 442 668 objici.
460 634 487 661 Si
505 635 583 662 enim
602 635 689 662 Filius
704 635 777 663 nihil
791 638 900 671 potest,
916 636 971 664 nisi

201 681 283 717 quod
299 681 405 709 viderit
419 683 532 710 Patrem
554 682 724 717 facientem,
742 685 769 711 et
783 683 806 710 si
821 684 903 711 Pater
919 683 970 711 de-

200 729 342 755 monstrat
357 727 445 762 Filio,
461 728 584 763 qualiter
599 729 684 756 Filius
699 731 836 765 operatur
855 730 971 764 omnia,

201 781 266 809 quoe
281 775 308 801 et
323 775 424 802 Pater?
440 774 520 802 Prius
535 774 613 802 enim
624 777 666 802 est
679 783 752 809 esse,
763 784 852 811 quam
864 775 969 807 videri,

200 820 249 847 vel
273 820 484 848 demonstrare.
509 823 541 848 Et
565 821 603 849 ad
626 821 703 849 istud
728 822 971 857 respondendum

201 868 257 899 est,
277 867 350 894 sicut
368 867 459 902 tangit
477 867 591 901 Glossa,
613 867 695 903 quod
716 868 746 895 in
764 868 809 895 his
829 868 972 896 disseren-

202 912 247 940 dis
262 913 298 949 (a)
314 912 366 940 illo
383 920 489 947 genere
504 913 647 949 loquendi
662 913 762 948 utitur,
781 921 841 949 quo
860 922 970 949 parvu-

201 958 299 986 lorum
319 961 431 986 mentes
452 959 543 995 possit
563 959 703 994 excitare,
731 961 759 987 et
779 968 839 996 quo
861 963 973 988 mentes

201 1005 371 1032 adultorum
395 1007 607 1034 exercerentur.
635 1006 711 1034 Licet
734 1014 803 1041 ergo
830 1006 859 1033 in
883 1007 972 1035 rebus

200 1051 337 1079 humanis
352 1053 451 1086 posset
465 1052 555 1086 objici
570 1052 606 1079 de
622 1052 771 1088 prioritate
787 1055 814 1080 et
828 1053 970 1088 posterio-

201 1097 294 1131 ritate,
310 1105 370 1125 non
385 1099 483 1125 tamen
496 1098 527 1125 in
538 1098 655 1132 divinis,
666 1100 697 1125 ut
708 1098 903 1134 praehabitum
919 1101 970 1133 est,

202 1143 254 1170 ubi
269 1145 311 1171 est
324 1143 460 1171 identitas
475 1144 613 1179 essentiae,
627 1146 659 1171 ut
672 1146 752 1180 patet
767 1153 803 1172 ex
819 1145 901 1172 dietis
916 1147 973 1173 Au-

203 1190 309 1224 gustini
328 1190 418 1225 prius,
436 1192 467 1217 Et
487 1191 555 1226 quia
577 1191 704 1218 dixerat:
724 1192 831 1226 Majora
853 1192 972 1219 demons-

203 1236 302 1266 trabit,
323 1236 440 1263 subdit:
462 1238 494 1263 {ft
509 1245 553 1263 vos
571 1239 721 1271 miremini,
737 1237 845 1265 scilieet
859 1238 895 1265 de
911 1246 972 1265 ma-

202 1281 354 1316 gnitudine
369 1290 508 1317 operum,
527 1291 592 1318 quae
606 1283 674 1310 facit
690 1283 790 1317 Filius,
805 1286 836 1310 ut
852 1284 926 1311 infra
942 1285 949 1300 ¹
964 1294 970 1312 ε

205 1328 320 1355 «Multa
339 1328 420 1355 bona
441 1336 532 1364 opera
551 1329 664 1356 ostendi
684 1329 780 1357 vobis.
795 1339 808 1355 »
829 1331 860 1356 Et
880 1330 972 1365 speci-

203 1374 267 1401 ficat
280 1373 330 1401 illa
345 1382 435 1409 opera
452 1375 495 1410 (v.
511 1375 578 1410 21):
594 1375 669 1402 Sicut
681 1377 751 1402 enim
765 1377 846 1402 Pater
860 1378 973 1403 suscitat

202 1422 334 1454 mortuos,
349 1420 458 1448 scilieet
472 1421 501 1448 in
516 1421 625 1454 anima,
641 1421 680 1449 ait
694 1422 811 1449 Glossa:
827 1423 872 1450 Sic
889 1425 913 1449 el
928 1424 973 1449 Fi-

204 1467 256 1493 lius
271 1474 335 1501 quos
352 1468 422 1501 vult,
444 1475 505 1494 non
522 1467 609 1501 01105,
632 1468 702 1503 quia
718 1468 822 1495 eadem
838 1469 973 1496 voluntas

204 1514 232 1540 et
246 1513 351 1540 eadem
363 1516 504 1549 potestas-2,
526 1516 554 1542 et
568 1515 673 1542 eadem
691 1515 865 1549 vivificatio,
886 1518 974 1550 prout

203 1559 242 1587 ait
256 1560 433 1594 Augustinus
447 1561 467 1594 ²,
483 1562 510 1588 et
524 1563 565 1588 est
579 1561 609 1588 in
621 1563 730 1589 Glossa.
747 1563 757 1578 ³
772 1572 785 1587 «
802 1564 906 1589 Parum
922 1564 973 1596 est,

204 1607 235 1632 ut
249 1606 287 1633 sis
302 1606 374 1633 mihi
385 1614 485 1634 servus
496 1607 535 1634 ad
545 1607 726 1635 suscitandas
740 1608 832 1635 tribus
843 1609 943 1636 Jacob.
956 1618 969 1634 n

204 1653 236 1679 Et
250 1652 286 1679 de
301 1652 358 1679 1100
376 1652 468 1680 verbo
490 1653 520 1680 in
537 1653 693 1681 collatione
712 1655 908 1690 praedicabili,
929 1655 974 1682 in-

203 1698 248 1726 fra
261 1697 279 1723 ⁴.
296 1698 352 1725 Sed
368 1699 506 1734 quaeritur
520 1708 527 1726 ε
546 1701 577 1727 111
593 1700 730 1727 omnibus
743 1701 888 1736 praedictis
902 1709 973 1736 pro-

204 1744 399 1780 positionibus
414 1745 467 1779 ait,
483 1753 599 1780 semper
613 1746 718 1773 Filium
732 1746 826 1774 facere
841 1755 892 1781 ea,
908 1756 973 1782 quse

204 1790 273 1818 facit
290 1792 390 1818 Pater:
411 1791 463 1818 sed
479 1793 561 1820 Pater
577 1795 695 1827 generat
710 1792 813 1820 Filium
827 1802 834 1820 ;
856 1801 927 1828 ergo
947 1796 975 1821 et

204 1837 292 1864 Filius
308 1840 427 1872 generat
441 1838 554 1865 Filium.
571 1840 601 1865 Et
613 1839 636 1865 si
651 1839 875 1874 respondeatur,
891 1840 974 1875 quod

205 1891 344 1917 generare
375 1884 444 1911 dicit
471 1892 576 1919 puram
602 1885 789 1920 relationem,
820 1885 972 1920 objicitur,

205 1929 287 1964 quod
305 1930 387 1957 Pater
406 1930 491 1957 mittit
509 1930 632 1958 Filium:
654 1939 724 1966 ergo
741 1934 768 1958 et
786 1931 873 1959 Filius
889 1932 974 1959 mittit

205 1974 324 2002 Filium:
338 1975 449 2003 mittere
465 1976 543 2003 enim
555 1976 624 2004 dicit
638 1977 793 2005 actionem.
806 1980 837 2005 Et
847 1978 885 2005 ad
896 1978 973 2005 istud

204 2021 398 2056 respondetur
419 2022 638 2057 magistraliter,
666 2024 749 2058 quod
774 2024 910 2059 quaedam
931 2024 974 2051 (11-

205 2068 273 2093 cunt
287 2074 393 2102 puram
414 2068 599 2102 relationem,
616 2071 647 2096 ut
666 2077 806 2104 generare
813 2079 820 2104 ;
838 2070 974 2105 quaedam

204 2121 309 2148 puram
328 2114 489 2148 actionem,
506 2117 536 2142 ut
551 2123 649 2143 creare
665 2117 692 2142 et
705 2115 800 2143 faeere
809 2125 817 2150 3
837 2116 974 2151 quaedam

204 2167 275 2187 vero
291 2161 459 2195 utrumque,
474 2163 506 2188 ut
519 2161 645 2196 mittere;
661 2161 798 2197 quaedam
814 2162 914 2189 dicunt
928 2171 974 2190 ae-

204 2205 316 2233 tionem
335 2207 362 2233 et
381 2206 641 2242 significationem,
660 2208 733 2235 sieut
751 2216 903 2244 apparere.
921 2210 974 2236 Ra-

206 2253 283 2280 tione
304 2261 374 2288 ergo
390 2254 512 2282 actionis
526 2262 629 2282 verum
651 2256 708 2289 est,
725 2255 807 2290 quod
829 2263 974 2290 (1010011111-

207 2306 264 2333 que
285 2298 352 2327 facit
370 2301 463 2334 Pater,
485 2300 553 2328 facit
574 2302 601 2328 et
618 2300 714 2328 Filius.
738 2301 818 2328 Unde
842 2302 975 2336 Augusti-

207 2352 262 2371 nus
272 2345 315 2372 52«
326 2346 415 2373 Patris
425 2348 452 2373 et
463 2346 525 2373 Filii
538 2348 605 2374 sunt
616 2347 824 2382 inseparabilia
832 2355 932 2382 opera,
945 2350 976 2375 ut

208 2389 250 2417 illi
266 2390 508 2426 inseparabiles»
523 2392 597 2420 Infra
611 2391 621 2408 ὅ
633 2402 659 2420 :«
671 2395 730 2428 Ego
746 2395 773 2420 et
787 2395 868 2421 Pater
882 2401 975 2421 unum

240 2486 247 2502 ¹
265 2485 321 2515 1nf.‚
337 2492 362 2516 x,
383 2488 420 2510 32.
438 2500 469 2504 —-
485 2488 493 2501 ²
511 2489 586 2519 Aug„
604 2489 645 2512 ubi
664 2496 731 2519 sup.y
751 2497 778 2513 n,
799 2491 820 2513 5.
840 2502 870 2507 —
889 2489 898 2505 ³
916 2490 974 2516 lm..

209 2526 284 2551 xmx,
300 2522 323 2544 6.
340 2534 366 2537 —
383 2522 390 2534 ⁴
406 2521 463 2545 Vid.
481 2522 579 2551 collat„
597 2529 676 2548 xxvii.
692 2537 720 2541 —
734 2525 742 2538 ⁵
762 2526 835 2554 Aug„
852 2525 877 2547 in
895 2524 954 2547 Jotm
968 2541 974 2552 ‚

209 2557 279 2579 tract.
299 2561 348 2583 xx,
364 2563 389 2579 n.
412 2558 433 2579 3.
451 2569 479 2574 —-
497 2557 577 2587 ⁶1ns.,
593 2564 622 2587 x,
641 2560 679 2582 30.
695 2571 724 2577 -
739 2560 746 2574 ⁷
760 2561 836 2590 Aug..
853 2559 894 2582 ubi
908 2566 975 2589 sup„

208 2597 233 2614 n.
249 2593 271 2614 4.
285 2604 315 2608 —
329 2591 339 2608 ⁸
352 2591 425 2622 ibid„
439 2599 466 2616 u.
482 2594 504 2615 6.
520 2605 550 2610 —-
564 2594 713 2623 ’ln1'.,x1v,
731 2597 766 2620 ¹0.
783 2608 814 2613 --
828 2596 846 2612 ¹⁰
860 2596 935 2625 Aug„
950 2596 975 2618 ιἰι

208 2626 286 2656 Joan„
302 2628 374 2650 tract.
390 2633 444 2658 xxi,
456 2634 482 2652 n.
498 2630 521 2652 5.
534 2641 560 2646 ——
577 2629 584 2644 ¹
609 2629 682 2660 lbid.,
698 2637 721 2654 11.
739 2632 800 2655 8.-
817 2630 834 2646 ⁸³
849 2632 921 2661 Sup„
937 2636 975 2660 111,

1026 274 1137 295 snmuS.
1153 277 1166 293 n
1183 269 1328 302 Quantum
1343 278 1414 298 vero
1429 270 1468 298 ad
1483 270 1514 298 id
1529 270 1612 305 quod
1626 272 1667 298 est
1680 270 1794 299 relatio-

1026 314 1086 347 nis,
1103 322 1162 342 non
1181 317 1274 343 tenet:
1292 319 1319 344 et
1337 317 1404 344 ideo
1420 317 1506 344 Filius
1520 317 1614 352 potuit
1634 317 1794 351 incarnari,

1027 361 1109 388 Pater
1121 369 1192 388 non.
1205 362 1247 389 Ad
1262 363 1440 390 evidentiam
1452 363 1608 396 dictorum,
1624 362 1796 398 recapitulat

1026 408 1202 441 Augustinus
1216 409 1353 444 quaedam
1369 409 1464 436 utilia:
1481 409 1520 436 ait
1534 409 1611 436 enim
1621 410 1630 426 ⁷
1645 417 1795 444 exponens

1026 453 1098 481 illud
1112 463 1118 481 z
1131 455 1190 482 Non
1203 456 1289 489 potest
1300 455 1387 481 Filius
1395 456 1481 487 facere
1493 455 1651 490 quidquam,
1659 457 1714 482 uisi
1725 456 1795 490 quod

1026 500 1126 526 viderit
1139 501 1243 527 Patrem
1253 502 1350 534 facere,
1362 501 1432 535 quia
1444 501 1590 536 quidquid
1602 501 1692 528 habet
1708 501 1795 528 Filius

1026 547 1057 572 ut
1071 545 1167 579 saciat,
1178 545 1235 573 1100
1248 546 1338 573 habet
1351 554 1368 573 a
1384 548 1478 573 Patre:
1491 547 1561 582 quia
1571 555 1589 574 a
1603 549 1684 574 Patre
1695 547 1794 581 habet,

1027 593 1059 618 ut
1073 591 1118 626 sit,
1129 593 1156 618 et
1171 600 1188 619 a
1202 594 1282 620 Patre
1293 592 1382 619 habet
1399 594 1428 619 ut
1442 592 1543 628 possit.
1557 593 1627 620 Filio
1643 596 1740 621 autem
1753 596 1796 621 est

1026 637 1107 664 idem
1122 645 1193 672 esse,
1205 638 1287 673 quod
1302 646 1404 674 posse:
1423 641 1449 666 et
1464 638 1534 674 quia
1548 646 1608 666 non
1622 639 1710 666 Filius
1725 641 1795 668 esta

1027 691 1071 718 se,
1094 691 1154 711 11011
1173 686 1266 719 potest
1292 692 1309 711 a
1327 693 1366 711 se.
1391 686 1460 712 Item
1482 685 1606 720 opponit
1624 685 1793 713 haereticus:

1027 729 1115 757 Filius
1133 738 1194 758 non
1212 731 1285 758 vidit
1301 732 1414 758 Patrem
1435 731 1587 758 ambulare
1607 739 1695 766 super
1715 739 1796 759 mare

1027 776 1168 812 pedibus,
1193 778 1219 803 et
1235 779 1332 804 tamen
1354 777 1416 812 ipse
1441 776 1620 804 ambulavit:
1645 785 1716 812 ergo
1730 785 1797 813 pro·

1026 823 1134 858 positio
1148 823 1230 850 falsa.
1249 825 1280 850 Et
1298 822 1337 850 ad
1352 823 1407 850 1100
1418 822 1576 858 respondet
1590 823 1766 858 Augustinus
1774 824 1796 858 ⁸,

1028 869 1109 904 quod
1128 879 1140 894 «
1157 877 1224 896 cum
1244 869 1332 896 Filius
1352 868 1525 896 ambulabat
1542 876 1630 904 super
1653 877 1734 897 mare
1750 869 1797 905 (b),

1028 915 1164 942 divinitas
1186 915 1380 950 gubernabat.
1398 925 1411 940 »
1427 915 1502 942 lnt'ra
1518 914 1548 942 ⁹:
1567 925 1580 939 ιι
1600 916 1682 942 Pater
1701 915 1731 942 in
1750 923 1797 943 me

1028 969 1150 988 manens
1164 961 1232 989 facit
1246 969 1347 997 opera.
1361 971 1373 986 »
1391 962 1470 996 Opus
1484 969 1554 996 ergo
1570 961 1659 988 Patris
1674 961 1728 989 fuit
1745 961 1799 989 illa

1028 1007 1204 1042 ambulatio,
1227 1008 1298 1043 quia
1321 1007 1515 1043 inseparabile
1536 1009 1578 1034 est
1596 1015 1671 1043 opus
1692 1007 1797 1035 utrius-

1028 1062 1098 1089 que:
1111 1056 1138 1081 et
1153 1054 1190 1081 ita
1205 1054 1291 1081 Filius
1305 1054 1377 1081 vidit
1390 1062 1464 1089 opus
1474 1054 1572 1081 Patris.
1583 1054 1799 1090 Opponitidem

1027 1101 1205 1134 Augustinus
1220 1100 1256 1127 de
1271 1100 1327 1127 hoe
1347 1100 1430 1135 quod
1449 1100 1502 1127 ait:
1525 1101 1621 1127 Omnia
1635 1101 1799 1129 demonstrat

1027 1147 1114 1179 Filio,·
1137 1148 1165 1173 et
1192 1148 1293 1182 postea
1319 1146 1440 1174 subdit.-
1465 1148 1572 1181 Majora
1595 1147 1795 1175 demonstrabit.

1028 1193 1099 1219 Cum
1122 1192 1260 1228 loquatur
1280 1193 1316 1220 de
1336 1193 1406 1221 Filio
1421 1194 1583 1221 secundum
1599 1193 1797 1229 divinitatem,

1026 1238 1141 1266 videtur
1156 1239 1237 1274 quod
1251 1241 1377 1274 potestas
1397 1239 1466 1267 data
1486 1240 1556 1267 Filio
1575 1248 1592 1267 a
1606 1241 1687 1267 Patre
1708 1240 1800 1275 possit

1028 1285 1211 1319 augmentari
1229 1294 1235 1311 :
1261 1287 1289 1312 et
1310 1285 1392 1320 quod
1411 1287 1492 1312 Pater
1514 1285 1565 1312 scit
1584 1286 1686 1321 plura,
1708 1293 1799 1321 quam

1028 1330 1125 1358 Filius.
1143 1331 1222 1357 Unde
1238 1331 1345 1358 elamat
1358 1331 1535 1365 Augustinus
1550 1331 1587 1358 ¹⁰:
1605 1341 1618 1356 (ι
1633 1333 1655 1359 O
1672 1331 1800 1359 Verbum

1028 1377 1094 1410 Dei,
1118 1377 1191 1412 quid
1216 1379 1258 1404 est
1281 1379 1361 1404 Pater
1385 1377 1637 1405 demonstraturus
1662 1378 1745 1413 quod
1769 1380 1800 1405 tu

1027 1423 1144 1451 nescis?
1167 1435 1179 1449 »
1202 1424 1286 1459 quasi
1306 1424 1401 1452 dieat:
1426 1424 1511 1452 Nihil.
1534 1426 1565 1451 Et
1589 1424 1626 1452 ad
1644 1424 1722 1452 istud
1742 1432 1801 1453 res-

1027 1470 1139 1504 pondet
1153 1471 1331 1505 Augustinus
1344 1470 1468 1506 ¹¹,qu0d
1482 1478 1580 1497 «unus
1595 1470 1696 1504 homo,
1713 1473 1801 1506 caput

1028 1518 1055 1543 et
1070 1516 1214 1543 membra.
1230 1526 1243 1541 »
1261 1517 1353 1551 Supra
1367 1515 1387 1532 ¹²
1399 1525 1405 1543 :
1419 1526 1432 1541 «
1447 1518 1536 1543 Nemo
1554 1517 1685 1544 ascendit
1699 1517 1729 1544 in
1744 1525 1800 1544 003-

1027 1561 1100 1595 111111,
1112 1562 1166 1588 nisi
1178 1562 1229 1597 qui
1242 1562 1278 1589 de
1292 1562 1366 1589 coelo
1380 1562 1541 1590 descendit.
1553 1572 1566 1588 »
1578 1562 1626 1590 llle
1637 1565 1734 1598 caput,
1745 1570 1800 1591 nos

1027 1608 1175 1642 membra3
1200 1610 1275 1635 totus
1294 1609 1401 1640 homo,
1424 1608 1473 1636 ille
1495 1610 1522 1636 et
1545 1617 1609 1636 nos.
1632 1610 1705 1636 Cum
1727 1617 1798 1644 ergo

1028 1654 1208 1681 demonstrat
1222 1656 1302 1682 Pater
1316 1654 1471 1688 membris,
1489 1656 1514 1681 et
1535 1654 1646 1682 Christo
1662 1655 1800 1683 demons—

1027 1702 1091 1727 trat.
1109 1701 1140 1727 Et
1161 1702 1201 1727 est
1222 1700 1296 1727 mira
1310 1708 1356 1727 res
1372 1709 1378 1727 :
1397 1700 1557 1727 ostenditur
1572 1700 1702 1733 Christo,
1717 1700 1799 1736 quod

1028 1748 1150 1773 noverat
1178 1746 1324 1780 Christus3
1358 1748 1385 1773 et
1418 1746 1580 1774 ostenditur
1607 1746 1718 1774 Christo
1746 1754 1800 1782 per

1029 1792 1172 1820 Christum
1182 1813 1191 1826 ‚
1207 1792 1277 1827 quia
1290 1792 1432 1819 membris
1446 1800 1498 1827 per
1516 1793 1613 1828 caput.
1630 1794 1662 1820 Et
1676 1800 1728 1827 per
1742 1792 1799 1820 hoc

1028 1838 1067 1865 ad
1083 1838 1212 1873 objecta,
1233 1838 1303 1873 quia
1322 1838 1454 1873 loquitur
1475 1837 1512 1865 de
1534 1838 1799 1873 demonstratione,

1029 1892 1094 1919 quae
1109 1884 1140 1911 fit
1153 1884 1303 1911 membris
1320 1886 1359 1911 Ex
1379 1884 1463 1912 dictis
1479 1884 1565 1911 datur
1580 1884 1748 1919 exemplum
1760 1884 1796 1911 fi-

1029 1930 1158 1964 delibus,
1178 1938 1238 1957 non
1258 1930 1384 1958 faciendi
1405 1930 1480 1964 alia,
1504 1938 1595 1966 quam
1615 1938 1680 1966 quae
1697 1930 1800 1958 vident

1029 1978 1142 2004 Patrem
1157 1977 1268 2011 facere,
1285 1977 1323 2004 ad
1336 1976 1529 2004 imitationem
1544 1977 1607 2004 Filii
1623 1977 1662 2004 ¹³:
1679 1986 1692 2002 t(
1705 1978 1798 2004 Estote

1028 2023 1247 2057 misericordes,
1271 2023 1343 2050 sieut
1364 2026 1391 2050 et
1414 2025 1494 2050 Pater
1518 2026 1612 2050 vester
1633 2023 1798 2051 misericors

1029 2071 1079 2096 est.
1096 2079 1108 2094 »
1126 2069 1169 2096 Sic
1185 2069 1263 2096 enim
1279 2071 1363 2096 erunt
1382 2077 1473 2104 opera
1494 2069 1642 2104 regulata,
1659 2071 1686 2096 et
1703 2071 1796 2103 recta,

1029 2117 1056 2142 et
1070 2123 1180 2142 secura.
1190 2115 1209 2130 ¹³
1228 2125 1241 2140 «
1256 2116 1348 2142 Estote
1364 2115 1522 2142 imitatores
1538 2115 1600 2149 Dei,
1617 2115 1690 2142 sieut
1705 2118 1731 2143 et
1745 2115 1798 2142 filii

1029 2161 1179 2188 carissimi.
1195 2171 1207 2187 »
1224 2162 1344 2196 Maj0res
1359 2162 1437 2188 enim
1455 2163 1522 2188 sunt
1536 2161 1687 2195 imitandi,
1703 2161 1799 2196 inquit

1027 2207 1137 2235 Tullius
1151 2208 1171 2234 ⁶.
1189 2207 1315 2240 Qualiter
1332 2209 1430 2234 autem
1447 2208 1519 2234 Deus
1539 2207 1719 2234 demonstrat
1736 2214 1798 2234 ere-

1029 2254 1165 2281 dentibus
1181 2262 1271 2289 opera
1284 2261 1408 2288 magna,
1429 2253 1562 2280 habitum
1576 2255 1617 2280 est
1631 2252 1669 2280 ab
1687 2255 1798 2287 Augus-

1029 2301 1089 2327 tino
1102 2301 1122 2327 ὅ.
1136 2301 1167 2327 Et
1181 2300 1236 2327 hoc
1252 2307 1304 2335 per
1318 2300 1415 2334 ipsum
1429 2299 1533 2325 Filium
1550 2298 1598 2326 Dei
1611 2298 1660 2326 ille
1675 2306 1750 2334 opus
1763 2298 1798 2335 (c)

1029 2349 1081 2380 est,
1097 2348 1172 2374 infra
1186 2348 1214 2374 ⁷:
1231 2356 1244 2372 «
1259 2346 1401 2382 Operibus
1417 2345 1534 2373 credite.
1551 2355 1564 2371 n

1064 2395 1108 2420 22.
1120 2395 1152 2420 Et
1161 2393 1292 2428 sequitur
1299 2392 1349 2420 illa
1358 2392 1511 2428 particula,
1522 2391 1553 2418 in
1563 2399 1621 2427 qua
1631 2389 1797 2426 explanatio

1031 2477 1068 2500 13.
1080 2489 1109 2494 —-
1124 2475 1147 2492 ¹³
1160 2475 1225 2503 Luc„
1242 2481 1276 2506 vi,
1294 2476 1332 2498 36.
1345 2488 1375 2492 ——
1391 2474 1408 2491 '¹
1424 2473 1525 2504 Ephes„
1539 2478 1564 2503 ν,
1582 2474 1602 2496 1.
1616 2485 1645 2490 -
1659 2472 1679 2488 ¹⁵
1694 2472 1757 2501 Cic.,
1769 2471 1799 2495 do

1031 2512 1112 2536 Fim'b.
1134 2512 1186 2536 bon.
1211 2513 1234 2534 et
1257 2511 1358 2540 malon,
1377 2510 1420 2534 lib.
1444 2510 1462 2533 1.
1482 2521 1513 2527 --
1535 2509 1554 2525 ¹⁶
1573 2508 1648 2538 Aug„
1671 2507 1713 2530 ubi
1731 2514 1798 2538 sup.‚

1030 2554 1056 2570 u.
1073 2549 1096 2570 9.
1110 2560 1140 2564 -
1156 2547 1175 2563 ¹⁷
1192 2546 1249 2576 lus„
1264 2552 1290 2576 x,
1310 2547 1348 2569 38.

1062 2595 1095 2624 (ιι)
1117 2595 1177 2619 Caet.
1191 2595 1251 2618 edit.
1265 2593 1419 2618 differendis.
1433 2605 1464 2611 —
1481 2592 1514 2621 (b)
1530 2591 1617 2622 Suppl.
1635 2598 1694 2616 earo
1711 2591 1799 2615 ambu-

1029 2630 1106 2654 labat.
1122 2643 1152 2648 —
1167 2630 1197 2660 (c)
1214 2630 1328 2653 Fortasse
1345 2627 1474 2660 leqendum
1488 2629 1617 2658 operatus.
