1987 3032
195 184 253 212 472

232 248 276 274 ⁶25.
302 248 334 274 Et
356 248 487 284 seqnitur
509 249 638 276 secunda
659 248 816 283 particula,
841 249 872 276 in
905 257 964 285 qua

197 293 291 329 plcnae
305 293 501 329 intelligentiae
516 295 688 330 promissio:
701 296 761 322 Haec
776 297 805 322 in
819 296 965 330 proverbiis

199 341 300 367 locatus
321 348 395 375 sum,
411 342 442 368 id
457 343 517 376 est,
533 341 710 377 parabolicis
725 342 926 370 locutionibus
940 346 967 371 et

200 386 342 414 obscuris.
364 388 437 414 Venit
453 390 540 414 autem
554 388 636 422 hora,
652 396 710 414 cum
725 396 776 415 non
791 391 826 416 sit
846 389 898 416 haec
916 397 966 423 pa-

199 433 306 464 rabola,
323 434 369 460 sed
387 433 419 460 de
436 435 514 460 Patre
527 441 581 460 meo
596 435 763 461 annuntiabo
776 434 831 470 (a),
847 435 923 462 intus
938 435 969 462 in

202 478 302 513 corde,
315 487 374 506 non
389 486 469 512 aure,
484 479 524 507 ait
538 479 647 507 Glossa.
662 482 693 507 Ut
704 480 742 508 ait
757 481 934 515 Augustinus
948 484 970 516 ¹,

203 525 280 552 istud
299 527 396 560 posset
418 524 477 560 legi
499 525 536 553 de
551 525 718 560 cognitione
734 527 920 561 aenigmatica
941 528 972 554 in

203 571 251 598 via
262 591 270 605 ‚
287 572 314 598 et
327 578 388 598 non
405 571 442 598 dc
456 571 568 599 visione
583 572 672 607 plena
686 572 715 599 in
731 573 825 608 patria
841 574 886 609 (b),
902 574 972 609 quia

205 617 336 653 sequitur
350 617 392 652 (v.
409 618 456 651 26)
481 627 487 644 ε
504 620 536 645 In
556 619 603 645 illo
619 619 663 645 dic
681 620 709 645 in
730 621 837 647 nomine
852 628 907 647 meo
929 628 973 647 ro-

205 664 304 697 qabiiis
319 673 326 698 ς
342 671 410 690 cum
431 664 511 691 enim
533 665 753 699 pervenerimus
773 666 812 693 ad
830 674 973 701 regnum,

207 709 280 745 quid
294 709 411 745 petituri
426 718 527 737 sumus
538 731 546 744 ,
562 711 684 746 quando
705 712 857 739 satiabitur
874 712 904 739 in
919 712 975 740 bo-

207 757 253 784 nis
268 756 447 784 desiderium
461 758 585 785 mentis?
595 760 627 786 Et
642 759 681 786 ita
690 761 777 786 restat
788 780 796 793 ,
812 760 976 787 secundum

209 803 417 837 Augustinum‚
432 805 465 830 ut
479 803 655 839 intelligatur
674 806 755 832 Jcsus
766 826 775 838 ,
795 805 832 832 de
850 806 976 833 carnali-

209 849 266 876 bus
281 851 308 876 ct
322 849 499 876 animalibus
514 850 680 885 discipulis,
693 851 862 886 promisisse
878 859 907 879 se
922 851 979 879 fac-

211 896 309 922 turum
328 895 502 930 spirituales.
522 896 681 924 proverbia
697 897 775 924 enim
795 899 881 931 sunt,
904 906 980 932 quae—

213 949 340 976 cumque
352 941 428 968 dieta
443 941 590 976 sapientiae
605 942 642 970 de
656 943 831 978 incorporea
845 944 981 972 immuta-

212 986 326 1022 bilique
341 987 503 1014 substantia
520 996 526 1014 :
549 995 610 1018 non
630 988 713 1024 quod
737 997 772 1016 ea
789 989 819 1024 (c)
840 991 982 1025 tanquam

212 1032 372 1068 proverbia
387 1032 521 1068 deputet3
542 1034 594 1061 sed
609 1034 679 1069 quia
698 1034 738 1061 sic
760 1035 883 1070 cogitat,
908 1044 981 1070 quo-

214 1078 306 1106 modo
322 1078 373 1113 qui
388 1079 547 1113 proverbia
561 1080 656 1107 solent
677 1081 778 1108 audire
795 1084 881 1117 atque
901 1082 983 1110 intel-

215 1124 315 1159 ligere.
332 1123 342 1138 ²
359 1125 527 1159 Sapientiam
551 1127 685 1160 loquimur
704 1128 775 1153 inter
796 1130 934 1162 perfec-[03.
953 1130 985 1156 Et

217 1170 348 1205 sequitur
362 1180 367 1197 :
379 1172 433 1198 Nos
445 1173 572 1205 spiritum
588 1175 745 1206 acrepimus‚
754 1182 806 1200 non
815 1174 893 1207 liujus
907 1182 984 1201 mun-

217 1216 262 1249 di,
278 1216 324 1242 scd
338 1217 386 1250 qui
408 1225 440 1243 ew
459 1218 510 1244 Deo
531 1221 570 1244 esi
585 1239 594 1252 ,
615 1220 804 1252 spiritualibus
825 1221 986 1254 spiritualia

217 1265 398 1296 comparantes
407 1284 415 1297 ,
431 1265 484 1290 etc.
497 1265 528 1290 Et
543 1263 584 1290 ibi
599 1264 674 1291 bene
687 1264 723 1293 de
734 1265 790 1292 hoc
799 1266 984 1299 Augustinus.

219 1309 253 1334 Et
273 1316 323 1334 non
344 1309 419 1343 dico,
449 1311 514 1343 qaia
534 1311 630 1343 rogabo
660 1312 775 1338 Patrem.
804 1312 986 1346 Exponendo

219 1354 297 1381 enim
312 1354 390 1381 istud
405 1355 442 1382 de
456 1357 531 1383 statu
552 1356 669 1390 gloriae,
683 1357 807 1392 planum
821 1360 880 1391 est,
905 1358 988 1393 quod

221 1402 287 1427 tunc
296 1408 356 1428 non
365 1401 558 1436 rogabitsicut
569 1403 714 1430 mediator
721 1403 759 1430 ad
770 1404 988 1438 redimendum,

220 1446 294 1474 sicut
317 1446 370 1474 fuit
393 1447 423 1474 in
442 1447 500 1475 vita
521 1448 592 1483 ista,
613 1449 684 1484 quia
699 1449 751 1476 erit
775 1450 812 1484 (d)
835 1450 989 1477 exauditor

221 1502 287 1520 cum
299 1496 388 1521 Patre.
406 1494 473 1521 ldeo
487 1495 617 1530 sequitur
627 1496 666 1530 (v,
683 1497 728 1530 ⁶27)
739 1505 744 1522 :
756 1497 827 1528 Quia
837 1498 894 1530 ipsc
911 1499 989 1524 Pater

221 1542 294 1566 amat
308 1548 363 1573 vos,
380 1539 453 1566 dans
467 1540 550 1567 vobis
566 1541 712 1568 desideria
726 1544 820 1569 vestra
835 1544 862 1569 et
877 1543 988 1577 petitio-

223 1594 288 1619 nes,
302 1588 332 1613 ut
345 1588 386 1613 est
400 1587 583 1622 praemissum
600 1597 606 1614 :
624 1589 657 1614 Et
673 1589 738 1622 qaia
753 1596 796 1615 vos
811 1597 851 1615 mo
866 1592 988 1623 anzasiis,

222 1632 342 1664 affectu,
358 1635 381 1658 ct
399 1633 554 1659 credidistis
568 1633 734 1666 intellectu,
749 1636 814 1668 quia
834 1643 850 1660 a
868 1637 918 1661 fico
933 1637 990 1661 ecci-

222 1680 266 1712 vi,
280 1678 397 1706 veniens
411 1678 441 1705 in
456 1679 613 1712 mundum,
627 1687 644 1706 a
658 1688 718 1714 quo
734 1688 810 1713 suni,
826 1680 865 1707 ait
880 1681 990 1708 Glossa.

222 1726 255 1752 Et
269 1724 408 1759 explanat
422 1725 562 1760 magis(v.
578 1726 622 1759 ⁶28)
638 1735 643 1752 :
660 1726 743 1752 Eaeivi
757 1734 773 1752 a
785 1728 877 1760 Patre,
893 1730 918 1754 et
932 1729 993 1754 veni

224 1771 393 1797 inmundam
415 1779 421 1797 z
439 1771 476 1798 ita
500 1772 598 1798 tamen
621 1774 652 1798 ut
674 1780 734 1798 non
758 1772 871 1800 deserat
894 1774 924 1808 (e)
941 1775 993 1801 Pa-

224 1819 297 1843 trem
315 1826 320 1843 :
337 1818 438 1844 Iterum
457 1818 578 1852 relinquo
597 1819 741 1851 mandam,
761 1820 792 1845 ut
814 1826 874 1846 non
894 1821 993 1846 tamen

227 1863 360 1890 deseram
384 1863 540 1897 mundum,
561 1864 600 1890 ait
622 1865 798 1898 Augustinus
822 1866 831 1881 ³
855 1866 994 1893 :«Exivit

225 1917 243 1936 a
259 1911 339 1936 Patre
351 1930 360 1943 ,
376 1910 446 1944 quia
461 1909 497 1937 de
522 1910 572 1937 illo
592 1913 634 1937 est
649 1920 655 1937 :
673 1911 702 1937 in
727 1911 873 1938 mundum
895 1912 994 1945 venit,

226 1955 296 1989 quia
312 1963 418 1990 corpus
433 1956 575 1990 ostendit,
588 1957 669 1992 quod
681 1957 717 1984 de
733 1957 847 1991 Virgine
863 1966 995 1994 assump-

227 2001 277 2033 sit;
306 2001 425 2036 reliquit
449 2002 595 2028 mundum
623 2003 770 2037 corporali
796 2003 972 2031 discessione
985 2025 995 2038 ‚

227 2047 355 2081 perrexit
376 2047 414 2074 ad
439 2049 550 2075 Patrem
573 2048 702 2075 hominis
726 2049 913 2081 ascensione,
943 2058 996 2077 nec

228 2093 374 2120 mundum
402 2093 528 2121 deseruit
552 2094 711 2129 praesentiae
741 2095 965 2129 gubernatione.
982 2107 994 2122 n

229 2141 294 2166 Haec
315 2139 503 2174 Augustinus.
519 2140 528 2156 ⁴
547 2150 559 2165 t(
575 2142 712 2175 Egressus
728 2141 790 2175 ejus
808 2149 826 2168 a
842 2141 945 2169 dicbus
960 2150 998 2168 ee-

231 2185 443 2213 ternitatis.»1n
459 2187 564 2213 Psalmo
575 2187 601 2213 ¹⁵:
616 2197 629 2212 a
643 2189 665 2214 Α
681 2195 797 2214 summo
813 2187 886 2214 coelo
902 2196 999 2223 egres-

231 2232 273 2260 sio
288 2233 350 2268 ejus
361 2253 370 2266 ,
394 2235 421 2259 et
435 2241 590 2266 occursus,
605 2243 618 2258 »
636 2235 689 2260 etc.
712 2233 791 2267 Legit
806 2236 902 2261 autern
922 2234 999 2262 istud

231 2279 473 2314 chrysostomus6
484 2279 520 2306 de
530 2282 660 2314 tempore
670 2281 736 2314 post
745 2280 999 2315 resurrectionem,

236 2335 248 2349 «
263 2334 322 2361 qno
342 2325 539 2360 quadraginta
564 2325 669 2352 diebus
692 2326 875 2353 annuntiavit
899 2326 939 2353 eis
964 2328 1000 2355 de

265 2397 271 2412 ¹
292 2398 366 2427 Aug„
389 2397 430 2420 nbi
449 2404 515 2427 snp.,
536 2405 562 2421 n.
582 2401 603 2420 15.
625 2410 655 2414 —
675 2398 683 2412 ’Ξ
705 2398 711 2419 l
731 2398 796 2425 Cor„
816 2403 848 2425 11,
865 2399 895 2427 (i,
918 2400 952 2422 12.
973 2411 999 2414 —-

234 2433 244 2447 ³
262 2433 337 2462 Aug,
354 2432 397 2455 ubi
419 2440 485 2462 sup„
506 2441 531 2456 n.
551 2434 573 2456 G.
591 2447 620 2450 —
643 2433 648 2446 ¹
671 2432 757 2462 Mica,
778 2438 802 2462 v,
823 2434 846 2456 2.
863 2446 891 2450 -
911 2434 918 2446 ⁵
934 2433 1000 2457 Pscil.

235 2474 314 2496 xvni,
339 2468 362 2490 Ἰ.
386 2480 415 2484 -
444 2469 452 2481 ⁴*
475 2468 615 2499 Chrysost„
641 2469 665 2491 1'12
689 2468 772 2497 Joan.‚
797 2468 866 2491 boui.
893 2474 1001 2498 Lxwi,

235 2502 267 2525 al.
285 2508 379 2529 Lxx1x,
397 2509 422 2526 n.
444 2504 466 2525 2.
483 2516 512 2520 —
530 2504 537 2517 ⁷
552 2504 657 2533 Manli„
679 2509 739 2533 xiii,
759 2505 795 2526 ¹11.
814 2515 842 2520 —
863 2504 871 2516 ’⁶
892 2503 947 2532 lut„
963 2506 1001 2527 22¹).

236 2550 265 2556 ⁴-
293 2538 395 2567 ”Αι1(,1.,
421 2537 463 2560 nbi
486 2545 552 2568 sup,
574 2546 599 2562 n.
626 2541 648 2562 le.
671 2551 701 2555 —
726 2539 746 2554 ¹⁰
770 2539 856 2566 Proin,
881 2545 903 2569 1,
932 2542 949 2562 1.
974 2553 999 2555 -

238 2574 253 2589 ¹¹
271 2573 353 2601 Proin,
370 2578 448 2601 xxm,
468 2574 491 2596 2.
507 2586 535 2589 -
557 2576 574 2589 ¹²
591 2573 656 2603 Tuli„
672 2575 762 2602 x11‚7.
780 2587 809 2590 —
826 2574 842 2587 ¹³
857 2574 915 2604 lm,
933 2580 1001 2603 xxiv,

242 2611 275 2636 iti,
297 2621 326 2625 —
348 2608 366 2624 ¹⁶
387 2610 458 2640 sup„
482 2610 520 2632 23.
543 2622 569 2625 —-
595 2610 612 2625 ¹⁵
635 2610 708 2639 Aug„
731 2609 772 2632 ubi
796 2616 862 2640 sup,
883 2617 908 2633 n.
933 2612 955 2633 2.
973 2623 1003 2627 -

720 182 930 214 EVANGELll
954 183 1093 215 SANCTI
1113 184 1277 216 JOANNIS

1020 252 1100 278 Patre
1109 251 1218 286 palam.
1228 253 1346 288 thuod
1355 253 1410 281 ait:
1420 254 1479 282 Non
1487 253 1584 288 rogabo
1592 254 1711 288 Patrem,
1721 255 1787 288 etc„

1021 296 1088 324 ideo
1104 297 1158 330 ait,
1175 297 1245 332 quia
1259 306 1353 333 amor,
1369 299 1474 335 inquit,
1491 300 1542 335 qui
1558 299 1588 326 in
1602 307 1649 326 me
1663 300 1716 333 est,
1732 298 1789 326 suf-

1021 342 1081 369 ficit
1094 342 1197 376 vobis,
1214 344 1356 379 quoniam
1366 353 1412 373 me
1430 345 1558 373 amastis.
1575 355 1588 371 n
1601 346 1666 372 Haec
1680 345 1740 373 ille.
1758 346 1790 373 Et

1023 388 1064 415 sic
1074 390 1167 423 potest
1180 389 1275 417 littera
1284 390 1406 426 intelligi
1415 391 1452 419 de
1463 391 1614 427 discipulis
1620 392 1687 427 post
1694 399 1790 419 resur-

1023 435 1192 462 rectionem.
1208 435 1349 468 Qumritur
1363 437 1400 464 de
1415 437 1487 472 hoc,
1504 437 1587 473 quod
1601 438 1641 465 ait
1655 446 1662 464 ε
1678 438 1791 464 Locutus

1023 488 1081 508 sum
1092 483 1165 508 vobis
1180 483 1209 508 in
1229 483 1393 516 proverbiis,
1414 490 1482 510 cum
1496 483 1610 511 dicatur
1625 485 1635 501 ⁷
1652 492 1658 510 ε
1675 493 1689 509 α
1703 482 1794 511 Vobis

1027 526 1127 554 datum
1143 529 1184 554 cst
1197 535 1282 555 nosse
1298 528 1469 563 mysterium
1490 530 1572 563 regni
1596 529 1661 564 Dei,
1684 529 1794 557 caeteris

1028 573 1058 600 in
1081 574 1241 609 parabolis.
1264 584 1277 600 ›>
1295 577 1370 610 Ergo
1391 583 1452 603 11011
1475 575 1577 604 debuit
1596 577 1637 604 eis
1661 577 1744 613 loqui
1764 577 1794 604 in

1028 620 1202 655 proverbiis.
1217 623 1287 648 Item
1301 621 1393 648 int'rass¹
1407 631 1413 648 z
1427 623 1557 649 Dixeruut
1571 623 1702 657 discipuli
1712 631 1721 650 .·
1732 624 1797 650 Pro-

1029 667 1148 693 verbiam
1162 668 1264 694 nulium
1278 668 1356 694 dicis.
1369 668 1400 694 Et
1410 667 1449 694 ad
1457 668 1534 695 istud
1544 668 1795 704 respondendum,

1031 712 1113 748 quod
1123 713 1280 748 proverbia
1293 713 1428 741 dicuntur
1439 714 1515 741 dicta
1527 714 1700 749 parabolica
1707 723 1716 748 ;
1732 716 1799 742 sunt

1031 759 1110 786 enim
1118 759 1275 794 proverbia
1283 759 1365 787 aliud
1373 760 1511 787 habentia
1521 759 1551 787 in
1562 760 1704 794 medulla,
1717 760 1799 788 aliud

1032 806 1062 832 in
1076 805 1237 841 superficie.
1255 808 1285 833 Et
1299 806 1490 841 proverbium
1505 806 1610 834 dicitur
1626 806 1800 840 similitudo,

1034 851 1085 878 ubi
1101 851 1182 878 aliud
1200 852 1381 886 intelligitur,
1403 852 1485 879 aliud
1501 852 1617 886 dicitur,
1638 852 1722 888 quasi
1736 859 1800 880 ver-

1035 897 1108 924 bum
1128 905 1182 932 pro
1204 898 1297 925 verbo
1318 898 1458 932 positum.
1481 899 1551 925 ltem
1571 898 1708 926 dicuntur
1732 906 1804 934 pro-

1035 943 1137 971 verbia
1157 944 1235 971 dieta
1252 944 1376 971 obscure
1392 944 1428 971 de
1444 944 1606 972 substantia
1629 945 1805 980 incorporea

1036 989 1199 1017 secundum
1222 991 1417 1024 Augustinum
1437 990 1456 1017 ⁹.
1473 990 1617 1018 Parabola
1634 991 1674 1027 (f)
1697 991 1730 1024 ¹⁰,
1750 992 1804 1018 ete.

1037 1036 1133 1063 Primo
1154 1036 1245 1063 modo
1260 1036 1438 1071 loquebatur
1456 1037 1549 1064 turbis
1570 1036 1600 1064 in
1622 1036 1804 1072 proverbiis;

1038 1081 1168 1109 seeundo
1192 1082 1283 1109 modo
1299 1082 1438 1117 apostolis
1457 1083 1619 1118 aliquando
1634 1084 1663 1110 ¹¹.
1683 1082 1807 1110 «Gloria

1040 1128 1087 1155 Dei
1105 1130 1146 1155 est
1160 1128 1255 1155 celare
1269 1129 1405 1156 verbum.
1419 1139 1432 1155 »
1453 1131 1484 1157 Et
1500 1128 1519 1146 ¹²
1535 1138 1542 1156 ι
1561 1139 1573 1154 «
1588 1130 1807 1157 Sacramentum

1040 1174 1116 1208 regis
1130 1174 1312 1201 abscondere
1328 1175 1452 1202 bonum.
1468 1185 1481 1200 n
1495 1174 1694 1203 ¹³«Secretum
1707 1183 1808 1202 meum

1041 1220 1122 1247 mihi.
1139 1230 1151 1245 »
1170 1222 1201 1247 Et
1215 1220 1255 1246 sic
1269 1220 1421 1255 loquimur
1446 1220 1476 1247 in
1499 1221 1663 1256 proverbiis
1685 1221 1808 1248 diversi-

1042 1266 1141 1294 mode.
1157 1268 1226 1293 liem
1242 1266 1379 1301 quaeritur
1395 1266 1430 1293 de
1445 1266 1519 1300 hoc,
1536 1266 1619 1302 quod
1632 1266 1672 1293 ait
1689 1275 1695 1294 :
1711 1267 1744 1294 In
1762 1267 1810 1294 illo

1043 1313 1086 1339 die
1100 1314 1130 1338 in
1146 1314 1251 1339 nomine
1266 1320 1320 1339 meo
1341 1314 1446 1346 petetis.
1469 1312 1525 1340 Sed
1539 1314 1608 1339 tunc
1632 1312 1809 1348 exponendo

1043 1358 1167 1386 litteram
1182 1366 1236 1394 pro
1251 1359 1325 1385 statu
1351 1358 1450 1393 gloriae
1461 1379 1469 1392 ,
1486 1358 1603 1385 videtur
1623 1358 1706 1394 quod
1720 1359 1811 1386 sancti

1044 1405 1075 1432 in
1095 1405 1189 1440 gloria
1211 1406 1313 1440 petunt
1329 1413 1335 1431 :
1352 1404 1419 1431 ideo
1440 1404 1593 1440 quaeritur,
1619 1412 1657 1432 an
1680 1405 1758 1432 beati
1782 1405 1812 1432 in

1044 1451 1138 1485 gloria
1152 1452 1269 1486 petant,
1282 1451 1342 1478 sive
1354 1453 1446 1477 orent.
1459 1452 1490 1477 Et
1500 1451 1582 1486 quod
1592 1458 1670 1484 non,
1685 1451 1811 1485 videtur,

1044 1505 1133 1532 supra
1151 1497 1257 1524 eodem
1274 1497 1294 1513 ι’*
1312 1506 1318 1523 :
1335 1498 1368 1523 In
1383 1498 1429 1523 illo
1445 1497 1489 1523 die
1506 1505 1558 1523 non
1581 1498 1714 1531 rogabitis
1733 1498 1814 1532 quid-

1045 1551 1139 1577 quam,
1165 1542 1236 1577 quia
1258 1544 1325 1569 tunc
1348 1542 1490 1576 gaudium
1509 1542 1650 1577 plenum,
1675 1543 1722 1570 cui
1739 1542 1814 1570 nihil

1046 1588 1218 1615 addendum
1231 1609 1238 1622 ,
1266 1588 1429 1615 secundum
1454 1588 1649 1621 Augustinum
1678 1589 1708 1616 ¹⁵.
1743 1591 1814 1618 ltem

1047 1634 1141 1662 omnis
1156 1635 1255 1669 petitio
1271 1637 1311 1661 est
1326 1634 1436 1662 ratione
1451 1634 1647 1669 indigentium
1660 1635 1696 1670 (9)
1712 1643 1815 1662 secun-

1048 1680 1120 1706 dum
1135 1680 1344 1714 Augustinum,
1360 1680 1411 1707 ubi
1426 1688 1515 1716 supra
1530 1681 1550 1696 ¹¹³
1568 1689 1574 1707 ε
1591 1688 1661 1715 ergo
1677 1682 1708 1707 ut
1721 1681 1813 1716 prius.

1048 1726 1092 1753 Ad
1107 1726 1285 1753 contrarium
1301 1725 1436 1760 objicitur
1453 1725 1489 1753 de
1504 1726 1576 1759 hoc,
1592 1726 1675 1762 quod
1689 1726 1728 1754 ait
1742 1726 1790 1754 hic
1806 1736 1813 1754 :

1049 1773 1081 1798 Ia
1101 1773 1148 1799 illo
1173 1772 1217 1799 elie
1236 1774 1265 1799 in
1287 1773 1392 1799 nomine
1411 1780 1466 1798 meo
1488 1774 1595 1806 petetis.
1617 1774 1686 1799 ltem
1711 1772 1817 1800 animm

1050 1818 1141 1845 beatze
1162 1818 1192 1845 in
1206 1818 1299 1853 patria
1319 1825 1380 1844 non
1394 1819 1615 1853 resumpserunt
1635 1818 1733 1846 adhuc
1756 1826 1817 1846 cor-

1050 1872 1125 1899 pora
1144 1872 1213 1895 sua,
1235 1872 1299 1899 quae
1318 1865 1416 1891 tamen
1438 1863 1627 1897 desiderant,
1651 1866 1682 1892 ut
1701 1864 1741 1892 ait
1763 1867 1818 1892 Au-

1052 1910 1183 1945 gustinus
1197 1911 1216 1926 ¹⁷
1234 1919 1240 1937 :
1256 1910 1308 1937 sed
1322 1910 1421 1945 petitio
1438 1911 1480 1936 est
1493 1911 1625 1945 respectu
1641 1909 1817 1939 desiderati:

1052 1964 1121 1990 ergo
1139 1957 1168 1982 ut
1181 1956 1271 1991 prius.
1289 1958 1358 1983 ltem
1371 1955 1479 1990 jugiter
1493 1963 1633 1989 rogamus
1648 1958 1776 1991 sanctos,
1787 1960 1820 1985 ut

1052 2010 1106 2037 pro
1121 2002 1207 2029 nobis
1221 2003 1312 2029 orent.
1331 2003 1362 2028 Et
1375 2001 1414 2028 ad
1429 2001 1506 2028 istud
1521 2001 1764 2037 respondendum
1778 2010 1820 2030 se-

1054 2048 1184 2076 cundum
1207 2047 1400 2083 Augustinum
1422 2047 1441 2063 ¹⁸
1462 2057 1468 2072 :
1488 2056 1501 2072 «
1517 2046 1678 2082 Insulam,
1705 2048 1821 2084 inquit,

1054 2094 1161 2121 saeculo
1177 2094 1249 2129 quid
1262 2093 1379 2129 petituri
1394 2101 1495 2120 sumus
1505 2114 1514 2126 ,
1532 2093 1654 2129 quando
1670 2094 1822 2122 satiabitur

1054 2141 1084 2168 in
1099 2140 1186 2168 honis
1201 2140 1382 2167 desiderium
1396 2140 1550 2166 nostrum?
1565 2150 1577 2165 »
1592 2141 1623 2166 Et
1638 2139 1680 2167 ibi
1696 2140 1772 2168 bene
1785 2140 1822 2168 de

1055 2187 1120 2214 hoc.
1131 2188 1202 2214 Item
1212 2185 1388 2220 Augustinus
1401 2184 1420 2201 ¹⁰
1430 2193 1456 2211 t«
1467 2185 1624 2213 Satiabitur
1635 2185 1665 2212 in
1677 2185 1764 2213 bonis
1774 2186 1824 2214 de-

1056 2233 1196 2261 siderium
1211 2234 1343 2259 nostrum
1349 2240 1357 2265 3
1374 2233 1401 2258 et
1414 2231 1487 2257 nihil
1511 2231 1564 2258 crit
1578 2231 1655 2259 ultra
1670 2232 1753 2267 quod
1776 2240 1824 2267 ge-

1057 2279 1166 2307 mendo
1182 2278 1355 2314 quaerimus,
1376 2277 1428 2305 sed
1443 2277 1526 2312 quod
1546 2277 1706 2312 gaudendo
1726 2280 1825 2306 tenea-

1059 2354 1077 2368 ¹¹·
1093 2353 1165 2383 iniit,
1181 2360 1206 2376 n.
1223 2354 1244 2376 3.
1262 2365 1290 2369 -—
1312 2353 1331 2368 ²⁷
1348 2354 1422 2382 Aug„
1439 2351 1469 2374 de
1491 2352 1550 2375 Gen.
1570 2351 1604 2375 ad
1624 2351 1686 2381 litt„
1708 2352 1752 2375 tib.
1769 2352 1824 2381 xit,

1058 2396 1080 2411 c.
1099 2394 1179 2417 xxxv,
1194 2395 1218 2411 n.
1235 2390 1272 2411 68.
1295 2400 1323 2405 —
1342 2387 1362 2403 ¹⁸
1379 2388 1423 2410 td..
1441 2388 1465 2410 ιἰι
1479 2388 1562 2415 Joaa,
1576 2386 1618 2410 ubi
1633 2393 1698 2416 sup„
1713 2393 1738 2410 n.
1755 2387 1777 2410 3.
1794 2400 1824 2404 -

1061 2424 1078 2439 ¹³⁸
1090 2424 1136 2454 td„
1151 2423 1184 2446 ml
1198 2423 1311 2451 Probum,
1327 2423 1400 2452 epist.
1413 2428 1482 2450 cxxi,
1499 2422 1530 2445 ul.
1547 2426 1624 2452 cxxx,
1639 2427 1661 2445 c.
1677 2426 1729 2450 xiv,
1745 2427 1771 2444 n.
1787 2423 1823 2446 Π.

1092 2469 1121 2497 (τι)
1142 2468 1214 2499 Vulg.
1230 2475 1283 2491 cum
1297 2468 1355 2498 jam
1374 2474 1419 2490 non
1441 2467 1464 2489 ῐιι
1477 2465 1614 2496 prover-biis
1631 2464 1720 2495 loquar·
1739 2465 1824 2496 nobis,

1058 2504 1101 2526 sev!
1124 2504 1208 2534 palam
1237 2503 1266 2525 clo
1293 2505 1365 2525 Patre
1384 2501 1535 2525 annuntiabo
1558 2500 1634 2523 vobis.
1654 2513 1684 2517 —
1705 2500 1738 2531 (b)
1763 2501 1825 2525 Coet.

1058 2539 1108 2562 erle!
1128 2541 1152 2562 et
1167 2539 1197 2562 de
1208 2539 1254 2562 vis.
1266 2539 1332 2568 plen.
1347 2538 1373 2561 in
1388 2536 1612 2568 patriu‚n011.—(c)
1627 2537 1704 2559 est„—
1719 2536 1825 2566 (d)ltem

1060 2576 1121 2597 crat.
1137 2587 1166 2590 —
1183 2575 1210 2603 (c)
1229 2574 1284 2603 Ley.
1301 2574 1452 2596 desererem.
1469 2584 1498 2588 —
1518 2571 1549 2600 (s)
1567 2571 1680 2593 Fortasse
1697 2570 1825 2602 leyeudwn

1061 2610 1198 2633 l’arabolae.
1217 2621 1247 2626 -
1260 2609 1292 2639 (y)
1313 2609 1370 2638 Leq.
1390 2606 1494 2638 alicujus
1515 2605 1670 2634 indigentiae.
