1987 3032
686 243 890 274 EXPOSITIO
914 243 953 274 ΙΝ
976 243 1060 274 CAP.
1084 244 1162 276 XVI.
1659 254 1716 282 467

124 310 265 345 justitiam
280 311 310 337 in
330 310 393 337 aliis
411 309 600 345 impleverat,
625 309 779 337 diabolum
795 309 893 343 subje-

127 358 212 383 cerat.
228 358 259 384 Et
272 356 334 383 haec
349 355 402 383 tria
417 355 557 382 deberent
576 363 693 382 movere
714 355 753 382 ad
773 355 893 382 creden-

127 402 209 436 dum,
223 403 331 429 scilicet
342 402 412 429 fidei
425 402 584 429 declaratio
595 402 630 437 (a)
643 402 782 437 operibus
792 402 893 428 Christi

127 451 154 475 et
165 448 356 482 documentis,
366 448 436 475 fidei
446 448 585 483 perfectio
596 449 625 475 in
641 448 714 481 aliis,
730 447 841 475 diaboli
853 447 894 474 di-

124 494 276 528 judicatio.
301 496 331 521 Et
345 494 412 522 ideo
435 495 475 522 ait
496 496 559 529 1110,
581 495 663 530 quod
683 495 718 522 de
742 495 834 522 tribus
850 502 894 522 ar-

127 542 227 574 gueret
249 540 394 566 mundum
426 550 431 567 :
461 541 497 568 de
525 543 644 576 peccato
666 540 873 568 incredulitatis
884 561 892 574 ,

126 586 235 613 scilicet
249 586 319 621 quia
334 586 364 612 in
380 586 523 613 Christum
538 595 598 614 non
613 587 749 621 crediditz
766 586 802 613 de
814 586 894 620 justi-

127 631 166 658 tia
181 631 307 658 aliorum
329 632 522 665 credentium,
538 641 628 668 quam
646 632 775 659 mundus
789 631 894 658 imitari

127 677 237 711 noluit3
261 677 296 704 de
316 678 428 712 judicio
453 678 583 711 diaboli,
605 678 688 714 quod
709 685 768 705 non
789 677 892 704 timuit.

127 724 231 756 Quaerit
246 725 421 759 Augustinus
434 726 442 741 ¹
460 725 583 760 qualiter
605 725 653 758 ait,
673 724 754 759 quod
775 723 894 758 Spiritus

128 772 230 804 arguet
245 770 390 797 muudum
404 771 439 797 (16
454 773 586 806 peccato,
602 779 668 797 cum
689 770 745 797 hoe
760 769 796 796 sit
810 769 871 796 Filii
886 778 892 796 ε

127 815 254 842 Christus
270 816 348 843 enim
364 818 467 850 arguet
481 817 627 843 mundum
643 816 679 843 de
698 818 829 851 peccato,
846 823 893 841 su-

127 868 180 895 pra
199 861 376 896 proxjm02:
398 872 410 886 (ι
428 864 508 889 Ν11110
529 870 589 889 11011
608 862 718 889 habent
736 861 895 888 excusatio-

127 914 195 933 nem
209 907 245 934 de
259 910 379 942 peccato
393 916 456 935 suo.
471 918 483 933 »
495 910 564 935 Item
579 908 694 935 videtur
705 907 787 943 quod
798 907 894 942 potius

128 953 245 980 attribui
261 953 362 980 debuit
376 954 487 981 Christo
499 962 621 988 arguere
638 954 794 987 mundum,
806 961 894 988 quam

129 998 182 1033 ipsi
199 998 315 1033 Spiritui
330 1002 446 1033 sancto,
463 1001 570 1035 supra³
589 1009 595 1026 :
615 1011 626 1024 «
642 1001 732 1027 Omne
749 999 894 1033 judicium

129 1045 209 1072 dedit
223 1045 295 1073 filio.
312 1057 324 1071 11
343 1048 413 1074 Item
429 1047 490 1082 ipse
504 1057 516 1071 <‹
532 1047 664 1081 Magister
680 1048 706 1073 et
721 1046 869 1080 Dominus,
879 1057 891 1070 n

128 1092 233 1126 supra⁶
248 1100 254 1118 z
272 1100 342 1126 ergo
357 1094 389 1119 ut
408 1093 497 1127 prius.
515 1094 584 1120 Item
599 1092 715 1127 Spiritui
730 1094 828 1119 sancto
845 1100 895 1127 ap-

127 1137 296 1172 propriatur
310 1138 436 1171 bonitas,
454 1138 546 1173 pietas
561 1140 588 1165 et
608 1138 772 1172 benignitas
795 1147 800 1164 ε
826 1145 895 1172 ergo

126 1190 185 1209 non
202 1182 304 1210 debuit
314 1183 340 1210 ei
354 1184 472 1211 attribui
487 1184 538 1211 iste
550 1186 640 1217 actus,
650 1183 700 1218 qui
711 1186 752 1210 est
762 1191 894 1218 arguere.

127 1229 158 1254 Et
172 1228 210 1255 ad
220 1228 299 1255 istud
310 1230 468 1264 respondet
483 1230 659 1264 Augustinus
669 1230 689 1262 ⁵,
702 1229 783 1264 quod
796 1239 809 1254 «
821 1237 895 1264 quos

127 1274 222 1307 arguit
234 1274 356 1309 Spiritus
366 1277 492 1308 sanetus,
504 1275 599 1309 arguit
608 1275 709 1310 utique
721 1277 747 1302 et
758 1275 893 1302 Christus.

127 1319 182 1345 Sed
197 1320 267 1354 quia
281 1328 329 1354 per
343 1321 479 1355 Spiritum
494 1323 614 1347 sanctum
630 1320 825 1347 diffundenda
836 1323 896 1348 erat

126 1365 244 1392 charitas
259 1367 288 1392 in
302 1367 441 1393 cordibus*3
468 1375 588 1400 eorum,
610 1375 675 1401 quse
688 1367 697 1383 ⁷
716 1368 787 1399 foras
811 1368 896 1393 mittit

128 1411 259 1443 timorem,
284 1419 343 1446 quo
370 1415 489 1447 possent
514 1412 662 1448 impediri,
690 1420 727 1439 ne
755 1412 897 1439 auderent

128 1456 273 1483 mundum
289 1465 423 1491 arguere,
440 1460 467 1485 et
484 1458 552 1485 ideo
572 1458 611 1485 ait
631 1458 697 1485 hoc.
717 1459 799 1493 Saepe
818 1458 896 1485 enim

127 1502 254 1529 diximus
270 1503 304 1537 (b)
327 1503 535 1538 inseparabilia
551 1500 610 1530 esse
627 1512 717 1538 opera
742 1504 896 1538 Trinitatis,

127 1549 178 1576 sed
192 1551 291 1576 tamen
306 1549 453 1584 sigillatim
470 1550 746 1577 commemorandas
761 1558 821 1577 esse
834 1558 896 1585 per-

126 1604 222 1623 sonas.
251 1606 264 1622 »
287 1597 349 1623 Haec
369 1596 555 1631 Augustinus.
582 1598 613 1623 Et
632 1605 684 1632 per
705 1597 766 1623 11ωο
783 1597 821 1623 ad
845 1597 895 1624 ob-

123 1642 201 1676 jecta
213 1651 219 1669 :
230 1642 334 1669 timore
348 1642 426 1669 enim
434 1642 570 1677 depulso,
581 1642 721 1677 arguendi
733 1643 896 1670 libertatem

127 1691 209 1716 erant
218 1689 356 1723 habituri,
370 1691 397 1716 et
411 1689 450 1716 ita
464 1697 518 1724 per
533 1689 653 1724 Spiritus
668 1689 803 1716 virtutem
815 1692 896 1717 erant

126 1734 271 1761 mundum
285 1734 424 1769 arguturi.

164 1783 205 1807 Iit.
223 1782 254 1807 Et
269 1780 338 1815 quia
355 1780 429 1806 dixit
441 1780 500 1807 haec
516 1780 552 1806 de
563 1780 666 1807 virtute
682 1780 813 1815 Spiritus,
830 1780 896 1808 sub-

128 1826 170 1852 dit
185 1835 191 1853 :
208 1826 304 1853 Adhuc
320 1826 400 1852 habeo
420 1826 492 1852 vobis
507 1827 591 1852 multa
607 1826 701 1852 differe.
721 1826 776 1853 Sed
792 1827 896 1861 quaeri-

127 1874 173 1898 tur
196 1871 320 1905 qualiter
340 1871 411 1904 hoc,
433 1871 504 1906 quia
522 1879 611 1906 supra
632 1871 671 1898 ait
690 1872 699 1886 Β
721 1880 728 1898 z
750 1881 763 1896 «
793 1873 896 1900 Omnia

127 1924 321 1952 quaecumque
337 1916 436 1943 audivi
455 1924 472 1943 a
489 1918 569 1944 Patre
585 1924 662 1951 meo,
682 1919 752 1944 nota
774 1917 828 1945 feci
844 1926 894 1945 voa

127 1962 181 1989 bis.
199 1973 211 1988 11
226 1964 300 1996 Ergo
322 1964 390 1989 tunc
415 1970 475 1989 non
495 1965 593 1998 posset
612 1963 699 1998 plura
721 1963 830 1990 habere
852 1964 896 1991 di-

127 2007 221 2034 cenda
234 2008 284 2041 eis,
299 2015 364 2042 quae
379 2015 440 2034 non
455 2010 573 2043 possent
587 2010 713 2043 portare.
727 2010 757 2036 Et
768 2009 806 2036 ad
818 2009 896 2036 istud

127 2053 286 2088 respondet
309 2053 484 2087 Augustinus
498 2055 523 2088 ⁹,
549 2054 630 2089 quod
661 2054 810 2089 signanter
835 2055 893 2083 ait:

127 2101 187 2127 Non
204 2101 314 2134 potestis
331 2103 440 2134 portare
456 2101 543 2134 modo,
569 2101 639 2136 quia
660 2101 796 2128 nundum
815 2105 897 2129 erant

127 2145 227 2173 idonei
249 2145 325 2173 mori
346 2154 400 2181 pro
419 2146 540 2173 Christo.
562 2146 589 2174 Si
609 2147 687 2174 enim
711 2149 808 2174 Petrus
830 2150 896 2175 ante

127 2191 287 2219 adventum
311 2191 432 2227 Spiritus
452 2200 512 2219 non
531 2192 584 2219 fuit
601 2195 704 2228 potens
724 2195 751 2220 et
772 2194 896 2221 idoneus

127 2237 166 2264 ad
181 2237 370 2264 moriendum
383 2245 436 2272 pro
451 2238 574 2272 Christo,
590 2238 682 2266 multo
693 2239 790 2266 minus
804 2239 863 2267 alii.
880 2251 892 2266 n

127 2283 267 2318 Loquitur
282 2291 363 2318 ergo,
380 2283 463 2318 quod
477 2291 536 2311 non
552 2286 687 2319 poterant
707 2287 823 2320 portare
839 2294 894 2321 pce·

127 2337 197 2356 nam
211 2329 323 2363 mortis,
341 2331 368 2356 et
377 2330 508 2364 martyrii
522 2338 576 2365 pro
593 2330 713 2358 Christo.
731 2331 780 2358 Vel
794 2339 896 2359 secun—

159 2411 165 2426 ¹
183 2411 256 2440 Aug„
272 2411 296 2432 in
312 2411 391 2437 Jmm..
409 2412 480 2433 tract.
499 2416 556 2440 101,
570 2418 596 2434 11.
614 2413 635 2434 1.
651 2424 677 2427 -
691 2412 701 2427 2
713 2413 783 2441 Sup.‚
798 2417 840 2442 xv,
856 2414 894 2436 22.

131 2458 154 2461 —-
174 2445 183 2461 ³
198 2447 270 2475 stip„
288 2452 310 2474 γ,
326 2448 365 2468 32.
386 2458 410 2462 —
424 2446 431 2458 ³
448 2446 519 2475 Sup„
538 2451 595 2475 xm,
617 2447 652 2469 14.
669 2459 699 2463 -
718 2447 725 2460 ⁵
745 2449 819 2477 Aug,
835 2447 894 2471 ibid.

129 2493 158 2496 —
178 2481 186 2494 ⁸
202 2481 278 2509 Itom.,
297 2486 320 2510 V,
340 2483 362 2503 5.
377 2493 407 2497 —
428 2479 436 2493 ⁷
455 2481 461 2503 l
477 2481 558 2509 Joan..
578 2486 613 2510 IV,
634 2484 670 2505 18.
690 2494 720 2498 -
735 2481 745 2496 ⁸
762 2483 833 2513 sup„
852 2489 894 2513 xv,

130 2516 166 2538 15.
183 2528 212 2532 —
226 2516 234 2528 ‘³
252 2517 324 2545 Aug,
347 2516 371 2538 ι’νι
391 2515 473 2544 joan„
490 2516 562 2538 tract.
578 2521 648 2545 xcvi,
662 2523 687 2539 u.
706 2519 725 2540 1.
743 2530 768 2533 -
790 2518 807 2533 ¹0
823 2518 894 2548 thid„

129 2556 155 2572 n.
173 2551 194 2573 3.
210 2562 241 2567 —
256 2551 273 2566 ¹¹
286 2550 338 2578 lob,
354 2556 425 2579 xxix,
440 2552 478 2573 22.
493 2563 517 2566 -<
536 2551 555 2566 ¹²
568 2552 654 2581 Greg„
670 2551 769 2580 Μαι-ιώ,
783 2552 825 2575 lib.
840 2553 893 2583 XX,

129 2590 150 2607 0,
175 2589 207 2613 ιν,
230 2585 261 2607 al.
285 2590 311 2613 11,
333 2592 358 2607 n.
380 2587 402 2608 4.
418 2598 447 2602 —
471 2586 489 2601 ¹³
509 2585 567 2614 Job,
590 2591 666 2616 xxm,
684 2588 706 2610 8.
722 2599 752 2603 —
772 2588 791 2603 ¹⁸
808 2589 893 2618 Greg„

130 2619 229 2646 Marah,
245 2619 287 2642 lib.
302 2620 377 2647 xvn,
394 2627 416 2643 c.
434 2626 486 2647 xw.
500 2621 531 2643 al.
548 2626 619 2647 xxvi,
634 2628 660 2644 u.
675 2622 713 2645 37.
725 2634 755 2638 —
769 2623 789 2639 ¹⁵
804 2623 811 2645 I
825 2623 894 2651 Cor.,

129 2659 168 2682 111,
187 2656 250 2676 1.-
272 2655 288 2667 ¹⁰
309 2655 379 2684 Ibid.,
400 2660 462 2683 xm,
479 2657 501 2678 9.
519 2669 545 2672 -
564 2656 580 2671 ¹⁷
600 2657 674 2686 Aug„
695 2656 724 2679 ale
741 2658 815 2680 c'ivil.
834 2658 892 2685 Dei,

951 310 1022 336 dum
1037 311 1175 338 eumdem
1188 310 1380 345 Augustinum
1394 311 1413 327 ¹⁰
1426 321 1439 337 «
1451 312 1582 348 loquitur
1597 315 1633 342 de
1649 315 1716 351 illis,

951 364 1015 390 quae
1029 360 1095 383 sunt
1107 357 1235 384 revelata
1256 358 1296 384 eis
1312 360 1378 393 post
1390 360 1597 388 ascensionem.
1614 364 1718 391 Omnia

950 402 1028 428 enim
1040 403 1182 430 canonica
1197 403 1315 430 veritate
1329 403 1361 438 (n)
1374 406 1459 440 atque
1470 407 1639 435 auctoritate
1651 416 1718 435 con-

950 448 1056 482 scripta
1071 451 1135 475 ante
1155 448 1315 476 adventum
1331 449 1461 485 Spiritus,
1478 452 1543 487 quis
1557 461 1618 480 non
1632 462 1717 489 aequo

951 494 1049 521 animo
1075 496 1110 529 (d)
1135 496 1230 530 audit,
1251 496 1297 523 vel
1319 497 1410 532 legit?
1431 509 1443 523 »
1472 499 1556 534 quasi
1583 500 1691 528 diceret
1711 510 1717 527 :

950 539 1059 567 Nullus.
1091 551 1102 565 »
1129 542 1213 574 Quod
1235 550 1305 569 vero
1330 543 1369 570 ait
1388 551 1492 579 supra,
1515 546 1597 580 quod
1619 546 1719 574 omnia

950 587 1020 612 nota
1035 586 1101 613 tecit
1124 587 1176 620 eis,
1198 588 1239 614 il›i
1260 588 1379 623 ponitur
1402 591 1578 624 praeteritum
1601 600 1655 626 pro
1677 593 1720 619 su-

950 632 1026 665 turo,
1043 634 1073 658 ut
1088 632 1129 659 ibi
1149 636 1190 660 est
1212 634 1387 668 expositum.
1410 637 1441 662 Et
1459 638 1537 671 patet
1559 637 1606 664 hic
1621 646 1720 665 exem-

950 677 1033 711 plum
1050 678 1238 706 moderantiae
1248 679 1278 706 in
1292 679 1439 714 docendo,
1449 683 1479 708 ut
1491 682 1542 709 fiat
1557 684 1717 711 secundum

951 723 1119 750 auditorum
1135 725 1335 759 capacitatem.
1349 726 1365 741 ¹¹
1378 736 1391 750 «
1406 728 1497 762 Super
1513 728 1579 756 illos
1594 729 1722 758 stillabat

951 768 1102 803 eloquium
1118 777 1226 796 meum.
1240 781 1252 794 1)
1266 770 1307 797 1111
1321 772 1476 805 Gregorius
1490 773 1515 804 ¹²,
1533 775 1613 809 quod
1631 785 1643 800 «
1654 776 1721 803 sub-

950 814 1036 841 tiliter
1056 814 1143 841 debet
1164 816 1331 850 prospicere
1353 817 1376 843 is
1400 818 1449 852 qui
1474 819 1568 853 docet,
1592 828 1628 848 ne
1655 822 1721 856 plus

950 860 1079 894 studeat,
1106 869 1196 895 quam
1221 862 1258 888 ab
1280 862 1417 890 audiente
1443 865 1591 899 capiatur,
1616 867 1720 902 praedi-

951 915 1026 934 care.
1048 917 1060 932 »
1088 909 1119 934 Et
1139 908 1181 934 ibi
1207 909 1332 937 multum
1362 910 1397 937 de
1425 911 1492 938 hoc.
1510 913 1529 929 ¹³
1546 923 1558 938 «
1574 914 1627 946 Qui
1649 914 1721 949 ligat

950 961 1043 988 aquas
1058 954 1087 980 in
1102 954 1241 982 nubibus.
1257 965 1270 981 »
1290 956 1330 982 lbi
1341 956 1378 983 ¹²⁴:
1395 966 1407 981 «
1431 957 1485 989 ch'
1500 959 1579 993 ligat,
1606 962 1672 994 etc.,
1688 961 1719 988 id

951 1002 1006 1033 est,
1024 1000 1171 1027 doctrinas
1187 1001 1218 1035 (e)
1241 1001 1269 1028 in
1295 1003 1459 1037 prophetis,
1486 1006 1517 1031 ut
1539 1013 1599 1033 non
1626 1014 1719 1033 erum-

951 1047 1021 1080 pant
1036 1045 1185 1080 deorsum,
1202 1047 1310 1074 scilicet
1324 1048 1516 1077 immensitate
1529 1051 1616 1078 sua.¹⁵
1630 1062 1642 1077 «
1657 1054 1720 1079 Non

950 1091 1032 1125 potui
1047 1091 1130 1126 loqui
1144 1092 1227 1119 vobis
1242 1093 1325 1128 quasi
1341 1094 1551 1130 spiritualibus,
1568 1107 1580 1123 »
1599 1100 1652 1125 etc.

987 1138 1030 1164 13.
1045 1140 1076 1165 Et
1090 1138 1221 1172 sequitur
1234 1139 1390 1173 promissio
1404 1140 1543 1174 adjutorii
1557 1143 1677 1177 Spiritus
1690 1144 1720 1171 in

951 1182 1103 1217 docendo;
1129 1185 1156 1210 et
1174 1183 1215 1210 ibi
1236 1184 1296 1211 duo
1313 1193 1319 1211 τ
1341 1185 1438 1220 primo
1463 1186 1527 1222 ipsa
1545 1190 1719 1223 promissio;

951 1229 1081 1256 seeundo
1101 1230 1222 1263 erroris,
1242 1230 1293 1265 qui
1311 1234 1410 1266 posset
1433 1233 1514 1267 oriri,
1533 1235 1678 1270 exclusio,
1695 1239 1722 1264 et

951 1274 1078 1301 veritatis
1101 1275 1266 1309 instructio,
1291 1276 1331 1303 ibi
1354 1286 1360 1303 ε
1388 1279 1448 1305 Non
1472 1281 1542 1306 enim
1564 1282 1685 1315 loquetur
1704 1291 1722 1309 a

951 1322 1101 1354 semetipso,
1114 1323 1167 1347 etc.
1181 1321 1225 1348 Ait
1239 1330 1307 1356 ergo
1323 1331 1328 1348 :
1348 1323 1413 1349 Cum
1425 1327 1526 1352 venerit
1540 1327 1586 1353 ille
1599 1326 1721 1361 Spiritus

952 1368 1090 1400 veritatis,
1113 1367 1213 1393 docebit
1238 1375 1282 1394 ves
1305 1376 1405 1395 omnem
1425 1372 1588 1399 veritatem.-
1607 1382 1620 1398 «
1644 1375 1721 1402 Intus

951 1412 1012 1438 sine
1028 1420 1112 1446 sono,
1128 1423 1139 1437 »
1164 1413 1203 1439 ait
1226 1413 1335 1441 Glossa.
1353 1415 1409 1442 Sed
1424 1417 1574 1451 quaeritur,
1596 1419 1721 1454 qualiter

950 1457 1006 1484 1100
1022 1458 1077 1484 ait‘?
1093 1458 1163 1493 quia
1178 1459 1196 1474 ¹⁶
1210 1468 1216 1485 :
1236 1469 1249 1483 (ι
1264 1461 1304 1486 Ex
1319 1462 1400 1495 parte
1416 1463 1620 1496 cognoscimus
1644 1468 1671 1492 et
1685 1474 1720 1493 ex

950 1506 1032 1538 parte
1048 1504 1267 1539 prophetamus
1291 1516 1304 1531 »
1322 1508 1384 1533 Non
1404 1515 1473 1542 ergo
1496 1509 1581 1537 docet
1600 1518 1720 1538 omnem

952 1549 1102 1576 veritatem
1117 1550 1146 1576 in
1161 1550 1215 1577 hac
1230 1551 1297 1578 vita.
1315 1553 1394 1586 ltcm,
1405 1555 1437 1580 ut
1451 1554 1490 1581 ait
1501 1557 1679 1590 Augustinus
1690 1557 1719 1591 ¹⁷,

950 1595 1060 1630 species
1072 1603 1265 1624 numerorum
1284 1600 1350 1624 sunt
1368 1598 1497 1634 infinitae,
1514 1603 1540 1628 et
1558 1601 1598 1629 ita
1616 1603 1719 1631 verita-

951 1643 991 1668 tes
1005 1650 1011 1667 :
1027 1641 1080 1668 sed
1098 1649 1159 1669 non
1180 1645 1220 1669 est
1235 1643 1306 1669 scire
1321 1643 1435 1672 infinita
1456 1655 1462 1672 z
1484 1654 1565 1681 ergo,
1582 1649 1613 1674 ut
1627 1648 1718 1683 prius.

951 1689 1020 1714 ltein
1035 1687 1133 1714 multae
1149 1689 1282 1716 veritates
1293 1692 1476 1724 geometricae
1485 1692 1602 1720 suerunt
1613 1694 1720 1729 ignotae

951 1741 967 1759 a
981 1733 1142 1768 discipulis,
1158 1734 1208 1769 qui
1223 1734 1339 1762 fuerunt
1352 1736 1521 1771 piscatores,
1536 1746 1590 1766 nec
1603 1739 1721 1769 fuerunt

950 1779 1118 1806 neeessarize
1142 1780 1180 1807 ad
1199 1780 1342 1808 salutem:
1366 1790 1435 1816 ergo
1457 1784 1488 1810 ut
1510 1784 1603 1819 prius.
1629 1788 1660 1812 Et
1682 1787 1720 1814 ad

950 1824 1027 1852 istud
1041 1825 1282 1860 respondendum
1297 1827 1460 1855 secundum
1474 1831 1668 1864 Augustinum
1681 1833 1718 1867 ¹⁸,

951 1870 1033 1905 quod
1051 1880 1064 1896 «
1078 1871 1161 1905 illud,
1177 1871 1260 1906 quod
1274 1872 1314 1899 ait
1327 1872 1384 1906 hic,
1400 1881 1461 1901 non
1476 1876 1602 1904 arbitror
1620 1878 1650 1904 in
1665 1878 1720 1906 hac

950 1917 1009 1944 vita
1034 1917 1189 1952 compleri,
1207 1918 1350 1952 quamdiu
1370 1927 1475 1955 corpus
1495 1926 1636 1957 aggravat
1655 1925 1720 1952 ani-

951 1971 1030 1990 mam
1038 1963 1066 1990 ¹⁹.
1078 1963 1134 1990 Sed
1144 1971 1222 1990 nunc
1231 1971 1283 1998 per
1292 1964 1429 1999 Spiritum
1436 1970 1569 1995 sanctum
1579 1970 1686 2005 pignus
1696 1972 1720 1989 ²0

950 2009 1126 2043 accepimus,
1135 2011 1166 2036 ut
1178 2010 1246 2036 tunc
1257 2017 1471 2044 cognoscamus
1481 2014 1512 2048 ²¹,
1529 2015 1602 2042 sicut
1612 2017 1720 2051 cogniti

950 2062 1060 2081 sumus
1077 2064 1089 2080 »
1108 2056 1139 2081 Et
1154 2054 1194 2082 ita
1215 2055 1331 2083 videtur
1351 2057 1435 2092 loqui
1447 2066 1502 2093 pro
1523 2061 1597 2088 statu
1618 2062 1719 2096 gloriae

949 2100 1114 2127 secundum
1128 2101 1320 2135 Augustinum
1330 2102 1359 2129 ²².
1376 2103 1420 2131 Ad
1433 2105 1514 2132 aliud
1529 2107 1612 2142 quod
1624 2108 1720 2144 loqui-

950 2148 995 2173 tur
1010 2146 1067 2180 hic,
1086 2154 1146 2173 non
1168 2147 1204 2174 de
1225 2148 1344 2176 veritate
1368 2151 1547 2184 speculativa
1573 2154 1719 2190 qualibet,

950 2192 1001 2219 sed
1015 2192 1145 2228 loquitur
1157 2193 1193 2220 de
1204 2194 1323 2222 veritate
1339 2195 1493 2224 ordinante
1504 2198 1669 2229 affectivam
1681 2201 1718 2236 (f)

950 2241 978 2265 et
992 2238 1148 2266 inducente
1162 2239 1201 2267 ad
1211 2240 1336 2274 gloriam
1345 2240 1366 2257 ‘²⁸
1377 2251 1403 2268 z«
1412 2244 1554 2272 Memento
1565 2247 1719 2280 quomodo

950 2284 1164 2312 ambulaverim
1179 2293 1279 2313 coram
1294 2288 1319 2313 tc
1334 2287 1364 2314 in
1384 2289 1513 2316 veritate.
1529 2300 1542 2316 »
1558 2293 1593 2319 Et
1612 2292 1648 2319 de
1662 2293 1718 2322 hac

950 2330 1068 2358 veritate
1086 2331 1117 2358 in
1138 2331 1336 2360 collationem.
1360 2335 1444 2368 Item,
1469 2343 1536 2363 cum
1559 2337 1664 2366 docere
1683 2340 1718 2368 sit

949 2403 991 2427 lib.
1013 2404 1070 2433 xil,
1093 2411 1115 2427 c.
1141 2410 1213 2427 xviii.
1232 2417 1261 2420 —
1287 2406 1306 2421 Μ
1330 2406 1376 2436 lu„
1401 2407 1426 2429 in
1448 2408 1528 2439 loun„
1552 2411 1623 2436 tract.
1646 2418 1717 2443 XCVI,

949 2445 975 2461 n.
1000 2441 1022 2461 4.
1044 2451 1073 2456 —-
1098 2440 1115 2454 ¹²¹
1139 2439 1209 2468 Sap..
1233 2445 1274 2469 ix,
1302 2442 1337 2463 15.
1354 2454 1380 2458 -
1404 2442 1424 2457 ²⁰
1449 2443 1467 2466 II
1493 2444 1561 2475 Com,
1582 2452 1602 2476 1,
1628 2448 1666 2470 22.
1687 2461 1717 2465 —

950 2474 966 2489 2¹
983 2474 988 2495 ι
1006 2474 1073 2502 σωκ,
1089 2478 1147 2501 5111,
1164 2476 1200 2497 12.
1217 2486 1246 2490 —
1261 2475 1281 2490 ²²
1295 2477 1371 2505 Aug,
1385 2476 1486 2501 ibid.—
1503 2480 1591 2511 ²³Isa.,
1606 2487 1715 2513 xxxviu,

949 2510 972 2531 3.
988 2522 1018 2525 -
1031 2509 1051 2524 Ἡ
1068 2508 1123 2538 tuf„
1138 2508 1193 2532 Vid.
1209 2509 1313 2539 Collat.,
1329 2516 1409 2535 Lxxn.

982 2553 1011 2581 (α)
1031 2552 1116 2582 Suppl.
1136 2559 1176 2575 cx.
1192 2565 1217 2569 —-
1235 2553 1268 2583 (b)
1286 2553 1347 2577 Coet.
1361 2555 1421 2579 edit.
1434 2557 1549 2581 dicimus.
1563 2572 1592 2576 —
1609 2562 1639 2589 (c)
1656 2562 1716 2584 (v'oet.

948 2588 1009 2611 erm.
1025 2588 1089 2610 deest
1104 2588 1248 2612 1161110113.-
1263 2589 1301 2619 (cl)
1319 2590 1380 2614 Item
1390 2591 1457 2615 deest
1471 2601 1522 2617 nou
1536 2601 1610 2625 aequo
1620 2596 1715 2621 auimo.

949 2623 1093 2681 a—ffgt'jxlrdjq·
1107 2623 1241 2647 doctorum
1258 2625 1472 2654 praedicationem.
1486 2642 1511 2645 -
1530 2630 1563 2658 (l)
1583 2630 1641 2654 Caet.
1657 2631 1716 2655 edil.
