1987 3032
680 202 885 236 EXPOSITIO
908 202 946 233 IN
969 202 1052 234 CAP.
1073 201 1152 234 XVI.
1675 203 1713 230 47

123 270 162 301 Et
175 272 183 288 ¹
201 282 207 301 ι
229 283 244 301 α
256 271 337 310 Juga
350 271 448 301 houm
464 270 528 301 emi
543 270 695 310 quinque.
717 281 731 298 »
751 269 889 301 Carnalis

123 325 234 362 etiam,
251 324 324 363 quia
339 323 398 354 hoc
415 333 479 353 non
494 323 626 354 faciebat
641 325 768 363 propter
784 323 888 354 vitan-

123 378 199 408 dum
214 376 404 416 supplicium
420 377 561 407 alienum
572 401 579 415 ,
596 377 648 407 sed
666 386 704 406 ne
722 386 763 406 ex
778 385 890 406 eorum

123 431 261 461 adventu
279 432 454 468 augeretur
469 438 582 465 suum,
599 429 683 468 quod
701 428 805 458 subdit
823 439 829 458 :
852 429 892 459 L't

123 486 250 513 testetur
259 482 332 519 illis,
345 491 384 512 ne
395 486 424 512 et
437 482 498 522 ipsi
507 483 634 513 veniant
646 483 678 512 ln
689 482 771 512 hunc
787 481 891 511 locum

123 539 363 565 tormentorum.
380 534 446 565 Hoc
457 535 584 574 quidem
596 535 727 572 dicebat,
742 544 781 564 ne
792 543 832 564 ex
842 542 891 563 eo-

123 596 196 617 rum
218 587 387 627 praesentia
407 596 463 617 sua
485 587 646 618 calamitas
668 588 819 618 cresceret
835 595 891 625 per

124 640 331 679 multiplicata
354 640 575 679 proximorum
601 642 768 670 tormenta.
803 639 891 669 Unde

125 692 208 723 Beda
224 704 231 721 :
251 704 265 721 z<
284 692 436 723 Servatur
450 693 540 722 diviti
555 693 593 723 ad
609 702 735 732 poenam
751 701 842 723 suam
862 693 892 722 et

126 746 264 784 cognitio
279 746 426 785 pauperis
441 755 537 785 quem
553 746 712 785 despexit,
728 748 758 775 et
774 753 893 775 memo-

126 799 173 829 ria
187 799 323 828 fratrum
341 807 421 837 quos
437 798 580 837 reliquit,
603 801 640 828 ut
654 799 692 828 de
707 798 775 829 visa
790 798 893 837 gloria

126 851 261 890 despecti
271 853 302 881 et
312 851 349 881 de
362 860 456 890 poena
471 851 625 881 inutiliter
635 854 814 881 amalorum
827 860 893 880 am-

125 905 208 944 plius
223 906 418 944 torqueatur.
435 915 449 932 n
467 904 593 935 Etillud
608 907 653 935 est
667 905 827 943 praecipue
843 914 894 934 ve-

126 966 210 995 rum,
227 957 352 997 quando
363 957 537 987 imitatores
551 957 705 988 scelerum
716 957 894 987 alienorum

125 1012 208 1041 fiunt
222 1012 389 1051 participes
411 1011 650 1051 suppliciorum.
671 1011 757 1041 Unde
772 1011 892 1049 Grego-

124 1065 194 1094 rius
208 1065 218 1080 ²
235 1075 241 1093 :
264 1075 278 1092 α
291 1064 329 1095 Ut
344 1067 522 1104 peccatores
536 1064 569 1093 in
583 1064 742 1103 suppliciis
758 1063 894 1102 amplius

125 1119 344 1156 torqueantur,
354 1119 384 1147 et
392 1125 504 1147 eorum
511 1116 663 1146 videbunt
672 1116 807 1154 gloriam
814 1124 895 1154 quos

126 1172 402 1209 contempserunt,
430 1172 460 1200 et
488 1170 616 1200 illorum
642 1178 785 1208 poenam,
815 1178 895 1208 quos

126 1222 278 1253 inutiliter
295 1225 496 1253 amaverunt.
513 1233 527 1250 n
547 1222 620 1252 Erat
635 1224 740 1252 autem
756 1221 825 1252 haec
839 1230 893 1260 pe-

126 1275 194 1305 titio
208 1284 272 1305 non
286 1275 389 1306 solum
402 1275 537 1306 carnalis
547 1278 690 1313 respectu
708 1274 768 1311 sui,
782 1283 895 1304 verum

128 1328 221 1359 etiam
230 1329 364 1359 crudelis
373 1331 517 1368 respectu
526 1328 673 1368 proximi,
683 1327 757 1366 quia
768 1329 896 1366 propter

127 1390 268 1412 amorem
285 1391 417 1412 suorum
431 1383 600 1421 parentum
620 1380 797 1410 carnalium
813 1379 896 1409 vole-

127 1434 180 1463 bat
189 1434 274 1473 quod
285 1434 420 1464 Lazarus
431 1434 638 1472 egrederetur
648 1433 755 1462 sinum
768 1432 894 1470 quietis,

127 1488 157 1516 et
172 1487 231 1516 iret
246 1487 279 1516 in
295 1486 644 1526 locumpericulorum,
663 1487 700 1516 ut
715 1477 896 1516 verificetur

127 1539 204 1569 illud
220 1539 252 1569 in
276 1549 312 1570 eo
329 1540 339 1556 ³
363 1550 370 1569 ι
401 1551 415 1568 (ι
436 1539 530 1570 Novit
549 1540 655 1578 justus
673 1540 896 1578 jumentorum

128 1600 260 1622 suorum
281 1593 420 1630 animas3
446 1593 569 1623 viscera
591 1594 699 1622 autem
723 1591 897 1630 impiorum

128 1644 307 1674 crudelia.»
326 1644 414 1675 Unde
432 1647 462 1675 et
484 1645 641 1682 Christus,
665 1644 720 1684 qui
742 1644 896 1674 Lazarum

128 1697 256 1727 fratrem
272 1697 379 1727 Mariae
394 1698 433 1727 ad
451 1698 550 1728 vitam
574 1698 753 1734 revocavit,
772 1697 897 1727 flevisse

128 1749 242 1779 dicitur
254 1750 263 1764 ⁵
281 1761 287 1780 :
311 1761 324 1777 «
340 1749 378 1780 Et
392 1750 586 1789 lacrymatus
607 1752 653 1780 est
667 1749 770 1780 Jesus.
788 1761 802 1778 »
823 1749 898 1779 Erat

129 1802 223 1832 etiam
239 1803 340 1840 fatua,
361 1803 436 1842 quia
456 1804 602 1834 credebat
617 1804 687 1842 plus
704 1803 810 1834 valere
826 1812 897 1833 ver-

129 1855 206 1885 bum
220 1855 358 1885 hominis
372 1856 500 1892 mortui,
515 1865 612 1895 quam
626 1856 813 1886 immortalis
830 1855 896 1886 Dei.

130 1907 217 1938 Unde
232 1908 380 1947 impletur
396 1909 428 1939 in
452 1918 489 1939 eo
512 1909 588 1939 illud
608 1909 617 1924 ⁵
643 1919 650 1939 t
680 1920 694 1937 α
716 1908 778 1939 Sed
793 1908 825 1938 in
847 1908 899 1938 via

129 1960 245 1991 stultus
267 1961 451 1999 ambulans,
478 1970 551 1992 cum
575 1962 642 2001 ipse
664 1961 815 2000 insipiens
840 1961 895 1999 sit,

130 2022 241 2044 omnes
256 2015 366 2045 stultos
384 2015 531 2053 aestimat,
546 2027 560 2043 n
580 2017 638 2045 etc.
661 2015 748 2046 Unde
765 2015 873 2046 Glossa
889 2026 895 2044 ε

136 2079 150 2097 α
160 2068 267 2099 Serius
278 2069 330 2099 hic
340 2069 427 2099 dives
443 2070 593 2108 magister
606 2069 716 2108 incipit
731 2078 808 2105 esse,
826 2078 898 2099 cum

127 2122 195 2160 J'am
215 2131 273 2152 nec
293 2122 431 2153 discendi
456 2125 581 2162 tempus
607 2122 739 2159 habeat,
764 2131 822 2152 nec
843 2122 899 2152 do-

131 2174 231 2205 cendi.
256 2186 269 2203 ))
298 2174 372 2205 Erat
396 2175 539 2205 similiter
568 2174 795 2211 inverecunda,
825 2174 900 2213 quia

132 2236 230 2265 parva
243 2230 433 2267 negaverat,
450 2231 480 2258 et
495 2228 587 2258 modo
602 2228 741 2257 maxima
757 2227 900 2266 postula-

132 2279 199 2317 bat,
225 2283 332 2310 contra
355 2280 431 2311 illud
451 2281 537 2320 quod
555 2281 670 2311 dicitur
686 2281 696 2296 ⁶
716 2292 721 2310 z
742 2291 756 2308 (ι
774 2279 843 2310 Non
862 2280 901 2310 sit

133 2335 275 2371 porrecta
297 2342 411 2363 manus
426 2336 480 2363 tua
499 2334 537 2364 ad
561 2333 795 2373 accipiendum,
817 2332 901 2363 etad

134 2383 273 2414 dandum
289 2385 432 2424 collecta,
449 2397 463 2413 »
482 2388 540 2415 etc.

175 2436 336 2476 Secundo,
354 2440 512 2477 quantum
525 2438 563 2468 ad
578 2438 821 2477 denegationem
838 2437 901 2467 mi-

136 2489 311 2521 ser1cordiae
326 2491 489 2530 postulata»
500 2516 508 2530 ,
524 2492 628 2522 subdit
648 2496 689 2530 (v.
707 2492 753 2530 29)
773 2501 780 2521 :
797 2491 842 2522 Ec
857 2491 902 2520 ait

168 2551 175 2566 ¹
191 2552 261 2581 Sul»,
278 2558 329 2582 xxv,
346 2555 380 2576 ¹9.
394 2567 424 2571 —
437 2555 447 2570 ²
462 2555 546 2584 Creg„
563 2554 588 2576 in
604 2553 709 2584 Eurum„
725 2553 795 2576 hom.
814 2558 856 2576 XL.
871 2565 902 2569 —

138 2585 146 2599 ³
160 2586 242 2615 Pron„
258 2594 310 2618 xu,
327 2591 363 2613 ¹0.
381 2603 407 2606 —
423 2590 433 2606 ὁ
446 2591 527 2619 loun„
544 2595 583 2619 xi,
603 2591 642 2612 35.
660 2602 689 2607 —-
704 2590 713 2606 ¹⁵
728 2589 819 2616 Eccle.,
836 2594 862 2617 x,
878 2590 901 2610 3.

138 2632 168 2638 -
183 2622 192 2635 ⁶
206 2623 294 2651 Ecclz'„
315 2629 349 2654 iv,
369 2626 407 2649 36.
423 2638 453 2643 —
473 2626 480 2639 ⁷
496 2626 578 2655 Pron,
596 2630 691 2655 xxvni,
705 2626 729 2648 9.
746 2637 777 2642 —-
794 2625 802 2638 ⁸
818 2624 902 2652 Deus„

140 2661 222 2686 XXXH,
238 2659 261 2687 ί,
276 2660 327 2682 3-4.
342 2671 372 2677 -
389 2660 399 2676 ⁹
415 2660 433 2684 ll
452 2662 526 2688 Petr..
542 2666 566 2691 ι,
583 2661 620 2683 19.
636 2672 666 2677 -
681 2660 702 2677 ¹⁰
715 2660 815 2689 Aerem„
831 2663 902 2688 xxm,

944 268 1164 300 ille'Abraham
1173 277 1184 298 .·
1198 267 1326 299 Habent
1338 267 1471 307 Moysen
1484 270 1514 297 et
1524 266 1712 305 Prophetas;

945 322 1081 352 audiant
1091 322 1171 352 illos.
1183 321 1324 360 Moysen,
1339 320 1369 350 id
1382 323 1428 350 est
1438 319 1611 350 doctrinam
1623 319 1714 357 legis,

945 384 1018 413 quae
1033 374 1188 405 audienda
1202 376 1248 404 est
1262 383 1319 413 pro
1339 372 1560 412 magnitudine
1577 371 1713 402 auctori-

945 428 1027 457 tatis.
1048 427 1127 457 Nam
1144 427 1154 443 ⁷
1172 437 1179 457 z
1200 439 1214 455 «
1237 427 1295 463 Qui
1314 427 1449 457 declinat
1471 435 1564 456 aures
1581 433 1655 455 suas
1675 433 1715 454 ne

946 479 1052 509 audiat
1070 479 1194 518 legem,
1212 479 1314 510 oratio
1331 480 1399 518 ejus
1410 479 1469 509 erit
1486 477 1684 509 execrabilis.
1696 487 1711 505 1)

946 531 984 562 Et
998 531 1066 562 ideo
1081 532 1203 563 dicebat
1217 531 1393 570 Legislator
1406 534 1416 550 ⁸
1434 542 1441 561 :
1463 542 1477 560 (ι
1493 531 1619 569 Audite,
1633 530 1713 567 coeli,

947 595 1019 624 quae
1033 586 1161 625 ioquor;
1179 585 1286 616 audiat
1308 587 1395 615 terra
1408 585 1507 615 verba
1521 584 1586 615 oris
1607 583 1681 613 mei.
1697 593 1712 611 ι)

947 638 1101 669 Subditur
1118 650 1125 668 :
1148 650 1162 667 «
1182 639 1257 669 Date
1272 637 1544 677 magnificentiam
1558 637 1620 667 Deo
1641 645 1717 666 nos—

947 694 1006 722 tro.
1018 692 1071 721 Dei
1082 692 1219 730 perfecta
1228 693 1414 730 suntopera.
1423 701 1436 718 »
1449 690 1610 720 Ethabent
1620 689 1717 719 etiam

948 744 1140 783 Prophetas,
1170 743 1201 773 id
1227 745 1274 773 est
1297 743 1472 773 doctrinam
1490 741 1717 781 prophetarum

948 796 1139 827 audiendam
1159 804 1216 834 pro
1231 794 1417 825 certitudine
1431 794 1587 831 veritatis,
1604 803 1716 824 secun-

948 849 1026 879 dum
1040 849 1139 879 illud⁹
1159 859 1165 878 :
1188 859 1201 876 «
1214 847 1564 878 Habemusfirmiorem
1580 846 1717 885 prophe-

948 902 1047 932 ticum
1063 910 1258 937 sermonem,
1279 900 1330 930 cui
1351 899 1533 930 benefacitis
1555 898 1717 929 attenden-

949 958 995 985 tes
1009 955 1100 994 quasi
1114 955 1253 985 lucernae
1268 953 1386 983 lucenti
1401 952 1434 981 in
1448 952 1516 982 loco
1531 951 1715 990 caliginoso,

950 1009 1048 1039 donee
1060 1009 1126 1038 dies
1136 1008 1296 1038 illucescat
1306 1008 1336 1036 et
1344 1005 1468 1035 Lucifer
1480 1005 1602 1035 oriatur
1612 1004 1645 1033 in
1655 1013 1721 1033 cor-

950 1061 1043 1092 dibus
1058 1061 1181 1091 vestris.
1201 1070 1215 1088 >³
1233 1059 1292 1096 Qui
1309 1058 1406 1097 hujus
1422 1056 1556 1096 duplicis
1571 1056 1721 1086 doctrinae

949 1114 1048 1145 verba
1068 1116 1133 1143 tam
1154 1111 1337 1143 authentica
1359 1113 1390 1140 et
1415 1112 1480 1140 tam
1504 1111 1589 1139 certa
1612 1107 1722 1138 audire

950 1169 1086 1204 recusat,
1098 1166 1220 1196 nullam
1233 1173 1362 1204 prorsus
1370 1163 1464 1194 habet
1472 1162 1720 1193 excusationem.

951 1219 1083 1259 Propter
1098 1219 1182 1258 quod
1198 1218 1271 1248 dicit
1286 1217 1440 1248 Dominus
1454 1225 1511 1255 per
1530 1214 1722 1245 Hieremiam

950 1272 1137 1311 prophetam
1162 1272 1183 1288 ¹⁰
1207 1282 1213 1301 :
1236 1282 1249 1299 a
1268 1270 1300 1300 Si
1328 1278 1392 1299 non
1421 1268 1584 1299 audieritis
1607 1276 1659 1297 me
1688 1268 1724 1297 ut

951 1324 1120 1354 ambuletis
1133 1324 1165 1354 in
1180 1323 1253 1362 lege
1273 1332 1344 1352 mea
1358 1330 1456 1361 quam
1477 1320 1548 1351 dedi
1564 1320 1670 1357 vobiS,
1687 1321 1724 1350 ut

951 1378 1086 1408 audiatis
1108 1386 1268 1407 sermones
1288 1384 1456 1406 servorum
1479 1383 1626 1404 meorum
1650 1382 1722 1413 pro-

951 1431 1139 1470 phetarum,
1159 1438 1239 1468 quos
1262 1437 1321 1467 ego
1342 1428 1414 1458 misi
1437 1427 1475 1457 ad
1494 1435 1551 1457 vos
1575 1426 1613 1456 de
1634 1427 1724 1456 nocte

952 1492 1150 1522 consurgens
1178 1484 1209 1513 et
1233 1482 1390 1520 dirigens,
1417 1483 1447 1511 et
1471 1489 1534 1511 non
1558 1479 1690 1510 audistis
1715 1489 1722 1508 ι

952 1537 1033 1567 dabo
1044 1536 1177 1567 domum
1187 1535 1280 1565 istam
1291 1535 1372 1565 sicut
1386 1534 1462 1571 Silo,
1477 1535 1507 1564 et
1518 1533 1631 1563 urbem
1644 1533 1725 1563 hanc

953 1591 1033 1621 dabo
1049 1590 1081 1619 in
1096 1589 1362 1619 maledictionem.
1379 1598 1393 1615 1>
1412 1586 1446 1618 Si
1466 1587 1569 1625 igitur
1592 1586 1724 1615 inexcu-

954 1643 1066 1674 sabiles
1081 1645 1158 1673 sunt
1173 1642 1229 1682 qui
1243 1650 1308 1671 non
1321 1640 1455 1671 audiunt
1470 1639 1588 1678 Legem
1603 1640 1634 1668 et
1648 1636 1724 1667 Pro-

953 1696 1080 1735 phetas,
1096 1704 1226 1735 prorsus
1247 1692 1476 1724 inexcusabiles
1496 1693 1572 1721 sunt
1592 1690 1725 1730 quinon

954 1750 1088 1780 audiunt
1112 1747 1277 1788 Apostolos
1308 1750 1338 1777 et
1362 1744 1600 1783 Evangelistas,
1626 1742 1725 1771 immo

954 1811 1012 1831 nec
1022 1802 1124 1840 ipsam
1136 1801 1330 1840 Sapientiam
1341 1799 1548 1829 incarnatam.
1560 1795 1648 1826 Unde
1659 1794 1726 1833 ipsa

954 1855 1159 1894 conqueritur
1175 1855 1194 1870 ¹¹
1211 1865 1217 1884 ι
1237 1866 1251 1882 (ι
1270 1852 1350 1890 Quia
1370 1850 1481 1883 vocavi
1504 1852 1535 1879 et
1557 1847 1724 1885 renuistis,

937 1943 941 1947 ὁ
955 1907 1080 1938 extendi
1097 1916 1229 1937 manum
1243 1915 1347 1936 meam
1359 1929 1367 1943 ,
1383 1907 1414 1935 et
1429 1913 1492 1934 non
1508 1902 1566 1933 fuit
1580 1901 1635 1941 qui
1646 1900 1726 1940 aspi-

955 1963 1049 1991 ceret.
1066 1972 1079 1989 n
1101 1959 1254 1990 Subditur
1271 1969 1278 1989 :
1299 1970 1314 1987 (t
1329 1958 1397 1996 Ego
1413 1965 1540 1997 quoque
1552 1955 1585 1985 in
1597 1954 1726 1984 interitu

955 2016 1060 2044 vestro
1075 2013 1198 2048 ridebo,
1221 2014 1251 2042 et
1265 2010 1483 2047 subsannabo,
1501 2017 1574 2039 cum
1590 2007 1679 2038 vobis
1695 2005 1727 2036 id

956 2066 1041 2105 quod
1049 2065 1219 2102 timebatis,
1232 2064 1406 2094 advenerit.
1419 2074 1433 2091 n
1447 2061 1507 2099 Qui
1518 2061 1600 2091 hanc
1608 2059 1728 2099 sapien-

956 2119 1031 2149 tiam
1044 2142 1051 2155 ,
1063 2127 1135 2157 quae
1149 2118 1224 2148 foris
1237 2117 1386 2156 praedicat
1396 2116 1428 2145 in
1444 2114 1566 2154 plateis,
1578 2121 1643 2143 non
1656 2111 1726 2142 vult

956 2171 1065 2201 audire
1077 2195 1084 2209 ,
1110 2180 1238 2210 prorsus
1253 2167 1478 2200 inexcusabilis
1498 2168 1560 2203 est,
1579 2165 1654 2204 quia
1667 2163 1726 2193 sibi

956 2224 1123 2263 perhibent
1137 2224 1174 2262 (a)
1190 2222 1409 2254 testimonium
1422 2220 1488 2251 Lex
1507 2221 1536 2249 et
1547 2217 1725 2256 Prophetae.

958 2276 1044 2307 Unde
1052 2276 1221 2307 Maltlzoeus
1230 2276 1251 2291 ¹²
1266 2286 1292 2305 κ(
1302 2273 1526 2313 Apparuerunt
1536 2270 1597 2300 illis
1605 2269 1728 2308 Moyses

957 2332 988 2360 et
997 2329 1079 2359 Elias
1090 2338 1163 2359 cum
1174 2338 1210 2359 eo
1221 2329 1397 2367 loquentes.
1410 2337 1424 2354 n
1437 2324 1606 2364 Sequitur:
1625 2334 1639 2351 t(
1650 2321 1728 2352 Ecce

958 2382 1058 2413 nubes
1069 2382 1172 2412 lucida
1182 2379 1385 2411 obumbravit
1400 2387 1464 2409 005.
1478 2377 1515 2407 Et
1529 2385 1599 2407 ecce
1614 2383 1678 2406 vox
1688 2374 1726 2405 de

959 2435 1054 2472 nube,
1063 2435 1168 2465 dicens
1179 2445 1184 2464 ;
1194 2433 1301 2463 Ilicest
1309 2432 1393 2462 filius
1403 2429 1643 2466 meusdilectuS,
1652 2429 1726 2464 etc.,

959 2488 1064 2528 ipsum
1085 2487 1200 2517 audite.
1226 2497 1240 2514 »
1266 2485 1304 2516 Et
1333 2488 1497 2524 propterea
1525 2482 1640 2512 dicitur
1665 2482 1688 2499 ¹³
1718 2489 1725 2508 ε

960 2573 1008 2595 4-ῦ.
1023 2584 1054 2589 -
1070 2571 1089 2587 ¹¹
1102 2571 1185 2599 Prov„
1204 2576 1225 2599 l,
1240 2570 1278 2600 24,
1293 2570 1331 2593 26.
1348 2581 1378 2587 —
1394 2568 1415 2584 ¹²
1428 2567 1529 2596 Mami..
1543 2571 1606 2595 xvu,
1621 2566 1644 2594 3,
1660 2565 1683 2588 5.
1698 2574 1729 2580 —

961 2608 978 2620 ¹³
994 2605 1079 2636 Helm,
1095 2611 1124 2636 11,
1141 2608 1162 2635 1,
1177 2607 1200 2635 2,
1215 2607 1238 2629 3.

993 2656 1024 2686 (ιι)
1043 2656 1104 2679 Caet.
1119 2654 1180 2678 edit.
1198 2653 1341 2685 prohibent,
