1987 3032
710 199 914 230 EXPOSITIO
937 199 976 229 IN
999 200 1084 230 CAP.
1107 199 1173 230 XII-

150 270 206 302 est,
230 267 313 303 quod
335 269 427 294 anima
453 266 559 293 dicitur
587 265 750 300 aliquando
777 273 832 300 pro
856 265 916 292 vita

150 313 284 347 naturali,
302 321 391 348 supra
406 312 414 328 ¹
429 321 435 339 :
455 321 467 337 «
486 312 657 339 potestatem
671 312 768 339 habeo
783 311 915 346 ponendi

150 360 280 387 animam
295 366 400 386 meam.
423 368 435 383 n
462 359 494 384 Et
515 357 590 384 infra
606 358 615 373 ²
632 366 638 383 ε
658 368 670 382 «
687 360 765 385 Pono
785 357 916 384 animam

150 413 247 433 meam
260 413 314 440 pro
328 407 363 431 te.
380 413 393 429 »
411 403 577 438 Aliquando
594 411 663 430 vero
685 403 809 430 sumitur
825 405 917 430 anima

149 459 203 485 pro
219 451 277 478 vita
291 449 549 485 concupiscentiali
560 450 569 465 ³
587 459 592 475 :
612 459 624 473 «
637 449 664 476 Si
678 451 796 484 praestes
812 449 916 476 animae

149 498 204 524 tuae
219 495 465 531 concupiscentias
480 497 558 528 tuas,
573 495 604 522 in
618 495 760 529 gaudium
776 497 801 522 te
816 495 916 522 venire

147 542 232 570 faciet
252 541 376 568 inimicis
399 541 465 568 tuis.
482 552 495 566 »
514 541 678 576 Aliquando
702 549 773 568 vero
794 541 917 568 sumitur

147 596 201 623 pro
215 587 273 615 vila
291 587 432 622 spirituali
448 588 455 603 '¹
473 597 478 613 :
496 598 509 612 «
524 588 576 620 Qui
599 587 694 622 diligit
717 587 915 622 iniquitatem,

148 633 210 661 odit
234 634 363 660 animam
388 642 481 660 suam.
499 644 511 659 n
532 636 617 660 Prout
632 641 703 660 vero
723 633 847 660 sumitur
870 641 916 660 se-

148 680 246 708 cundo
267 680 375 714 modo,
392 680 432 707 510
448 683 489 707 est
504 680 651 707 odiendab'
665 689 671 706 ε
689 691 700 704 «
711 679 764 713 Qui
778 687 838 706 non
856 679 918 708 odit

147 728 278 762 patrem,
293 736 307 752 »
330 728 394 760 etc„
418 729 445 753 et
467 727 597 762 sequitur
622 736 628 753 ε
652 726 781 754 «Adhuc
807 728 834 753 et
855 726 917 753 ani-

148 781 227 800 mam
251 781 344 800 suam.
360 783 373 798 »
393 774 484 808 Super
509 773 581 799 illud
604 773 758 807 Gregorius
773 773 804 799 ⁶:
823 782 835 797 (ι
852 772 918 800 Ani-

148 827 227 846 mam
249 821 379 846 nostram
393 819 468 846 bene
489 819 620 853 odimus,
637 827 704 846 cum
720 819 781 853 ejus
797 818 918 845 carnali-

148 865 204 892 bus
232 865 383 892 desideriis
411 873 471 892 nou
498 865 711 900 acquiescimus
725 885 734 898 ,
761 873 827 891 cum
855 865 917 900 ejus

149 911 310 946 appetitum
324 910 505 946 frangimus,
522 912 584 946 ejus
606 910 806 946 voluptatibus
826 911 917 938 reluc-

148 959 252 984 tamur.
277 967 290 982 »
314 959 345 984 Et
368 957 408 984 ibi
441 957 517 984 hene
533 979 541 991 ,
571 960 599 984 et
629 957 754 984 multum
784 957 820 984 de
849 957 915 984 hoc.

150 1004 159 1019 ⁷
178 1003 322 1030 «Salvam
343 1002 452 1037 facere,
476 1003 578 1038 perdet
599 1011 673 1030 eam.
691 1013 704 1029 n
729 1004 820 1038 Super
843 1003 916 1031 illud

149 1049 303 1083 Gregorius
318 1049 354 1076 de
378 1048 453 1076 hoc⁸
467 1070 475 1083 ,
490 1057 543 1084 per
563 1051 666 1076 totum.
689 1051 719 1076 Et
740 1050 917 1084 Augustinus

148 1095 287 1123 similiter.
305 1095 361 1122 Sed
377 1095 530 1130 objicitur,
553 1095 635 1130 quod
661 1103 721 1122 non
750 1095 846 1122 solum
870 1096 917 1122 hic

148 1140 277 1167 hortatur
287 1141 325 1167 ad
335 1141 496 1168 odiendam
507 1141 597 1168 vitam
607 1141 916 1176 concupiscentialem,

149 1185 185 1213 de
200 1194 260 1221 qua
275 1186 383 1213 dictum
399 1188 458 1221 est3
473 1187 524 1213 sed
540 1187 577 1213 ad
590 1186 750 1214 odiendam
765 1189 792 1214 et
807 1195 918 1222 ponen-

149 1232 217 1259 dam
237 1232 376 1266 animam,
389 1232 419 1259 id
435 1234 486 1266 est,
499 1233 588 1259 vitam
601 1232 763 1260 naturalem
779 1233 809 1260 in
824 1236 917 1260 morte

149 1286 202 1313 pro
230 1278 351 1306 Christo.
376 1280 408 1305 Et
428 1279 466 1306 ad
488 1279 564 1306 istud
593 1279 835 1314 respondendum
856 1282 916 1313 est,

150 1324 231 1359 quod
247 1324 304 1351 vita
319 1325 589 1360 concupiscentialis
604 1325 732 1352 odienda
747 1327 803 1358 est,
819 1326 917 1352 morti-

149 1371 267 1398 ficando
282 1379 348 1398 suas
368 1371 616 1406 concupiscentias
640 1371 731 1398 modo
747 1371 835 1398 dicto.
853 1372 917 1399 Ani—

150 1425 198 1444 ma
212 1425 296 1451 vero,
313 1420 343 1444 ut
360 1417 483 1444 sumitur
498 1425 552 1451 pro
568 1417 626 1444 vita
644 1417 784 1450 naturali,
800 1426 861 1445 non
875 1420 918 1445 est

150 1463 292 1497 odienda,
308 1472 361 1491 nec
376 1464 461 1491 morti
477 1464 653 1499 exponenda
671 1464 849 1499 simpliciter,
865 1466 917 1492 sed

149 1511 190 1536 est
201 1510 340 1544 ponenda
354 1510 384 1536 in
400 1512 492 1537 morte
508 1518 561 1545 pro
577 1510 697 1537 Christo.
713 1510 792 1537 Unde
807 1513 917 1545 Augus-

147 1555 244 1583 tinus⁹
260 1565 266 1582 :
291 1566 304 1580 «
323 1557 395 1583 Cum
414 1555 479 1582 talis
500 1556 639 1582 articulus
665 1556 787 1590 venerit,
804 1558 835 1584 ut
855 1557 916 1584 haee

147 1602 276 1630 conditio
286 1604 474 1638 praeponatur
485 1603 531 1638 (a),
543 1602 767 1630 autfaciendum
778 1611 838 1630 esse
848 1611 916 1631 con-

147 1650 190 1675 tra
212 1648 258 1676 Dei
282 1651 475 1684 praeceptum,
492 1650 541 1676 aut
556 1657 590 1676 ex
615 1649 670 1675 hae
691 1648 751 1675 vita
773 1649 916 1683 emigran-

147 1694 234 1727 dum,
246 1695 386 1731 ibireligat
402 1697 458 1722 Deo
471 1695 579 1722 dilecto
594 1694 683 1728 mori,
697 1703 787 1730 quain
802 1695 914 1722 offenso

147 1741 254 1768 vivere.
277 1751 289 1766 »
307 1741 408 1776 Ibique
430 1741 531 1768 recitat
564 1748 694 1767 errorem
711 1761 720 1773 ,
745 1742 771 1767 et
795 1740 916 1767 damnat

146 1794 270 1820 eorum,
293 1787 344 1822 qui
368 1787 479 1822 seipsos
504 1786 650 1813 occidunt.
678 1787 710 1813 Et
732 1788 830 1821 posset
853 1794 914 1814 esse

146 1833 243 1859 thema
278 1833 314 1859 de
350 1841 410 1859 uno
446 1834 583 1867 martyre.
621 1834 674 1865 Qui
706 1833 762 1859 odit
796 1834 915 1860 animam

145 1886 239 1911 suam,
255 1880 307 1905 etc.
334 1880 364 1905 Et
388 1878 572 1905 insinuantur
598 1878 651 1905 tria
674 1888 681 1904 :
708 1886 835 1913 quorum
859 1879 915 1914 pri-

146 1932 228 1951 mum
241 1927 282 1951 est
296 1924 361 1951 vit-‘e
373 1924 644 1959 concupiscentialis
659 1924 834 1957 animalitas,
849 1925 889 1951 ihi
906 1934 912 1952 ι

147 1972 272 1997 Animam
289 1979 378 2004 suam,
396 1973 467 2004 etc.;
483 1970 646 1997 secundum
669 1972 711 1997 est
729 1971 790 2005 ejus
815 1971 914 1998 debita

146 2016 401 2050 mortificabilitaS,
418 2016 457 2043 ibi
476 2025 482 2042 ε
502 2016 596 2043 Perdet
617 2024 689 2049 eam,
705 2018 775 2050 etc-‚3
798 2017 914 2044 tertium

145 2065 186 2090 est
201 2062 430 2090 mortificationis
450 2062 594 2089 fructuosa
616 2061 724 2088 utilitas
735 2083 743 2096 ‚
760 2063 800 2089 ihi
816 2072 822 2089 ς
838 2064 914 2090 Inve-

145 2111 200 2135 niet
215 2116 287 2141 eam,
305 2110 358 2135 etc.
375 2110 427 2135 Per
442 2108 570 2135 animam
591 2115 662 2134 vero
684 2107 747 2135 vitae
762 2109 914 2144 concupis-

145 2154 274 2181 centialis
289 2154 342 2189 (b),
357 2156 388 2181 ut
403 2153 512 2180 dictum
527 2156 585 2187 est,
602 2162 667 2188 quae
686 2156 727 2180 est
741 2155 893 2189 perdenda
903 2177 911 2190 ,

144 2201 174 2228 id
183 2203 224 2228 est
232 2201 445 2228 mortificanda.
458 2203 490 2228 Et
499 2201 536 2228 de
547 2201 603 2227 hoc
615 2200 776 2228 Bernardus
790 2201 863 2228 bene
874 2203 911 2228 ¹⁰:

147 2257 159 2272 «
174 2248 226 2280 Qui
234 2247 388 2281 perdiderit
404 2249 522 2273 animam
535 2254 610 2273 suam
620 2267 627 2280 ,
644 2248 697 2273 etc.
712 2248 748 2273 De
765 2247 863 2274 anima
875 2247 914 2275 ait

146 2292 299 2328 Apostolus
314 2292 332 2308 ¹¹
355 2301 360 2318 :
383 2293 442 2320 Non
463 2294 536 2325 facio
562 2294 680 2319 (mimam
707 2300 791 2319 meam
812 2295 914 2327 pretio-

146 2341 239 2366 siorem
253 2361 259 2371 ,
276 2346 355 2372 quam
373 2346 422 2365 me.
445 2339 474 2365 ln
495 2338 565 2372 hoc,
583 2339 664 2373 quod
680 2338 719 2365 ait
736 2348 741 2365 :
759 2340 819 2373 Me,
834 2348 914 2367 men-

145 2386 204 2412 tem
227 2385 429 2419 rationemque
453 2385 605 2418 nominat;
623 2392 676 2419 per
699 2386 836 2419 animam,
857 2386 913 2414 hoc

178 2445 274 2475 ¹Sup.,
293 2450 318 2474 x,
337 2446 372 2468 18.
388 2456 418 2461 -
433 2444 442 2459 2'
459 2443 515 2473 inf,
531 2445 647 2474 xl11,37.
665 2457 691 2460 —
707 2445 718 2460 ³
733 2445 819 2473 Eccli„
838 2451 912 2476 xvm,

147 2480 184 2502 31.
202 2493 230 2496 -
243 2480 253 2496 ⁶
268 2479 333 2503 Psal.
352 2485 376 2509 x,
393 2480 415 2501 ὓ.
434 2491 463 2495 -
479 2480 486 2492 ⁵
502 2479 567 2507 Lucu,
587 2485 639 2509 xxv,
654 2480 692 2502 2⁶³.
711 2493 738 2496 —
761 2481 769 2493 ’1
783 2480 868 2511 Greg„
888 2482 913 2505 in

151 2515 252 2543 limma„
268 2515 326 2538 hom
342 2520 446 2543 xxxvii,
465 2516 522 2537 aule
537 2514 605 2537 med.
621 2527 650 2532 —
666 2515 674 2529 ⁷
690 2515 790 2544 Mami„
805 2521 858 2546 xvi,
873 2518 911 2540 25.

148 2563 176 2566 —
191 2549 201 2565 ὅ
213 2550 297 2579 Greg,
313 2551 338 2573 iu
355 2551 458 2579 lit-any„
473 2550 542 2573 hom.
557 2555 637 2573 xxxii.
650 2562 679 2566 —
694 2551 842 2580 ³'A11g.,ubi
857 2559 911 2581 sup.

148 2597 176 2601 —
193 2585 210 2599 ¹⁰
226 2585 349 2614 Beru.,1'71
366 2585 449 2615 Cant„
464 2592 538 2607 serui.
558 2590 603 2612 xx,
621 2592 646 2607 11.
665 2586 687 2608 7.
706 2598 735 2602 —
753 2587 768 2601 ¹¹
788 2587 853 2616 Act„
868 2593 912 2617 xx,

149 2620 185 2642 2'..
200 2631 229 2635 —
244 2619 261 2635 ¹2
277 2620 293 2642 ΙΙ
309 2620 376 2649 σωκ,
391 2626 407 2650 1,
420 2621 441 2642 7.
454 2633 484 2637 —
501 2620 517 2633 ¹³
535 2620 539 2641 i
559 2620 644 2649 Petu„
662 2626 689 2650 11,
703 2623 741 2643 21.
757 2633 786 2638 —
800 2621 818 2637 ¹⁶
834 2622 907 2652 Aug„

1678 201 1736 229 425

969 265 1107 299 interius,
1134 265 1215 300 quod
1237 265 1317 292 carni
1341 265 1506 292 animandae
1529 266 1738 292 accommoda-

970 312 1032 338 tum
1056 313 1133 338 est.»
1157 313 1188 338 Et
1202 311 1333 346 sequitur
1355 319 1361 337 :
1380 320 1393 336 (ι
1408 311 1434 338 Si
1449 310 1601 346 propriam
1622 311 1739 338 deseras

970 357 1167 390 voluntatem,
1189 357 1211 383 si
1239 356 1370 392 eorporis
1389 356 1591 391 voluptatibus
1614 356 1739 391 perfecte

970 403 1117 430 renunties
1134 424 1142 436 ,
1167 403 1190 429 si
1212 410 1330 430 carnem
1355 402 1510 436 crucifigas
1525 423 1534 436 ,
1559 402 1582 428 si
1606 402 1740 429 membra

970 448 1138 482 mortifices,
1154 449 1327 476 imitatorem
1343 448 1423 475 Pauli
1441 449 1467 475 te
1481 456 1542 475 esse
1556 448 1707 483 probahis.
1725 459 1736 472 n

971 496 1002 521 Et
1017 497 1081 529 post
1098 504 1104 521 z
1124 506 1136 519 «
1156 495 1290 522 Animam
1311 494 1390 522 enim
1406 494 1509 529 perdet
1524 494 1604 529 quiS,
1620 502 1672 521 seu
1686 502 1740 528 po-

971 540 1070 567 nendo
1085 542 1116 567 ut
1130 542 1252 576 martyr,
1268 548 1319 567 seu
1335 540 1494 575 affligendo
1509 541 1539 567 ut
1555 540 1708 575 poenitens.
1724 550 1738 565 n

972 587 1033 613 Haec
1055 586 1114 613 ille.
1133 588 1163 613 Et
1184 586 1224 613 ibi
1248 586 1373 612 multum
1393 586 1513 613 dehoc.
1531 586 1621 620 Hujus
1644 587 1741 612 autem

971 631 1203 659 mortificationis
1229 632 1335 658 utilitas
1364 633 1406 658 est
1434 632 1563 658 animam
1591 631 1739 664 invenire,

972 678 1054 713 quod
1070 680 1110 705 est
1124 678 1249 705 salutem
1263 679 1400 705 aeternam
1415 677 1530 712 assequi
1548 686 1574 704 :«
1590 677 1617 704 Si
1631 677 1708 704 enim
1722 677 1740 693 ¹²

972 725 1042 752 socii
1064 725 1236 760 passionum
1261 724 1387 757 fueritis,
1410 727 1437 751 et
1461 724 1738 751 consolationum.»

972 772 1003 798 Et
1017 771 1085 797 ideo
1102 770 1233 805 sequitur
1249 771 1290 805 (v.
1306 770 1356 804 ⁶26)
1371 779 1377 796 :
1390 771 1419 796 Si
1433 772 1492 803 quis
1512 770 1580 796 mihi
1594 772 1741 803 ministrat,

970 825 1010 844 me
1021 820 1158 851 sequatur,
1171 816 1277 844 scilicet
1288 824 1404 843 mecum
1417 818 1541 843 mortem
1552 816 1722 843 sustinendo
1734 825 1739 843 ε

975 872 988 888 ι(
1003 863 1129 891 Christus
1144 863 1222 890 enim
1236 863 1257 879 13
1273 870 1376 898 passus
1397 864 1449 895 est,
1465 862 1551 889 nobis
1574 862 1742 897 relinquens

972 909 1160 945 exemplum,
1183 911 1214 936 ut
1238 916 1398 944 sequamur
1421 908 1533 935 vestitia
1556 909 1628 943 ejus.
1649 919 1662 933 »
1686 908 1742 935 Sed

975 965 987 980 «
1004 963 1063 990 quo
1083 955 1178 982 fructu
1190 976 1198 988 ‚
1222 963 1281 990 qua
1305 954 1440 981 mercede
1453 975 1461 988 ,
1487 962 1547 989 quo
1569 954 1711 990 praemio?
1726 964 1738 979 »

972 1001 1045 1027 sicut
1064 1001 1166 1036 quaerit
1190 1001 1365 1035 Augustinus
1380 1001 1409 1025 11.
1428 1000 1497 1027 Ideo
1521 1000 1651 1036 sequitur
1675 1009 1681 1026 ε
1710 1001 1742 1026 Et

971 1049 1018 1074 ubi
1033 1056 1076 1082 ⁶90
1093 1056 1166 1082 sum,
1183 1049 1241 1074 illic
1255 1051 1279 1074 ec
1290 1049 1411 1074 minister
1424 1052 1495 1073 meus
1510 1049 1572 1074 erit.
1588 1048 1620 1074 Et
1631 1047 1688 1074 hoc
1701 1049 1742 1074 est

972 1102 1111 1129 magnum
1126 1094 1294 1130 praemium,
1310 1095 1341 1120 ut
1356 1093 1395 1121 ait
1407 1093 1582 1128 Augustinus
1598 1094 1619 1110 15
1634 1102 1661 1120 :«
1675 1095 1743 1121 Gra-

971 1142 1006 1169 tis
1021 1142 1146 1175 ametur,
1166 1143 1193 1168 et
1209 1141 1319 1176 operis,
1336 1148 1396 1175 quo
1412 1140 1591 1167 ministratur
1606 1140 1663 1173 illi,
1678 1148 1743 1175 pre-

971 1189 1044 1215 tium
1060 1188 1095 1214 sit
1111 1195 1172 1214 esse
1189 1195 1256 1214 cum
1274 1186 1336 1214 illo.
1355 1186 1407 1213 Ubi
1423 1186 1500 1213 enim
1520 1186 1596 1213 bene
1613 1186 1666 1213 erit
1680 1186 1742 1213 sine

971 1234 1039 1268 illo,
1063 1235 1112 1260 aut
1133 1233 1210 1260 male
1234 1241 1301 1259 011111
1322 1232 1373 1259 1110
1398 1232 1438 1258 Ἱ»
1463 1233 1527 1258 Hcee
1549 1232 1607 1259 ille.
1633 1233 1652 1247 ¹⁶
1678 1242 1691 1257 «
1711 1233 1743 1258 Et

971 1281 1011 1307 sic
1041 1288 1156 1315 semper
1198 1288 1264 1306 cum
1302 1279 1423 1305 Domino
1453 1278 1570 1305 erimus.
1600 1289 1612 1302 »
1646 1279 1678 1305 Et
1705 1277 1741 1304 de

971 1327 1027 1354 hoc
1054 1327 1083 1353 in
1110 1325 1269 1353 Collsitione
1297 1324 1478 1360 praedicabili
1501 1324 1529 1351 ¹⁷.
1550 1326 1582 1351 Et
1601 1323 1742 1358 sequitur,

972 1373 1055 1408 quasi
1079 1372 1190 1399 dictum
1205 1370 1286 1406 prius
1301 1370 1478 1406 exponendo
1489 1391 1496 1403 ,
1519 1370 1592 1397 sicut
1609 1370 1742 1404 Augusti-

972 1426 1026 1445 nus
1042 1419 1063 1435 13
1078 1417 1228 1445 continuat
1243 1426 1248 1443 ε
1265 1418 1294 1443 St·
1309 1419 1368 1451 qnz's
1384 1417 1451 1443 milii
1464 1418 1673 1449 ministraverit,
1690 1416 1743 1443 sci-

971 1464 1037 1491 licet
1051 1464 1091 1491 sic
1114 1472 1161 1490 1110
1183 1462 1354 1498 sequendo,
1371 1463 1555 1496 honorificabit
1584 1470 1642 1489 eum
1664 1463 1742 1489 Pater

971 1509 1182 1536 meus-:scilicet
1200 1518 1212 1534 «
1222 1510 1252 1535 ut
1262 1509 1297 1536 sit
1308 1517 1375 1535 cum
1389 1508 1450 1535 filio
1467 1509 1538 1543 ejus.
1555 1509 1647 1541 Quem
1663 1508 1741 1536 enim

971 1557 1111 1591 majorem
1126 1556 1272 1582 honorem
1287 1555 1418 1590 accipere
1438 1553 1544 1589 poterit
1566 1553 1721 1589 adoptatus
1733 1575 1742 1588 ,

971 1610 1061 1637 quam
1083 1604 1113 1629 ut
1136 1601 1170 1628 sit
1192 1602 1251 1635 ibi,
1274 1601 1325 1628 ubi
1345 1602 1386 1628 est
1403 1600 1528 1634 unicus,-
1545 1608 1605 1627 non
1621 1600 1743 1635 aequalis

970 1648 1061 1675 factus
1086 1648 1246 1681 divinitati,
1270 1647 1320 1674 sed
1335 1647 1518 1674 consociatus
1537 1646 1711 1673 aeternitati?
1726 1657 1739 1671 »

971 1696 1034 1721 Haec
1049 1694 1108 1721 ille.
1126 1695 1146 1710 ¹⁹
1165 1694 1289 1721 «Gloria
1314 1693 1391 1720 enim
1413 1695 1439 1720 et
1459 1693 1572 1720 honore
1597 1693 1742 1720 coronasti

971 1748 1052 1773 eum,
1069 1751 1081 1765 >1
1107 1740 1146 1767 ait
1168 1739 1322 1775 Propheta.
1353 1741 1399 1766 Est
1420 1739 1499 1766 enim
1521 1739 1617 1766 honor
1632 1738 1741 1772 salsus,

970 1786 1030 1813 sive
1060 1786 1209 1820 fallibilis,
1233 1785 1284 1821 qui
1312 1793 1372 1812 non
1401 1785 1534 1820 procedit
1562 1793 1597 1811 ex
1625 1785 1740 1812 virtute.

974 1844 985 1856 u
1002 1834 1046 1859 Est
1070 1832 1148 1859 enim
1170 1832 1267 1858 honor
1281 1831 1311 1858 in
1326 1832 1500 1865 honorante,
1522 1831 1561 1858 ait
1579 1831 1695 1867 sapiens
1710 1831 1741 1865 ²⁰,

971 1878 1040 1913 quia
1064 1880 1159 1913 potest
1180 1878 1344 1911 honorare,
1368 1885 1442 1912 (11105
1467 1877 1537 1904 vult.
1556 1887 1569 1902 »
1584 1878 1616 1904 Et
1634 1878 1685 1904 iste
1701 1880 1743 1905 est

970 1925 1066 1951 honor
1087 1924 1196 1957 inanis,
1217 1925 1244 1950 et
1265 1923 1380 1957 brevis,
1396 1925 1423 1950 et
1439 1923 1599 1951 variabilis.
1616 1924 1635 1939 2¹
1654 1934 1667 1949 «
1688 1924 1742 1957 Qui

970 1970 1070 1997 tribuit
1084 1969 1230 2005 insipienti
1250 1969 1409 2003 honorem,
1426 1979 1438 1994 n
1457 1971 1509 1996 etc.
1528 1971 1559 1997 Et
1572 1970 1624 1997 iste
1646 1970 1742 1998 honor

970 2018 1012 2043 est
1024 2016 1159 2050 nocivus,
1179 2018 1209 2043 ut
1223 2023 1309 2050 saepe.
1331 2015 1453 2043 Honoris
1472 2016 1550 2042 enim
1568 2016 1740 2049 magnitudo

970 2065 1011 2089 est
1034 2062 1267 2089 additamentum
1287 2070 1381 2096 poenae
1395 2061 1453 2095 his,
1467 2061 1517 2096 (1111
1540 2069 1600 2088 non
1616 2061 1742 2095 diligunt

970 2116 1087 2135 manere
1097 2128 1103 2139 ‚
1116 2108 1146 2134 id
1162 2110 1220 2141 est,
1236 2108 1334 2134 vivere
1350 2107 1512 2134 secundum
1525 2107 1670 2135 honorem
1680 2128 1689 2141 ,
1703 2108 1742 2135 ait

970 2155 1204 2189 Chrysostomus.
1230 2155 1263 2180 Ut
1285 2153 1363 2180 enim
1385 2153 1425 2180 ait
1446 2153 1607 2180 Bernardus
1631 2162 1637 2180 ε
1657 2164 1669 2179 «
1687 2154 1741 2186 Qui

970 2208 1031 2227 non
1047 2200 1083 2227 de
1100 2207 1201 2227 amore
1216 2199 1296 2226 venit
1310 2200 1416 2233 honor,
1433 2207 1493 2227 non
1507 2200 1603 2227 honor
1618 2201 1674 2233 est,
1688 2200 1741 2227 sed

970 2247 1110 2274 adulatio.
1128 2257 1140 2272 »
1160 2246 1227 2273 ideo
1240 2247 1261 2263 '2²
1278 2256 1284 2273 ι
1302 2257 1315 2271 «
1338 2246 1401 2273 Noli
1417 2253 1545 2281 quaerere
1567 2245 1604 2272 ab
1619 2245 1740 2273 homine

970 2293 1138 2320 cathedram
1150 2293 1282 2320 honoris.
1300 2302 1313 2317 »
1332 2294 1399 2319 ltem
1416 2294 1457 2319 est
1471 2292 1566 2319 honor
1580 2291 1738 2326 humanus,

969 2341 1029 2367 sive
1045 2342 1156 2368 naturce
1177 2340 1313 2367 humanae
1328 2339 1470 2373 conditae,
1487 2339 1523 2366 de
1539 2346 1599 2374 quo
1618 2338 1647 2365 in
1667 2340 1740 2365 Psal—

969 2395 1009 2413 mo
1024 2386 1045 2403 ²³
1061 2395 1067 2413 :
1088 2396 1100 2411 «
1115 2388 1207 2414 Homo
1223 2393 1291 2412 cum
1303 2385 1333 2412 in
1347 2385 1460 2412 honore
1475 2387 1565 2418 esset,
1581 2392 1640 2412 non
1655 2384 1739 2412 intel-

969 2441 1010 2465 ubi
1032 2449 1097 2472 sup„
1119 2448 1144 2464 n.
1169 2442 1204 2463 11.
1222 2454 1247 2457 —
1268 2440 1288 2456 ¹⁵
1306 2440 1368 2463 lbid.
1386 2440 1474 2463 -181
1494 2440 1633 2470 Thess.,1v‚
1654 2440 1680 2463 1ss
1710 2452 1740 2456 —

972 2477 987 2490 '⁷
1009 2476 1065 2500 vm.
1090 2476 1188 2504 collat„
1208 2481 1282 2499 Lv111.
1300 2488 1329 2492 —-
1348 2474 1368 2491 ¹⁸
1388 2476 1461 2505 Aug„
1481 2474 1522 2498 ubi
1540 2481 1596 2505 sup.
1616 2481 1689 2505 prox.
1712 2487 1737 2490 —

971 2512 989 2527 ¹⁰
1011 2511 1077 2535 Paat.
1094 2517 1152 2540 vm,
1168 2512 1191 2533 ὓ,
1204 2523 1234 2528 -
1251 2511 1271 2527 ²⁰
1290 2510 1376 2540 Arist„
1393 2510 1483 2539 Etlzz'c„
1498 2509 1541 2533 lib.
1562 2511 1584 2540 1,
1601 2517 1622 2533 c.
1639 2515 1664 2540 v,
1681 2511 1739 2532 ante

970 2547 1035 2569 mciii
1055 2559 1084 2563 —
1105 2546 1123 2561 Ἡ
1147 2547 1229 2575 Pron„
1253 2551 1326 2575 xxvi,
1348 2546 1371 2569 8.
1390 2558 1421 2563 --
1443 2546 1464 2561 ²²
1481 2545 1570 2574 Eccli.‚
1595 2551 1646 2574 vu,
1672 2545 1739 2567 1.-

970 2582 1068 2604 ’ὶ31’,ςαΙ.
1089 2587 1186 2609 XXVM,
1207 2583 1244 2604 21.

1003 2621 1033 2651 (a)
1051 2620 1139 2651 Suppl.
1160 2620 1307 2644 animalitas.
1321 2633 1350 2637 —
1365 2620 1399 2651 (b)
1414 2621 1468 2651 Leq.
1486 2622 1651 2651 proponatur.
