1987 3032
42 1039 119 1058 Dicere

15 1069 76 1094 quid.

688 228 892 260 EXPOSITIO
914 228 953 260 IN
974 228 1060 259 CAP.
1083 228 1143 260 XX.

131 299 173 338 (v.
182 299 231 333 4⁶2)
245 308 252 329 t
266 298 312 330 Et
325 297 389 337 ipse
403 295 511 327 David
521 295 598 327 dicit
613 295 646 325 ῖη
658 294 737 325 libro
749 294 893 326 Psalmo-

129 361 203 382 rzcm
216 353 224 368 ¹
236 360 247 381 .·
259 351 349 382 Dixit
360 350 517 381 Dominus
529 348 665 379 Domino
675 357 744 378 meo
759 358 770 378 .·
782 346 865 378 Sede
874 356 894 376 α

130 404 248 434 (lezlris
274 403 362 433 meis.
385 402 450 432 Hoc
475 402 593 440 absque
618 401 713 431 dubio
734 400 833 430 David
856 399 894 429 de

130 457 227 487 verbo
239 456 277 486 ad
292 455 425 486 verbum
439 454 514 485 dicit
526 455 558 484 in
572 453 712 490 Psalmo,
728 452 783 492 qui
798 454 843 482 est
857 452 895 482 de

130 509 252 539 duabus
264 508 387 538 naturis
400 506 660 537 excellentissime
670 508 700 536 et
713 505 894 545 profundis-

129 562 207 591 sime
217 563 363 591 tractans.
380 559 597 590 Constatenim
613 558 698 598 quod
712 558 788 588 illud
803 557 896 587 intel-

129 614 242 653 ligitur
255 613 293 644 de
308 613 429 644 Christo
446 624 452 643 ι
469 621 543 642 nam
554 612 634 642 nulli
649 611 732 642 dedit
750 611 830 641 Deus
845 619 896 640 re-

129 675 232 705 gnum
246 674 443 705 supremum,
457 664 664 695 sacerdotium
680 665 849 700 aeternum,
866 664 895 692 et

126 718 282 757 judicium
296 718 531 754 universorum,
548 717 608 747 nisi
630 716 750 747 Christo
768 726 774 746 :
792 717 822 746 et
837 715 895 745 hoc

130 774 231 802 totum
254 772 286 802 in
314 771 368 802 illo
392 771 517 802 Psalmo
544 770 742 801 describitur.
769 768 896 808 Oportet

131 833 208 863 ergo
216 824 300 863 quod
310 833 420 854 versus
431 824 490 853 iste
504 823 541 854 de
553 823 674 853 Christo
686 821 892 860 intelligatur,

132 877 163 906 in
180 886 242 916 quo
256 876 404 915 exprimit
431 876 496 915 ipse
517 876 615 906 David
639 875 758 914 Spiritu
788 875 896 904 sancto

132 929 256 959 afflatus
270 929 340 959 Filii
354 931 505 959 aeternam
520 928 758 967 generationem
781 927 814 956 in
838 926 898 956 hoc

133 982 217 1021 quod
238 981 310 1012 dicit
338 992 345 1011 ι
370 982 459 1011 Dixit
481 981 635 1011 Dominus
656 979 794 1010 Domino
817 987 898 1008 meo.

133 1035 244 1065 Dicere
259 1034 342 1064 enim
369 1034 449 1064 nihil
465 1033 549 1064 aliud
564 1036 622 1070 est,
647 1041 743 1072 quam
764 1031 899 1062 verbum

134 1089 239 1117 mente
253 1087 425 1125 concipere.
450 1086 539 1122 Quod
562 1085 691 1124 quidem
713 1085 815 1115 dicere
835 1092 900 1113 non

134 1139 236 1178 potuit
250 1148 316 1168 esse
329 1139 361 1168 in
377 1138 438 1168 Deo
457 1138 517 1168 nisi
540 1138 578 1167 ab
601 1140 730 1174 aeterno,
747 1136 834 1176 quia,
859 1136 901 1165 si-

133 1194 186 1221 cut
199 1191 312 1221 dicitur
326 1192 348 1229 ²,
369 1202 383 1219 «
404 1191 500 1220 semel
524 1190 666 1229 loquitur
691 1189 783 1226 Deus,
803 1190 833 1218 et
852 1197 901 1218 se-

134 1243 236 1274 cundo
257 1243 392 1283 idipsum
414 1251 478 1272 non
500 1242 623 1282 repetit.
646 1253 660 1270 »
683 1241 721 1272 Et
739 1241 808 1271 ideo
829 1241 903 1270 dici-

134 1298 186 1326 tur
200 1297 232 1326 ³:
255 1308 269 1324 «
288 1295 322 1325 In
344 1295 496 1334 principio
516 1296 583 1324 erat
602 1293 754 1330 Verbum,
776 1295 806 1323 et
830 1293 901 1323 Ver-

135 1349 211 1379 bum
224 1351 289 1379 erat
299 1348 381 1387 apud
392 1347 503 1384 Deum,
515 1348 545 1376 et
554 1346 634 1376 Deus
645 1348 710 1376 erat
719 1345 871 1376 Verbum.
883 1356 897 1373 »

136 1401 220 1431 Dixit
233 1410 311 1440 ergo
321 1400 523 1437 aeternaliter,
533 1408 605 1429 cum
617 1398 734 1428 Filium
747 1398 859 1437 genuit
871 1400 900 1428 ⁶:

140 1465 154 1481 α
169 1453 319 1483 Dominus
334 1452 414 1482 dixit
436 1451 475 1481 ad
492 1460 543 1481 me
559 1460 566 1479 z
582 1450 679 1481 Filius
694 1460 783 1480 meus
799 1459 832 1480 es
853 1452 899 1487 tu,

134 1514 197 1544 ego
211 1505 303 1535 hodie
319 1493 419 1543 genui
439 1505 480 1533 te.
500 1514 514 1531 ι)
539 1503 695 1542 Exprimit
717 1503 813 1533 etiam
833 1502 901 1532 Filii

135 1559 348 1598 aequalitatem
363 1566 436 1587 cum
459 1556 562 1593 Patre,
577 1565 650 1586 cum
673 1555 746 1586 dicit
764 1565 771 1584 2
793 1567 806 1584 «
822 1555 900 1586 Sede

134 1621 154 1641 a
165 1611 282 1642 dextris
297 1610 386 1647 meis,
400 1620 414 1637 n
435 1609 465 1639 id
480 1611 527 1639 est
542 1609 673 1647 aequalis
688 1608 778 1639 mihi.
792 1611 801 1627 ⁶
817 1608 900 1645 «Qui

135 1673 208 1694 cum
223 1663 264 1693 sit
278 1662 423 1702 splendor
439 1661 563 1700 gloriae,
580 1663 610 1692 et
630 1661 738 1700 figura
752 1661 898 1691 substan-

134 1716 186 1746 tiae
205 1717 292 1755 ejus,
315 1717 506 1754 portansque
527 1713 633 1744 omnia
653 1713 751 1744 verbo
774 1713 901 1744 virtutis

134 1777 212 1806 suae,
230 1767 452 1807 purgationem
463 1768 661 1805 peecatorum
678 1766 803 1801 faciens,
815 1766 901 1796 sedet

133 1829 152 1850 a
165 1820 327 1850 dexteram
345 1819 516 1857 majestatis
530 1819 560 1848 in
576 1818 718 1855 excelsis,
729 1829 743 1846 »
761 1820 833 1856 etc.,
849 1827 899 1848 us-

133 1882 195 1912 que
209 1872 251 1902 ibi
269 1882 276 1902 ι
292 1883 306 1900 α
325 1871 393 1909 Ego
408 1871 501 1901 hodie
521 1871 619 1909 genui
639 1872 680 1901 te.
702 1881 716 1898 n
737 1870 808 1901 Ideo
828 1870 900 1900 dici-

134 1927 186 1954 tur
200 1925 210 1940 ⁶
226 1935 232 1954 :
255 1935 269 1952 «
283 1923 343 1960 Qui
357 1932 430 1953 cum
445 1923 477 1953 in
492 1923 593 1953 forma
607 1923 661 1953 Dei
672 1925 761 1960 esset,
771 1932 836 1954 non
850 1932 898 1954 ra-

134 1977 243 2016 pinam
258 1977 427 2007 arbitratus
442 1978 565 2006 estesse
580 1985 613 2006 se
623 1975 779 2015 aequalem
794 1976 893 2007 Deo.»

134 2029 235 2060 Sessio
256 2038 336 2068 ergo
357 2028 409 2059 illa
430 2037 494 2058 non
517 2028 591 2058 dicit
612 2028 799 2067 positIOnem
820 2028 899 2058 loca-

134 2082 208 2120 lem,
224 2082 277 2113 sed
292 2082 396 2121 potius
410 2090 568 2112 summam
588 2081 739 2121 quietem,
756 2081 898 2120 dignita-

134 2137 197 2165 tem
217 2137 248 2164 et
268 2134 496 2171 auctoritatem,
513 2143 548 2164 ac
566 2143 622 2173 per
643 2134 703 2164 hoc
724 2136 755 2164 et
773 2135 901 2173 aequali-

133 2189 239 2224 tatem,
258 2196 329 2226 quae
344 2186 402 2217 soli
417 2186 495 2216 Filio
509 2186 666 2225 competit.
685 2186 757 2216 Ideo
781 2187 900 2217 corruit

133 2238 267 2276 Lucifer,
285 2239 339 2277 qui
352 2248 422 2268 eam
437 2238 565 2277 appetiit
576 2238 586 2253 ⁷
603 2249 633 2267 :a
648 2238 811 2275 Quomodo
825 2239 901 2269 ceci-

133 2291 205 2321 disti
221 2291 259 2320 de
275 2291 365 2328 coelo,
382 2290 515 2327 Lucifer,
532 2290 587 2329 qui
611 2299 704 2320 mane
725 2291 900 2320 oriebaris?

134 2343 189 2382 qui
204 2343 327 2373 dicebas
351 2343 383 2372 in
402 2343 494 2372 corde
514 2344 570 2372 tuo
589 2353 596 2373 ε
620 2342 722 2382 Super
743 2345 826 2373 astra
845 2343 899 2373 Dei

134 2395 278 2425 exaltabo
293 2394 408 2424 solium
423 2403 543 2431 meum,
563 2396 594 2424 et
613 2395 727 2426 sedebo
740 2396 773 2425 in
794 2397 900 2426 monte

134 2447 322 2485 testamenti,
348 2449 378 2477 et
393 2446 505 2476 similis
526 2455 580 2477 ero
601 2447 774 2478 Altissimo.
797 2458 812 2476 n
841 2448 901 2479 Ex-

136 2499 243 2537 primit
253 2498 460 2529 nihilominus
470 2498 569 2537 ipsius
583 2498 654 2528 Filii
663 2499 717 2529 Dei
728 2500 899 2538 imperium

136 2540 324 2589 universale,
353 2560 427 2581 cum
450 2550 534 2581 addit
559 2550 600 2589 (v.
618 2552 666 2590 43)
690 2552 820 2583 :Donec
838 2561 900 2592 po-

168 2630 174 2644 ¹
198 2629 264 2653 Psal.
281 2635 332 2660 mx,
352 2632 401 2654 1-2.
417 2643 446 2648 —
461 2631 468 2644 ²
487 2630 540 2661 lob,
556 2636 651 2659 xxxm,
667 2632 704 2654 14.
720 2644 748 2648 —
761 2632 769 2645 ³
785 2632 865 2660 Jocm„
883 2639 900 2663 ι,

139 2666 160 2688 1.
173 2677 203 2682 -
216 2665 224 2678 ⁴
240 2665 306 2688 Psat.
322 2671 351 2695 ιι,
365 2666 388 2689 7.
403 2678 433 2683 -
447 2665 555 2695 ⁶11ebr„
569 2671 587 2695 1,
603 2667 656 2689 2-5.
675 2677 705 2683 —
721 2667 731 2681 ⁶
746 2666 855 2697 Philip..
872 2673 899 2697 ιι,

1659 233 1715 261 {47

950 304 1027 325 nam
1048 295 1191 326 inimicos
1216 297 1286 326 tuos
1311 295 1482 326 scabellum
1502 295 1625 335 pedum
1646 300 1717 327 tuo-

949 357 1035 378 rum.
1066 348 1077 364 ⁸
1114 360 1128 377 «
1149 348 1262 380 Omnia
1298 349 1460 388 subjecisti
1489 350 1548 380 sub
1586 350 1717 389 pedibus

950 401 976 438 ej
983 409 1030 437 us,
1043 403 1134 438 nete„
1144 401 1219 440 quia
1233 410 1289 440 per
1302 401 1455 432 virtutem
1469 402 1717 441 omnipotentem

951 454 982 482 et
995 453 1079 491 regit
1092 454 1201 491 bonos,
1217 456 1247 483 et
1260 454 1422 484 conculcat
1436 463 1612 493 perversos,
1630 454 1717 485 Unde

950 504 1064 535 dicitur
1087 506 1097 522 ⁹
1119 515 1125 534 z
1146 518 1160 534 (ι
1183 506 1310 545 Oportet
1332 507 1421 537 illum
1442 516 1595 546 regnare,
1620 507 1719 537 donec

950 559 1047 596 ponat
1062 567 1171 589 omnes
1195 559 1341 590 inimicos
1359 560 1417 590 sub
1442 560 1574 599 pedibus
1594 561 1663 599 ejus
1678 570 1685 591 ε
1700 572 1714 589 »

951 610 1059 640 omnia
1091 611 1177 641 enim
1215 612 1348 651 subjecit
1376 613 1434 643 sub
1475 613 1607 652 pedibus
1637 614 1718 652 ejus.

952 663 962 678 ⁰
975 674 988 690 «
1002 662 1076 693 Haec
1088 663 1162 694 dicit
1173 664 1326 696 Dominus
1337 665 1457 696 Christo
1473 675 1553 704 meo,
1568 666 1660 705 Cyro,
1670 676 1721 697 cu-

948 714 1003 752 Jus
1017 714 1209 752 apprehendi
1224 715 1399 754 dexteram,
1418 719 1453 747 ut
1467 717 1634 756 subjiciam
1647 720 1721 749 ante

952 765 1064 795 faciem
1075 767 1144 805 ejus
1154 770 1275 806 gentes,
1285 770 1316 798 et
1325 769 1418 798 dorsa
1427 778 1544 808 regum
1554 772 1687 801 vertam.
1702 781 1716 798 n

953 817 1032 848 Nam
1047 819 1085 849 de
1100 818 1222 850 Christo
1237 820 1351 851 dicitur
1365 822 1373 837 ¹
1394 831 1400 850 :
1422 834 1437 851 a
1460 822 1559 853 Habet
1573 823 1607 853 in
1622 823 1720 854 vesti·

954 874 1060 902 mento
1075 872 1152 903 etin
1167 873 1286 905 femore
1305 883 1363 905 suo
1386 874 1539 914 scriptum
1561 886 1567 906 :
1590 875 1656 906 Rex
1675 885 1720 907 re-

956 933 1047 963 gum,
1065 936 1079 953 n
1098 927 1157 956 etc.

994 977 1117 1015 Tertio,
1140 981 1296 1017 quantum
1315 979 1354 1009 ad
1375 982 1577 1019 apparentem
1600 984 1722 1013 contro-

955 1030 1110 1068 versiam,
1127 1032 1233 1062 subdit
1249 1032 1289 1070 (v.
1306 1033 1354 1065 44)
1373 1043 1379 1062 :
1403 1033 1511 1064 David
1522 1043 1597 1073 erqo
1611 1035 1723 1065 Domi-

955 1091 1035 1112 num
1051 1083 1141 1113 illum
1152 1088 1258 1114 vocat:
1274 1088 1305 1114 et
1315 1085 1473 1124 quomodo
1481 1086 1568 1123 filius
1578 1086 1645 1125 esus
1660 1087 1726 1117 est?

956 1136 1152 1176 Impossibile
1166 1138 1252 1168 enim
1271 1140 1316 1169 est
1330 1139 1431 1169 dicere
1449 1140 1534 1179 quod
1549 1142 1723 1175 secundum

956 1192 1103 1220 naturam
1118 1191 1295 1222 humanam
1315 1192 1455 1223 Christus
1470 1196 1550 1224 esset
1572 1194 1725 1226 Dominus

957 1242 1071 1280 David,
1093 1243 1169 1282 quia
1192 1244 1333 1275 Christus
1356 1245 1499 1276 nondum
1523 1249 1590 1277 erat
1612 1249 1722 1286 natus,

956 1304 1013 1325 nec
1025 1298 1193 1334 conceptus
1204 1307 1212 1334 ;
1225 1299 1255 1327 et
1272 1300 1437 1337 propterea
1455 1307 1621 1338 nunquam
1640 1301 1726 1331 filius

957 1347 1072 1378 dicitur
1081 1348 1230 1380 dominus
1244 1350 1341 1389 patris
1351 1351 1412 1381 sui.
1424 1351 1462 1382 Et
1475 1352 1592 1383 iterum
1605 1363 1612 1383 ι
1626 1353 1724 1385 David

957 1409 1030 1430 cum
1046 1403 1125 1431 esset
1147 1410 1204 1432 rex
1219 1402 1378 1441 excelsus,
1406 1412 1472 1434 non
1496 1405 1620 1435 videtur
1638 1407 1723 1445 quod

956 1452 1094 1492 aliquem
1110 1462 1228 1492 purum
1242 1455 1405 1486 hominem
1419 1456 1591 1488 Dominum
1603 1458 1726 1489 habue-

955 1504 1007 1535 rit.
1024 1504 1128 1536 Restat
1145 1515 1222 1545 ergo
1245 1508 1344 1547 quod,
1361 1518 1434 1539 cum
1453 1509 1595 1541 Christus
1610 1520 1722 1542 secun-

955 1557 1032 1587 dum
1044 1559 1186 1590 eamdem
1203 1564 1351 1592 naturam
1365 1562 1463 1593 David
1478 1563 1565 1602 regis
1579 1573 1644 1594 non
1657 1573 1724 1604 pos-

955 1609 994 1639 sit
1015 1610 1074 1641 dici
1097 1612 1193 1643 simul
1208 1622 1276 1644 esse
1296 1623 1392 1645 verus
1405 1615 1490 1645 filius
1504 1618 1535 1646 et
1555 1616 1720 1654 dominus,

954 1671 1080 1694 necesse
1099 1667 1145 1694 est
1171 1666 1266 1696 simul
1289 1676 1356 1698 esse
1376 1667 1477 1698 Deum
1494 1670 1524 1699 et
1544 1669 1719 1701 hominem.

955 1714 993 1745 Et
1007 1715 1066 1746 hoc
1080 1718 1208 1756 quidem
1222 1721 1268 1749 est
1282 1729 1394 1750 verum
1407 1743 1414 1757 ‚
1440 1730 1498 1751 nec
1520 1721 1605 1752 ullus
1620 1725 1721 1761 potest

950 1768 1128 1806 Justificari,
1145 1770 1205 1799 nisi
1219 1771 1355 1801 totaliter
1369 1773 1498 1811 recipiat
1511 1773 1717 1813 Scripturam,

955 1821 985 1849 et
1000 1820 1094 1850 fidem
1113 1830 1132 1850 a
1152 1823 1295 1860 patribus
1316 1826 1488 1864 acceptam.
1511 1825 1593 1856 Sunt
1611 1829 1719 1857 autem

954 1871 991 1902 de
1014 1872 1073 1902 bac
1098 1873 1214 1912 duplici
1241 1878 1355 1906 natura
1380 1876 1493 1907 Christi
1515 1878 1721 1918 multiplicata

953 1924 1133 1956 testimonia
1147 1926 1180 1956 iu
1195 1926 1375 1967 ScrIptura;
1394 1929 1446 1960 sed
1463 1931 1566 1969 magis
1580 1931 1640 1962 hoc
1655 1934 1721 1962 tes-

953 1976 1125 2008 timonium
1147 1980 1283 2019 accepit,
1314 1983 1384 2012 tum
1405 1983 1480 2022 quia
1511 1983 1609 2015 David
1635 1985 1720 2016 inter

953 2030 1121 2069 prophetas
1140 2031 1178 2061 de
1208 2032 1329 2063 Christo
1357 2035 1618 2067 excellentissime
1650 2046 1719 2076 pro-

953 2081 1112 2120 phetavit,
1130 2085 1198 2113 tum
1219 2085 1314 2114 etiam
1329 2086 1404 2125 quia
1424 2087 1565 2126 psalmus
1584 2089 1654 2127 ille,
1681 2098 1721 2120 ex

953 2143 1017 2172 quo
1034 2144 1145 2165 versus
1156 2136 1212 2166 iste
1221 2137 1384 2176 accipitur,
1401 2139 1660 2171 excellentissime
1669 2151 1721 2171 ex-

953 2186 1061 2225 primit
1082 2188 1179 2218 totius
1199 2189 1341 2219 veritatis
1360 2194 1603 2222 sacramentum.
1631 2192 1719 2224 Unde

953 2241 984 2269 et
997 2239 1197 2271 Cassiodorus
1210 2241 1247 2272 de
1263 2242 1316 2272 illo
1331 2244 1450 2281 psalmo
1467 2244 1558 2281 dicit,
1575 2245 1656 2284 quod
1673 2249 1719 2276 est
1742 2272 1842 2292 Psalmi„

953 2292 1118 2330 speculum
1138 2293 1271 2323 ccelestis
1292 2295 1416 2333 arcani,
1436 2296 1611 2326 armarium
1627 2298 1722 2337 scrip-
1737 2309 1796 2337 cxx,⁴
1809 2309 1842 2322 ar—

953 2345 1101 2374 turarum
1116 2347 1314 2383 sanctarum,
1334 2347 1390 2376 ubi
1414 2349 1515 2377 totum
1536 2350 1719 2380 summatim
1743 2339 1837 2389 fzfflfflff

953 2395 1078 2434 dicitur,
1095 2397 1250 2436 quidquid
1264 2399 1431 2438 utriusque
1451 2402 1630 2432 testamenti
1651 2412 1721 2432 nar·
1738 2399 1843 2448 Jssssg,

954 2448 1076 2478 ratione
1101 2450 1296 2481 decantatur.
1323 2450 1403 2481 Nam
1432 2453 1528 2482 totius
1554 2455 1720 2494 utriusque
1738 2453 1841 2502 ξωξῦω·

954 2501 1134 2531 testamenti
1161 2502 1294 2533 intentio
1327 2504 1542 2544 principaliter
1576 2509 1722 2537 versatur
1738 2489 1798 2534 effulis
1810 2489 1842 2502 w

955 2552 1036 2583 circa
1046 2552 1157 2583 Christi
1167 2556 1336 2595 utramque
1347 2558 1506 2596 naturam,
1526 2558 1564 2588 de
1578 2568 1640 2597 qua
1653 2559 1720 2598 ipse

955 2633 978 2655 6.
992 2632 1041 2649 -Ἶ
1062 2632 1122 2663 lm„
1141 2639 1193 2664 xw,
1211 2636 1292 2659 12-14.
1309 2649 1340 2653 —
1352 2637 1360 2649 ⁸
1376 2636 1513 2666 Psal.v111,
1524 2638 1549 2659 8.
1566 2650 1597 2654 —
1611 2638 1724 2668 '³1Cor·.,

955 2672 998 2696 xv,
1013 2668 1052 2690 25.
1067 2668 1203 2699 —101sa.,
1217 2675 1276 2700 va,
1294 2673 1316 2694 1.
1327 2672 1487 2701 —11Apoc.‚
1498 2678 1554 2700 xix,
1571 2673 1607 2696 16.
