1987 3032
667 183 872 215 EXPOSITIO
895 183 935 214 IN
957 182 1040 214 CAP.
1065 181 1174 215 XVIII.
1679 185 1716 215 75

120 252 254 291 justitia,
271 252 346 291 quia
358 251 465 281 minus
477 258 512 280 se
525 253 657 290 possunt
667 250 843 288 defendere,
859 251 890 281 et

122 305 317 344 frequentius
333 303 570 343 opprimuntur.
591 303 629 334 Et
642 304 713 334 ideo
728 303 842 334 dicitur
855 304 862 320 ¹
881 313 888 334 :

127 357 261 388 «Libera
270 365 354 394 eum,
369 356 422 395 qui
438 356 589 395 injuriam
602 356 730 395 patitur,
745 356 782 386 de
791 364 891 386 manu

121 410 284 449 superbi...
311 409 344 439 In
356 408 544 448 judicando,
563 411 628 439 esto
648 409 776 449 pupillis
800 409 891 439 mise-

121 462 218 493 ricors
236 464 272 492 ut
285 463 385 501 pater,
410 463 441 491 et
455 470 512 500 pro
534 461 602 491 viro
618 462 712 492 matri
736 461 864 493 illorum
881 473 887 492 :

120 517 150 545 et
165 514 227 545 eris
241 516 277 545 tu
298 514 385 545 velut
399 514 485 544 filius
507 514 658 544 Altissimi
675 515 842 553 obediens,
861 518 891 546 et

120 568 324 598 miserebitur
351 568 398 598 tui
426 568 531 606 magis·
555 577 651 607 quain
672 570 812 598 mater.»
848 569 890 600 De

119 621 286 660 hacigitur
297 621 391 652 vidua
406 621 570 660 indigente
576 622 692 660 Judicis
703 622 888 662 patrocinio⁷

119 675 247 714 propter
260 675 496 714 oppressionem
511 675 666 706 malorum
678 699 687 713 ,
705 675 811 706 subdit
825 686 831 705 :
846 676 891 706 Et

118 728 262 759 veniebat
282 727 328 758 ad
344 737 434 766 eum,
459 728 564 758 dicens
585 739 595 758 :
626 729 758 760 Vindicet
779 739 829 759 me
851 729 889 760 de

118 781 302 813 adversario
326 791 416 820 meo,
444 792 500 822 per
525 782 754 813 districtionem
776 782 887 821 judicii

113 835 203 874 justi.
228 835 266 865 Et
287 835 347 865 hoc
361 835 488 874 quidem
508 836 632 874 justum
653 837 720 866 erat
744 835 795 865 tali
816 845 887 875 per-

117 896 203 918 sonae
224 888 313 918 reddi
328 889 338 904 ²
354 898 361 918 :
386 900 401 917 «
414 888 595 928 Deprecatio
612 888 761 928 pauperis
776 898 816 919 ex
835 898 889 919 ore

116 950 217 980 usque
232 942 270 972 ad
285 951 378 972 aures
402 942 584 982 perveniet,
609 945 640 972 et
650 942 808 982 judicium
827 942 888 972 fes-

115 994 214 1025 tinato
234 995 380 1026 adveniet
398 995 461 1033 illi,
484 1006 498 1023 »
524 995 641 1026 scilicet
656 1005 673 1025 a
696 995 768 1026 Deo.
797 995 835 1026 Et
851 998 860 1014 ³
879 1006 884 1025 :

120 1059 135 1075 α
153 1047 410 1087 Deprecationem
434 1049 501 1079 laesi
521 1048 679 1079 exaudiet.
701 1048 771 1079 Non
790 1049 890 1088 despi—

115 1100 174 1131 ciet
188 1109 295 1140 preces
310 1101 419 1140 pupilli
433 1125 441 1139 ,
457 1111 514 1132 nec
530 1102 659 1132 viduam
672 1125 681 1139 ,
705 1102 731 1131 si
747 1101 889 1132 effundat

114 1154 271 1192 loquelam
296 1154 446 1193 gemitus.
476 1154 587 1185 Nonne
608 1155 759 1194 lacrymae
781 1155 888 1185 viduae

115 1207 151 1237 ad
169 1206 331 1237 maxillam
346 1207 552 1246 descendunt,
571 1210 599 1238 et
616 1207 805 1238 exclamatio
819 1209 888 1247 ejus

115 1269 210 1299 super
225 1260 430 1291 deducentem
449 1270 501 1291 eas
513 1261 527 1290 ?
544 1262 569 1291 A
585 1261 713 1291 maxilla
734 1261 819 1290 enim
836 1271 885 1291 as-

115 1313 253 1343 cendunt
269 1322 370 1353 usque
389 1313 427 1344 ad
449 1313 577 1344 coelnm.
599 1325 613 1341 »
638 1313 675 1343 Et
698 1316 805 1344 tamen
824 1323 888 1344 non

116 1365 306 1404 perveniunt
330 1375 430 1405 usque
452 1367 490 1396 ad
516 1376 570 1397 cor
599 1367 736 1397 1100111115
757 1367 888 1396 indura-

117 1420 204 1448 tum:
230 1419 316 1449 unde
339 1419 443 1449 subdit
464 1422 511 1457 (v.
538 1420 596 1458 4):
619 1420 664 1450 Et
684 1419 810 1449 nolebat
830 1428 888 1458 per

117 1471 255 1502 multum
278 1476 418 1512 tempus,
443 1475 571 1512 propter
600 1472 763 1511 perfidiam
790 1473 888 1502 animi

115 1525 271 1556 obdurati.
285 1525 372 1556 Unde
387 1526 438 1556 hic
456 1528 524 1556 erat
537 1526 575 1556 de
595 1534 729 1556 numero
745 1525 885 1563 illorum,

115 1578 153 1608 (10
165 1578 280 1617 quibus
297 1579 411 1610 dicitur
429 1579 438 1595 ³*
454 1590 460 1609 :
476 1578 662 1619 «Principes
675 1579 721 1609 tui
736 1579 886 1617 infideles,

116 1631 189 1662 socii
205 1632 325 1662 furum.
343 1633 457 1663 Omnes
477 1632 614 1671 diligunt
628 1641 778 1670 munera,
796 1642 888 1672 sequ-

116 1686 216 1714 untur
236 1685 467 1715 retributiones.
494 1685 618 1725 Pupillo
644 1694 708 1715 non
730 1685 884 1725 Judicant,

116 1739 146 1768 et
169 1747 265 1768 causa
288 1738 393 1768 viduae
417 1747 482 1768 non
499 1738 680 1776 ingreditur
707 1739 745 1768 ad
766 1738 847 1769 illos.
869 1751 883 1767 »

115 1790 199 1821 Et⁵:
230 1802 244 1819 «
268 1790 401 1820 Causam
428 1791 534 1822 vidua:
562 1800 627 1821 non
651 1791 886 1830 Judicave1·unt,

116 1852 243 1874 causam
258 1843 369 1882 pupilli
385 1852 450 1873 non
466 1844 659 1881 direxerunt,
678 1856 691 1872 »
711 1846 769 1874 etc.

155 1896 271 1933 Tertio,
284 1898 439 1935 quantum
455 1896 493 1927 ad
505 1897 676 1927 efficaciam
689 1898 799 1936 precis,
818 1899 889 1928 sub-

116 1950 183 1980 dit:
210 1949 286 1980 Post
305 1949 372 1980 lzaec
391 1953 498 1980 autem
522 1949 603 1980 disci!
625 1951 710 1980 imm
733 1960 787 1982 se:
817 1952 890 1983 Etsi

116 2001 217 2032 Deum
232 2010 296 2032 non
312 2002 418 2039 timeo,
434 2011 490 2033 nec
506 2002 667 2033 hominem
686 2013 795 2034 vereor
806 2029 815 2042 ,
832 2014 888 2044 per

116 2054 280 2085 audaciam
294 2055 411 2092 cordis,
428 2057 555 2095 propter
573 2065 669 2095 quam
688 2057 798 2088 similis
821 2060 888 2088 erat

118 2108 163 2138 illi
178 2108 327 2147 superbO,
340 2108 377 2138 de
395 2118 457 2148 quo
469 2109 526 2139 Job
542 2110 552 2125 ⁶
569 2118 575 2138 z
591 2121 605 2138 a
617 2109 761 2140 Cucurrit
780 2111 888 2142 adver-

116 2171 168 2192 sus
183 2161 283 2192 Deum
300 2164 402 2193 erecto
413 2162 503 2199 collo,
520 2164 549 2193 et
565 2163 681 2203 pingui
697 2165 820 2195 cervice
835 2175 886 2195 ar-

116 2216 221 2245 matus
239 2216 316 2245 erat.
334 2225 348 2242 »
369 2214 456 2245 Unde
471 2215 508 2245 de
524 2225 657 2247 numero
668 2217 795 2249 illorum
809 2220 884 2257 erat,

117 2267 153 2297 dv
165 2276 193 2306 q·
210 2267 281 2296 {ms
296 2267 328 2297 in
338 2267 467 2298 Psalmo
481 2269 511 2298 ⁷:
537 2269 714 2301 «Contritio
736 2273 766 2301 et
785 2271 886 2302 infeli-

116 2320 192 2350 citas
215 2319 249 2349 in
269 2319 329 2349 viis
354 2329 482 2359 eorum,
503 2331 517 2348 »
543 2324 601 2353 etc.
626 2326 675 2361 (v.
693 2324 728 2363 5)
754 2325 883 2363 Tamen,

115 2373 193 2413 quia
214 2373 346 2403 molesto
366 2377 411 2404 est
428 2373 509 2404 mihi
521 2374 587 2405 hoec
605 2376 704 2407 vidua
715 2401 723 2414 ,
750 2387 804 2417 per
820 2379 884 2409 ins-

114 2426 248 2457 tantiam
270 2426 370 2466 precis
382 2449 389 2463 ‚
415 2435 488 2465 quae
506 2428 612 2459 omnia
630 2430 748 2467 vincit,
771 2440 886 2462 secun—

115 2479 191 2510 dum
208 2479 285 2510 illud
306 2479 344 2510 de
358 2488 457 2510 uxore
473 2479 648 2520 Samsonis,
666 2492 739 2522 quae
755 2484 766 2501 ⁸
786 2496 800 2513 (ι
813 2493 883 2525 sep-

148 2578 151 2590 ·
166 2576 253 2605 Eccli„
271 2583 305 2608 ιν,
318 2578 385 2602 9-11.
396 2589 426 2595 —
438 2579 446 2592 ²
460 2578 533 2609 thid„
550 2586 604 2610 xxi,
618 2581 642 2604 6.
654 2593 683 2598 —
698 2582 706 2595 ³
722 2581 794 2612 ibid„
807 2590 884 2614 xxXV,

116 2612 194 2636 16-19.
205 2624 234 2630 —
250 2613 257 2626 ⁴
272 2613 330 2641 lm„
347 2619 365 2643 1,
377 2614 416 2637 23.
432 2626 462 2631 —
475 2614 485 2630 ⁵
497 2615 598 2645 Jerem„
612 2621 637 2645 v,
652 2617 732 2641 28.—
748 2618 756 2631 ⁸
771 2617 825 2648 Job,
840 2625 882 2649 xv,

114 2647 153 2671 26.
168 2659 198 2665 —
215 2647 225 2664 ⁷
244 2648 310 2672 Psal.
330 2654 392 2680 11111,
416 2650 439 2673 3.
461 2662 491 2668 -
515 2650 523 2664 ·
547 2651 637 2679 Judic„
658 2657 713 2682 xlv,
734 2654 778 2684 16,
800 2654 836 2678 17.
855 2667 881 2673 -

947 252 1012 280 tem
1033 250 1143 281 diebus
1170 251 1309 282 convivii
1330 251 1426 281 flebat
1448 252 1520 281 ante
1539 259 1631 290 eum,
1646 253 1717 282 tan-

947 303 1083 343 demque
1105 303 1155 334 die
1171 304 1305 343 septimo
1318 328 1325 342 ,
1342 313 1415 335 cum
1431 304 1460 334 ei
1479 305 1559 334 esset
1573 304 1715 344 molesta,

947 357 1102 396 exposuit.
1119 368 1133 385 »
1153 356 1284 396 Propter
1298 357 1383 397 quod
1398 357 1511 387 dicitur
1527 360 1537 375 '³
1555 367 1562 387 :
1584 368 1599 385 «
1613 357 1650 387 Et
1665 357 1718 388 ille

947 409 1071 440 deintus
1086 409 1272 450 respondeat
1285 421 1291 439 :
1305 409 1376 441 Noli
1386 409 1466 440 mihi
1479 410 1628 441 molestus
1638 419 1715 448 esse,

947 463 1021 502 quia
1050 463 1139 502 pueri
1169 463 1231 493 mei
1257 472 1384 493 mecum
1412 465 1485 493 sunt
1514 463 1548 493 in
1577 463 1684 494 cubili.
1699 474 1712 492 ι)

947 515 1113 555 Sequitur:
1137 516 1196 547 «Et
1211 516 1237 546 si
1247 516 1300 546 ille
1311 516 1561 556 perseveraverit
1573 516 1715 556 pulsans,

947 568 1016 599 dico
1040 569 1149 607 vobis,
1166 569 1223 600 etsi
1246 578 1311 600 non
1334 569 1421 600 dabit
1439 569 1484 599 illi
1509 578 1662 608 surgenS,
1681 579 1717 600 eo

947 621 1029 660 quod
1046 622 1167 652 amicus
1183 623 1253 661 ejus
1267 622 1321 661 sit,
1339 624 1465 662 propter
1482 623 1718 662 improbitatem

947 676 1054 704 tamen
1069 675 1138 713 ejus
1152 676 1274 713 surget,
1291 677 1321 705 et
1336 675 1421 706 dabit
1436 675 1481 705 illi
1495 678 1650 716 quotquot
1664 676 1719 707 ba-

947 728 998 757 bet
1020 728 1223 758 necessarios.
1240 740 1254 756 »
1283 728 1334 759 Sic
1358 731 1388 758 et
1403 729 1505 768 judex
1524 729 1581 759 iste
1597 729 1717 769 impro-

945 780 1042 811 bitate
1057 781 1208 812 vincitur.
1230 781 1403 812 Vinclz'caho
1419 781 1509 813 illam.
1519 806 1527 819 ,
1543 782 1718 813 secundum

946 833 1140 872 exigentiam
1156 834 1203 864 sui
1217 834 1300 873 ι10115
1317 843 1323 863 :
1342 835 1402 865 hoc
1418 835 1502 865 enim
1517 837 1564 865 est
1579 835 1718 866 osticium

943 886 1076 925 judicis,
1101 888 1137 917 ut
1151 886 1270 917 relevet
1291 896 1472 927 oppressos,
1487 890 1518 918 et
1534 888 1646 927 puniat
1660 897 1716 928 op-

946 940 1120 979 primentes
1148 943 1169 959 ¹0
1197 951 1203 970 ι
1226 952 1240 969 «
1261 940 1397 971 Locutus
1426 942 1473 971 est
1500 941 1650 971 Dominus
1680 941 1718 972 ad

946 993 1086 1032 Moysen,
1105 993 1211 1023 dicens
1228 1004 1233 1022 :
1252 992 1405 1023 Ulciscere
1421 993 1511 1032 prius
1525 993 1607 1023 filios
1623 993 1719 1024 Israel

945 1047 983 1076 de
1003 1046 1179 1076 Madianitis
1193 1070 1200 1083 ,
1223 1048 1254 1076 et
1273 1046 1316 1076 sic
1330 1046 1489 1084 colligeris
1511 1047 1548 1076 ad
1564 1047 1718 1086 populum

947 1101 1047 1129 tuum.
1061 1110 1075 1127 n
1094 1099 1160 1129 Hoc
1185 1107 1249 1129 non
1264 1098 1355 1129 debet
1365 1099 1467 1138 judex
1482 1099 1582 1129 facere
1592 1108 1632 1130 ex
1647 1100 1719 1130 odio

945 1161 1101 1191 personae,
1116 1152 1170 1182 sed
1182 1161 1223 1182 ex
1238 1161 1346 1182 amore
1354 1152 1496 1191 justitiae,
1508 1152 1588 1182 sicut
1597 1152 1717 1183 Matha-

944 1205 1038 1243 thias,
1054 1205 1091 1235 de
1106 1214 1169 1244 quo
1185 1205 1298 1235 (11011111
1310 1205 1329 1221 ¹¹
1348 1216 1354 1235 ε
1371 1216 1385 1233 «
1398 1206 1555 1236 Αο0005115
1570 1206 1615 1236 est
1630 1206 1718 1237 furor

944 1259 1013 1297 ejus
1037 1258 1212 1288 secundum
1230 1258 1388 1297 Judicium
1407 1258 1505 1297 legis,
1527 1260 1557 1289 et
1578 1259 1719 1290 insiliens

944 1311 1113 1341 trucidavit
1128 1320 1202 1340 eum
1213 1320 1309 1350 super
1324 1320 1423 1341 aram.
1441 1322 1455 1339 >³
1475 1311 1532 1341 Hic
1547 1314 1654 1342 autem
1670 1313 1718 1350 iu-

944 1364 1005 1394 dex
1024 1373 1087 1394 non
1101 1364 1267 1394 exercebat
1281 1364 1454 1394 vindictam
1471 1367 1598 1404 propter
1615 1365 1718 1396 zelum

943 1417 1038 1456 legis,
1056 1417 1109 1447 sed
1125 1419 1254 1456 propter
1264 1417 1432 1448 vitandum
1446 1417 1576 1448 taedium
1592 1419 1693 1457 precis
1709 1430 1716 1456 ;

944 1473 974 1501 et
990 1470 1060 1501 ideo
1077 1470 1182 1500 subdit
1197 1480 1202 1499 :
1221 1470 1270 1503 Ne
1285 1471 1318 1501 in
1334 1471 1504 1501 novissimo
1524 1472 1650 1502 veniens
1665 1482 1719 1503 su-

943 1525 1032 1564 qillet
1046 1534 1095 1555 me
1107 1549 1115 1562 ‚
1135 1533 1190 1564 per
1209 1524 1419 1564 frequentiam
1434 1524 1591 1555 clamoris.
1609 1525 1692 1556 Beda
1711 1537 1716 1557 :

949 1590 963 1607 «
978 1579 1018 1609 In
1032 1578 1214 1615 novissimo,
1232 1577 1262 1608 id
1277 1579 1340 1614 est,
1364 1587 1404 1608 ne
1420 1578 1536 1609 iterum
1557 1579 1588 1608 et
1602 1579 1719 1609 iterum

944 1631 1074 1662 veniens
1090 1631 1269 1670 strangulet
1284 1640 1335 1661 me
1344 1631 1482 1661 taediosis
1490 1631 1714 1662 clamoribus.»

944 1684 1031 1715 Unde
1054 1684 1161 1715 Glossa
1176 1685 1197 1703 ¹²
1216 1684 1306 1721 dicit,
1323 1684 1408 1723 quod
1423 1684 1562 1723 Suffl'llo,
1581 1694 1600 1715 a
1614 1685 1715 1725 Suqo,

944 1740 1079 1768 tractum
1094 1747 1113 1767 a
1138 1737 1256 1774 lamiis,
1273 1737 1301 1767 id
1319 1739 1376 1775 est,
1394 1738 1583 1777 Strcmyulo.
1600 1737 1718 1769 Lamiae

943 1791 1028 1820 0111111
1051 1790 1200 1830 parvulos
1223 1790 1368 1821 occidunt
1389 1792 1420 1820 et
1441 1790 1634 1829 sanguinem
1662 1800 1716 1822 su-

943 1846 1037 1883 gunt,
1054 1853 1090 1874 ac
1105 1853 1161 1883 per
1175 1844 1236 1874 1100
1250 1843 1407 1874 suffocant
1416 1868 1424 1881 ,
1441 1846 1473 1874 et
1487 1845 1717 1883 strangulando

943 1897 1099 1928 occidunt.
1120 1897 1237 1927 Dicitur
1250 1897 1352 1936 igitur
1364 1897 1525 1937 suqz'llarz',
1542 1898 1598 1937 qui
1613 1899 1718 1929 verbis

943 1954 973 1982 et
991 1951 1171 1983 rationibus
1187 1950 1347 1981 hincinde
1369 1951 1447 1981 adeo
1472 1953 1665 1989 coarctatur,
1681 1954 1717 1982 ut

943 2006 998 2035 vix
1015 2005 1112 2044 possit
1127 2004 1213 2044 loqui
1226 2029 1232 2041 ,
1260 2013 1318 2034 nee
1333 2004 1489 2043 respirare
1503 2005 1715 2044 permittatur.

942 2057 998 2088 Vel
1013 2057 1298 2097 dicitursuqz‘llarz',
1312 2057 1369 2096 qui
1384 2058 1471 2087 tanto
1483 2057 1556 2088 odio
1569 2058 1715 2096 afficitur,

942 2111 1027 2151 quod
1044 2120 1109 2151 prae
1125 2110 1218 2141 taedio
1233 2110 1367 2149 sanguis
1383 2110 1512 2149 sugitur
1524 2112 1554 2140 et
1569 2110 1717 2141 diminui-

942 2167 1006 2195 tur.
1023 2163 1112 2195 Unde
1131 2172 1242 2194 sensus
1257 2174 1262 2192 :
1282 2163 1422 2203 Szcffl'llet
1435 2173 1500 2201 mc,
1517 2163 1548 2194 id
1563 2165 1624 2201 est,
1642 2172 1714 2193 san-

942 2218 1074 2257 guinem
1090 2226 1198 2247 meum
1219 2218 1326 2255 sugat,
1343 2216 1424 2246 sicut
1444 2216 1570 2254 lamiae,
1594 2216 1632 2246 de
1647 2217 1716 2256 qui-

942 2272 1004 2302 bus
1027 2270 1141 2302 dicitur
1158 2271 1179 2287 ¹³
1197 2270 1356 2300 :«Lamiae
1385 2270 1590 2300 nudaverunt
1610 2279 1715 2301 mam-

940 2334 1038 2363 mam,
1055 2324 1251 2355 lactaverunt
1263 2322 1382 2353 catulos
1398 2330 1484 2352 suos.
1500 2332 1514 2350 1)

981 2380 1010 2408 6.
1028 2377 1082 2408 Ait
1095 2380 1203 2406 autem
1218 2375 1385 2413 Dominus,
1397 2376 1456 2406 etc.
1474 2375 1546 2406 Post
1556 2375 1713 2407 rationem

940 2431 1097 2472 parabolae
1121 2430 1374 2467 introducendae,
1395 2432 1426 2460 et
1446 2430 1714 2461 introductionem

942 2485 1040 2524 ipsius
1055 2483 1229 2524 parabolae,
1249 2483 1392 2523 sequitur
1406 2483 1458 2514 hic
1481 2483 1639 2523 adaptatio
1662 2483 1711 2514 in-

938 2586 946 2598 ⁹
963 2586 1033 2615 Sup„
1050 2589 1089 2614 xl,
1105 2583 1159 2607 7-8.
1174 2595 1204 2601 --
1224 2583 1241 2599 ¹⁸
1258 2582 1342 2612 Num„
1357 2588 1432 2614 xxxl,
1448 2585 1499 2608 1-2.
1515 2596 1545 2601 —
1563 2584 1581 2600 ¹¹
1598 2584 1604 2607 l
1621 2582 1712 2614 Maeli„

939 2626 971 2650 11,
987 2622 1025 2643 24.
1039 2632 1068 2637 --
1085 2619 1103 2635 ’ἓ
1119 2618 1200 2643 Gloss.
1217 2618 1326 2644 interlin.
1340 2618 1366 2643 in
1381 2619 1449 2644 hunc
1462 2619 1511 2644 loo.
1527 2632 1557 2638 —-
1576 2619 1594 2636 ¹⁸
1610 2618 1708 2646 Thren..

940 2661 973 2686 ιν,
989 2655 1010 2678 3.
