1987 3032
97 1395 163 1414 Error

85 1426 167 1446 mathe-

82 1457 171 1477 matico—

76 1493 131 1507 rum.

96 1533 162 1552 Error

78 1562 173 1588 pelagia-

75 1600 124 1615 nus.

73 1898 113 1918 Per
121 1904 174 1924 qua-

97 1930 145 1949 tuor

79 1965 167 1980 menses

77 1994 169 2016 quatuor

70 2020 173 2042 defectus.

206 207 263 236 320

203 279 263 299 non
278 272 318 299 sic
341 271 520 307 aenigmatice
536 273 563 299 et
582 270 753 299 umbratice.
769 273 838 299 Item
853 272 861 287 ¹
880 282 891 297 «
907 280 973 299 ver-

202 319 274 347 bum
287 318 491 346 abbreviatum
503 317 568 344 fecit
581 319 654 344 Deus
664 325 752 353 super
768 320 888 345 terram:
902 319 971 346 »sed

201 365 321 392 brevius
344 366 416 392 esset
437 364 561 391 verbum
577 363 726 397 doctrinae,
749 364 772 391 si
796 364 883 399 plane
899 366 972 392 esset

201 410 380 437 revelatum:
396 416 466 443 ergo
488 410 518 435 ut
542 407 631 443 prius.
660 407 740 435 Unde
763 408 867 443 quaerit
885 408 972 443 Chry-

201 458 346 483 sostomus
359 458 380 488 2,
397 455 479 489 cujus
495 454 587 488 gratia
609 454 806 489 metaphorice
822 454 971 489 loquitur?

200 503 232 529 Et
246 502 284 529 ad
300 502 375 529 istud
402 500 575 536 respondet,
592 500 743 534 assignans
769 501 843 527 duas
857 508 968 535 causas,

200 556 326 583 quarum
341 547 436 582 prima
459 549 510 581 est,
526 548 557 574 ut
586 554 670 573 mens
687 554 848 574 consonam
872 555 970 574 rerum

199 594 357 628 imaginem
377 592 547 628 suscipiens,
572 592 602 619 id
627 594 685 626 est,
703 592 790 619 talem
805 592 970 619 similitudi-

198 648 277 674 nem,
298 639 450 666 suscitetur
470 638 564 672 magis
588 640 615 665 et
631 638 794 665 detineatur
808 639 856 673 (α).
872 640 903 666 Et
918 646 970 674 po-

198 686 240 713 nit
255 685 423 720 exemplum
446 694 452 711 :
476 684 553 712 Sicut
580 684 609 710 in
634 684 776 719 scriptura
797 684 900 711 videns
923 692 969 711 res

197 732 291 766 magis
306 731 429 765 detinet,
445 730 485 757 sic
511 738 546 757 ex
564 732 645 765 parte
668 730 722 757 ista
741 730 881 765 sequitur.
906 732 968 757 Non

198 777 276 805 enim
297 777 457 805 enuntiatio
485 776 524 804 ita
545 776 657 804 inducit
680 776 863 810 auditorem,
888 778 969 803 ntea

197 832 262 860 quae
276 832 330 860 per
350 832 396 851 res
419 825 459 850 est
476 822 632 856 enarratio,
653 824 680 850 et
694 831 728 850 ea
743 831 808 858 quae
823 825 864 850 est
880 831 966 858 expe-

196 871 305 898 rientiae
329 869 520 904 subscriptio,
546 869 628 904 quod
649 871 690 896 est
710 869 739 895 in
759 869 910 904 parabolis
927 869 965 896 vi-

197 917 301 944 dere.»
320 917 382 943 Haec
397 915 455 943 ille.
473 915 535 942 Alia
551 917 592 942 est
605 922 709 949 causa,
722 923 812 950 quam
827 915 964 949 assignat,

199 973 212 988 α
227 965 259 990 ut
278 962 455 990 dulcioretur
472 961 632 995 enarratio,
650 963 677 988 et
697 961 917 996 permanentior
931 961 968 988 sit

196 1009 340 1036 memoria
355 1016 476 1041 eorum,
492 1015 558 1042 quae
575 1007 721 1034 dicuntur.
734 1017 746 1032 n
771 1008 833 1034 Haec
848 1007 906 1034 ille.
923 1007 966 1033 Ad

196 1056 339 1090 maj0rem
354 1062 424 1089 ergo
441 1053 644 1082 excitationem
663 1053 805 1080 mentium
831 1053 869 1080 affl
885 1052 967 1080 intel-

196 1101 364 1136 ligendum,
386 1103 413 1127 et
432 1100 471 1127 ob
493 1100 637 1134 maj0rem
661 1099 885 1134 impressionem
910 1099 965 1134 ipsi

196 1147 356 1180 memoriae,
372 1146 502 1181 quuitur
517 1145 604 1172 Filius
618 1145 666 1172 Dei
687 1145 718 1172 in
732 1145 883 1180 parabolis
896 1147 923 1172 et
936 1145 965 1172 in

195 1193 400 1228 aenigmatibus
416 1193 446 1219 in
468 1191 644 1226 Evangelio,
669 1199 730 1219 non
756 1191 795 1218 ob
810 1191 965 1225 figuralem

197 1239 467 1271 obumbrationem,
481 1238 554 1265 sicut
566 1238 596 1264 in
612 1237 686 1272 lege.
704 1239 735 1264 Et
750 1245 802 1272 per
817 1237 873 1264 hoc
887 1239 966 1272 patet

196 1287 234 1314 ad
255 1286 379 1320 objecta.
406 1287 476 1312 Item
498 1283 639 1319 quaeritur
663 1283 698 1310 de
720 1284 777 1310 hoc
792 1283 874 1318 quod
902 1283 963 1310 ait:

195 1335 323 1367 Regiones
336 1333 403 1359 alboe
415 1332 450 1358 ad
461 1339 578 1364 messem,
592 1330 624 1357 id
640 1332 681 1357 est
691 1329 792 1363 corda,
801 1329 840 1356 ait
853 1329 964 1364 Glossa,

196 1380 307 1415 parata.
324 1379 399 1412 Ergo
415 1376 579 1404 secundum
599 1376 655 1403 hoc
678 1376 803 1409 videtur,
820 1376 904 1410 quod
920 1384 964 1403 er-

194 1433 243 1453 ror
254 1423 528 1452 mathematicorum
548 1422 656 1449 habeat
675 1421 837 1454 veritatem,
853 1421 903 1457 qui
920 1422 963 1448 di-

195 1473 264 1498 cunt
291 1470 405 1498 animas
423 1469 521 1504 parari
541 1468 578 1495 ab
596 1468 678 1495 astris
694 1470 720 1494 et
735 1467 964 1495 constellationi-

194 1517 258 1545 bus.
282 1519 352 1544 Item
372 1516 488 1543 videtur
512 1514 592 1550 quod
618 1522 699 1541 error
724 1514 895 1549 pelagianus
910 1514 963 1540 ha-

194 1563 262 1591 beat
276 1563 443 1595 veritatem,
469 1560 520 1596 qui
545 1560 642 1595 posuit
658 1560 784 1587 liberum
809 1560 962 1586 arbitrium

193 1609 250 1637 sibi
265 1608 398 1636 sufficere
422 1608 483 1634 sine
504 1606 606 1641 gratia.
624 1606 667 1633 Ad
690 1606 767 1633 istud
782 1606 962 1641 responden-

194 1656 278 1689 dum,
294 1654 375 1690 quod
397 1655 519 1688 uterque
535 1660 616 1679 error
637 1654 679 1679 est
701 1652 892 1687 perniciosus,
908 1660 961 1679 nec

192 1702 239 1728 hic
253 1702 363 1728 habent
383 1700 501 1731 locum;
518 1698 570 1726 sed
592 1699 648 1726 hoc
671 1698 711 1725 ait
733 1698 772 1725 ob
796 1698 961 1725 libertatem

192 1747 303 1775 arbitrii
328 1746 366 1774 ad
391 1744 608 1773 assentiendum
637 1744 775 1771 doctrinae
790 1744 838 1771 Dei
854 1746 880 1771 et
896 1752 961 1778 gra-

193 1794 248 1828 tiae,
267 1793 318 1829 qui
333 1794 343 1809 ³
361 1802 374 1817 «
389 1793 527 1827 operatur
542 1791 571 1817 in
586 1790 672 1817 nobis
688 1790 763 1817 velle
779 1792 806 1817 et
820 1790 960 1826 perficere

191 1848 245 1875 pro
268 1839 418 1866 voluntate
442 1838 532 1865 bona.
554 1847 567 1863 »
594 1836 727 1872 Mysteria
753 1836 961 1871 praedictorum

190 1887 290 1921 patent
306 1894 312 1912 :
328 1892 381 1920 per
396 1885 523 1919 quatuor
543 1883 621 1910 enim
646 1890 760 1909 menses
784 1884 908 1917 possunt
922 1882 959 1909 si-

191 1932 275 1967 gnari
290 1933 417 1966 quatuor
432 1930 576 1962 defectus,
592 1936 667 1964 quos
686 1928 774 1955 debet
799 1928 890 1955 homo
914 1936 959 1955 re-

191 1985 365 2012 cognoscere
378 1977 408 2003 in
423 1975 588 2010 semetipso,
605 1977 763 2009 antequam
776 1974 874 2001 veniat
886 1982 960 2001 mes-

190 2024 244 2057 sis,
267 2024 298 2051 id
323 2025 381 2056 est,
410 2021 542 2049 collectio
570 2020 766 2056 spiritualium
790 2020 957 2048 bonorum:

189 2069 298 2097 mensis
310 2069 388 2096 enim
404 2068 507 2095 dicitur
518 2075 536 2094 a
550 2075 635 2094 mene
644 2087 652 2100 ,
669 2066 752 2101 quod
762 2068 805 2093 est
819 2066 958 2101 defectus,

193 2117 232 2143 ait
246 2115 373 2143 Isidorus
386 2115 405 2141 Β.
421 2115 552 2147 Quorum
580 2112 692 2148 primus
715 2114 756 2139 est
774 2112 903 2139 defectus
916 2112 958 2139 in-

189 2161 342 2195 nooentiae,
358 2161 415 2188 sive
431 2159 587 2187 sanctitatis
601 2159 610 2174 ⁵
628 2167 634 2185 :
649 2168 662 2184 «
677 2159 783 2186 Omnes
797 2158 875 2185 enim
889 2166 958 2194 pec-

190 2209 328 2235 caverunt
353 2208 380 2234 et
403 2207 488 2241 egent
503 2204 596 2240 gloria
617 2204 676 2231 Dei.
693 2215 705 2228 n
722 2205 792 2231 Item
807 2206 849 2231 est
861 2204 958 2231 defec-

190 2256 234 2281 tus
249 2253 374 2281 scientiae
399 2254 426 2280 et
450 2250 642 2286 cognitionis,
670 2250 708 2277 ad
733 2250 957 2284 intelligendum

189 2307 302 2333 verum,
312 2301 454 2334 quantum
461 2300 502 2324 est
512 2305 530 2324 a
537 2298 618 2332 parte
627 2296 765 2330 hominis,
777 2296 846 2331 quia
855 2304 957 2324 omnes

188 2345 323 2373 homines
330 2345 456 2372 tenebrae
464 2346 539 2378 sunt,
547 2344 689 2378 quantum
698 2345 781 2370 estex
789 2351 830 2376 se,
837 2344 954 2378 sup1·a⁶:

221 2417 227 2430 ⁸
251 2416 329 2445 Rom„
351 2422 387 2444 ix,
412 2416 494 2439 28.—
518 2415 526 2428 ²
549 2414 691 2444 Chrysost„
716 2413 758 2437 ubi
783 2420 849 2444 sup„
879 2420 903 2436 n.
933 2416 955 2437 2.

188 2465 218 2470 —
239 2452 247 2465 ³
268 2451 373 2480 Philip..
394 2456 426 2480 ιι,
448 2452 484 2473 13.
506 2463 532 2466 -
553 2450 560 2463 ⁴
583 2449 652 2477 isid„
669 2448 698 2472 de
717 2449 838 2480 Elymol.‚
860 2449 902 2472 lib.
925 2449 955 2479 V,

189 2495 212 2511 c.
230 2492 266 2515 VI,
282 2486 312 2509 de
330 2485 494 2515 temporibus.
513 2485 597 2513 Μήνη,
614 2484 695 2512 Luna,
713 2484 744 2507 ab
765 2484 865 2507 hebraea
882 2484 954 2514 nm,

190 2521 296 2551 Mauah,
314 2520 473 2544 Numeruvit.
490 2518 572 2549 potius
593 2518 693 2542 videtur
714 2519 867 2550 etymologia
886 2519 956 2542 vocis

188 2558 271 2582 Iatiuae
292 2556 390 2580 Mensis.
411 2568 441 2572 -—
458 2555 468 2571 ⁵
483 2555 557 2583 Rom,
577 2560 618 2583 111,
633 2555 671 2578 23.
687 2566 716 2571 —
737 2555 747 2571 ⁶
767 2555 872 2586 Sup.,1,
892 2556 956 2578 5.—

186 2594 196 2611 7
212 2592 281 2617 Psal.
301 2593 457 2621 CXV,11.-
477 2589 487 2605 Β
504 2590 574 2619 Gen„
590 2595 649 2619 νιιι,
664 2591 703 2612 21.
720 2603 746 2606 -
763 2591 772 2606 ⁹
787 2590 851 2620 loa,
871 2596 916 2620 vu,
931 2592 954 2613 3.

188 2642 218 2647 -
233 2629 254 2646 ¹⁰
267 2626 335 2652 Psal.
355 2632 451 2655 cxviii,
472 2626 510 2648 59.
525 2637 555 2641 —-
571 2625 587 2639 ¹¹
611 2625 697 2654 Greg.,
715 2626 739 2647 iu
756 2625 854 2654 Εἶρα-11η
873 2625 916 2648 lib.
936 2627 953 2654 t,

724 202 933 236 EVANGELII
957 204 1095 236 SANCTI
1118 205 1280 237 JOANNIS

1026 273 1085 299 Luae
1095 273 1246 299 intenebris
1257 273 1334 300 lucet.
1351 274 1383 300 Et
1393 273 1422 300 in
1434 274 1539 300 Psalmo
1547 274 1570 300 ⁷:
1583 274 1798 302 «omnishomo

1026 318 1164 345 mendax.
1180 328 1193 344 n
1211 319 1320 346 Tertius
1335 319 1465 347 defectus
1487 321 1529 346 est
1544 320 1676 354 pronitas
1690 320 1751 347 sive
1765 320 1799 348 li-

1025 364 1163 391 beralitas
1189 365 1430 400 concupiscentiae
1459 366 1498 392 ad
1521 366 1643 393 malum.
1670 367 1798 400 Quartus

1026 410 1173 443 detectus,
1197 410 1365 437 inhabilitas
1394 411 1432 438 ad
1459 411 1573 438 bonum
1589 414 1599 428 ⁸
1626 422 1632 439 ε
1663 422 1678 438 α
1692 413 1797 440 Sensus

1025 456 1102 483 enim
1119 459 1145 483 et
1159 457 1295 491 cogitatio
1318 457 1439 484 humani
1461 458 1558 485 cordis
1579 459 1608 485 in
1624 458 1735 486 malum
1750 459 1795 486 in-

1024 504 1102 529 tenta
1115 503 1233 529 suntab
1254 502 1453 530 adolescentia
1476 512 1538 531 sua.
1555 514 1568 530 ι»
1594 505 1640 532 Isti
1663 505 1795 532 defectus

1024 547 1132 581 cogniti
1148 550 1175 574 et
1188 548 1338 583 recogitati
1359 551 1484 584 possunt
1498 549 1555 576 dici
1571 552 1698 585 quatuor
1712 559 1794 579 men-

1023 601 1068 620 ses
1093 593 1122 620 in
1148 594 1267 627 omnia,
1298 594 1334 621 de
1363 595 1471 630 quibus
1485 596 1532 622 Job
1544 597 1554 612 ⁹
1572 605 1578 622 :
1597 606 1610 621 α
1626 598 1685 631 Ego
1701 597 1794 624 habui

1023 647 1138 666 menses
1162 647 1281 667 vacuos.
1305 650 1317 665 η
1343 642 1374 667 Et
1393 641 1438 667 isti
1462 640 1604 675 defectus,
1621 642 1730 677 cogniti
1755 643 1794 670 ab

1022 685 1152 719 homine,
1169 686 1319 713 stimulant
1343 694 1410 714 eum
1432 686 1470 714 ad
1486 687 1688 722 colligendum
1713 688 1794 716 bona

1023 739 1123 766 opera,
1138 734 1166 759 et
1179 732 1217 759 ad
1232 732 1351 760 vitanda
1360 733 1392 767 (b)
1404 733 1491 760 mala.
1507 735 1537 760 In
1553 735 1655 760 Psalmo
1671 733 1726 761 ¹02«
1737 736 1792 761 Co-

1023 779 1111 812 gitavi
1127 779 1189 806 vias
1213 788 1309 812 meas,
1325 790 1338 805 >2
1357 780 1464 807 scillcet
1488 780 1597 816 quibus
1625 780 1792 808 defectuose

1023 825 1186 859 ambulavi5
1206 836 1218 851 α
1235 828 1262 853 et
1277 826 1407 853 converti
1420 827 1510 861 pedes
1524 835 1606 854 meos
1621 827 1650 853 in
1666 828 1793 855 testimo-

1022 871 1071 898 nia
1086 873 1146 906 tua,
1163 882 1176 897 n
1193 872 1301 900 scilicet
1323 873 1361 900 ad
1384 873 1464 901 bona
1487 875 1604 908 agenda
1627 876 1654 901 et
1669 881 1792 909 congre-

1022 917 1130 951 ganda.
1148 918 1197 945 Vel
1210 921 1308 953 posset
1323 920 1431 955 exponi
1450 919 1481 946 in
1496 920 1593 954 bono:
1607 922 1638 947 ut
1651 920 1729 947 enim
1753 920 1793 947 ait

1022 963 1177 998 Gregorius
1196 964 1214 980 ¹¹
1241 974 1247 991 ε
1268 975 1280 989 «
1300 965 1402 992 Mensis
1432 965 1538 993 dicitur
1565 966 1706 1001 perfectio
1734 965 1793 993 die-

1021 1018 1087 1037 rum
1100 1012 1121 1027 ¹²
1139 1019 1145 1037 :
1162 1011 1260 1037 Mensis
1275 1019 1308 1038 εει·
1322 1019 1425 1045 mense,
1442 1011 1511 1047 quia
1531 1011 1581 1047 qui
1601 1012 1648 1039 hic
1667 1011 1792 1048 perfecte

1021 1056 1134 1090 vivunt,
1154 1056 1223 1084 illuc
1252 1057 1290 1084 ad
1315 1057 1527 1092 perfectionem
1555 1057 1657 1092 gloriae
1682 1058 1792 1093 perdu—

1021 1104 1135 1129 cuntur.
1152 1113 1164 1128 »
1182 1103 1312 1135 Quatuor
1325 1111 1441 1130 menses
1455 1111 1526 1138 ergo
1539 1125 1548 1137 ,
1563 1106 1690 1138 quatuor
1705 1103 1791 1131 aflec-

1020 1145 1113 1173 tiones
1127 1146 1262 1181 perfectae
1277 1147 1306 1173 in
1322 1147 1431 1180 anima,
1443 1147 1551 1174 scilicet
1561 1148 1648 1175 timor
1659 1149 1686 1174 et
1699 1148 1791 1183 poeni-

1020 1192 1108 1219 tentia
1120 1192 1156 1219 de
1172 1193 1340 1228 praeteritis,
1358 1202 1424 1228 spes
1437 1196 1463 1220 et
1479 1202 1562 1221 amor
1577 1193 1614 1221 de
1629 1193 1743 1221 futuris.
1761 1195 1791 1221 Et

1019 1238 1063 1265 hae
1075 1239 1108 1274 (c)
1119 1240 1187 1265 sunt
1201 1242 1327 1274 quatuor
1336 1247 1439 1274 pennae
1452 1240 1488 1266 de
1500 1239 1608 1274 quibus
1622 1240 1742 1266 Ezechiel
1757 1239 1790 1273 ¹³,

1019 1285 1107 1318 prout
1130 1284 1250 1319 exponit
1271 1285 1312 1311 ibi
1327 1285 1492 1319 Gregorius
1509 1285 1528 1300 ‘¹⁴
1544 1287 1610 1312 Post
1629 1285 1697 1312 istos
1710 1292 1791 1312 men-

1019 1337 1064 1357 ses
1092 1330 1210 1357 levandi
1240 1332 1307 1357 sunt
1334 1331 1411 1358 oculi
1440 1331 1537 1358 cordis
1561 1331 1599 1358 ad
1624 1332 1713 1358 Deum
1728 1339 1791 1359 sur-

1019 1384 1084 1402 sum
1104 1376 1123 1392 25
1139 1385 1144 1402 :
1166 1386 1179 1402 (ι
1195 1378 1295 1403 Levate
1311 1376 1340 1403 in
1357 1377 1505 1404 excelsum
1521 1377 1624 1404 oculos
1638 1380 1758 1404 vestros.
1773 1387 1787 1403 »

1019 1423 1089 1448 Item
1104 1424 1171 1449 sunt
1186 1422 1304 1450 levandi
1320 1422 1474 1457 deorsum,
1490 1423 1528 1450 ad
1542 1423 1789 1450 considerandum

1018 1467 1047 1494 in
1065 1476 1125 1503 quo
1141 1470 1216 1495 statu
1231 1468 1265 1497 sit
1282 1469 1373 1496 homo
1391 1469 1408 1485 ’ὃ
1425 1478 1430 1496 :
1451 1479 1463 1494 «
1482 1470 1556 1496 cha
1571 1468 1674 1496 oculos
1692 1469 1723 1496 in
1747 1468 1788 1495 di·

1017 1516 1145 1548 rectum,
1167 1516 1196 1541 et
1215 1514 1283 1541 vide
1303 1514 1354 1541 ubi
1376 1523 1453 1541 nunc
1475 1516 1636 1550 prostratus
1652 1514 1700 1541 sis.
1717 1524 1730 1540 n
1750 1516 1787 1541 De

1018 1567 1053 1587 eo
1082 1568 1152 1594 ergo
1183 1560 1265 1595 quod
1290 1560 1421 1595 sequitur
1448 1569 1453 1587 :
1475 1562 1602 1594 Regiones
1631 1561 1696 1587 albae
1724 1564 1786 1588 sunt

1011 1606 1071 1638 jam
1095 1606 1130 1632 ad
1153 1605 1190 1641 (ῑί)
1217 1614 1333 1637 messem,
1357 1608 1434 1641 patet
1458 1606 1630 1641 mysterium
1650 1608 1686 1633 ex'
1703 1606 1787 1633 dictis

1016 1653 1199 1685 sanctorum,
1215 1654 1242 1678 et
1257 1660 1292 1679 ex
1307 1652 1413 1679 Glossis
1434 1652 1498 1686 hic;
1516 1652 1554 1679 ait
1569 1652 1647 1679 enim
1675 1652 1786 1687 Glossa,

1017 1697 1099 1732 quod
1115 1697 1181 1724 dum
1197 1700 1263 1724 sunt
1284 1706 1392 1725 messes
1410 1707 1415 1725 :
1432 1705 1505 1732 una,
1520 1700 1551 1725 ut
1566 1698 1700 1725 collectio
1715 1698 1787 1726 fide-

1016 1742 1089 1769 lium
1116 1743 1153 1770 ad
1180 1743 1285 1777 fidem,
1306 1743 1342 1770 de
1358 1751 1417 1778 qua
1431 1743 1498 1778 hic;
1515 1743 1573 1770 alia
1595 1745 1637 1770 est
1652 1744 1786 1771 collectio

1016 1789 1165 1816 bonorum
1172 1789 1210 1816 ad
1218 1789 1343 1824 gloriam
1352 1789 1388 1816 de
1397 1797 1456 1824 qua
1464 1789 1544 1824 apud
1550 1790 1707 1817 Matthoeum
1713 1789 1746 1825 (e)
1754 1791 1784 1817 ¹⁷:

1020 1844 1032 1859 «
1048 1835 1144 1862 Messis
1173 1837 1214 1862 est
1242 1835 1376 1862 collectio
1403 1835 1499 1862 saeculi
1510 1856 1519 1869 ,
1548 1843 1692 1862 messores
1719 1838 1787 1863 sunt

1015 1881 1127 1916 Angeli.
1145 1892 1158 1907 »
1174 1883 1211 1908 De
1226 1881 1280 1908 ista
1291 1889 1383 1908 messe
1399 1884 1426 1908 et
1439 1881 1618 1908 messoribus
1633 1882 1653 1898 ¹⁸
1670 1890 1677 1908 :
1693 1882 1786 1908 «Mes-

1015 1930 1053 1956 sis
1073 1928 1182 1962 multa,
1209 1928 1335 1963 operarii
1350 1930 1448 1955 autem
1473 1927 1569 1963 pauci.
1590 1938 1602 1953 1>
1626 1928 1666 1955 Ibi
1682 1929 1786 1963 Grego-

1014 1975 1074 2002 rius
1091 1975 1111 1991 ¹⁹
1125 1974 1161 2002 de
1177 1974 1230 2001 ista
1249 1982 1341 2001 messe
1371 1976 1398 2001 et
1411 1974 1601 2007 messoribuS,
1618 1976 1645 2001 et
1659 1974 1695 2001 de
1710 1982 1786 2002 mer-

1015 2021 1085 2048 cede
1099 2028 1264 2048 messorum
1290 2020 1425 2047 multum.
1455 2020 1501 2046 Eis
1521 2019 1664 2055 exceptis,
1679 2023 1785 2048 notan-

1015 2066 1105 2100 dum,
1127 2066 1210 2101 quod
1225 2067 1267 2093 est
1281 2066 1386 2101 triplex
1411 2065 1512 2093 messis
1529 2075 1535 2093 z
1551 2073 1611 2093 una
1633 2074 1785 2094 sacrorum

1014 2113 1179 2139 studiorum
1205 2112 1235 2138 in
1264 2120 1347 2139 sacra
1369 2111 1528 2146 scriptura,
1542 2112 1590 2138 Job
1606 2112 1627 2128 2⁰
1643 2120 1649 2138 :
1670 2113 1785 2147 «Cujus

1013 2166 1139 2186 messem
1153 2158 1302 2185 famelicus
1316 2157 1470 2185 comedet?
1486 2168 1498 2183 υ
1516 2157 1557 2184 Ibi
1568 2158 1724 2192 Gregorius
1738 2158 1758 2174 ²¹
1775 2168 1781 2185 :

1016 2214 1029 2229 (t
1040 2205 1137 2232 Messis
1152 2206 1194 2231 est
1208 2203 1282 2231 sacri
1303 2211 1386 2238 seges
1402 2203 1523 2238 eloquii.
1539 2212 1552 2229 »
1572 2204 1642 2230 Item
1656 2206 1698 2230 est
1711 2211 1784 2231 mes-

1013 2252 1066 2285 sis,
1088 2251 1196 2278 scilicet
1225 2249 1395 2284 aggregatio
1420 2249 1568 2276 bonorum
1595 2257 1718 2284 operum
1731 2250 1752 2266 ²³
1775 2260 1782 2278 ;

1015 2307 1028 2323 «
1051 2297 1105 2330 Qui
1129 2298 1289 2331 congregat
1316 2295 1346 2322 in
1373 2303 1483 2329 messe,
1513 2294 1592 2322 filius
1615 2295 1740 2331 sapiens.
1768 2307 1780 2322 n

1012 2371 1082 2394 hom.
1100 2377 1135 2401 v1‚
1154 2377 1180 2394 n.
1199 2372 1235 2394 18.
1249 2383 1278 2388 —
1294 2370 1312 2385 ¹²
1329 2370 1386 2398 Isa.,
1403 2374 1472 2399 wa,
1487 2370 1526 2392 23.
1537 2382 1568 2386 —
1582 2368 1603 2385 ¹³
1614 2369 1710 2400 Exclu,
1727 2375 1745 2399 ι,
1758 2371 1780 2394 6.

1011 2419 1042 2423 -
1056 2408 1071 2422 “’
1087 2406 1173 2436 Greg.‚
1188 2406 1213 2428 ιἰι
1232 2404 1329 2435 Ezecll„
1341 2404 1384 2428 lib.
1401 2405 1419 2435 1,
1435 2404 1505 2428 hom.
1522 2409 1557 2434 iv,
1572 2411 1597 2427 n.
1614 2405 1636 2427 5.
1648 2417 1678 2421 —
1692 2405 1781 2433 ¹⁵Isa.,

1012 2447 1052 2471 ιι,
1073 2443 1096 2465 6.
1111 2453 1141 2458 ——
1157 2441 1177 2457 ¹⁶
1191 2442 1294 2469 let-em,
1314 2446 1358 2470 ιιι7
1375 2442 1398 2463 2.
1413 2453 1444 2457 -
1462 2440 1481 2455 ¹⁷
1499 2439 1600 2468 Meum,
1620 2445 1680 2469 xm,
1698 2441 1736 2463 39.
1753 2453 1779 2456 -

1014 2477 1031 2489 ¹⁸
1045 2476 1112 2505 Luc„
1130 2482 1161 2506 x,
1178 2476 1202 2498 2.
1217 2488 1246 2493 -
1263 2476 1280 2491 ¹⁹
1294 2476 1380 2505 Greg„
1397 2475 1422 2498 in
1438 2474 1544 2504 Evanq„
1558 2474 1627 2497 hom.
1642 2480 1710 2503 xvii,
1723 2476 1781 2498 aute

1011 2512 1078 2535 med.
1101 2524 1130 2529 —
1154 2512 1172 2525 ἲ·
1199 2511 1255 2540 Job,
1277 2517 1301 2540 V,
1324 2512 1347 2534 5.
1367 2523 1397 2528 ——
1416 2511 1432 2526 ²¹
1455 2511 1541 2539 G1·eg.‚
1560 2508 1722 2538 Μον·α1.,1ι1).
1738 2510 1781 2540 VI,

1012 2554 1034 2570 c.
1053 2552 1080 2576 11,
1095 2547 1161 2570 circa
1174 2547 1242 2570 med.
1258 2559 1289 2564 -—
1302 2546 1321 2562 ²²
1333 2547 1416 2573 Pron..
1431 2552 1457 2575 X,
1471 2546 1494 2568 5.

1043 2592 1075 2620 (a)
1094 2591 1156 2614 Coet.
1173 2591 1234 2614 edit.
1245 2591 1414 2614 detineant.—
1426 2589 1458 2618 (b)
1473 2588 1601 2612 Coet.e‹1tt.
1614 2589 1645 2612 ad
1658 2590 1779 2614 miteuda.

1010 2638 1040 2642 —
1058 2626 1089 2654 (c)
1104 2625 1168 2649 haec.
1184 2638 1211 2643 -
1230 2625 1264 2655 (d)
1277 2625 1415 2648 adducunt.
1432 2636 1457 2640 —
1475 2623 1506 2652 (e)
1523 2623 1559 2646 De
1576 2630 1627 2654 qua
1641 2624 1778 2648 Mauhaeus.
