1987 3032
85 520 167 544 Quarta

62 550 124 570 visio.

64 1674 165 1700 Maligni-

60 1705 92 1723 tas
127 1705 165 1725 Ju-

60 1734 163 1755 daeorum.

59 1999 161 2020 Joannis.

61 2030 164 2056 patientia

765 211 969 244 EXPOSlTIO
990 211 1031 242 IN
1052 211 1137 243 CAP.
1162 212 1186 242 Ι.

181 283 279 309 tamen
303 279 497 307 inaestimabili
517 279 621 306 virtute
649 279 843 306 crescentibus
873 286 947 314 quo-

182 327 251 354 dam
266 325 519 361 contemplationis
537 325 681 353 acumine.
697 335 710 351 »
733 327 796 353 Non
810 325 948 353 abhorret

182 373 219 400 ab
237 381 282 406 eo,
299 372 379 408 quod
401 371 440 399 ait
452 372 500 398 1οὸ
517 380 523 398 ;
541 380 556 396 (ι
578 371 756 398 Abscondita
770 373 811 398 est
826 371 863 398 ab
879 378 946 398 ocu-

181 418 216 446 lis
233 417 403 451 viventium,
417 427 431 442 »
457 417 527 452 quia
550 417 682 452 quisquis
703 417 876 452 sapientiam
898 417 947 444 Dei

182 465 222 491 sic
240 464 328 497 videt,
343 463 411 490 huic
429 463 494 490 vitae
513 463 643 490 funditus
659 463 782 491 moritur
798 465 805 479 ¹
823 471 830 489 z
854 472 868 488 «
884 464 947 490 Non

180 509 291 537 videbit
313 517 360 536 me
378 509 480 543 homo,
497 511 524 536 et
544 509 630 537 vivet.
651 520 664 535 >³
689 511 795 543 Quarta
809 511 850 536 est
872 509 946 536 visio

180 556 280 583 divina
302 555 332 582 in
357 563 410 582 sua
435 556 602 590 majestate,
624 556 698 583 facie
719 556 757 583 ad
780 556 883 584 faciem
906 555 917 570 2
939 566 946 582 ι

181 603 279 629 «Cum
298 602 476 638 apparuerit,
496 602 603 629 similes
624 602 649 629 ei
671 603 788 637 erimus,
805 603 947 639 quoniam

178 648 344 675 videbimus
359 656 427 675 eum
439 648 512 675 sicut
526 650 567 675 est
583 658 589 675 :
604 658 617 673 n
636 657 695 684 qua
709 649 820 676 visione
836 649 948 677 videbi-

179 695 224 721 tur
239 694 269 721 in
284 694 388 729 gloria,
404 702 469 729 quae
484 694 537 721 erit
550 702 662 722 merces
676 697 839 722 Beatorum.
850 696 896 722 1οὸ
912 696 921 712 ³
939 703 945 722 :

182 750 196 766 «
214 740 331 768 Videbis
348 740 453 767 faciem
468 741 530 775 ejus
546 741 575 767 in
590 741 697 775 jubilo.
715 751 727 766 >1
746 742 777 768 Et
791 741 828 768 de
843 741 888 768 his
905 741 947 768 vi-

178 786 310 814 sionibus
324 786 479 821 Gregorius
494 787 514 820 t,
528 786 604 813 bene
619 788 646 813 et
660 786 796 814 multum.

214 833 257 860 19.
275 833 312 859 Et
330 833 376 859 hoc
394 834 447 866 est,
463 834 515 859 etc.
538 834 570 860 Et
589 833 721 868 sequitur
739 832 790 860 illa
812 840 896 868 pars,
917 833 947 860 in

179 886 239 914 qua
252 878 288 905 de
309 878 474 906 testimonio
495 879 613 906 Joannis
635 879 665 906 in
686 879 825 914 speciali:
849 880 884 906 Et
902 880 948 906 hoc

179 927 216 952 est
226 927 405 952 testimonium
417 925 539 957 Ioannis,
552 926 617 959 etc.;
630 927 657 952 et
666 925 717 952 illa
727 925 757 952 in
767 927 837 952 tres:
851 925 947 953 Primo

178 970 335 1006 perhibitio
362 971 519 998 testimonii
542 971 578 998 de
601 971 702 998 Christi
724 971 892 1005 divinitate,
918 973 948 999 ut

179 1016 243 1049 hic‚·
265 1017 412 1051 seeundo,
439 1017 475 1044 de
496 1017 665 1052 baptizandi
683 1019 838 1052 potestate,
860 1017 902 1044 ibi
917 1018 946 1044 ⁵⁵:

180 1064 271 1089 Altera
293 1064 352 1097 die,
375 1065 445 1097 etc.;
476 1064 575 1097 tertio,
600 1063 798 1090 testimonium
823 1063 859 1090 de
883 1063 948 1090 vitae

179 1109 345 1142 sanctitate,
367 1109 409 1136 ibi
430 1109 562 1137 similiter
585 1110 617 1135 ⁶:
645 1111 738 1137 Altera
757 1110 816 1143 die,
839 1111 892 1136 etc.
917 1111 949 1136 ln

178 1155 274 1191 prima
289 1155 358 1183 tria:
375 1155 470 1191 primo
485 1164 598 1190 eorum,
615 1163 715 1183 coram
728 1155 837 1191 quibus
853 1155 948 1183 testifi-

180 1203 259 1228 catus
275 1203 325 1236 est,
344 1202 538 1237 specificatio;
553 1202 683 1229 seeundo
699 1201 873 1228 eorumdem
888 1204 949 1228 ten-

180 1248 302 1275 tantium
316 1248 465 1283 inquisitio
479 1248 643 1283 multiplex,
657 1250 684 1275 et
697 1247 816 1275 Joannis
828 1255 949 1282 respon-

181 1294 239 1326 sio,
261 1294 321 1320 ibi:
346 1295 385 1321 Tu
405 1296 464 1328 quis
484 1296 532 1321 es?
553 1294 635 1321 tertio
657 1293 729 1328 1001,
753 1294 783 1320 in
804 1301 864 1329 quo
886 1293 950 1321 haec

182 1341 249 1366 sunt
275 1340 367 1373 facta,
397 1340 590 1375 specificatio,
620 1339 661 1367 ibi
677 1349 683 1366 :
715 1340 775 1367 Haec
798 1341 828 1367 in
851 1340 949 1368 Betha-

183 1388 246 1419 nia,
264 1387 317 1413 etc.

217 1432 261 1459 Ait
277 1439 364 1466 ergo:
382 1433 436 1459 Hoc
451 1434 488 1459 est
504 1433 682 1459 testimonium
692 1434 804 1459 Joamzz‘s
812 1452 821 1466 ,
842 1433 949 1466 quando

181 1480 326 1512 miserans,
343 1480 395 1505 etc.
412 1479 483 1512 Hoc,
498 1478 637 1513 inquam,
654 1480 849 1512 testimonium,
867 1479 949 1514 quod

181 1526 222 1552 est
241 1524 321 1551 idem
343 1532 411 1551 cum
432 1525 576 1560 praeterito
600 1524 766 1551 testimonio
787 1525 949 1553 secundum

181 1570 337 1605 quosdam.
360 1570 439 1598 Unde
461 1570 508 1597 hic
532 1570 705 1598 determinat
725 1572 859 1606 tempus,
888 1579 948 1607 quo

180 1616 281 1643 datum
302 1618 343 1644 est
364 1617 578 1650 testimonium3
603 1617 649 1644 vel
671 1619 766 1652 potest
787 1617 888 1644 referri
909 1617 947 1644 ad

179 1670 314 1697 sequens,
331 1664 362 1689 ut
374 1664 453 1698 patet
466 1663 497 1690 in
509 1663 618 1690 Glossa.
635 1664 666 1690 Et
680 1662 710 1690 in
725 1663 781 1690 1100
796 1665 875 1698 patet
888 1671 949 1691 ma-

179 1708 296 1744 lignitas
310 1709 493 1743 Judaeorum,
510 1709 560 1744 qui
575 1709 716 1736 miserunt
730 1709 895 1737 sacerdotes
910 1710 948 1737 ad

178 1755 276 1791 ipsum
297 1756 478 1783 tentandum.
503 1756 581 1783 Unde
610 1756 833 1791 chrysostomus
848 1758 879 1783 ⁷:
899 1766 912 1782 «
927 1758 948 1784 Ο

178 1801 254 1829 livor
269 1804 296 1829 et
310 1802 436 1829 invidia!
455 1810 525 1829 nam
538 1802 635 1837 primo
650 1802 729 1829 laedit
747 1805 774 1830 et
787 1803 949 1838 corrumpit

179 1848 356 1875 invidentes:
371 1848 423 1883 qui
438 1848 516 1875 enim
530 1848 643 1876 vadunt
657 1849 694 1876 ad
709 1850 863 1883 Joannem,
876 1850 948 1885 bap-

180 1894 256 1920 tizati
271 1896 366 1928 erant,
384 1896 411 1921 et
425 1897 490 1929 post
502 1894 681 1929 baptismum
693 1895 811 1922 mittunt
825 1895 947 1923 interro-

179 1942 289 1974 gantes.
313 1940 381 1967 Ideo
403 1942 479 1967 recte
505 1942 586 1967 notat
609 1948 659 1968 eos
683 1943 819 1975 qenimz'na
841 1943 948 1976 vipera-

178 1994 245 2013 rum.
263 1997 275 2012 »
289 1987 358 2014 ltem
373 1989 450 2022 patet
463 1987 580 2014 Joannis
594 1987 747 2022 patientia,
762 1987 842 2014 unde
858 1988 948 2023 Chry-

179 2035 339 2060 sostomus:
353 2042 366 2058 «
377 2034 503 2060 Joannes
513 2041 573 2060 non
584 2033 727 2060 incusavit
736 2041 832 2068 neque
843 2042 948 2069 expro-

180 2078 289 2112 bravit,
305 2078 357 2105 sed
371 2087 438 2106 cum
459 2079 684 2106 mansuetudine
700 2079 867 2114 respondet.
885 2089 898 2105 »
915 2082 948 2107 Et

179 2124 246 2158 hoc,
258 2126 289 2151 ut
304 2125 441 2152 omnibus
454 2125 504 2152 fiat
513 2125 666 2153 manifesta
677 2125 786 2152 scilicet
802 2133 855 2153 sua
867 2134 948 2153 man-

179 2170 313 2198 suetudo.
330 2172 362 2198 Et
380 2171 543 2206 specificat,
563 2172 613 2207 qui
630 2171 785 2205 miserunt,
806 2172 948 2207 quoniam

178 2217 266 2244 Judoert
273 2226 282 2250 ς
295 2219 322 2244 01
331 2217 421 2251 unde,
433 2217 575 2252 quoniam
585 2218 617 2244 ab
626 2219 811 2251 Jerosolyrm's;
823 2220 850 2245 et
861 2226 945 2253 quos,

166 2264 322 2299 ‘quoniam
337 2264 508 2298 Sacerdotes,
530 2264 639 2291 scilicet
653 2264 683 2291 in
703 2264 768 2299 lege
785 2264 947 2300 sapientes,

180 2313 207 2338 et
221 2310 294 2345 legis
309 2310 466 2344 zelatores,
488 2312 516 2337 et
538 2311 585 2338 Dei
607 2310 741 2338 cultores.
760 2310 838 2338 Unde
858 2311 948 2347 Chry-

179 2358 325 2384 sostomus
340 2357 349 2373 3
363 2365 369 2383 1
386 2365 399 2381 «
413 2355 549 2384 Miserunt
563 2356 800 2384 honorabiliores
815 2358 948 2386 sacerdo-

179 2405 256 2436 tum,
278 2402 348 2438 quia
366 2402 447 2436 illos,
470 2402 520 2438 qui
535 2402 724 2437 Jcrosolymis
745 2403 868 2431 stabant.
886 2414 898 2430 n
916 2406 948 2432 Et

179 2448 309 2476 ibidem:
330 2458 343 2474 «
361 2451 424 2477 Non
444 2450 476 2476 ut
493 2449 724 2484 contemptibiles
743 2449 874 2485 mittunt,
893 2450 948 2478 sci-

211 2534 219 2549 1
234 2534 322 2564 Exozl„
339 2540 436 2564 xxxin,
458 2535 496 2558 ΞΟ.
517 2547 547 2551 -
565 2534 575 2550 2
591 2534 596 2556 Ι
615 2534 697 2564 Ιοαη.,
714 2540 757 2564 111,
775 2536 798 2559 2.
816 2548 845 2552 ——
867 2536 874 2549 ³
892 2536 947 2567 Job,

181 2573 278 2598 xxxin,
292 2570 331 2593 26.
352 2582 379 2587 -
398 2570 408 2585 ⁶
426 2570 512 2599 Greg„
529 2569 570 2593 ubi
585 2576 640 2600 sup.
654 2581 683 2586 -
698 2570 706 2583 ⁵
722 2570 778 2599 101,
793 2571 832 2594 29.
846 2583 876 2588 -
895 2571 904 2587 ³
920 2573 948 2596 ln

181 2603 198 2627 f.
214 2604 253 2627 35.
266 2616 295 2621 —
311 2605 318 2618 ⁷
330 2604 470 2636 chrysost„
487 2606 513 2628 in
527 2606 608 2635 Jowz„
625 2605 694 2629 hom.
708 2611 751 2635 xv,
766 2605 798 2629 al.
816 2611 868 2637 xv1‚
883 2614 908 2630 n.
925 2609 946 2631 1.

184 2651 209 2655 -
225 2637 236 2654 ⁸
249 2638 321 2669 ibid„
335 2641 408 2670 paulo
423 2640 496 2665 infra.
511 2653 541 2658 —
555 2640 565 2657 Β
580 2640 648 2670 Luc.⁷
666 2646 708 2670 111,
732 2642 768 2664 15.
782 2654 812 2658 -
829 2641 846 2658 ¹⁶
861 2642 946 2673 Greg„

1711 214 1768 243 267

1000 277 1066 306 licet
1082 279 1120 306 ad
1131 279 1285 312 Joannem,
1300 277 1373 305 sicut
1387 277 1426 304 ad
1435 277 1579 304 Christum
1593 277 1703 305 scilicet
1717 278 1769 305 mi-

1001 326 1116 358 serunt,
1138 325 1270 352 volentes
1291 332 1359 351 eum
1378 323 1525 358 detinere,
1541 323 1573 350 id
1587 325 1644 358 est,
1665 331 1770 358 capere

1002 379 1069 398 cum
1087 371 1266 398 Herodianis.
1291 372 1323 398 Et
1342 377 1403 397 non
1426 370 1568 397 miserunt
1588 369 1769 405 simpliciter,

1001 417 1053 444 sed
1074 417 1112 444 ad
1130 416 1389 451 interrogandum:
1411 418 1438 443 et
1458 415 1499 442 ibi
1519 415 1654 442 subditur
1673 415 1771 442 multi-

1000 463 1068 498 plex
1092 463 1280 497 interrogatio
1304 462 1453 497 ipsorum,
1476 469 1592 489 necnon
1616 461 1772 496 multiplex

1001 509 1152 544 responsio
1177 509 1315 543 JoanniS‚
1339 511 1371 535 ut
1393 509 1472 543 patet
1495 507 1526 534 in
1548 507 1652 534 littera.
1675 509 1707 534 Et
1731 509 1773 535 est

1001 555 1098 590 prima
1112 555 1302 589 interrogatio
1318 554 1355 581 de
1369 561 1502 589 personae
1517 553 1691 588 quidditate.
1701 556 1772 581 Nam

1000 602 1126 628 Joannes
1141 609 1158 628 a
1174 601 1356 636 quibusdam
1371 600 1545 627 credebatur
1567 607 1628 627 esse
1644 599 1772 627 Christus

1002 647 1041 674 ob
1065 647 1253 674 eminentiam
1278 646 1434 681 singularis
1458 646 1594 681 potentiae
1603 655 1611 680 3
1640 645 1678 673 ab
1707 645 1772 673 aliis

1002 693 1176 720 credebatur
1191 701 1252 720 esse
1272 692 1346 720 Elias
1366 692 1405 719 ob
1427 692 1622 719 austeritatem
1636 691 1718 725 vitae;
1733 692 1770 719 ab

1002 740 1066 767 aliis
1081 740 1257 767 credebatur
1272 746 1334 766 esse
1356 746 1432 765 unus
1455 739 1491 765 de
1509 739 1659 773 prophetis
1677 746 1773 765 resus-

1002 786 1109 819 citatis,
1124 788 1244 821 propter
1261 784 1384 819 gratiam
1400 784 1572 819 prophetiae.
1588 785 1632 811 Ait
1651 785 1770 812 Glossa:

1006 841 1018 857 ι(
1032 832 1100 859 ldeo
1115 832 1318 865 interrogabant
1331 839 1336 857 :
1356 831 1394 856 Tu
1407 831 1466 864 quis
1482 832 1526 857 es?
1539 829 1648 857 scilicet
1664 830 1695 856 in
1708 838 1773 865 per-

1001 886 1085 912 sona,
1096 879 1230 913 putantes
1244 877 1342 912 ipsum
1356 884 1417 903 esse
1428 876 1572 904 Christum
1585 876 1616 903 in
1627 876 1692 911 lege
1706 884 1774 911 pro-

1002 925 1125 952 missum
1139 925 1167 951 9.-
1187 934 1200 950 a
1215 924 1415 959 cogitantibus
1438 924 1474 951 de
1495 925 1625 957 Joanne,
1645 931 1682 950 110
1701 922 1774 951 forte

1002 971 1129 998 Christus
1144 972 1226 998 esset.
1244 981 1257 995 »
1275 972 1306 998 Et
1320 970 1455 997 subditur
1469 969 1622 1005 responsio
1640 969 1687 1003 (v.
1701 970 1735 996 20
1746 969 1753 1003 )
1766 978 1773 996 :

1002 1018 1037 1044 Ec
1052 1019 1186 1050 confessus
1201 1020 1250 1051 est,
1264 1017 1373 1044 scilicet
1386 1016 1550 1048 veritatem,
1565 1018 1589 1043 ct
1602 1023 1653 1042 non
1665 1017 1775 1050 neqavz't

1003 1071 1078 1090 eam.
1096 1065 1127 1090 Et
1142 1063 1290 1098 specificat
1310 1062 1421 1097 magis:
1443 1063 1478 1088 Et
1493 1063 1627 1094 confessas
1641 1064 1693 1093 est,
1710 1063 1777 1095 quia

1003 1117 1055 1136 11οη
1070 1117 1129 1136 sum
1144 1117 1188 1143 eqo
1201 1110 1332 1136 Christus.
1349 1110 1388 1135 De
1403 1107 1448 1134 his
1464 1107 1620 1142 Gregorius
1632 1108 1670 1134 ¹⁰:
1690 1109 1777 1136 «Non

1002 1157 1110 1189 negavit
1121 1155 1203 1190 quod
1214 1156 1284 1189 erat,
1297 1157 1321 1181 01
1329 1155 1462 1187 confessus
1472 1156 1507 1181 est
1519 1153 1602 1189 quod
1614 1161 1676 1180 non
1687 1155 1773 1188 erat,»

1004 1201 1110 1228 scilicet
1130 1201 1276 1229 Christus:
1300 1208 1361 1227 non
1382 1200 1461 1227 enim
1482 1200 1601 1234 negavit
1620 1199 1702 1235 quod
1717 1201 1778 1227 erat

1004 1249 1165 1274 praecursor
1187 1248 1214 1274 et
1238 1248 1295 1273 Voae
1309 1248 1467 1279 clamantis,
1482 1247 1514 1273 ut
1527 1247 1606 1280 patet
1620 1245 1651 1272 in
1670 1245 1774 1280 littera,

1005 1295 1032 1321 et
1046 1294 1077 1320 in
1092 1294 1201 1321 Glossa.
1219 1293 1299 1320 Unde
1315 1292 1492 1327 Augustinus
1509 1291 1527 1308 ¹¹
1542 1293 1671 1319 :aTanta
1681 1292 1776 1319 excel-

1004 1339 1094 1366 lentia
1110 1341 1170 1366 erat
1185 1339 1215 1365 in
1229 1340 1357 1371 Joanne,
1379 1338 1462 1373 quod
1476 1338 1574 1373 posset
1589 1337 1669 1365 credi
1683 1338 1777 1365 Chris·

1006 1388 1068 1414 tus:
1086 1388 1113 1413 et
1126 1386 1157 1412 in
1178 1386 1234 1413 hoc
1249 1385 1375 1420 probata
1390 1386 1432 1412 est
1447 1384 1509 1418 ejus
1523 1384 1685 1418 humilitas,
1707 1384 1778 1420 quia

1006 1432 1076 1460 dicit
1091 1440 1120 1460 se
1136 1440 1198 1459 non
1213 1440 1274 1459 esse
1289 1431 1445 1464 Christum,
1461 1438 1529 1457 cum
1543 1432 1642 1466 posset
1657 1430 1746 1458 credi.
1760 1441 1774 1457 »

1005 1479 1061 1506 Sed
1083 1478 1239 1514 quaeritur:
1261 1479 1301 1504 Ex
1324 1485 1384 1512 quo
1402 1476 1533 1504 sciebant
1552 1477 1651 1512 ipsum
1667 1485 1727 1504 esse
1742 1477 1776 1504 fi-

1004 1525 1078 1551 lium
1098 1524 1205 1552 summi
1220 1523 1378 1551 sacerdotis
1394 1524 1414 1542 12
1425 1532 1430 1550 ;
1443 1532 1456 1547 ι(
1472 1523 1700 1557 Divulgabantur
1716 1531 1778 1551 om-

1004 1571 1053 1598 nia
1066 1570 1159 1597 verba
1172 1571 1248 1603 haec,
1262 1579 1274 1595 »
1294 1569 1401 1596 scilicet
1421 1569 1458 1596 de
1473 1569 1623 1598 nativitate
1642 1570 1776 1604 Joannis,

1005 1626 1075 1651 ergo
1091 1625 1153 1644 non
1169 1617 1299 1653 oportuit
1313 1624 1442 1652 quaerere
1458 1617 1523 1652 quis
1535 1619 1616 1644 esset.
1630 1618 1662 1644 Et
1673 1617 1778 1645 adhoc

1004 1663 1164 1698 respondet
1174 1663 1400 1698 Chrysostomus
1410 1664 1442 1696 ¹³,
1456 1663 1538 1697 quod
1551 1672 1564 1688 «
1578 1663 1646 1690 ideo
1656 1663 1778 1690 interro·

1004 1711 1088 1743 gant,
1112 1709 1265 1744 opinantes
1284 1717 1337 1744 per
1359 1709 1517 1736 blanditias
1539 1709 1688 1736 extrahere
1709 1717 1777 1736 eum

1005 1756 1043 1783 ad
1057 1756 1257 1783 confitendum
1272 1764 1302 1782 50
1317 1763 1378 1782 0550
1400 1756 1561 1788 Christum,
1581 1758 1607 1782 et
1622 1756 1777 1791 indignum

1005 1810 1064 1829 esse
1093 1802 1299 1829 existimabant
1327 1810 1396 1829 eum
1424 1802 1529 1837 subjici
1552 1802 1663 1830 Christo
1673 1824 1681 1837 ,
1707 1803 1777 1838 quia

1004 1849 1097 1876 multa
1111 1848 1354 1876 demonstrabant
1368 1848 1409 1875 ibi
1424 1850 1567 1876 Joannem
1580 1856 1641 1876 esse
1652 1849 1774 1876 clarum.

1004 1896 1036 1921 Et
1049 1895 1178 1930 primum
1193 1903 1283 1929 genus
1299 1894 1429 1928 insigne:
1441 1894 1580 1930 principis
1591 1895 1776 1922 sacerdotum

1004 1944 1065 1968 erat
1079 1941 1172 1975 filius3
1188 1940 1296 1967 deinde
1312 1941 1407 1975 diaeta,
1424 1942 1451 1967 et
1466 1941 1540 1968 dura
1555 1941 1705 1975 educatio,
1721 1941 1776 1968 hu-

1004 1995 1161 2014 manorum
1181 1987 1315 2014 omnium
1331 1987 1499 2022 despectio,
1515 1988 1542 2014 et
1555 1987 1776 2021 vestimentum,

1004 2034 1087 2069 quod
1100 2033 1206 2060 scilicet
1221 2032 1288 2068 pilis
1302 2033 1493 2067 camelorum,
1507 2035 1535 2060 01
1549 2033 1588 2059 510
1604 2033 1640 2060 de
1655 2033 1728 2060 aliis.
1745 2034 1776 2060 In

1004 2080 1114 2107 Christo
1130 2082 1229 2107 autem
1243 2079 1425 2106 contrarium
1437 2081 1498 2106 erat
1510 2079 1673 2106 secundum
1686 2079 1776 2114 ipsos,

1004 2126 1074 2161 quia
1087 2134 1180 2161 genus
1193 2126 1265 2159 vile,
1285 2125 1364 2152 unde
1380 2125 1518 2152 dicebant
1533 2125 1552 2141 Ν
1566 2134 1572 2152 ;
1587 2134 1600 2150 ι(
1615 2127 1714 2152 Nonne
1729 2125 1776 2152 hic

1004 2174 1045 2199 est
1054 2172 1131 2199 filius
1146 2172 1221 2200 fabri
1231 2174 1244 2199 ⁴?
1254 2182 1266 2199 »
1286 2172 1381 2207 patria
1396 2172 1623 2207 exprobrabilis,
1639 2172 1710 2207 quia
1723 2174 1776 2200 Na-

1003 2220 1115 2253 zareth3
1141 2219 1226 2246 diaeta
1249 2219 1428 2253 communis,
1455 2221 1481 2246 et
1504 2219 1676 2246 vestimenta
1702 2219 1776 2246 nihil

1004 2265 1070 2301 plus
1092 2265 1190 2292 multis
1213 2264 1367 2299 habentia3
1391 2264 1526 2292 convivia
1548 2265 1776 2299 publicanorum

1005 2312 1114 2339 adibat.
1137 2313 1168 2338 Et
1183 2311 1223 2338 sic
1245 2311 1281 2338 de
1305 2311 1378 2338 aliis.
1400 2311 1467 2338 Ideo
1490 2310 1582 2345 infra,
1604 2311 1711 2338 eodem
1733 2312 1772 2338 ¹⁵:

1003 2358 1144 2391 Numquid
1171 2366 1188 2384 a
1211 2357 1348 2384 Nazareth
1373 2359 1461 2392 potest
1485 2357 1593 2391 aliquid
1615 2357 1676 2384 bom'
1699 2359 1775 2385 esse?

1008 2414 1021 2430 «
1033 2404 1101 2431 Ideo
1115 2403 1235 2436 anxiati,
1247 2405 1274 2430 et
1284 2403 1416 2430 volentes
1431 2404 1574 2430 ¹Ioannem
1589 2403 1699 2431 habere
1713 2411 1775 2431 ma-

1005 2451 1137 2485 gistrum,
1148 2457 1200 2485 per
1215 2449 1373 2477 blanditias
1387 2449 1540 2484 opinantes
1551 2457 1618 2477 eum
1630 2450 1774 2478 attrahere

1005 2496 1043 2525 ad
1057 2495 1273 2531 confitendum,
1290 2495 1485 2531 interrogant,
1502 2504 1563 2524 non
1582 2497 1613 2523 ut
1632 2496 1772 2531 ignoran-

1006 2573 1031 2595 m
1055 2571 1159 2601 Evuuy„
1182 2571 1251 2594 hom.
1275 2576 1323 2601 vu,
1350 2577 1376 2594 n.
1399 2573 1420 2594 1.
1444 2583 1474 2588 -
1499 2571 1518 2587 ¹¹
1543 2571 1617 2601 Aug,
1643 2570 1667 2593 z‘n
1688 2570 1770 2596 Joan..

1004 2608 1075 2630 tract.
1098 2612 1132 2635 iv,
1150 2613 1175 2629 n.
1191 2607 1214 2629 3.
1229 2618 1259 2622 —
1282 2604 1303 2619 '²‘
1316 2606 1383 2635 Luc..
1399 2612 1418 2635 1,
1434 2607 1472 2630 65.
1491 2618 1516 2622 -
1537 2606 1554 2621 ¹³¹
1570 2605 1710 2636 Chrysost.,
1731 2604 1772 2628 ubi

1005 2650 1061 2672 sup.
1076 2654 1105 2658 —-
1122 2641 1138 2657 ’ὃ
1153 2640 1256 2669 summ„
1271 2646 1329 2671 xm,
1345 2642 1383 2664 55.
1399 2655 1425 2658 —
1444 2642 1463 2658 ¹⁵
1477 2641 1534 2671 ins„
1551 2642 1588 2665 46.
