1987 3032
664 207 703 238 IN
724 207 809 238 CAP.
834 207 886 239 XV
907 207 1047 238 SANCTI
1069 207 1248 238 JOANNIS.

279 332 390 359 Collatio
408 332 662 364 sexagesimaseaeea,
683 338 744 364 xiv,
763 331 807 357 27.

194 416 289 442 Pacem
311 422 395 441 meam
419 414 452 440 do
476 414 566 447 vobis,
592 421 681 448 pacem
703 414 822 448 relinquo
843 414 924 440 vobis.

160 463 192 488 Ut
201 460 326 488 enimait
336 460 513 494 Augustinus
524 461 544 493 ¹,
554 459 685 494 loquitur
694 460 730 486 de
742 460 822 486 bono
835 459 927 494 paciS,

160 506 242 542 quod
263 514 349 541 «pax
373 508 414 533 est
434 507 638 533 testamentum
656 505 719 532 Filii
738 505 805 538 Dei,
825 507 852 532 et
875 505 928 540 qui

160 554 363 579 testamentum
391 552 517 579 noluerit
544 552 700 579 observare
711 572 720 586 ,
746 559 806 578 non
834 552 928 586 potest

160 598 349 625 concordiam
364 606 431 625 cum
443 598 554 625 Christo
568 598 689 631 habere,
702 605 756 624 nec
770 597 875 632 poterit
889 597 927 624 ad

159 645 309 671 veritatem
331 644 377 671 Dei
395 644 581 680 pervenire.»
604 645 636 670 Et
649 643 806 678 quoniam,
827 651 927 670 secun-

159 690 231 717 dum
252 690 445 725 Augustinum
467 692 492 723 Ξ,
513 689 622 725 duplex
647 691 687 716 est
711 697 769 724 pax
787 698 793 716 z
813 697 873 716 una
898 689 928 716 in

158 737 292 771 praesenti
311 736 434 770 saeculo,
450 736 508 763 alia
522 736 552 762 in
575 735 672 762 futuro
688 743 694 762 :
711 735 778 762 ideo
800 735 860 762 duo
880 735 927 762 hic

159 782 363 809 insinuantur:
393 789 521 817 quorum
548 781 676 816 primum
702 783 744 808 est
770 781 927 815 promissio

159 828 337 855 dimissionis
350 828 452 862 primae
465 827 545 862 pacis
560 827 590 854 in
603 827 748 862 praesenti,
764 827 821 854 ibi:
836 828 928 854 Pacem

158 877 279 909 relinquo
294 876 385 907 vobz‘s;
402 874 565 902 secundum
582 874 629 908 (a),
644 873 802 909 promissio
816 876 928 901 aetcrnae

158 922 239 957 pacis
253 921 282 948 in
295 921 408 954 futuro,
420 921 461 947 ibi
474 930 480 947 ε
493 922 586 947 Pacem
601 928 685 946 meam
700 920 733 946 do
748 920 830 947 vobis.
848 920 927 947 Unde

159 967 334 1002 Augustinus
351 968 360 984 ³
376 976 383 994 ;
402 977 415 993 ιι
429 969 531 994 Pacem
549 966 687 1001 relinquit
705 966 808 999 nobis,
824 966 853 993 in
869 974 928 1001 qua

159 1015 308 1041 manentes
326 1014 440 1040 hostem
458 1013 603 1039 vincimus
620 1021 626 1039 ε
647 1020 751 1047 pacem
771 1020 854 1039 suam
874 1013 927 1040 da-

158 1060 216 1093 bit,
233 1059 354 1095 quando
369 1059 430 1086 sine
445 1059 528 1086 hoste
544 1058 746 1093 regnabimus.
763 1060 866 1085 Pacem
885 1066 929 1085 re-

158 1105 283 1141 linquit,
303 1107 334 1132 ut
353 1105 479 1132 invicem
501 1104 659 1139 diligamus
677 1113 682 1130 z
698 1111 803 1139 pacem
825 1104 926 1138 dabit,

158 1151 210 1178 ubi
238 1159 391 1186 nunquam
419 1151 570 1178 dissentire
600 1150 755 1184 possimus.
788 1160 800 1175 n
826 1152 858 1177 Et
886 1150 928 1177 ibi

158 1197 234 1224 bene
250 1197 286 1224 de
302 1198 368 1224 hoc.
384 1198 432 1224 Est
446 1204 516 1231 ergo
531 1204 588 1231 pax
603 1195 634 1222 in
648 1195 780 1230 praesenti
794 1216 802 1228 ,
816 1195 853 1222 de
869 1204 928 1231 qua

159 1244 334 1278 Augustinus
348 1242 356 1258 ³
371 1252 377 1270 ι
397 1252 410 1267 «
425 1244 545 1270 Tantum
557 1244 599 1268 est
612 1241 692 1276 pacis
707 1241 839 1274 bonum,
854 1242 928 1268 utin

158 1290 247 1317 rebus
262 1290 382 1317 terrenis
403 1291 490 1324 atque
514 1287 703 1321 mortalibuS,
725 1287 798 1313 nihil
820 1287 928 1321 gratius

158 1336 251 1364 soleat
266 1335 380 1369 audiri,
400 1334 473 1362 nihil
495 1333 722 1361 desiderabilius
741 1333 927 1368 concupisci,

158 1382 231 1409 nihil
247 1381 351 1409 melius
369 1381 503 1408 inveniri.
521 1390 534 1405 ν
553 1382 584 1407 Et
604 1380 645 1407 ibi
666 1379 740 1406 bene
761 1379 797 1405 de
812 1379 878 1406 hoc.
897 1381 929 1406 Et

158 1430 391 1463 consequenter,
417 1427 453 1454 de
479 1426 633 1462 multiplici
664 1433 754 1460 pace,
778 1425 829 1453 ubi
855 1426 929 1453 inter

158 1475 216 1502 alia
231 1475 271 1502 ait
283 1474 293 1490 ³
307 1483 313 1501 :
331 1484 343 1499 «
359 1476 415 1501 Pax
433 1473 538 1500 animae
555 1471 706 1499 rationalis
730 1474 771 1498 est
794 1471 929 1498 ordinata

158 1520 342 1555 cogitationis
363 1520 397 1555 (b)
418 1522 445 1546 et
465 1518 586 1546 actionis
607 1517 771 1545 consensio.
797 1520 855 1545 Pax
875 1517 928 1544 ho-

158 1567 245 1594 minis
273 1565 406 1593 mortalis
430 1565 535 1592 dicitur
563 1563 699 1591 ordinata
722 1563 753 1590 in
785 1563 844 1590 fide
873 1563 928 1590 sub

159 1615 267 1640 aeterna
281 1612 346 1646 lege
368 1610 546 1638 obedientia.
565 1612 623 1637 Pax
643 1609 798 1636 hominum
821 1611 862 1636 est
884 1617 929 1636 or-

159 1659 258 1686 dinata
274 1657 443 1684 concordia.
460 1665 472 1681 n
489 1658 520 1683 Et
532 1656 589 1689 ibi,
606 1657 633 1682 et
648 1655 684 1682 de
700 1655 855 1689 multiplici
871 1655 929 1682 alia

159 1712 230 1740 pace
245 1704 331 1731 hene.
350 1702 427 1729 Unde
443 1704 483 1729 est
505 1709 565 1736 pax
589 1701 694 1728 animae
715 1708 783 1727 cum
807 1708 860 1728 suo
882 1709 929 1727 su-

159 1750 286 1786 periori,
311 1749 419 1776 scilicet
442 1756 509 1775 cum
532 1749 588 1774 Deo
603 1748 637 1774 ⁶:
664 1756 678 1773 α
697 1747 852 1782 Aequiesce
867 1767 876 1780 ,
901 1749 928 1774 et

158 1797 282 1824 habebis
296 1803 409 1831 pacem¹
427 1806 440 1821 n
459 1797 528 1822 Item
543 1795 585 1821 est
606 1801 665 1829 pax
686 1793 815 1820 hominis
830 1793 859 1820 in
874 1801 928 1820 suo

158 1842 304 1875 interiori,
320 1841 356 1869 de
372 1849 432 1876 quo
447 1848 536 1875 supra
550 1839 738 1874 Augustinus.
755 1840 764 1856 ⁷
781 1848 794 1864 «
809 1841 866 1866 Pax
880 1840 928 1866 Dei

157 1897 223 1924 quae
239 1890 392 1923 exsuperat
411 1894 531 1914 omnem
546 1893 674 1913 sensum.
690 1896 703 1910 »
721 1886 791 1912 Item
813 1888 854 1912 est
871 1893 927 1920 pax

157 1934 285 1962 hominis
300 1942 366 1960 cum
381 1940 434 1960 suo
449 1931 594 1965 inferiori,
610 1931 718 1958 scilicet
733 1939 819 1958 carne
830 1953 836 1963 ‚
857 1932 928 1958 suh-

156 1980 290 2016 jugando
305 1987 370 2007 eam
390 1987 442 2014 per
456 1978 579 2005 fraenum
600 1977 781 2004 abstinentiae
796 1978 824 2004 et
838 1977 928 2004 conti-

158 2027 262 2054 nentiae
275 2027 285 2043 Β
303 2036 307 2052 :
329 2025 454 2053 «Bestiae
474 2026 557 2051 terrae
581 2025 664 2050 erunt
685 2023 737 2050 tibi
758 2023 895 2058 pacificae.
913 2035 925 2049 ι)

158 2075 189 2100 Et
206 2074 216 2089 ⁹
238 2081 244 2099 ι
272 2082 285 2097 «
311 2071 473 2099 liabitasses
501 2070 531 2096 in
560 2077 632 2104 pace
660 2077 748 2104 super
775 2071 891 2096 terram.
913 2080 925 2094 n

160 2118 180 2136 '⁰
197 2130 209 2142 ι(
228 2118 341 2145 Utinam
368 2116 537 2144 attendisses
565 2115 604 2143 ad
624 2115 764 2142 mandata
791 2123 877 2149 mea,
902 2118 929 2143 et

157 2165 257 2192 suisset
281 2163 364 2199 quasi
388 2163 498 2190 flumen
522 2170 581 2197 pax
606 2163 665 2189 tua.
688 2171 701 2187 ι)
719 2162 788 2188 ltem
809 2163 851 2189 est
871 2169 927 2196 pax

158 2210 286 2239 hominis
308 2217 375 2236 cum
393 2217 446 2236 suo
471 2207 624 2240 exteriori,
649 2207 680 2234 id
704 2208 746 2234 est
768 2207 927 2242 proximo,

159 2257 195 2285 de
219 2264 279 2292 qua
300 2263 389 2291 supra
414 2254 546 2281 similiter
574 2253 758 2288 Augustinus.
782 2253 799 2269 ¹¹
822 2262 836 2278 «
855 2254 927 2280 Cum

158 2302 323 2339 placuerint
338 2303 394 2329 Deo
408 2301 461 2328 viae
474 2299 618 2333 hominis,
634 2299 768 2326 inimicos
783 2299 845 2333 ejus
859 2306 928 2326 con-

159 2350 250 2377 vertet
270 2348 308 2376 ad
323 2355 437 2384 pacem.
452 2357 465 2373 ι)
479 2348 616 2381 Magnum
639 2353 710 2380 ergo
730 2345 842 2372 donum
858 2346 906 2372 Dei
920 2366 926 2376 ‚

191 2422 195 2433 ¹
213 2420 249 2443 De
269 2418 335 2442 verb.
356 2418 436 2447 Dom.‚
453 2424 529 2440 serm.
550 2422 611 2446 un,
624 2415 655 2439 al.
672 2421 755 2445 xcvii,
771 2415 795 2438 iu
812 2416 926 2446 Append.

159 2457 220 2479 tom.
235 2455 277 2484 Vl,
291 2455 366 2484 Opcr.
382 2455 443 2483 Aug.
457 2465 485 2469 —
497 2453 506 2467 ²
519 2453 574 2482 Aug
588 2470 594 2480 ,
611 2459 635 2474 ιη
648 2451 728 2477 joan..
745 2452 816 2474 tract.
830 2456 926 2480 Lxxvu,

159 2497 183 2513 n.
209 2492 231 2513 3.
253 2503 282 2507 —
306 2489 314 2502 ³
343 2488 387 2511 Vel
409 2489 497 2511 auctor
520 2486 645 2510 sermonis
664 2492 728 2515 ινιι,
754 2485 795 2508 ubi
818 2492 872 2515 sup.
897 2499 926 2503 -

159 2525 168 2541 ⁴
184 2527 299 2555 August„
315 2524 344 2547 dc
362 2524 437 2547 Civis.
461 2524 518 2548 Dei.
534 2522 575 2545 lib¹
593 2522 661 2551 Xlx,
683 2528 705 2544 c.
726 2526 761 2544 xv,
782 2535 807 2538 —
826 2521 836 2536 ὅ
852 2521 926 2551 ibid„

160 2567 182 2583 c.
201 2565 300 2583 x111.—
315 2560 326 2575 ⁶
339 2558 392 2588 lob,
414 2564 479 2587 xxii,
496 2559 566 2581 2¹.—
581 2558 588 2571 ⁷
602 2557 757 2587 Pl11l1‘11.‚1v,
772 2557 794 2578 ἵ.
806 2569 835 2573 -
850 2556 858 2570 ⁸
871 2556 925 2585 lob,

160 2601 183 2624 v,
204 2596 242 2618 23.
263 2607 288 2611 —
309 2595 318 2607 ⁹
339 2594 408 2623 Bam,
434 2599 475 2622 ιιι,
495 2594 531 2615 13.
553 2606 582 2610 -
605 2592 625 2608 ¹⁰
645 2592 705 2619 ls(1.,
727 2596 823 2619 vaui,
845 2592 878 2614 18.
897 2604 925 2609 .-

161 2631 176 2644 ¹¹
193 2630 274 2657 Prona..
290 2634 343 2658 xw,
358 2629 379 2650 7.
396 2642 424 2645 —
441 2629 458 2643 ¹²
475 2627 519 2651 Vel
534 2629 621 2650 auctor
636 2633 711 2650 serm.
729 2631 791 2655 Lvu,
812 2625 852 2649 ubi
868 2633 922 2657 sup.

1691 211 1749 241 585

982 273 1103 309 quando
1120 273 1169 300 dat
1184 273 1271 300 talem
1285 280 1398 309 pacem.
1423 275 1455 300 Et
1474 274 1509 301 de
1529 274 1582 302 ista
1602 283 1674 310 pace
1692 277 1748 303 Au-

982 320 1113 354 gustinus
1124 321 1148 337 ¹2
1164 329 1191 347 :«
1201 321 1259 347 Pax
1274 322 1315 347 est
1329 319 1466 347 serenitas
1481 321 1595 354 mentis,
1610 322 1749 356 tranquil-

981 365 1046 393 litas
1063 366 1168 400 animi,
1186 365 1356 401 simplicitas
1380 365 1496 399 cordis,
1520 366 1628 393 amoris
1648 367 1749 394 vincu—

982 411 1060 445 lum,
1086 412 1266 439 consortium
1295 411 1456 445 charitatis,
1475 421 1488 436 ι)
1510 414 1538 439 et
1563 412 1603 439 sic
1626 413 1662 439 de
1685 413 1749 440 aliis

983 465 1048 493 quae
1062 457 1103 484 ibi
1120 460 1279 485 enumerat.
1296 459 1328 485 Et
1342 457 1472 493 sequitur
1488 467 1494 485 z
1514 468 1527 483 t(
1542 459 1619 485 Hanc
1634 459 1684 494 qui
1704 467 1749 486 ac-

983 503 1065 538 cipit,
1082 505 1192 537 teneat,-
1207 504 1257 539 qui
1270 503 1411 539 perdidit,
1426 505 1555 539 repetat3
1570 505 1621 539 qui
1637 505 1748 539 amisit,

983 550 1134 585 exquirat:
1152 550 1294 585 quoniam
1309 549 1359 585 qui
1379 549 1408 576 in
1423 558 1458 577 ea
1474 558 1533 577 non
1548 550 1634 577 fuerit
1648 550 1749 578 inven-

983 597 1042 629 tus,
1059 595 1213 622 abdicatur
1227 604 1244 623 a
1263 597 1358 629 Patre,
1382 596 1604 623 exhaereditatur
1620 604 1637 623 a
1657 597 1729 624 Filio
1741 618 1748 631 ‚

983 649 1001 668 a
1022 641 1128 676 Spiritu
1157 644 1256 669 sancto
1281 641 1403 669 efficitur
1426 642 1547 669 alienus.
1569 652 1582 668 ι)
1606 644 1668 669 l-laec
1689 643 1749 671 ille.

984 687 1004 704 ¹³
1022 696 1035 712 «
1050 687 1150 714 Statuit
1174 687 1199 714 ei
1217 689 1421 714 testamentum
1437 688 1526 723 pacis.
1544 698 1557 713 ιι
1575 689 1654 715 Unde
1671 691 1697 716 et
1711 690 1749 716 ad

982 740 1086 768 pacem
1112 733 1279 760 faciendam
1305 734 1336 760 in
1364 733 1468 767 terris,
1492 737 1518 761 et
1542 734 1615 761 inter
1642 743 1696 763 nos
1723 737 1751 763 et

983 780 1087 813 Deum,
1104 779 1182 806 venit
1203 779 1290 806 Filius
1306 779 1342 806 de
1367 779 1447 806 coelis
1461 779 1481 795 ¹⁴
1497 789 1503 807 z
1523 790 1535 805 «
1551 782 1612 815 lpse
1636 783 1678 808 est
1692 789 1749 817 pax

982 827 1092 859 nostra,
1108 826 1159 861 qui
1172 825 1239 852 fecit
1252 827 1377 861 utraque
1391 833 1493 852 unum.
1511 836 1523 851 n
1543 828 1573 853 Et
1588 827 1617 853 in
1632 835 1684 855 sua
1699 836 1751 855 na-

983 871 1093 898 tivitate
1110 879 1215 907 pacem
1230 872 1437 899 nuntiaverunt
1451 873 1549 907 angeli
1564 873 1601 900 de
1616 874 1695 901 coelis
1710 874 1748 901 ¹⁵:

985 927 998 942 «
1014 919 1045 945 ln
1068 920 1143 945 terra
1166 926 1224 952 pax
1246 918 1417 945 hominibus
1435 918 1522 945 bonae
1545 919 1713 949 voluntatis.
1733 931 1746 946 ι)

984 965 1060 991 Hanc
1084 971 1186 998 pacem
1204 964 1338 999 promisit
1361 964 1528 999 discipulis,
1545 965 1619 993 infra
1632 966 1651 983 ¹⁶
1668 976 1674 993 z
1695 977 1707 991 «
1720 969 1750 994 ln

983 1018 1030 1037 me
1049 1018 1153 1045 pacem
1173 1010 1327 1037 habebitis.
1353 1020 1366 1035 ι)
1388 1012 1419 1037 Et
1439 1011 1514 1038 hanc
1539 1019 1641 1047 pacem
1666 1013 1750 1048 quasi

983 1058 1186 1084 testamentum
1206 1057 1322 1092 reliquit
1337 1057 1384 1084 hic
1404 1057 1564 1092 discipulis.
1582 1060 1613 1085 Et
1626 1061 1692 1093 post
1705 1067 1750 1086 re-

983 1102 1192 1129 surrectionem
1215 1110 1319 1137 pacem
1339 1103 1379 1129 eis
1402 1103 1605 1137 annuntiavit,
1622 1104 1696 1131 infra
1720 1105 1748 1131 ¹⁷.

984 1149 1016 1174 Et
1042 1149 1109 1182 post
1136 1148 1212 1175 hanc
1236 1156 1339 1183 pacem
1372 1149 1454 1175 dabit
1475 1157 1579 1184 pacem
1606 1157 1689 1176 suam
1721 1150 1750 1177 in

984 1194 1084 1228 coelis,
1112 1195 1185 1221 sicut
1211 1195 1250 1222 ait
1275 1195 1322 1222 hic
1346 1204 1352 1222 :
1376 1196 1470 1222 Pacem
1496 1203 1580 1221 meam
1602 1196 1635 1222 do
1663 1197 1749 1231 vobis,

987 1251 1000 1265 «
1015 1241 1133 1276 quando
1154 1241 1215 1268 sine
1230 1241 1312 1268 hoste
1327 1241 1534 1276 regnabimus,
1550 1252 1563 1267 ι)
1586 1242 1625 1269 ait
1640 1245 1750 1277 Augus-

983 1286 1060 1313 tinus
1075 1286 1095 1303 ¹⁸
1115 1287 1249 1322 superius
1273 1296 1279 1313 :
1303 1289 1370 1314 tunc
1389 1287 1466 1314 enim
1489 1288 1655 1316 verificatur
1677 1289 1750 1317 illud

983 1332 1131 1367 Prophetae
1147 1332 1187 1359 ¹⁹:
1208 1342 1221 1357 (ι
1235 1333 1288 1365 Qui
1310 1333 1407 1368 posuit
1426 1333 1499 1360 fines
1519 1335 1583 1361 tuos
1605 1342 1718 1370 pacem.
1735 1346 1748 1361 n

984 1380 1016 1406 Ut
1031 1379 1109 1406 enim
1124 1379 1162 1406 ait
1177 1379 1330 1406 Anselmus
1344 1380 1366 1395 2⁰
1383 1388 1409 1405 :«
1424 1380 1588 1407 Concordia
1604 1383 1645 1408 est
1659 1389 1751 1408 unum

984 1425 1020 1451 de
1032 1424 1118 1452 honis
1131 1425 1247 1460 patriae,
1263 1425 1334 1460 quia
1349 1425 1483 1452 omnium
1505 1425 1557 1453 erit
1576 1434 1636 1453 una
1649 1427 1752 1454 volun-

983 1472 1035 1497 tas.
1053 1481 1065 1495 »
1078 1472 1098 1487 2¹
1118 1472 1169 1498 «In
1185 1471 1283 1497 laetitia
1297 1471 1507 1505 egrediemini,
1522 1473 1549 1498 et
1564 1471 1593 1498 in
1614 1480 1685 1507 pace
1701 1473 1752 1500 de-

984 1516 1141 1543 ducemini.
1159 1526 1171 1541 »
1189 1517 1285 1543 Merito
1302 1524 1372 1551 ergo
1387 1516 1484 1551 prima
1499 1525 1557 1552 pax
1574 1519 1616 1544 est
1627 1518 1752 1546 tenenda

983 1562 1211 1597 perfectibiliter,
1227 1564 1258 1588 ut
1272 1562 1311 1589 ad
1325 1562 1485 1589 secundam
1506 1563 1692 1598 perveniatur
1715 1564 1752 1590 fe-

984 1607 1112 1634 liciter.2²
1126 1618 1139 1633 t(
1153 1608 1287 1635 Servabis
1300 1615 1404 1642 pacem
1421 1616 1427 1634 :
1445 1616 1564 1643 pacem,
1579 1609 1649 1644 quia
1670 1609 1699 1636 in
1726 1612 1751 1636 te

983 1654 1174 1688 speravimus.
1190 1664 1204 1679 »
1222 1655 1254 1680 Et
1268 1654 1289 1670 2³
1303 1662 1329 1680 z«
1344 1656 1442 1681 Annos
1456 1654 1522 1681 vitae
1537 1655 1616 1682 illius
1636 1655 1665 1682 in
1680 1663 1750 1691 pace

983 1700 1125 1735 implebit.
1148 1710 1160 1724 u

1098 1801 1211 1828 Collatz‘o
1230 1802 1530 1836 sexagesimasepcima,
1545 1811 1592 1837 xv,
1611 1805 1633 1830 ί.

1018 1885 1073 1918 qu
1087 1892 1144 1911 sum
1158 1886 1224 1911 vitis
1243 1893 1320 1919 vera,
1334 1888 1359 1912 et
1375 1887 1452 1920 pater
1470 1894 1542 1913 mens
1556 1888 1672 1921 ayricola
1687 1890 1724 1914 est
1741 1898 1748 1913 .-

982 1932 1031 1964 qui
1044 1934 1132 1957 manet
1152 1932 1180 1957 in
1195 1939 1251 1965 me,
1270 1934 1322 1959 etc.
1340 1934 1371 1959 ln
1385 1932 1429 1959 his
1444 1933 1541 1959 verbis
1563 1933 1750 1968 spiritualiter

982 1977 1035 2004 tria
1060 1977 1244 2004 insinuantur
1261 1987 1266 2004 :
1285 1986 1413 2013 quorum
1435 1979 1564 2014 primum
1589 1981 1631 2007 est
1651 1980 1750 2014 gratiae

982 2023 1083 2050 Christi
1098 2023 1265 2058 plenitudo,
1283 2024 1343 2051 sive
1358 2024 1530 2059 copiositas,
1547 2024 1587 2051 ibi
1602 2034 1607 2051 :
1622 2027 1677 2059 qu
1692 2034 1749 2053 sum

981 2071 1047 2095 vitis
1061 2077 1138 2101 veru,-
1160 2069 1321 2096 secundum
1347 2072 1388 2097 est
1408 2070 1520 2098 deitatis
1540 2071 1577 2097 ad
1594 2071 1749 2099 colendam

982 2115 1156 2149 Ecclesiam,
1179 2115 1239 2142 sive
1262 2115 1397 2143 membra
1420 2117 1485 2143 Jesu
1509 2116 1626 2150 Christi,
1648 2117 1749 2152 digna—

981 2161 1041 2188 tiva
1051 2161 1227 2195 studiositas,
1239 2161 1281 2189 ibi
1295 2163 1391 2189 :Pater
1401 2170 1471 2189 meus
1483 2164 1618 2196 (tyris-olm
1634 2163 1748 2190 tertium

982 2210 1023 2234 est
1044 2206 1184 2234 membris
1199 2207 1231 2242 (c)
1251 2209 1317 2234 Jesu
1333 2207 1434 2235 Christi
1452 2216 1518 2235 cum
1539 2208 1602 2243 ipso
1624 2208 1749 2236 indivisa

982 2253 1145 2287 unibilitas,
1168 2254 1195 2280 et
1219 2253 1257 2280 ab
1282 2253 1346 2288 ipso
1369 2253 1601 2288 vivificabilitas,
1617 2255 1678 2282 ibi:
1697 2256 1749 2287 Qui

980 2303 1069 2326 manet
1084 2301 1113 2326 in
1128 2307 1177 2326 me.

981 2385 1010 2389 —
1034 2372 1052 2387 ¹³
1069 2371 1136 2395 Eccli
1148 2389 1155 2401 ‚
1172 2377 1228 2401 xlx,
1250 2374 1286 2396 30.
1305 2385 1329 2388 -
1347 2373 1364 2388 ¹⁴
1381 2372 1479 2402 Ephe-r„
1496 2379 1527 2402 ιι,
1548 2374 1583 2396 14.
1602 2386 1628 2390 -
1651 2373 1667 2389 '⁵
1683 2373 1748 2403 Luc,

982 2413 1008 2436 ιι,
1028 2409 1063 2430 14.
1081 2420 1109 2424 —
1127 2407 1144 2422 ’Β
1157 2408 1238 2435 Joan„
1254 2413 1307 2437 xvi,
1322 2408 1360 2430 33.
1377 2420 1402 2424 —
1422 2408 1439 2423 ¹⁷
1454 2409 1535 2437 down,
1551 2413 1594 2438 xx,
1610 2410 1649 2438 21,
1665 2409 1702 2430 215.
1719 2420 1748 2424 —

981 2442 1000 2457 ¹²
1018 2443 1132 2471 August„
1153 2442 1177 2465 ιἰι
1199 2443 1279 2469 luam,
1300 2444 1372 2465 tract.
1396 2448 1497 2472 Lxxvn,
1512 2450 1539 2466 u.
1555 2445 1578 2466 3.
1595 2455 1622 2459 —
1642 2443 1660 2458 ¹⁹
1680 2442 1746 2466 psal.

981 2483 1080 2506 (zvan,
1101 2478 1135 2500 14.
1152 2489 1178 2493 —
1197 2477 1222 2493 Γ)
1241 2477 1361 2506 Anselm.,
1384 2477 1424 2501 vel
1442 2477 1525 2508 potius
1546 2478 1696 2506 Eadmerus,
1717 2477 1748 2499 (le

981 2512 1082 2541 Baitia,
1102 2520 1123 2535 c.
1147 2518 1177 2541 x,
1197 2512 1279 2542 quoad
1300 2518 1411 2536 sensum.
1435 2526 1459 2529 —
1483 2513 1501 2529 ²¹
1523 2514 1580 2541 Im..
1604 2518 1644 2541 ιν,
1667 2514 1701 2535 12.
1721 2525 1745 2528 -

980 2548 1001 2563 Ἠ
1016 2547 1086 2576 ibid„
1103 2553 1171 2577 xxv1,
1187 2551 1209 2569 it.
1226 2561 1252 2564 -—
1270 2547 1287 2561 ²³
1303 2547 1389 2576 Ecchl,
1405 2554 1474 2578 xxvi,
1489 2550 1511 2572 ⁶2.

1013 2592 1041 2620 (α)
1059 2591 1119 2614 Coet.
1132 2591 1191 2614 edit.
1209 2591 1328 2615 secundo.
1341 2603 1370 2607 ——
1384 2591 1416 2620 (h)
1435 2591 1501 2615 Edit.
1519 2592 1573 2614 Beni
1594 2592 1665 2621 Oper.
1682 2591 1745 2620 Auq.

981 2627 1142 2657 cognitionis.
1154 2640 1184 2644 —
1200 2626 1230 2657 (c)
1245 2627 1302 2657 Ley.
1317 2627 1502 2651 membrorum,
