1987 3032
747 218 953 251 EXPOSlTIO
976 218 1014 249 IN
1036 217 1120 249 CAP.
1144 218 1167 248 I.

162 292 246 316 sunt:
268 296 336 316 cum
359 288 438 316 enim
459 289 554 322 Pater,
580 289 607 315 et
627 287 732 320 Filius,
758 288 786 313 et
807 285 927 320 Spiritus

164 337 278 362 sanetus
298 335 354 362 sint
367 341 458 361 unum
472 333 651 369 principium
668 332 801 360 omnium
816 333 927 358 creatu—

164 389 263 408 rarum
282 381 342 407 sive
360 380 519 413 factorum,
534 379 650 406 videtur
671 378 754 414 quod
768 376 928 412 improprie

164 426 294 461 loquitur
304 425 446 452 dicendo:
460 426 557 452 Omnia
567 433 614 459 per
628 427 727 458 ipsum,
743 423 850 450 scilicet
864 424 930 448 Ver-

164 472 237 499 bum
256 472 304 498 vel
322 472 444 506 Filium,
464 473 537 504 fucta
553 474 624 498 sunt.
642 473 726 503 Item,
747 477 874 505 quorum
890 471 931 496 est

165 517 269 544 eadem
284 520 402 551 natura,
419 525 522 544 eorum
542 517 646 544 eadem
665 518 707 544 est
726 515 874 551 operatio,
894 514 932 542 ait

166 564 360 590 Damascenus
376 564 384 579 ¹
397 573 404 589 :
421 563 473 590 sed
487 563 576 590 Patris
591 565 617 590 et
631 562 694 589 Filii
709 562 812 589 eadem
827 563 868 588 est
881 568 932 587 na-

165 611 231 636 tura
253 611 281 636 et
300 609 412 636 virtus:
434 616 503 643 ergo
526 611 554 635 et
574 608 721 643 operatio,
744 609 771 634 et
789 607 828 634 ita
846 606 933 633 Filius

166 662 249 689 aeque
262 656 399 689 operatur
409 657 440 681 ut
452 656 542 681 Pater.
556 653 717 688 improprie
732 661 802 687 ergo
818 652 871 679 ait:
886 659 933 687 per

167 702 272 734 ipsum,
287 703 315 727 et
329 700 477 727 debuisset
492 700 599 726 dixisse
612 709 618 726 ε
635 700 666 726 ab
683 700 751 733 ipso.
769 700 852 731 Item,
867 705 934 724 cum

166 747 248 773 Pater
267 747 295 772 et
316 746 402 772 Filius
418 745 474 772 sint
488 753 582 772 unum
602 744 778 780 principium
793 745 935 770 creatura-

167 800 248 826 rum,
266 793 298 818 ut
313 792 423 818 dictum
438 794 492 825 est,
507 792 546 818 ita
560 793 658 826 posset
672 790 729 817 dici
748 790 852 817 Filium
867 797 935 824 0ρο-

167 838 226 865 rari
240 846 292 872 per
312 840 441 872 Patrem,
461 838 534 864 sicut
553 846 568 864 e
589 837 745 865 contrario.
769 838 838 864 Item
857 843 936 870 quee-

168 883 241 910 ritur
251 891 288 910 an
300 885 398 918 posset
409 883 467 910 dici
477 883 618 910 veraciter
632 884 744 910 Patrem
757 881 873 917 operari
885 889 937 916 per

170 929 308 964 Spiritum
322 931 470 962 sanctum,
487 929 560 956 sicut
575 936 626 964 per
646 928 766 955 Filium:
783 930 811 954 et
823 927 938 953 videtur

171 975 254 1010 quod
268 975 322 1009 sic,
343 976 412 1010 quia
430 977 504 1002 Deus
518 975 638 1002 Trinitas
659 976 701 1001 est
718 981 811 1000 unum
831 972 938 1008 princi-

170 1021 291 1055 pium²z
306 1030 319 1045 «
333 1022 392 1055 Ego
407 1021 585 1056 principium
601 1022 628 1047 et
642 1019 718 1046 finis.
734 1029 747 1045 »
760 1020 855 1046 Potest
869 1026 938 1052 ergo

172 1066 230 1092 dici
244 1067 358 1093 Patrem
372 1066 489 1101 operari
498 1074 550 1101 per
560 1066 697 1101 Spiritum
708 1066 852 1098 sanctum,
868 1064 940 1091 sieut

171 1119 224 1146 per
238 1111 354 1138 Filium.

207 1157 348 1190 Quaeritur
369 1164 438 1191 ergo
454 1164 545 1192 quare
567 1156 672 1183 dicitur
691 1156 804 1183 Patrem
826 1155 941 1190 operari

171 1211 225 1238 per
239 1203 342 1230 Filium
356 1203 413 1236 hic,
429 1204 456 1230 et
474 1204 485 1220 ³
499 1203 550 1230 ubi
565 1202 727 1230 ostenditur
746 1211 759 1227 «
779 1209 832 1237 per
853 1209 941 1236 quem

172 1249 239 1276 fecit
262 1251 289 1276 et
312 1249 432 1282 saecula,
454 1259 467 1274 »
493 1248 591 1283 potius
615 1256 705 1283 quam
729 1255 781 1282 per
805 1247 942 1282 Spiritum

173 1297 314 1322 sanctum.
330 1297 362 1322 Et
382 1295 421 1322 ad
439 1295 523 1322 istam
538 1295 729 1329 quaestionem
748 1293 942 1327 respondetur

174 1341 303 1368 secundo
318 1341 515 1368 Sententiarum
526 1341 546 1374 ⁴,
562 1341 615 1367 ubi
626 1340 695 1368 dicit
707 1339 789 1374 quod
801 1339 869 1366 ideo
883 1339 943 1365 dic-

174 1389 236 1414 tum
250 1389 292 1414 est
309 1389 420 1414 Patrem
434 1386 549 1421 operari
563 1394 615 1421 per
629 1386 743 1418 Filium,
759 1393 819 1412 non
841 1393 855 1412 e
876 1392 944 1412 con-

175 1432 275 1466 trario,
293 1442 306 1457 (ι
319 1434 351 1459 01
370 1432 400 1459 111
421 1434 502 1459 Patre
521 1433 729 1459 monstraretur
747 1430 913 1464 auctoritas,
929 1441 941 1455 »

175 1477 246 1512 quia
265 1486 283 1504 a
297 1479 377 1504 Patre
393 1480 435 1505 est
448 1478 535 1504 Filius
549 1478 558 1493 5
576 1487 582 1504 :
607 1487 620 1501 «
640 1477 743 1505 Omnia
759 1476 865 1504 tradita
879 1478 946 1503 sunt

174 1523 246 1549 mihi
260 1531 278 1550 a
292 1524 372 1550 Patre
386 1531 462 1551 meo.
480 1533 494 1549 »
510 1523 560 1550 Vel
571 1522 645 1550 illud
660 1522 727 1550 ideo
743 1522 858 1556 dicitur,
875 1521 946 1556 quia

175 1570 257 1596 Pater
272 1576 339 1595 eum
355 1569 454 1603 genuit
475 1568 609 1596 omnium
623 1568 771 1603 opificem,
787 1569 875 1603 prout
890 1567 945 1594 ibi-

176 1615 245 1642 dem
259 1615 269 1631 ⁶
280 1614 394 1641 dicitur.
404 1614 483 1641 Unde
498 1614 720 1650 chrysostomus
729 1615 739 1631 ⁷
750 1613 861 1649 quaerit,
875 1621 946 1648 qua-

177 1660 241 1688 liter
255 1660 294 1687 ait
310 1669 315 1687 :
337 1669 386 1696 per
400 1663 499 1695 ipsum.
520 1670 532 1686 1(
545 1660 574 1687 Si
595 1660 685 1694 enim,
699 1659 804 1695 inquit,
824 1667 876 1694 per
890 1659 947 1686 hoc

177 1706 324 1733 existimas
343 1706 457 1741 aliquid
478 1714 539 1733 esse
559 1706 773 1738 minorationis,
790 1705 899 1732 scilicet
918 1704 948 1732 in

178 1751 262 1785 Filio,
286 1751 356 1779 audi
380 1752 565 1787 Prophetam,
588 1751 696 1778 scilicet
718 1751 888 1785 loquentem
910 1750 949 1777 ad

179 1797 284 1825 Filium
304 1796 314 1812 ⁸
336 1806 342 1824 :
367 1799 408 1824 Tu
426 1797 457 1824 in
475 1797 620 1832 principio
644 1799 752 1824 terram
778 1795 915 1823 fundasti.
933 1805 946 1822 »

179 1844 211 1870 Et
225 1842 355 1877 sequitur
375 1851 382 1869 z
403 1852 416 1867 «
436 1842 604 1870 Secundum
628 1842 803 1869 conditionis
825 1841 950 1876 dignita-

179 1889 238 1914 tem
251 1895 267 1914 a
282 1889 375 1922 Patre,
388 1887 450 1915 nihi
464 1888 562 1914 minus
576 1888 666 1915 habet
680 1888 715 1922 (a)
731 1888 826 1914 Filius,
838 1898 851 1914 »
863 1889 896 1915 Et
908 1887 950 1915 ibi

181 1933 257 1961 bene
279 1933 315 1960 de
336 1933 403 1960 hoc.
420 1933 537 1961 Nullam
557 1942 627 1969 ergo
650 1933 877 1961 minorationem
903 1933 952 1961 vel

183 1979 398 2007 distinctionem
418 1979 449 2006 in
463 1979 599 2007 faciendo
620 1981 702 2007 notat
715 1980 750 2014 (b)
762 1979 809 2006 hic
824 1979 854 2007 in
868 1979 951 2013 Filio,

182 2024 235 2053 sed
247 2024 470 2059 intelligendum
487 2027 539 2059 est,
553 2027 585 2052 ut
599 2027 641 2052 est
656 2025 821 2060 expositum
838 2025 890 2052 ubi
905 2033 952 2052 su-

182 2079 246 2106 pra.
263 2072 318 2099 Nec
338 2071 399 2098 haec
413 2071 590 2106 praepositio,
608 2073 666 2106 Per,
684 2073 766 2098 notat
780 2071 821 2098 ibi
840 2073 953 2099 Patrem

184 2117 299 2152 operari
321 2125 374 2152 per
395 2117 510 2151 Filium,
533 2117 606 2144 sicut
626 2125 678 2153 per
699 2117 823 2152 aliquod
846 2117 953 2145 instru-

184 2165 326 2197 mentum,
349 2165 381 2190 ut
408 2163 521 2190 ibidem
543 2164 553 2180 ⁹
579 2163 786 2197 dicitur,unde
808 2164 882 2198 et(c)
898 2164 955 2192 1100

184 2211 264 2242 nota,
281 2209 363 2244 quod
386 2209 447 2236 haec
470 2209 650 2245 praepositio,
664 2211 724 2242 Per,
740 2211 835 2245 potest
854 2213 955 2238 notare

185 2255 431 2282 circumstantiam
455 2263 548 2282 causae
579 2255 727 2283 efficientis
754 2264 807 2291 per
833 2255 957 2283 modum

187 2301 372 2336 exemplaris,
388 2303 416 2328 et
434 2301 475 2328 sic
493 2301 590 2329 adhuc
610 2310 681 2329 vera
705 2303 756 2335 est,
773 2301 842 2337 quia
861 2302 958 2337 ipsum

192 2349 303 2375 Verbum
326 2350 395 2381 vita,
416 2349 447 2375 ut
467 2348 572 2375 dieitur
594 2348 652 2381 hic,
674 2350 701 2375 et
720 2347 871 2383 exemplar
894 2356 959 2375 om-

189 2394 281 2421 nium.
299 2393 377 2420 Unde
394 2394 433 2421 ait
447 2393 591 2429 Propheta
609 2394 644 2420 ¹⁰:
657 2403 670 2419 «
684 2394 788 2421 Omnia
800 2393 830 2420 in
844 2394 959 2429 sapien—

222 2457 228 2471 ¹
251 2457 377 2486 Damaso,
398 2455 426 2478 de
452 2455 505 2478 Fid.
529 2454 640 2484 Orllnofl„
664 2455 705 2478 111).
730 2456 764 2484 11,
787 2462 809 2478 0.
834 2460 907 2479 xxm.
930 2468 959 2472 —

192 2490 200 2504 ²
214 2491 299 2520 Aper„
314 2496 332 2520 1,
349 2492 372 2513 S.
390 2503 420 2507 —
434 2490 444 2506 ³
462 2490 547 2519 Helua,
564 2496 581 2519 1,
597 2492 619 2512 2,
636 2502 666 2506 -
677 2490 685 2503 ⁴
703 2490 720 2512 11
736 2491 815 2519 sent„
828 2489 885 2513 dist.
901 2495 960 2520 xui,

192 2524 245 2555 huj.
266 2525 323 2548 edit.
347 2527 407 2549 tom.
430 2526 464 2555 tl,
484 2532 541 2555 pag.
558 2526 612 2548 521.
628 2537 658 2542 —
678 2525 686 2538 ⁵
701 2525 801 2554 Manu„
821 2530 858 2554 xl,
875 2526 912 2548 37.
931 2538 961 2542 —

193 2557 204 2573 θ
219 2559 237 2581 lt
254 2559 331 2589 Seni.¹
347 2560 395 2584 loc.
418 2560 471 2590 cit„
487 2560 562 2590 paulo
578 2559 691 2583 interius.
705 2572 736 2577 -
753 2560 760 2573 ⁷
775 2559 915 2590 Chrysost.,
935 2561 960 2582 in

194 2593 273 2622 loon„
294 2594 363 2618 hom.
387 2600 422 2625 ιν,
444 2594 476 2618 al.
501 2600 526 2622 v,
550 2600 576 2616 n.
598 2596 623 2617 2.
641 2606 671 2612 --
694 2594 702 2608 ⁶
725 2593 793 2618 Psal.
815 2600 855 2623 ct,
878 2596 917 2618 26.
932 2607 961 2611 —

196 2628 205 2639 ‘⁹
225 2627 243 2650 ¹1
259 2628 337 2659 sent„
353 2629 411 2653 dist.
432 2635 494 2659 xm,
508 2628 558 2653 loc.
575 2629 616 2653 011.
632 2642 662 2646 -
681 2629 698 2644 ¹⁶
720 2628 786 2653 Psal.
803 2634 863 2660 ct11,
878 2630 917 2655 24.
933 2641 962 2647 —

1691 215 1749 244 ⁶:55

981 284 1021 312 tia
1035 284 1135 311 fecisti.
1155 293 1168 309 »
1187 283 1231 310 Ad
1252 282 1334 309 aliud
1354 280 1605 316 respondendum,
1621 280 1703 315 quod
1717 280 1751 306 li·

983 332 1027 357 cet
1048 330 1140 365 possit
1164 329 1221 356 dici
1245 328 1345 356 omnia
1363 327 1439 354 facta
1460 335 1521 354 esse
1545 335 1597 362 per
1614 326 1751 361 Spiritum

983 378 1115 402 sanctum
1129 383 1181 411 per
1192 375 1317 402 modum
1331 373 1576 404 subauctoritatis‚
1589 371 1753 399 secundum

984 423 1082 448 tamen
1103 421 1374 456 appropriationem
1395 419 1532 447 convenit
1548 418 1631 452 Filio,
1648 417 1698 452 qui
1714 418 1755 443 est

985 467 1126 502 sapientia
1150 469 1176 494 et
1199 475 1245 494 ars
1268 466 1365 499 ratris,
1384 467 1416 492 ut
1438 465 1548 492 dictum
1570 464 1756 491 0510011501·-

985 514 1064 541 vatio
1080 521 1149 540 vero
1163 521 1262 540 rerum
1282 513 1424 539 factarum
1446 510 1653 547 appropriatur
1669 508 1756 544 Spiri-

986 560 1027 586 tui
1047 562 1156 592 sancto,
1173 559 1218 586 cui
1234 560 1261 586 et
1282 559 1398 586 bonitas
1420 557 1438 574 ¹¹
1458 567 1466 585 .·
1488 559 1553 584 «Ex
1574 557 1649 592 ipso,
1666 557 1693 582 et
1706 562 1758 590 per

987 606 1093 641 ipsum,
1106 608 1133 632 et
1146 605 1175 632 in
1189 605 1264 640 ipso,
1276 606 1342 632 sunt
1354 604 1469 638 omniag
1486 614 1499 629 1)
1517 603 1557 630 ibi
1571 603 1671 630 Glossa
1682 601 1757 628 bene

989 652 1025 679 de
1046 652 1112 679 hoc.
1129 653 1160 678 Et
1180 652 1211 678 in
1233 653 1337 678 Psalmo
1353 652 1373 668 ¹2
1391 659 1397 677 z
1417 660 1430 676 «
1451 650 1544 678 Verbo
1560 649 1675 676 Domini
1694 647 1757 674 coeli

988 697 1095 724 firmati
1111 699 1193 731 sunt;
1211 707 1224 723 n
1241 697 1282 724 ihi
1297 697 1396 724 Glossa
1413 706 1419 723 :
1439 706 1451 722 «
1467 698 1548 723 Pater
1566 703 1619 731 per
1631 695 1758 722 Verbum

990 746 1017 771 et
1030 752 1082 778 per
1096 744 1235 779 Spiritum
1256 745 1388 770 sanctum
1411 745 1565 778 operatur3
1580 752 1592 767 >³
1616 742 1698 777 quod
1720 743 1761 768 est

990 789 1214 824 intelligendum
1238 797 1291 824 per
1316 789 1441 816 modum
1462 787 1711 821 subauctoritatis,
1730 790 1761 814 ut

991 835 1101 863 dictum
1123 838 1181 870 est,
1206 835 1246 862 ita
1268 837 1368 862 tamen
1390 835 1472 870 quod
1494 842 1546 869 per
1570 834 1691 866 Filium,
1715 834 1762 860 001

992 882 1198 917 appropriatur
1220 889 1309 909 causa
1334 880 1525 916 exemplaris,
1551 888 1604 915 per
1625 880 1762 915 Spiritum

993 930 1136 962 sanctum,
1152 930 1184 955 ut
1206 928 1232 954 ei
1255 927 1460 963 approprietur
1482 934 1569 954 causa
1585 933 1763 953 conservans

994 976 1021 1000 ct
1043 973 1139 1000 finalis
1162 982 1168 1000 :
1195 975 1222 1000 et
1242 973 1278 1000 de
1300 973 1357 1000 hoc
1378 973 1408 999 111
1431 972 1539 1000 Glossa.
1564 973 1596 998 Et
1620 971 1762 1007 quoniam

995 1019 1067 1046 dixit
1087 1028 1093 1046 :
1113 1019 1208 1047 Omnia
1222 1020 1295 1051 facta
1308 1021 1371 1046 sunt
1384 1026 1433 1053 per
1450 1020 1549 1052 ipsum,
1563 1017 1663 1045 subdit
1677 1027 1682 1044 :
1702 1017 1764 1044 Sine

995 1073 1022 1092 eo
1041 1067 1143 1098 factum
1158 1068 1196 1092 est
1212 1065 1293 1097 nihil,
1308 1064 1379 1098 quod
1393 1065 1496 1096 factum
1512 1066 1560 1097 est,
1577 1063 1634 1090 hoc
1650 1065 1693 1089 est
1706 1063 1764 1089 fac-

995 1111 1122 1138 tibilium
1141 1110 1188 1138 vel
1207 1110 1432 1145 generabilium,
1448 1109 1521 1136 sicut
1542 1109 1658 1144 supplet
1680 1109 1767 1143 Chry-

996 1161 1141 1185 sostomus
1163 1157 1190 1183 ¹³.
1207 1156 1287 1183 Unde
1302 1156 1402 1183 subdit
1417 1165 1425 1183 ι
1441 1166 1454 1180 «
1469 1157 1501 1182 Et
1515 1155 1538 1181 si
1553 1155 1667 1181 visibile
1683 1154 1766 1189 quid,

996 1206 1023 1231 et
1039 1204 1062 1230 si
1076 1202 1269 1237 intelligibile,
1286 1202 1328 1229 nil
1352 1202 1414 1229 sine
1433 1201 1495 1228 Filii
1516 1201 1620 1229 virtute
1645 1201 1684 1227 ad
1706 1208 1767 1227 esse

997 1249 1156 1276 deductum
1177 1250 1228 1276 est.
1255 1258 1268 1274 »
1299 1248 1381 1276 Idem
1409 1248 1544 1282 Origenes
1576 1247 1606 1273 in
1636 1246 1735 1274 Glossa
1760 1253 1766 1271 :

1000 1304 1014 1321 (1
1035 1295 1120 1328 Quod
1140 1294 1223 1328 nihil,
1238 1294 1320 1329 quod
1338 1294 1448 1320 factum
1468 1295 1519 1326 est,
1540 1293 1601 1319 sine
1623 1293 1687 1327 ipso
1711 1291 1769 1318 fac-

998 1343 1060 1368 tum
1073 1342 1123 1368 est.
1140 1351 1153 1366 n
1172 1342 1218 1367 Est
1235 1347 1305 1373 ergo
1321 1339 1466 1372 omnium,
1482 1347 1547 1374 quie
1569 1339 1646 1371 sunt,
1663 1337 1770 1372 princi-

997 1387 1081 1422 pium
1092 1386 1256 1414 effectivum
1268 1385 1318 1420 (d),
1330 1387 1357 1412 et
1370 1393 1422 1420 per
1436 1385 1493 1412 1100
1507 1386 1595 1419 patet,
1607 1383 1771 1411 secundum

999 1432 1190 1460 intentionem
1211 1431 1322 1464 litterae,
1344 1430 1427 1466 quod
1446 1438 1506 1457 non
1528 1431 1643 1465 oportet
1662 1429 1769 1463 dicere,

1000 1479 1083 1514 quod
1102 1477 1223 1513 quando
1243 1477 1283 1504 ait
1303 1485 1308 1503 :
1329 1476 1425 1503 Omnia
1438 1484 1487 1510 per
1500 1478 1588 1510 ipsum
1606 1478 1681 1508 facta
1698 1478 1770 1510 sunt,

1001 1524 1118 1550 notatur
1132 1521 1215 1557 quod
1229 1522 1270 1547 est
1279 1520 1457 1556 principium
1470 1519 1634 1554 sufficiens;
1650 1527 1702 1555 per
1715 1520 1772 1546 1100
1804 1521 1886 1555 Princi-

1002 1568 1084 1604 quod
1099 1568 1139 1595 ait
1153 1577 1161 1593 .-
1176 1569 1239 1595 Sine
1253 1568 1311 1602 ipso
1326 1569 1429 1600 factum
1446 1569 1485 1593 est
1499 1567 1580 1600 nihil,
1596 1565 1773 1601 principium
1808 1558 1871 1603 ἓξὲξ]

1002 1613 1183 1648 indeficiens,
1206 1612 1421 1640 considerando
1445 1612 1636 1639 intentionem
1661 1611 1772 1638 litterae.
1806 1614 1874 1633 ciens-

1002 1661 1178 1695 Augustinus
1196 1661 1294 1687 autem
1313 1658 1384 1693 legit
1401 1657 1418 1672 ¹⁶
1435 1657 1475 1685 sic
1492 1667 1498 1684 :
1515 1658 1581 1685 Sine
1600 1659 1657 1691 ipso
1673 1659 1774 1690 saelum
1802 1652 1882 1687 ξ’ΐῑῡῖῑ·

1004 1709 1042 1734 est
1056 1707 1136 1739 nihil,
1151 1706 1182 1732 id
1203 1707 1254 1738 est,
1270 1706 1436 1740 peccatum3
1453 1706 1484 1731 ut
1506 1703 1584 1730 enim
1598 1703 1637 1730 ait
1651 1703 1775 1736 ibidem,
1789 1689 1894 1735 ἓζῖῗζῐῖ,

1007 1762 1021 1776 α
1037 1753 1188 1787 peccatum
1202 1750 1277 1777 nihil
1289 1752 1340 1784 est,
1353 1751 1380 1777 et
1390 1749 1463 1776 nihil
1477 1749 1551 1776 fiunt
1564 1749 1698 1776 homines
1709 1756 1776 1775 cum

1005 1798 1136 1833 peccant,
1148 1798 1176 1824 et
1189 1796 1305 1824 idolum
1316 1798 1358 1823 est
1372 1795 1445 1822 nihil
1457 1796 1506 1822 ¹⁵.»
1521 1797 1559 1822 De
1568 1795 1664 1830 primo
1677 1794 1778 1829 objicit

1005 1843 1159 1871 Anselmus
1179 1843 1198 1859 ¹⁶
1219 1851 1225 1869 :
1245 1842 1298 1869 «Si
1317 1842 1481 1877 peccatum,
1504 1841 1609 1875 inquit,
1630 1840 1703 1866 nihil
1725 1841 1777 1872 est,

1007 1897 1075 1916 cum
1092 1896 1147 1923 pro
1166 1888 1259 1915 nihilo
1274 1895 1362 1914 nemo
1383 1887 1489 1914 debeat
1506 1886 1615 1921 puniri,
1638 1893 1690 1912 cur
1708 1892 1778 1919 ergo

1006 1935 1091 1970 punit
1107 1934 1260 1961 hominem
1273 1941 1328 1969 pro
1342 1933 1463 1968 peccato
1480 1933 1494 1959 ‘J
1509 1942 1521 1958 n
1542 1933 1574 1959 Et
1592 1931 1631 1959 ad
1645 1932 1702 1959 1100
1720 1939 1779 1958 res—

1007 1980 1129 2016 pondet,
1145 1980 1228 2015 quod
1245 1990 1259 2005 1(
1273 1979 1340 2006 licet
1357 1978 1431 2006 nihil
1451 1979 1487 2005 sit
1505 1977 1636 2005 absentia
1653 1977 1779 2012 justitiae,

1009 2028 1083 2054 Deus
1106 2028 1204 2053 tamen
1223 2025 1307 2061 punit
1325 2025 1504 2060 peccatores,
1519 2031 1579 2051 non
1602 2031 1654 2059 pro
1675 2023 1780 2057 nihilo,
1829 2029 1873 2048 eur

1009 2072 1062 2099 sed
1074 2073 1194 2107 propter
1214 2071 1340 2106 aliquid,
1355 2070 1474 2102 scilicet,
1491 2070 1561 2105 quia
1576 2069 1709 2096 debitum
1728 2069 1781 2095 ho·
1797 2061 1902 2110 ξίζῗξζζ]

1010 2125 1114 2144 norem
1137 2117 1204 2151 sibi,
1229 2125 1318 2152 quem
1340 2118 1443 2151 sponte
1464 2115 1589 2143 reddere
1612 2115 1781 2147 noluerunt,
1815 2120 1888 2140 minus

1011 2163 1050 2191 ab
1065 2163 1162 2190 invitis
1177 2163 1276 2197 exigit,
1291 2164 1319 2190 et
1335 2171 1371 2189 ne
1389 2161 1597 2189 deordinatum
1617 2161 1653 2187 sit
1670 2160 1783 2195 aliquid
1797 2156 1902 2202 {gapen-

1012 2210 1042 2238 in
1059 2218 1162 2245 regno,
1180 2217 1230 2237 eos
1244 2208 1401 2244 separatim
1417 2216 1434 2235 a
1449 2208 1532 2243 justis
1548 2208 1651 2235 ordine
1666 2214 1784 2242 compe-

1012 2256 1082 2283 tenti
1098 2255 1235 2291 disponit.
1251 2265 1264 2281 »
1283 2256 1345 2282 Hoec
1358 2254 1416 2281 ille.
1430 2256 1483 2281 Pro
1495 2253 1639 2288 exigentia
1652 2261 1722 2287 ergo
1737 2252 1785 2279 de-

1013 2302 1066 2330 biti
1081 2301 1213 2334 honoris,
1223 2309 1277 2336 pro
1293 2300 1460 2327 exclusione
1476 2299 1717 2331 deordinationiS,
1730 2306 1784 2333 pro

1015 2348 1235 2376 conservatione
1260 2346 1329 2374 recti
1358 2345 1480 2380 ordinis,
1505 2347 1578 2373 Deus
1599 2346 1676 2380 juste
1703 2344 1787 2380 punit

1018 2415 1033 2430 '¹
1050 2415 1128 2443 Rom,
1144 2419 1180 2443 x1,
1197 2415 1235 2436 30.
1251 2425 1281 2429 —
1302 2414 1321 2427 ¹³
1337 2411 1507 2441 I’.w1l.'xxx11‚
1522 2414 1545 2435 6.
1565 2425 1591 2428 —
1612 2412 1632 2427 ¹³
1646 2411 1786 2441 chrysost„

1017 2449 1060 2472 ub':
1081 2456 1136 2479 sup.
1157 2455 1228 2478 prox.
1250 2447 1325 2477 paulo
1348 2447 1470 2477 superius.
1487 2459 1517 2464 —
1539 2446 1558 2462 Ν
1572 2448 1648 2476 Aug.‚
1664 2447 1689 2468 in
1707 2445 1786 2472 Jmm„

1017 2486 1090 2508 tract.
1108 2490 1124 2511 1,
1140 2490 1165 2506 u.
1182 2484 1218 2506 13.
1235 2483 1295 2499 —1‘0
1312 2482 1318 2504 l
1337 2482 1404 2512 Cor„
1422 2487 1477 2512 viu,
1492 2483 1515 2505 4.
1531 2494 1558 2498 —
1579 2482 1599 2498 ¹⁴³
1619 2480 1741 2509 Auselm„
1759 2479 1788 2502 cie

1019 2518 1089 2542 Cone.
1112 2518 1191 2548 i'iry„
1204 2524 1227 2540 0.
1244 2522 1268 2545 v,
1283 2516 1314 2540 al.
1329 2521 1363 2539 vx.

1051 2560 1083 2589 (a)
1113 2558 1155 2582 Al.
1180 2557 1322 2581 secuudum
1342 2557 1477 2581 creationis
1503 2557 1593 2587 dignit.
1620 2555 1680 2579 nihil
1706 2554 1789 2578 miuus

1019 2595 1103 2623 habet,
1117 2600 1192 2624 quam
1209 2594 1324 2616 Pater.—
1337 2592 1371 2623 (b)
1387 2592 1447 2616 Caet.
1464 2591 1524 2616 edit.
1541 2592 1684 2616 notatur.—
1700 2589 1731 2620 (c)
1748 2596 1788 2612 ex.

1019 2643 1050 2648 --
1064 2629 1101 2660 (tl)
1114 2628 1243 2654 effectum.
