1987 3032
22 1080 106 1106 Quibus

8 1112 101 1132 venialia

8 1143 95 1163 diluan-

12 1176 54 1194 tur.

666 204 870 236 EXPOSITIO
893 204 932 235 lN
954 204 1040 235 CAP.
1063 203 1171 235 XVIII.

123 274 306 312 Dominum,
324 272 453 305 Peccavi
466 272 557 303 valde
571 272 604 302 in
625 272 686 302 hoc
705 272 785 302 facto
806 281 813 301 z
837 271 890 301 sed

122 337 243 368 precor,
266 327 413 363 Domine,
436 327 472 356 ut
495 326 664 356 transferas
688 324 887 364 iniquitatem

122 381 204 411 servi
218 380 274 410 tui.
289 390 302 407 J)
322 379 372 409 Sic
382 379 440 409 iste
453 378 647 417 percutIebat
663 380 782 417 pectuS,
797 377 889 416 quasi

121 433 304 471 indignatus
329 434 437 461 contra
463 431 612 470 seipsum.
640 430 728 461 Unde
758 430 887 460 Glossa:

126 497 140 513 «
154 485 293 515 Perculit
307 487 427 524 pectus,
444 486 474 514 et
488 493 596 523 poenas
611 484 648 514 de
668 492 701 513 se
721 483 837 522 exigit,
855 485 890 512 ut

120 537 202 569 Deus
212 540 330 578 parcat.
344 549 357 566 n
373 537 460 568 Unde
470 537 566 567 etiam
575 536 810 567 consuetudinis
821 544 890 566 nos-

120 593 178 621 trae
192 593 238 621 est
255 591 287 621 in
303 590 506 627 confessione,
521 590 653 620 dicendo
663 590 802 629 crispum,
820 591 890 619 tun—

120 644 193 674 dere
215 646 340 683 pectora
365 645 473 674 nostra
497 644 530 672 in
556 642 834 681 redargutionem,
860 643 891 671 et

121 697 338 736 poenitentiam
354 698 536 726 nostrorum
553 695 711 732 cordium,
727 697 758 725 et
771 696 891 724 contes-

121 749 271 779 tationem
284 749 559 779 conscientiarum.
573 748 659 778 Unde
669 747 749 777 infra
758 747 873 777 dicitur
882 748 888 763 ¹

121 803 205 841 quod
226 814 239 830 «
255 803 348 833 turba
369 811 498 838 eorum,
515 802 569 841 qui
586 800 682 830 simul
703 800 833 830 aderant
852 800 890 830 ad

121 856 334 894 spectaculum
346 855 445 893 istud,
460 858 491 885 et
504 854 654 885 videbant
668 862 740 893 quae
756 853 888 889 fiebant,

121 909 330 948 percutientes
358 911 485 948 pectora
513 917 571 938 sua
598 907 851 938 revertebantur.
873 917 886 933 »

122 962 254 1001 Propter
270 962 355 1001 quod
371 964 402 992 et
423 962 528 992 tunsio
550 963 730 1000 pectorum,
749 955 829 990 sicut
845 959 890 989 di-

121 1015 162 1045 cit
178 1015 380 1053 Augustinus
394 1018 414 1052 ²,
431 1014 515 1045 valet
537 1014 576 1044 ad
598 1013 817 1044 remissionem
836 1022 891 1043 ve-

120 1068 250 1098 nalium.
269 1067 354 1098 Unde
371 1070 417 1097 est
439 1077 539 1097 unum
560 1067 597 1096 de
622 1075 754 1103 novem,
776 1065 892 1104 quibus

120 1121 257 1152 venialia
276 1121 492 1151 remittuntur.
511 1120 651 1150 Venialia
671 1120 757 1149 enim
779 1120 890 1149 dicun-

122 1176 174 1205 tur
193 1174 311 1205 remitti
334 1174 545 1211 confessione,
566 1174 702 1212 pectoris
724 1173 890 1209 tunsione,

122 1237 213 1267 aquae
237 1227 409 1258 benedictae
429 1227 625 1266 aspersione,
651 1226 752 1257 cordis
774 1226 891 1257 contri-

122 1281 222 1318 tione,
252 1281 353 1311 crucis
384 1280 581 1319 signatione,
611 1280 753 1310 oratione
765 1304 773 1317 ,
805 1288 893 1308 sacra

123 1334 345 1365 communione
358 1358 365 1371 ,
396 1333 671 1372 eleemosynarum
701 1332 890 1370 largitione,

123 1388 315 1427 injuriarum
335 1387 538 1423 remissione,
563 1388 704 1416 extrema
727 1385 891 1422 unctione,

123 1441 186 1471 levi
211 1440 411 1480 poenitentia,
443 1441 473 1469 et
500 1438 715 1478 compassione
743 1438 891 1468 fraterna.

124 1493 211 1524 Unde
224 1501 336 1524 versus
350 1493 360 1508 ³
377 1492 394 1521 :x

153 1563 290 1593 Confiteor,
306 1563 394 1591 tundo,
409 1568 540 1592 resperge,
556 1562 683 1588 conteror,
702 1567 757 1590 oro,

154 1600 254 1630 Signor,
271 1599 329 1628 edo,
344 1598 422 1625 dono,
438 1603 483 1626 per
497 1603 554 1627 quse
569 1596 679 1620 venialia
694 1602 772 1626 pono,

154 1635 253 1665 Unctio,
268 1640 345 1664 poena
359 1633 432 1663 levis,
449 1632 603 1663 compassio,
619 1638 675 1662 quae
689 1631 716 1654 fit
731 1631 826 1661 egenis.

164 1705 283 1743 Tertio,
301 1706 456 1745 quantum
470 1703 509 1733 ad
524 1702 771 1733 insinuationem
786 1701 892 1732 humi-

125 1759 220 1789 litatis
227 1767 282 1798 per
291 1757 440 1794 verbum,
453 1755 621 1795 subjungit
633 1766 639 1785 2
654 1755 786 1785 Dicens:
796 1755 892 1792 Deus,

120 1812 280 1852 propitius
294 1815 357 1841 esto
373 1808 454 1839 mihi
465 1809 635 1848 peccatori.
658 1807 736 1838 Nota
757 1808 808 1837 hic
828 1808 894 1838 bre-

126 1865 288 1895 vissimam
304 1862 479 1894 orationem
494 1863 524 1891 et
539 1861 804 1898 efficacissimam,
820 1862 895 1900 quia

127 1919 158 1948 in
173 1918 232 1947 hac
247 1925 341 1947 orans
355 1915 495 1953 seipsum
510 1913 667 1950 humiliat,
683 1916 713 1943 et
728 1913 827 1943 Deum
842 1922 895 1944 ex-

125 1971 211 2001 altat.
230 1968 268 1999 Et
283 1968 351 1999 talis
365 1967 465 1997 oratio
478 1968 524 1996 est
539 1966 599 1996 Deo
614 1967 740 2004 accepta
750 1989 757 2003 ,
779 1974 892 1995 secun-

125 2024 203 2054 dum
220 2021 297 2052 illud
315 2021 324 2036 ⁶
345 2031 353 2051 z
380 2031 393 2048 «
408 2019 513 2050 Oratio
527 2019 726 2048 humiliantis
742 2028 774 2048 se
793 2019 893 2049 nubes

125 2074 316 2116 penetrabit,
334 2075 365 2103 et
379 2073 477 2103 donec
499 2071 706 2111 propinquet,
731 2080 796 2101 non
817 2081 891 2102 con-

124 2130 296 2161 solabitur:
310 2130 340 2158 et
354 2135 418 2157 non
433 2125 583 2163 discedet,
599 2125 698 2156 donec
712 2125 893 2156 Altissimus

124 2183 261 2223 aspiciat.
277 2192 291 2209 >³
305 2180 403 2211 Deum
415 2179 511 2209 etiam
523 2178 716 2216 magnificat,
732 2178 894 2208 humiliter

124 2236 258 2276 petendo
273 2233 400 2264 veniam
413 2235 423 2251 ⁵
439 2243 445 2261 :
468 2230 644 2262 «Laudabo
666 2240 783 2261 nomeu
802 2233 892 2261 tuum

124 2289 258 2326 assidue,
269 2289 300 2317 et
309 2285 493 2317 collaudabo
505 2284 582 2314 illud
594 2285 628 2314 in
642 2284 848 2321 confessione,
863 2286 894 2314 et

125 2341 272 2373 exaudita
292 2341 338 2370 est
352 2338 451 2369 oratio
476 2346 556 2367 mea.
581 2336 619 2367 Et
635 2337 771 2366 liberasti
790 2346 840 2367 me
855 2336 893 2367 de

124 2394 312 2434 perditione,
330 2393 361 2422 et
375 2390 484 2421 eruisti
500 2398 550 2419 me
562 2389 600 2419 de
615 2392 755 2429 tempore
771 2389 890 2428 iniquo.

158 2493 166 2508 ¹
180 2491 235 2520 tufi,
247 2490 410 2519 XX111,›'18.-
424 2488 433 2503 2
445 2489 520 2517 Aug„
532 2486 561 2509 ‹lc
574 2486 822 2516 vcrb.1)om.,se1·1n.
839 2492 892 2517 vui,

126 2526 158 2549 al.
174 2532 253 2555 vau,
266 2532 292 2548 n.
310 2527 330 2547 t.
346 2524 380 2547 l⁴2n
397 2523 474 2546 verba
487 2521 619 2551 Augustini
633 2528 638 2544 :
653 2529 666 2543 «
679 2521 794 2545 'Fundere
809 2523 893 2545 autem

126 2563 213 2592 pectus
225 2561 284 2591 quid
299 2561 346 2590 cst,
361 2559 408 2582 nisi
423 2565 529 2588 arguere
544 2557 612 2587 quod
626 2557 687 2580 latet.
701 2557 726 2580 in
741 2558 852 2588 pectore,
870 2559 894 2581 et

126 2596 237 2620 evidenti
262 2595 335 2626 pulsu
360 2593 487 2617 occultum
514 2592 635 2622 castigarc
662 2594 794 2622 peccatum
804 2593 837 2615 Ἰ»
865 2605 893 2610 -

127 2632 137 2647 ³
150 2631 218 2655 tdcm
232 2630 310 2654 habes
325 2629 350 2653 iu
366 2628 501 2659 centz'loq„
516 2629 574 2658 part
602 2628 624 2657 t,
643 2629 703 2651 sect.
721 2628 749 2658 6,
764 2626 816 2657 huj.
833 2627 892 2651 edit..

128 2669 188 2690 tom.
205 2667 260 2697 Vll,
277 2672 335 2697 pag.
353 2666 407 2688 351.
423 2676 453 2681 —
472 2664 481 2679 u
496 2663 584 2692 Eccli„
601 2669 680 2693 xxxv,
695 2665 733 2686 21.
749 2675 778 2680 —
798 2664 805 2677 '⁴
821 2663 894 2693 thid„

264 2718 338 2740 Tou.
360 2717 404 2739 XI.

1678 210 1713 238 81

946 270 1115 310 Propterea
1128 270 1311 308 confitebor,
1328 271 1359 300 et
1372 270 1499 311 laudem
1514 271 1616 301 dicam
1638 273 1695 302 tibi
1705 297 1713 311 ,

945 326 975 354 et
998 323 1181 354 benedicam
1196 323 1318 353 nomini
1340 323 1476 354 Domini.
1495 335 1510 352 n
1535 323 1718 363 Magnificat

945 378 1039 408 etiam
1055 387 1129 408 eum
1144 377 1286 408 vocando
1300 377 1405 417 ipsum
1427 377 1542 415 Deum,
1561 378 1636 417 quia
1658 378 1719 408 hoc

945 432 990 460 est
1014 439 1130 461 nomen
1153 439 1288 460 summae
1311 430 1484 470 maJestatis
1503 431 1538 460 ὃς
1570 441 1584 459 (ι
1603 430 1720 461 Scitote

945 484 1096 522 quoniam
1113 483 1265 514 Dominus
1281 483 1347 522 ipse
1368 485 1414 513 est
1437 483 1518 513 Deus
1538 494 1544 514 :
1568 484 1633 523 ipse
1649 484 1720 514 fecit

945 544 1019 573 nos,
1037 538 1068 565 et
1087 545 1151 566 non
1172 536 1232 575 ipsi
1255 544 1353 566 nos.»
1373 535 1411 566 Et
1432 536 1568 566 iterum⁷
1585 547 1591 566 :
1613 548 1627 565 ((
1640 536 1720 573 Quo-

945 589 1031 619 niam
1047 588 1129 619 Deus
1148 598 1288 628 magnus
1305 589 1477 627 Dominus,
1501 591 1531 619 et
1549 598 1606 619 rex
1626 598 1718 628 mag-

946 651 1025 679 nus,
1039 652 1053 669 n
1072 644 1129 672 etc..
1147 642 1201 672 Est
1221 642 1364 673 similiter
1382 651 1500 672 nomen
1514 651 1649 673 summae
1665 651 1719 673 ve-

947 695 1049 725 ritatis
1067 695 1101 724 82
1131 707 1144 723 (ι
1169 695 1238 725 Non
1263 697 1309 725 est
1334 695 1416 725 Deus
1436 695 1527 734 quasi
1548 695 1660 733 homo,
1686 698 1722 725 ut

947 748 1130 786 mentiatur,
1143 757 1201 778 nec
1211 750 1246 777 ut
1258 747 1342 778 filius
1354 748 1504 783 hominis,
1516 750 1552 778 ut
1568 750 1718 779 mutetur.

947 800 1030 830 Dixit
1044 810 1121 839 ergo
1135 803 1165 830 et
1177 809 1243 831 non
1257 800 1371 831 faciet?
1385 812 1398 828 »
1418 800 1455 830 Et
1469 801 1479 816 ⁹
1497 811 1504 831 z
1524 812 1538 829 «
1550 800 1602 830 Est
1615 803 1721 831 autem

946 854 1027 884 Deus
1042 863 1140 884 verax
1152 877 1160 890 ,
1173 864 1186 881 n
1207 856 1265 884 etc.
1283 852 1337 883 Est
1352 853 1496 884 similiter
1510 862 1627 883 nornen
1638 863 1721 883 sum-

948 916 1008 937 mae
1024 907 1202 944 charitatis;
1220 907 1304 937 unde
1318 906 1433 937 dicitur
1446 906 1466 922 ¹⁰
1482 915 1489 935 :
1503 918 1516 935 «
1527 906 1608 937 Deus
1622 907 1722 937 chari-

946 962 993 990 tas
1014 962 1078 996 est,
1099 962 1129 990 et
1153 960 1207 999 qui
1232 962 1339 990 manet
1359 960 1391 989 in
1415 960 1582 997 charitate,
1604 960 1637 989 in
1660 960 1721 990 Deo

948 1015 1065 1043 manet.
1088 1024 1101 1041 ι)
1128 1012 1182 1043 Est
1206 1013 1301 1043 etiam
1323 1022 1440 1043 nomen
1464 1022 1600 1043 summae
1624 1013 1722 1052 pieta-

947 1066 986 1095 tis
1006 1066 1047 1095 ¹¹:
1077 1065 1293 1096 «Benedictus
1313 1065 1409 1102 Deus,
1432 1068 1463 1096 et
1486 1065 1577 1095 Pater
1599 1065 1723 1095 Domini

948 1118 1046 1149 nostri
1064 1121 1138 1149 Jesu
1160 1118 1284 1155 Christi,
1302 1118 1393 1149 Pater
1417 1118 1703 1149 misericordiarum
1714 1142 1721 1156 ,

948 1174 978 1201 et
1004 1171 1086 1202 Deus
1117 1171 1212 1202 totius
1243 1171 1464 1202 consolationis
1476 1195 1484 1208 ‚
1508 1182 1521 1199 n
1552 1173 1610 1202 etc.
1646 1171 1725 1202 Dicit

948 1225 1050 1263 igitur
1073 1224 1265 1255 Publicanus
1295 1224 1413 1255 orando
1442 1227 1507 1254 tam
1536 1225 1702 1255 humiliter
1714 1249 1721 1262 ,

949 1285 1046 1314 quam
1069 1276 1202 1313 devote,
1230 1277 1336 1313 Deus,
1368 1276 1526 1315 propitius
1550 1279 1613 1306 esto
1645 1275 1726 1306 milti

944 1329 1116 1368 peccatori.
1143 1330 1183 1366 (a)
1213 1327 1355 1359 Summae
1384 1329 1557 1368 maJestatis
1580 1340 1585 1358 ;
1614 1329 1725 1370 Propi-

951 1382 1011 1411 tius
1033 1385 1095 1411 esto
1114 1380 1195 1410 milti
1211 1382 1384 1420 peccatori,
1404 1381 1443 1411 ad
1462 1381 1724 1412 manifestandam

950 1436 1039 1464 tuam
1055 1434 1242 1473 potentiam,
1260 1433 1435 1464 secundum
1458 1433 1535 1464 illud
1548 1437 1571 1453 ¹2
1587 1443 1618 1464 :«
1632 1433 1723 1464 Mise-

949 1487 1028 1517 reris
1043 1487 1187 1517 omnium
1199 1510 1206 1523 ,
1233 1486 1308 1525 quia
1329 1486 1437 1516 omnia
1456 1488 1559 1525 potes,
1581 1488 1612 1517 et
1632 1487 1724 1517 dissi-

950 1539 1053 1570 mulas
1075 1541 1202 1579 peccata
1225 1538 1393 1569 hommum
1418 1541 1546 1578 propter
1566 1540 1724 1579 poeniten-

952 1593 1026 1622 tiam
1036 1617 1043 1630 ,
1056 1604 1069 1620 »
1085 1595 1143 1623 etc.
1157 1592 1299 1623 Summae
1312 1593 1453 1623 veritatis
1466 1603 1472 1623 z
1486 1593 1650 1632 Propitius
1660 1597 1724 1623 esto

950 1645 1030 1675 milii
1038 1646 1211 1685 peccatori,
1228 1645 1266 1675 ad
1282 1645 1544 1676 manifestandam
1559 1648 1647 1676 tuam
1658 1648 1724 1686 jus-

950 1699 1050 1728 titiam
1062 1700 1083 1716 ¹³
1100 1708 1130 1728 :a
1145 1698 1180 1728 In
1195 1698 1326 1729 veritate
1340 1700 1404 1737 tua,
1422 1699 1537 1729 exaudi
1555 1708 1605 1729 me
1620 1699 1653 1729 in
1669 1702 1725 1730 tua

947 1751 1081 1791 justitia.
1100 1751 1134 1781 In
1149 1751 1297 1788 veritate,
1315 1751 1465 1791 inquam,
1483 1761 1581 1791 quani
1600 1753 1723 1791 promi—

950 1805 1017 1835 sisti
1031 1814 1038 1834 :
1056 1804 1206 1836 Ezechiel
1215 1807 1236 1823 ’ὃ
1253 1816 1264 1835 .·
1284 1816 1298 1832 «
1319 1804 1464 1844 Impietas
1478 1805 1568 1845 impii
1583 1814 1648 1836 non
1664 1815 1724 1837 110-

951 1858 1031 1888 cebit
1045 1858 1088 1895 ei,
1107 1858 1139 1888 in
1155 1867 1359 1898 quacumque
1373 1857 1422 1888 die
1441 1867 1614 1890 conversus
1628 1860 1724 1890 fuerit

950 1912 989 1940 ab
1003 1911 1164 1950 impietate
1177 1920 1246 1941 sua.
1259 1922 1272 1939 »
1290 1910 1433 1941 Summa}
1447 1911 1608 1942 charitatis
1622 1924 1629 1942 ;
1646 1913 1725 1943 Pro-

945 1964 1046 2003 pitius
1066 1968 1128 1994 esto
1151 1963 1232 1994 mihi
1248 1965 1429 2004 peccatori,
1457 1965 1495 1994 ad
1518 1965 1723 1996 manifestan-

950 2017 1023 2047 dam
1037 2019 1126 2047 tuam
1141 2017 1393 2048 benevolentiam
1404 2018 1423 2034 ²⁵
1443 2029 1472 2048 ια
1492 2017 1599 2049 Parcis
1615 2021 1722 2049 autem

950 2070 1117 2107 omnibus,
1141 2070 1292 2109 quoniam
1314 2072 1368 2100 tua
1391 2073 1482 2109 sunt,
1501 2071 1647 2109 Domine,
1666 2073 1722 2111 qui

950 2133 1038 2154 amas
1057 2124 1219 2154 animas.»
1240 2124 1278 2154 Et
1292 2124 1312 2143 ¹⁸
1330 2135 1337 2154 ι
1358 2136 1372 2152 «
1385 2124 1420 2154 ln
1435 2124 1587 2155 charitate
1610 2134 1720 2164 perpe-

950 2179 1005 2208 tua
1020 2177 1113 2208 dilexi
1128 2180 1174 2208 te:
1189 2177 1258 2208 ideo
1273 2178 1391 2208 attraxi
1405 2180 1434 2208 te
1451 2177 1615 2216 miserans,
1626 2188 1640 2206 υ
1660 2180 1719 2208 etc.

951 2230 1094 2261 Summae
1110 2230 1233 2270 pietatis
1246 2239 1254 2260 ε
1270 2231 1432 2270 Propitius
1447 2234 1510 2260 esto
1523 2230 1604 2261 milii
1613 2240 1724 2271 pecca-

950 2284 1022 2321 tori,
1034 2283 1073 2314 ad
1085 2284 1345 2314 manifestandam
1355 2285 1444 2313 tuam
1456 2284 1719 2322 misericordiam;

950 2346 1006 2376 pro
1021 2345 1084 2376 quo
1099 2337 1209 2367 orabat
1228 2336 1383 2375 Propheta
1398 2336 1432 2366 in
1446 2336 1575 2368 Psalmo
1586 2337 1607 2353 ¹⁷
1619 2347 1650 2368 .·«
1661 2337 1719 2368 Μὶ-

949 2399 1065 2427 serere,
1082 2390 1143 2420 mei
1159 2389 1251 2427 Deus,
1266 2388 1438 2419 secundum
1455 2398 1610 2429 magnam
1624 2391 1719 2421 mise-

951 2481 989 2504 ιι,
1010 2476 1086 2498 iij-17.
1105 2486 1135 2490 —
1154 2474 1163 2487 ἢ
1179 2473 1248 2496 Psat.
1269 2479 1343 2503 xcix,
1364 2475 1386 2497 3.
1403 2486 1432 2491 —
1453 2475 1460 2488 ⁷
1479 2475 1543 2498 Psal.
1564 2481 1632 2506 xcw,
1652 2477 1674 2499 3.
1691 2489 1720 2493 -

950 2510 960 2525 ⁸
972 2509 1056 2539 Num,
1076 2514 1150 2538 xxiii,
1170 2510 1205 2531 19.
1222 2521 1252 2525 —
1267 2510 1274 2519 ‘¹
1289 2508 1366 2536 Rom..
1385 2515 1424 2537 111,
1440 2510 1462 2533 4.
1484 2523 1512 2527 -
1529 2511 1546 2526 ¹⁰
1561 2511 1568 2533 t
1585 2511 1667 2541 dorm,
1686 2517 1720 2540 iv,

952 2547 987 2568 ω.
1005 2557 1035 2562 —
1054 2545 1068 2560 ¹¹
1087 2545 1104 2567 ΙΙ
1126 2544 1193 2572 cor„
1210 2549 1250 2573 111,
1268 2545 1290 2567 4.
1306 2556 1336 2561 —
1352 2545 1371 2560 ¹²
1385 2545 1454 2575 Sap„
1470 2551 1506 2575 Xi,
1522 2547 1560 2569 24.
1575 2559 1605 2563 —
1620 2546 1637 2562 '²³
1650 2545 1718 2570 Psal.

951 2581 1069 2609 ch11‚t.
1085 2579 1146 2596 -ffl
1164 2578 1262 2609 Ezeclz„
1277 2585 1371 2609 xxxni,
1388 2581 1426 2603 12.
1441 2593 1471 2598 -
1489 2581 1504 2594 ¹⁵
1520 2582 1629 2612 Sap.,x1,
1641 2582 1680 2605 27.
1691 2593 1721 2599 ——

954 2616 970 2628 ¹⁰
982 2615 1083 2644 larem,
1096 2619 1169 2644 xxm,
1184 2616 1206 2638 3.
1222 2628 1252 2632 -
1268 2615 1283 2628 ¹⁷
1296 2615 1364 2639 Psal.
1381 2621 1406 2646 L,
1421 2617 1442 2640 3.

984 2664 1018 2693 (a)
1035 2664 1094 2687 Cant.
1112 2663 1171 2686 edit.
1187 2663 1245 2687 add.
1261 2663 1334 2686 Deus.
