1987 3032
193 222 251 251 294

192 288 291 314 iterum
306 285 427 313 sumendi
440 292 497 312 eam
512 283 596 319 (infra
612 283 642 317 ¹),
662 289 723 310 non
737 281 878 317 oportuit,
889 281 962 317 quin

193 332 380 368 semetipsum
395 331 526 359 crederet
536 330 614 357 cis‘t»
623 330 695 356 Item
704 328 812 356 infra2:
825 328 907 355 Nemo
915 335 962 362 ap-

190 379 334 414 prehendit
354 387 431 411 eum,
451 379 518 412 quia
539 376 654 403 nondum
675 377 784 402 venerat
808 375 873 401 hora
894 374 960 408 ejus.

193 427 269 461 Ergo
284 427 315 452 ut
333 425 423 460 prius.
441 426 473 452 Et
488 423 526 450 ad
542 423 599 450 hoc
613 421 773 457 respondet
786 421 963 456 Augustinus

195 472 295 500 dicens
312 481 318 499 :
337 481 350 497 «
365 474 407 498 An
422 471 494 497 sorte
513 477 574 497 non
594 468 755 496 credebant
770 470 797 495 et
811 467 963 502 fingebant

195 526 225 546 se
236 517 393 545 credidisse
403 518 417 543 ἶ)
425 527 437 541 »
449 518 481 544 Et
489 515 573 551 quasi
583 515 662 542 idem
671 514 701 542 in
712 515 824 548 Glossa,
836 522 901 550 quae
910 513 962 541 ait:

198 564 361 592 «Nondum
380 564 463 590 crant
484 562 584 597 digni,
600 561 709 597 quibus
723 569 753 588 se
770 560 902 588 erederet
920 561 964 587 Je-

195 619 260 645 suS,
274 612 302 638 et
318 609 498 636 familiariter
517 607 708 635 cohabitaret.
724 617 737 633 »
754 609 818 635 Non
831 614 901 641 ergo
917 606 964 634 vel

194 659 314 694 propter
328 656 464 683 timorem
478 655 527 682 vel
542 654 757 682 dubitationem
778 662 796 682 a
815 656 897 690 parte
921 654 963 690 ip-

195 704 254 731 sius
272 711 333 730 non
353 702 492 730 credebat
512 710 542 729 se
566 702 622 735 εἰς,
643 701 696 729 sed
719 703 840 737 propter
861 708 965 729 eorum

195 749 399 785 indignitatem
415 751 442 776 et
461 748 638 776 credulitatis
653 747 803 775 fictionem
818 750 845 776 et
858 748 965 783 imper-

194 798 360 825 fectionem.
377 798 409 824 Et
423 796 491 823 ideo
507 795 654 831 sequitur:
670 796 706 822 Εο
721 795 792 830 quod
809 796 867 830 ipse
880 802 966 822 nosce-

195 846 234 872 ret
249 851 344 870 omnes.
361 845 392 870 Et
406 842 446 870 ita
461 842 570 869 sciebat
585 849 636 869 eos
655 841 808 869 infirmiter
829 841 965 875 credere,

195 891 235 918 ait
249 890 360 918 Glossa.
376 889 455 916 Unde
471 888 647 923 Augustinus
659 897 664 915 :
680 888 770 915 «Plus
784 889 908 915 noverat
921 895 965 914 ar-

195 937 265 964 tifex
274 936 347 972 quid
358 938 431 963 esset
441 935 471 962 in
487 943 576 971 opere
591 942 661 968 suo,
677 942 768 969 quam
783 934 880 969 ipsum
891 942 966 970 opus

185 982 268 1020 „quid
284 983 358 1009 esset
372 981 403 1008 in
418 981 573 1016 semetipso
592 989 598 1008 x
614 981 654 1007 sic
669 981 787 1008 Creator
801 982 933 1008 noverat.
949 990 962 1007 »

196 1030 277 1058 Idem
295 1029 530 1065 Chrysostomus,
547 1028 597 1055 ubi
617 1036 706 1064 supra
720 1029 729 1045 ³
746 1038 752 1056 ε
773 1037 786 1054 «
802 1030 841 1056 Ea
856 1036 922 1064 quoe
936 1028 967 1056 in

196 1076 285 1105 corde
300 1075 473 1109 hominum,
489 1075 562 1102 scire
583 1076 624 1102 est
643 1075 722 1109 ejuS,
739 1075 790 1110 qui
810 1075 968 1110 plasmavit

197 1122 296 1150 corda.
310 1121 419 1149 »meus
434 1123 554 1148 intuetur
569 1130 622 1148 cor,
637 1123 668 1148 Et
681 1121 753 1148 alibi
766 1122 775 1138 ⁵
793 1130 799 1148 :
815 1122 909 1148 Omnia
923 1124 966 1148 υί-

196 1169 240 1196 det
251 1169 339 1196 oculus
350 1168 416 1202 ejus.
435 1170 466 1195 Et
479 1168 488 1183 Β
501 1176 507 1194 :
524 1169 579 1201 Euo
596 1169 724 1194 Dominus
739 1170 861 1194 scrutans
872 1168 967 1201 corda,

197 1218 221 1242 et
235 1216 349 1249 probans
364 1222 446 1242 renes.
462 1216 493 1241 Et
504 1215 514 1230 ”¹
531 1223 537 1240 ι
555 1214 652 1241 Omnia
666 1217 727 1240 sunt
744 1214 817 1241 nuda
832 1217 857 1241 et
873 1217 967 1249 aperta

197 1263 280 1288 oculis
302 1262 366 1295 ejus.
384 1261 453 1288 Ideo
474 1259 606 1295 sequitur
627 1260 664 1295 (v.
682 1260 746 1295 25):
769 1261 840 1292 Quia
861 1263 884 1287 ei
904 1269 968 1295 opus

197 1316 249 1335 non
282 1310 359 1341 erat,
380 1309 444 1334 ctc.:
471 1308 528 1340 ipse
548 1308 616 1333 enim
639 1307 737 1333 sciebat
763 1307 830 1340 quid
852 1310 917 1334 esset
940 1310 968 1334 z'n

196 1355 310 1381 homine.
330 1353 441 1381 «Novit
456 1353 534 1380 enim
550 1361 668 1386 corum,
686 1353 717 1379 id
739 1355 796 1387 est,
811 1353 967 1382 hominum

197 1400 360 1428 ineffabilia
380 1399 480 1426 omnia
504 1399 653 1427 manifeste
672 1420 680 1433 ,
702 1410 714 1423 n
737 1399 778 1427 ait
801 1400 968 1435 chrysosto-

197 1455 279 1481 muS,
295 1446 347 1473 ubi
362 1454 460 1481 supra.
478 1447 510 1472 Et
525 1445 554 1472 in
569 1446 626 1473 hoc
642 1446 721 1481 patet
734 1445 860 1473 salutare
874 1454 968 1474 exem-

197 1493 281 1529 plum
295 1492 467 1520 hominibus
482 1500 542 1519 non
555 1491 706 1525 credendi,
723 1500 819 1527 neque
837 1493 969 1520 commit-

199 1539 278 1567 tendi
293 1547 323 1566 se
339 1538 477 1566 omnibus
499 1538 550 1573 qui
574 1537 689 1571 fingunt
712 1546 742 1565 se
764 1546 825 1565 esse
846 1539 966 1566 amicos.

198 1586 279 1613 Unde
297 1586 536 1621 Chrysostomus,
557 1584 607 1611 ubi
623 1592 712 1619 supra
727 1593 733 1611 ε
754 1595 765 1609 ι(
781 1585 825 1612 Sic
839 1593 893 1613 nos
907 1594 968 1613 non

198 1632 229 1660 in
242 1632 305 1666 his,
317 1632 368 1667 qui
381 1631 549 1667 simpliciter
564 1632 630 1658 sunt
645 1630 746 1664 amici,
762 1631 792 1658 id
808 1634 863 1666 est,
879 1640 970 1668 appa-

198 1681 294 1706 rentes
307 1681 334 1706 et
348 1677 467 1705 nomine
482 1679 576 1710 tenus,
592 1677 644 1703 scd
659 1677 689 1703 in
704 1677 831 1712 propriis
848 1679 882 1713 (α)
895 1679 968 1706 ami-

200 1726 240 1753 cis
262 1724 448 1752 confidamus
471 1724 516 1759 (b).
533 1724 543 1739 ⁸
569 1724 754 1758 Unusquisque
769 1732 785 1751 α
798 1727 922 1759 promimo
943 1734 970 1755 se

199 1772 344 1800 custodiat.
362 1773 393 1798 Et
408 1771 418 1787 ‘³
435 1780 441 1797 :
459 1771 549 1799 Nolite
567 1770 672 1797 credere
687 1772 785 1805 amico,
803 1773 856 1798 etc.
882 1773 968 1808 Item,

201 1827 237 1847 ex
252 1827 311 1854 quo
328 1820 402 1846 Deus
415 1818 497 1846 novit
513 1818 613 1845 omnia
628 1826 694 1853 quae
709 1820 775 1845 sunt
789 1818 820 1846 in
831 1819 951 1847 homine
960 1830 968 1854 ;

201 1866 240 1893 ob
256 1865 320 1892 talis
340 1864 447 1899 judicis
462 1865 643 1899 majestatem
655 1885 662 1898 ,
684 1864 723 1892 ob
742 1865 809 1892 talis
827 1866 906 1893 testis
924 1866 970 1894 in-

200 1911 361 1939 flexibilem
368 1911 518 1938 veritatem
531 1911 603 1946 (ipse
615 1911 694 1937 enim
709 1912 751 1938 est
762 1912 873 1945 ³⁰j11deoe
885 1915 910 1939 et
922 1915 971 1940 tes-

202 1958 258 1993 tis),
282 1958 320 1985 ob
340 1957 406 1984 talis
436 1956 630 1984 dominatoris
649 1957 679 1983 in
701 1957 790 1985 corde
813 1958 971 1987 habitantis

200 2004 398 2037 sanctitatem,
415 2005 441 2031 et
461 2003 715 2030 immunditiarum
731 2004 769 2031 ab
792 2012 826 2031 eo
850 2005 970 2033 odibili-

200 2053 290 2078 tatem
307 2059 313 2077 :
334 2050 434 2076 Mundi
453 2049 531 2076 enim
547 2049 563 2064 ¹¹
579 2051 641 2075 sunt
657 2051 727 2076 oculi
748 2052 804 2083 lui,
828 2059 859 2078 ize
878 2053 971 2080 videas

201 2098 300 2123 malum
309 2117 317 2130 ,
333 2099 358 2123 et
379 2097 508 2129 respicere
530 2095 566 2121 acl
580 2097 753 2130 iiiiqut'tatem
777 2105 829 2123 uon
842 2100 945 2132 poteris
962 2107 968 2124 ε

202 2150 319 2170 necesse
343 2143 385 2169 est
407 2143 438 2168 nt
461 2141 596 2169 homines
625 2142 769 2170 mundent
793 2143 884 2171 corda
907 2152 969 2172 sua.

202 2189 282 2217 rude
296 2188 410 2216 Boetius
426 2189 445 2204 ¹2
462 2197 488 2215 z«
500 2189 604 2222 Magna
618 2188 704 2215 vobis
720 2190 778 2223 est,
794 2189 817 2216 si
833 2189 970 2218 dissimu-

202 2236 262 2263 lare
283 2243 345 2262 non
366 2235 473 2268 vultis,
499 2234 653 2261 necessitas
675 2235 785 2262 indicta
800 2236 970 2271 probitatis,

203 2290 270 2308 cum
284 2283 348 2308 ante
375 2281 477 2308 oculos
493 2280 577 2315 agitis
595 2280 702 2315 judicis
723 2284 826 2309 cuncta
849 2290 970 2310 cernen—

202 2327 246 2354 tis.
262 2338 274 2353 n
294 2329 413 2362 Propter
427 2327 510 2362 quod
524 2327 564 2353 ait
579 2327 720 2361 Propheta
734 2336 740 2354 :
758 2328 778 2345 ¹³
795 2329 970 2357 Providebam

203 2375 343 2400 Dominum
357 2376 386 2400 in
398 2376 537 2408 conspectu
551 2381 605 2400 meo
620 2381 730 2408 semper.

233 2444 242 2456 ὃ
258 2442 313 2472 inf„
329 2447 359 2471 x,
378 2443 414 2466 18.
430 2454 459 2459 —
473 2443 483 2459 ‘2
497 2442 553 2472 lnt.,
568 2448 628 2472 vm,
644 2444 682 2466 20.
696 2456 726 2460 -
743 2442 753 2459 3
767 2443 909 2474 chrysost.²
927 2444 970 2468 ubi

201 2485 258 2509 sup.
280 2491 310 2496 —
330 2478 338 2491 ⁴
359 2479 364 2500 Ι
391 2477 456 2508 Κεφ,
478 2483 533 2508 ςνι,
555 2479 578 2501 7.
599 2491 628 2496 —
649 2479 659 2495 ⁵
677 2479 764 2509 Eccli„
784 2485 863 2509 xmn,
883 2481 921 2504 27.
940 2493 970 2497 —

202 2515 211 2528 ὃ
227 2514 327 2542 .Ιειέ>ῃι.,
343 2518 406 2541 xvii,
425 2514 463 2536 110.
478 2526 507 2530 —
521 2513 531 2529 '¹
546 2512 627 2541 Hebr.y
646 2520 682 2543 iv,
701 2515 736 2538 13.
752 2527 782 2532 —-
797 2515 807 2531 ⁸
818 2515 968 2544 Je1·em.,1x,

201 2551 225 2573 4.
247 2561 277 2566 —-
300 2550 309 2562 '³
333 2548 421 2577 Miclz..¹
443 2553 492 2577 vu,
517 2550 539 2571 Ξῖ.
559 2561 588 2566 -—
615 2550 633 2565 ¹⁰
654 2550 755 2579 lei-em„
778 2556 855 2580 xxm,
877 2552 916 2574 23.
940 2564 970 2569 —-

202 2583 363 2612 ¹¹Ilr1bac.‚1,
379 2584 416 2607 13.
428 2597 454 2600 -
473 2583 489 2597 '²
503 2583 584 2613 Book,
596 2583 624 2605 clv
640 2584 738 2609 consol.
757 2585 859 2613 Philas..
876 2586 920 2609 lib.
938 2586 969 2616 V,

201 2626 270 2648 pros.
284 2620 311 2647 6,
327 2619 352 2641 in
367 2618 409 2642 fin.
425 2631 456 2635 —
472 2618 489 2634 ¹³
504 2618 571 2642 psal.
591 2624 634 2648 XV,
653 2622 675 2642 S.
693 2632 722 2637 -
742 2620 762 2636 ’ὅ
776 2621 832 2650 ins„
849 2627 885 2651 lv,
903 2623 923 2644 ¹.
940 2634 969 2638 —

203 2655 221 2675 ἒ*
238 2654 293 2684 lus„
309 2656 346 2678 22.
366 2666 394 2671 -
408 2654 428 2670 ¹⁶
443 2653 500 2684 ius„
514 2654 539 2676 2.
554 2666 585 2671 —-
598 2655 616 2670 ¹⁷
631 2656 712 2685 Νῖκος,
731 2656 856 2686 Υἱοῑοῑίὃ;
874 2658 968 2686 Δῆμον,

710 213 921 246 EVANGELII
944 214 1081 246 SANCTI
1104 214 1268 247 JOANNIS

1260 329 1437 364 CAPUT
1469 332 1544 366 111.

1055 422 1080 447 l.
1102 421 1170 448 Erat
1183 422 1258 449 homo
1276 430 1309 450 ez·
1322 423 1483 459 Pkarssoez‘s,
1504 427 1557 453 etc.
1574 425 1725 453 Praemisso
1740 433 1787 453 as·
1832 429 1905 450 Conti-

1018 473 1107 494 eensu
1128 467 1243 495 Domini
1263 469 1294 495 in
1320 469 1553 506 Hierosolymam
1569 492 1578 506 ‚
1603 474 1631 499 et
1652 474 1787 500 enarrata
1810 459 1893 518 ⁰¹:223?

1018 512 1179 540 multorum
1193 514 1224 541 in
1236 514 1333 550 ipsum
1345 515 1525 550 credulitate,
1537 518 1584 546 hic
1597 519 1733 546 narratur
1749 518 1787 547 de
1801 507 1908 545 etuum'.

1019 559 1147 586 adventu
1168 559 1332 593 Nicodemi,
1349 564 1376 589 et
1390 562 1452 596 eJus
1467 563 1655 599 credulitatc;
1671 564 1740 598 vel,
1755 567 1788 593 ut

1019 604 1069 632 alii
1090 606 1275 640 continuant,
1297 608 1446 642 praemissa
1467 609 1702 638 manifestatione
1724 611 1788 639 Filii

1019 651 1068 678 Dei
1083 659 1136 686 pcr
1149 652 1326 680 miraculum
1340 653 1370 681 in
1383 654 1522 690 operibus
1537 655 1726 692 conditionis,
1739 657 1788 685 hic

1019 697 1082 732 ejus
1089 698 1284 727 manifestatio
1294 707 1347 735 per
1357 700 1536 729 documenta
1548 702 1788 738 regenerationis,

1020 745 1047 770 et
1061 744 1149 771 etiam
1164 752 1216 780 per
1230 753 1331 781 opera.
1344 748 1375 773 Et
1389 747 1446 774 hoc
1462 747 1492 775 in
1507 747 1582 775 duas
1596 751 1694 784 partes
1710 758 1716 776 :
1729 749 1789 785 pri-

1020 797 1085 825 mo,
1101 790 1137 818 de
1152 791 1385 820 manifestatione
1401 801 1451 820 sua
1466 794 1535 829 ipsis
1548 794 1670 829 Judaeis;
1688 802 1790 823 secun—

1021 836 1081 870 do,
1103 837 1140 865 de
1162 837 1395 867 manifestatione
1418 848 1472 867 sua
1491 840 1561 876 ipsis
1583 841 1790 877 Samaritanis,

1020 882 1095 911 infra
1106 884 1126 900 ¹⁶
1140 893 1147 912 :
1164 886 1196 912 Ut
1205 893 1264 918 erqo
1278 888 1399 919 coqnovz't
1408 887 1483 914 Iesus
1492 887 1535 922 (a),
1549 889 1601 914 etc.
1619 887 1724 922 Prima,
1736 889 1790 917 sci-

1021 930 1089 959 licet
1103 932 1181 959 istud
1196 932 1368 967 capitulum,
1385 932 1415 960 in
1430 932 1523 960 duas:
1537 933 1633 969 primo
1649 934 1686 962 de
1699 934 1790 963 docu-

1021 978 1125 1006 mentis
1140 979 1297 1006 Salvatoris
1316 979 1372 1014 ipsi
1393 979 1573 1012 Nicodemo,
1595 981 1624 1007 et
1637 980 1674 1008 de
1689 982 1792 1010 mutua

1022 1025 1177 1052 collatione
1203 1027 1229 1052 et
1253 1026 1316 1060 ejus
1344 1025 1532 1054 instructione
1543 1035 1551 1061 3
1578 1027 1708 1055 secundo
1719 1049 1729 1063 ‚
1754 1028 1791 1057 de

1022 1072 1142 1098 transitu
1159 1072 1221 1106 ejus
1236 1071 1266 1098 in
1280 1071 1428 1106 Judaeam,
1442 1076 1469 1100 et
1483 1072 1520 1100 de
1536 1081 1626 1109 opere
1640 1082 1792 1109 regenera-

1021 1117 1126 1152 tionis,
1142 1125 1177 1145 eo
1197 1117 1279 1153 quod
1295 1118 1337 1145 ibi
1350 1118 1519 1154 baptizabat
1542 1127 1595 1154 per
1613 1120 1790 1156 discipulos,

1022 1163 1063 1191 ibi
1075 1164 1093 1180 ¹5
1110 1173 1116 1191 z
1132 1165 1194 1191 Post
1208 1165 1261 1191 haec
1275 1166 1349 1192 venit
1363 1166 1448 1199 JeSuS,
1466 1166 1519 1192 etc.
1536 1166 1632 1193 Prima
1646 1166 1676 1193 in
1691 1166 1766 1195 duas
1781 1177 1788 1195 ε

1022 1210 1136 1245 primo,
1152 1210 1189 1237 de
1210 1210 1351 1246 praedicto
1375 1211 1522 1245 adventu,
1543 1214 1570 1239 et
1594 1211 1791 1249 descriptione

1023 1256 1205 1284 advenientis
1214 1266 1221 1290 ;
1238 1257 1368 1284 secundo
1378 1278 1388 1291 ,
1403 1257 1440 1284 de
1459 1258 1521 1292 ejus
1539 1258 1728 1286 instructione
1738 1279 1749 1293 ,
1764 1262 1792 1287 et

1024 1302 1060 1329 dc
1076 1302 1260 1330 documentis
1274 1303 1443 1336 salvatoris,
1457 1303 1499 1330 ibi
1515 1303 1536 1320 ¹⁶
1553 1313 1560 1331 z
1574 1306 1654 1331 Dizcit
1669 1306 1704 1338 ei,
1719 1306 1773 1333 etc.

1059 1349 1103 1376 Ait
1121 1357 1191 1384 ergo
1213 1351 1302 1376 :Erat
1324 1350 1415 1384 homo,
1435 1352 1462 1377 et
1485 1352 1526 1377 est
1548 1350 1705 1386 descriptio
1729 1352 1792 1387 ejus

1024 1404 1041 1424 a
1072 1397 1148 1422 secta
1182 1395 1229 1422 vel
1258 1395 1403 1430 religione
1416 1417 1425 1430 ,
1455 1396 1496 1423 ibi
1527 1405 1534 1424 :
1564 1397 1607 1423 Eae
1635 1398 1791 1426 Pharisoeis.

1024 1444 1110 1470 Erant
1133 1442 1211 1470 enim
1229 1444 1286 1469 tres
1307 1444 1390 1469 seetae
1401 1463 1410 1476 ,
1427 1442 1464 1469 de
1480 1443 1590 1478 quibus
1612 1443 1643 1470 in
1660 1445 1793 1472 Historiis
1807 1450 1913 1471 Transeo-

1024 1489 1155 1523 Magister
1166 1488 1352 1516 sufficienter.
1368 1490 1439 1515 Item
1453 1489 1517 1523 ejus
1532 1489 1688 1525 descriptio
1703 1498 1721 1518 a
1735 1497 1792 1519 no·
1808 1481 1914 1532 3:³ssss-

1023 1535 1184 1563 minatione
1196 1535 1246 1570 (d),
1262 1535 1320 1562 ibi:
1331 1535 1509 1570 Nicodemus,
1523 1536 1574 1571 qui
1587 1536 1794 1572 interpretatur
1816 1545 1908 1566 Nion-ie-

1023 1584 1138 1609 vz'ctorz'a
1154 1583 1251 1616 populi
1265 1582 1295 1614 ¹⁷,
1311 1584 1339 1608 et
1354 1584 1413 1608 erat
1427 1581 1490 1609 filia
1512 1581 1543 1617 (e)
1561 1582 1743 1611 credentium
1763 1584 1793 1611 in
1808 1581 1914 1634 332⁰·

1024 1628 1169 1656 Christum
1184 1636 1219 1655 ex
1234 1626 1339 1655 Judaeis
1350 1648 1359 1661 ‚
1372 1630 1403 1654 ut
1413 1627 1518 1655 dicitur
1533 1628 1562 1655 in
1577 1628 1792 1658 Glossa.Terti0
1809 1638 1864 1665 pun.

1025 1676 1088 1710 ejus
1104 1674 1260 1710 descriptio
1271 1681 1289 1700 a
1301 1673 1457 1708 dignitate,
1470 1674 1510 1701 ibi
1527 1683 1533 1701 :
1548 1675 1676 1709 Princeps
1688 1676 1795 1704 1αάωο-

1025 1729 1100 1755 rum,
1122 1720 1153 1748 id
1177 1722 1232 1754 est,
1253 1727 1331 1747 unus
1354 1719 1390 1746 de
1405 1719 1606 1756 principibus,
1626 1721 1666 1748 ait
1681 1721 1792 1750 Glossa.

1026 1767 1082 1795 Sed
1097 1766 1223 1802 qualiter
1239 1766 1279 1793 ait
1293 1766 1360 1800 hoe,
1376 1767 1447 1802 quia
1459 1767 1535 1794 infra
1550 1767 1569 1784 ¹⁸
1585 1776 1592 1794 ι
1608 1768 1748 1803 Numquid
1761 1777 1795 1797 ex

1024 1814 1197 1849 principibus
1211 1814 1312 1847 aliquis
1326 1813 1442 1840 credidit
1463 1815 1492 1840 in
1508 1815 1588 1841 eum?
1603 1815 1636 1841 Et
1655 1814 1694 1841 ad
1717 1814 1795 1843 istud

1025 1859 1268 1895 respondendum
1276 1879 1284 1892 ,
1295 1858 1378 1894 quod
1392 1858 1443 1886 iste
1455 1859 1580 1886 credidit
1589 1859 1711 1887 occulte.
1725 1860 1794 1889 ideo

1027 1907 1067 1934 ait
1080 1906 1141 1940 hic,
1159 1905 1240 1940 quod
1254 1909 1326 1932 nocte
1340 1907 1413 1932 venit
1427 1905 1464 1932 ud
1477 1907 1574 1932 Jesum.
1589 1905 1631 1933 lbi
1646 1906 1796 1941 negabant

1026 1953 1155 1988 aliquem
1169 1951 1321 1979 manifeste
1337 1951 1511 1986 credidisse,
1527 1951 1576 1979 vel
1592 1952 1666 1980 salso
1682 1960 1794 1981 assere-

1026 2000 1098 2027 bant
1120 1998 1196 2026 illud
1218 2006 1254 2025 ex
1275 1998 1404 2033 invidia,
1432 1999 1600 2033 neminem,
1624 1999 1734 2027 scilicet
1759 2008 1796 2028 ex

1026 2045 1225 2081 principibus,
1241 2045 1272 2072 in
1286 2044 1383 2080 ipsum
1397 2045 1556 2072 credidisse
1569 2054 1575 2072 :
1593 2045 1673 2073 unde
1688 2045 1725 2073 de
1739 2046 1795 2074 isto

1027 2092 1158 2120 similiter
1181 2091 1287 2118 dicitur
1309 2091 1385 2118 infra
1409 2091 1451 2118 ¹⁹:
1477 2092 1558 2118 De'oeit
1579 2091 1740 2119 Nicodemus
1759 2092 1796 2119 ad

1027 2147 1067 2166 eos
1083 2147 1092 2166 :
1111 2138 1252 2172 Numquid
1271 2139 1314 2164 Ieae
1331 2139 1421 2164 vestra
1438 2137 1543 2171 judicat
1569 2137 1717 2171 hominem,
1740 2139 1797 2165 nisi

1024 2187 1103 2220 prius
1118 2185 1236 2212 audierit
1252 2185 1330 2210 eum?
1346 2185 1377 2210 Et
1392 2183 1429 2210 de
1444 2182 1499 2210 isto
1515 2182 1647 2210 similiter
1661 2182 1737 2210 infra
1750 2183 1772 2200 ²⁰
1786 2192 1793 2211 :

1030 2234 1109 2259 Venit
1124 2232 1151 2259 N
1153 2230 1297 2258 ιὐοάεηιαε.

1061 2281 1087 2306 2.
1102 2280 1133 2306 Et
1147 2277 1282 2305 subditur
1293 2276 1329 2304 de
1342 2276 1404 2310 ejus
1413 2275 1552 2310 adventu,
1562 2277 1590 2303 ct
1599 2275 1637 2303 de
1645 2277 1794 2311 tempore:
1823 2294 1868 2315 em·
1877 2294 1916 2315 Ni,

1026 2326 1078 2352 IIz’c
1094 2326 1166 2351 venit
1182 2324 1218 2351 ad
1231 2325 1318 2350 Jesum
1332 2325 1416 2350 nocte.
1437 2322 1494 2350 Sed
1511 2321 1649 2358 quaeritur
1662 2330 1669 2349 :
1684 2330 1720 2349 ex
1734 2330 1794 2357 quo
1809 2324 1915 2346 eodemus

1027 2371 1167 2404 credidit,
1175 2372 1206 2398 ut
1216 2371 1277 2397 erat
1291 2377 1367 2396 unus
1382 2369 1418 2396 de
1428 2369 1625 2404 principibus,
1635 2376 1696 2396 non
1708 2376 1795 2404 opor·
1808 2356 1913 2407 ἓξὲξ-’ἀ

1026 2419 1079 2446 tuit
1091 2425 1158 2445 eum
1172 2417 1290 2450 timere,
1310 2423 1363 2443 nec
1385 2418 1470 2443 nocte
1492 2415 1601 2442 venire.
1627 2416 1659 2442 Et
1681 2414 1720 2441 ad
1737 2414 1795 2442 hoc

1025 2463 1184 2499 respondet
1205 2463 1430 2498 Chrysostomus
1445 2463 1476 2496 ²¹,
1506 2461 1588 2497 quod
1607 2470 1620 2486 α
1635 2460 1732 2488 adhuc
1749 2460 1795 2495 J'u-

1821 750 1907 771 Dividi-

1817 782 1853 802 tur
1871 780 1894 801 in

1831 811 1885 832 duas

1816 844 1898 871 portat.

1026 2540 1155 2570 Populi.——
1166 2540 1187 2555 ¹²³
1197 2539 1254 2570 lns.,
1265 2545 1310 2568 vn,
1320 2539 1391 2562 48.—
1401 2539 1420 2555 ¹⁹
1431 2538 1488 2567 tuf„
1500 2543 1546 2566 vn,
1555 2538 1627 2561 5i.-
1638 2537 1658 2554 ²⁰
1670 2536 1793 2568 lns.‚xtx,

1025 2576 1063 2599 39.
1075 2588 1103 2592 —
1117 2576 1132 2590 ²¹
1148 2575 1288 2605 Chry-rost,
1300 2575 1325 2597 in
1337 2575 1417 2602 leam,
1429 2573 1500 2597 hom*
1514 2578 1589 2603 xxm,
1600 2572 1632 2596 al.
1644 2577 1718 2602 xxiv,
1729 2578 1755 2596 n.
1771 2574 1794 2596 t.

1058 2621 1089 2648 (a)
1105 2620 1144 2643 Al.
1161 2619 1236 2642 veris.
1248 2631 1277 2636 ·-
1295 2618 1328 2648 (h)
1343 2617 1450 2642 fidimus.
1469 2629 1495 2633 --
1512 2617 1542 2647 (c)
1559 2616 1618 2640 Cret.
1634 2615 1694 2639 edit.
1716 2616 1791 2640 Deus.

1025 2667 1054 2673 —
1069 2654 1102 2685 (d)
1118 2655 1158 2678 Al.
1172 2654 1312 2679 notatione.
1325 2666 1354 2672 —
1371 2654 1398 2683 (e)
1415 2653 1528 2676 Fortasse
1543 2651 1670 2682 [mendum
1685 2658 1760 2675 unus.
