1987 3032
205 212 262 242 350

203 276 263 304 niet
282 277 370 312 hora,
392 280 513 314 quando
532 287 650 314 omnes,
671 279 721 315 qui
736 280 848 307 suntin
869 287 975 307 monu-

204 324 317 358 mentis,
328 334 341 350 »
352 327 405 352 etc.
419 327 450 352 Et
461 326 491 352 in
506 326 561 353 hoc
577 328 667 360 notat,
681 334 710 353 se
725 326 837 353 venisse
852 327 972 361 propter

203 368 327 397 salutem
350 370 520 405 hominum,
545 379 605 398 non
627 375 747 407 propter
769 372 912 399 honorem
936 371 974 399 ab

203 415 255 449 eis,
270 418 300 443 ut
315 416 353 443 ait
368 417 590 452 Chrysostomus
602 418 620 444 ¹.
637 419 667 444 Et
683 417 826 452 quoniam
842 418 915 446 dixit
927 420 975 446 Pa-

202 462 276 488 trem
291 462 406 489 dedisse
421 463 476 489 sibi
498 465 618 490 vocatos
637 463 676 490 ad
695 463 800 498 fidem,
821 472 857 492 ne
877 465 974 492 crede-

202 509 280 535 retur
294 508 349 535 hoc
364 516 424 535 esse
440 509 501 536 sine
521 509 604 536 liberi
619 509 730 537 arbitrii
747 511 954 546 cooperatione
964 531 972 544 ,

203 554 302 581 subdit
317 554 362 589 (v.
378 554 441 590 er):
458 557 519 582 Haec
533 559 571 582 cst
585 557 707 583 voluntas
722 558 829 590 Patris,
844 559 874 583 ut
890 558 974 584 omnis

203 601 250 633 qui
259 600 331 626 videt
342 601 453 633 Filium,
465 603 542 628 reete
555 601 715 636 credendo,
728 606 752 629 et
768 603 853 629 credit
866 604 894 629 in
905 611 973 636 eum,

201 653 254 680 per
277 645 465 674 dilectionem
480 647 510 674 in
528 647 625 683 ipsum
641 648 739 675 eundo
754 657 760 675 :
785 650 816 675 ut
837 649 916 675 enim
936 649 975 676 ait

202 692 378 726 Augustinus
399 693 429 720 ²:
448 703 460 718 ι(
479 694 534 726 Qui
555 693 645 721 credit
666 693 696 721 in
720 694 838 728 Filium,
858 694 889 722 id
916 696 973 729 est,

201 738 282 764 vadit
304 738 332 765 in
355 747 440 772 eum,
457 749 469 764 n
489 741 584 767 habeat
605 742 689 767 vitam
709 743 850 774 aeternum,
867 740 976 768 scilicet

202 783 231 810 in
255 784 360 811 animae
383 785 617 813 beatificatione:
642 787 676 813 Et
692 795 737 820 eqo
752 787 928 821 resuscitabo,
945 787 974 814 in

203 830 333 865 corporis
357 830 478 865 gloriosi
505 832 699 867 reparatione.
724 843 737 857 α
754 832 822 860 Ideo
843 832 975 868 loquitur

202 883 277 911 saepe
290 876 327 903 de
341 877 563 911 resurrectione,
575 880 606 905 ut
619 878 770 905 credentes
781 878 882 912 sciant,
893 879 975 914 quod

202 928 263 948 non
286 922 382 949 solum
407 923 598 958 proesentibus
619 924 782 959 potientur,
803 924 855 951 sed
878 924 975 952 sutura

203 970 368 1003 expectent,
390 978 402 993 ι)
424 969 464 996 ait
482 970 707 1005 Chrysostomus
724 971 744 997 ³.
766 970 821 997 Sed
838 970 976 1005 quaeritur

203 1012 239 1040 de
251 1014 308 1041 hoc
318 1014 429 1049 adhuc,
446 1015 528 1050 quod
545 1016 584 1043 ait
598 1017 624 1042 ⁶:
639 1017 691 1042 «Et
705 1016 838 1043 inaurem
855 1024 974 1044 auream

202 1067 324 1094 unam,»
337 1062 390 1088 etc.
406 1061 600 1088 Consimiliter
615 1062 736 1097 exponit
750 1062 828 1089 istud
843 1063 975 1097 Augusti-

202 1113 280 1132 nus:
306 1108 367 1134 Νοη
389 1109 450 1134 veni
467 1109 556 1140 facere
579 1109 741 1135 voluntatem
771 1117 872 1141 meam,
897 1110 972 1136 etc.:

202 1152 212 1167 ¹³
224 1161 237 1177 «
253 1153 372 1179 Humilis
386 1153 464 1187 voni,
480 1153 673 1182 humilitatem
688 1154 793 1181 docere
812 1155 896 1188 veni,
912 1163 974 1182 ma-

203 1198 290 1233 gister
304 1199 472 1226 humilitatis
488 1200 573 1233 veni,
590 1200 640 1235 qui
663 1200 701 1227 ad
717 1209 763 1227 me
784 1201 864 1227 venit
879 1200 974 1228 incor-

202 1246 323 1278 poratur
337 1245 425 1278 mihi,
442 1245 493 1280 qui
508 1245 546 1272 ad
561 1253 609 1273 me
624 1245 702 1272 venit
717 1246 819 1272 similis
838 1246 910 1273 mihi
925 1246 972 1280 fit,

203 1290 254 1325 qui
270 1290 341 1317 mihi
354 1291 495 1325 adhaeret,
517 1291 636 1318 humilis
652 1292 705 1318 erit
719 1300 724 1318 :
748 1292 819 1327 quia
833 1300 894 1319 non
908 1292 976 1320 facit

202 1336 383 1364 voluntatem
398 1345 494 1370 suam,
516 1339 543 1364 et
563 1337 630 1364 ideo
654 1345 713 1364 non
737 1338 868 1372 ejicietur
885 1338 973 1373 soraS,

203 1381 274 1416 quia
295 1390 362 1408 cum
387 1383 532 1418 superbus
556 1385 645 1417 esset,
668 1383 775 1418 ejectus
795 1386 837 1411 est
860 1384 938 1412 foras
954 1386 973 1412 ⁶.

205 1428 273 1455 ldeo
294 1428 324 1454 in
345 1429 448 1455 Psalmo
464 1430 474 1446 '¹
491 1438 497 1456 :
518 1438 531 1454 «
551 1429 611 1456 Filii
631 1429 787 1457 hominum
810 1430 841 1457 in
861 1432 976 1466 protec-

203 1474 282 1501 tione
300 1475 335 1509 (α)
352 1474 466 1502 alarum
478 1477 609 1509 tuarum,
621 1485 634 1501 »
649 1478 701 1502 etc.
720 1478 750 1503 Et
765 1476 867 1503 alibi&
885 1486 897 1502 «
913 1478 976 1504 Non

203 1520 300 1547 veniet
314 1520 383 1547 mihi
400 1528 452 1555 pes
466 1521 620 1556 superbiae.
637 1521 678 1549 lbi
695 1522 876 1556 ceciderunt,
889 1525 916 1550 ct
927 1531 976 1550 ex-

203 1565 281 1600 pulsi
301 1568 383 1600 sunt,
400 1574 454 1593 nee
473 1569 631 1602 potuerunt
649 1569 732 1595 stare.
749 1568 803 1593 »⁹«
819 1569 976 1596 Veniamus

204 1611 243 1638 ad
258 1619 336 1644 eum,
352 1612 492 1639 intremus
507 1612 545 1640 ad
561 1620 638 1647 eum,
652 1613 876 1648 incorporemur
891 1615 933 1649 ei,
949 1617 976 1642 et

204 1664 265 1685 non
279 1658 371 1692 ejiciet
384 1658 477 1691 forem,
491 1658 561 1693 quia
578 1659 712 1686 membra
732 1660 794 1694 ejus
813 1668 929 1694 sumus,
949 1662 976 1688 et

204 1703 266 1738 ipse
283 1705 370 1738 caput
389 1705 522 1731 nostrum
541 1712 603 1731 esse
622 1704 715 1731 voluit
730 1705 866 1732 docendo
881 1706 976 1733 humi-

204 1749 323 1776 litatem.
346 1760 359 1774 »
383 1750 447 1776 Hoee
467 1750 658 1784 Augustinus,
679 1752 707 1777 et
728 1751 769 1778 ibi
790 1751 916 1778 multum
939 1752 975 1779 de

203 1795 381 1829 humilitate,
398 1798 425 1822 et
445 1796 508 1830 ejus
522 1796 711 1831 utilitatibus,
728 1799 754 1824 et
769 1797 805 1824 de
821 1797 975 1832 superbia,

205 1843 232 1869 et
245 1842 306 1876 ejus
320 1842 515 1869 nocumentis.

239 1889 283 1915 41.
306 1890 337 1915 Et
355 1888 485 1922 sequitur
505 1895 589 1923 parS,
608 1888 638 1915 in
662 1896 722 1923 qua
742 1888 779 1916 de
803 1889 975 1917 Judaeorum

204 1934 458 1966 murmuratione,
478 1933 521 1960 ibi
542 1942 548 1960 ε
569 1935 775 1961 Murmuraoane
797 1935 895 1968 Judoei,
920 1937 973 1962 etc.

205 1981 238 2007 Ut
252 1981 330 2008 enim
346 1981 385 2008 ait
399 1981 623 2016 chrysostomus
638 1982 669 2015 ¹⁰,
681 1992 693 2006 «
707 1982 828 2016 quando
842 1984 974 2010 ventrem

206 2034 307 2054 eorum
323 2026 454 2062 implevit
465 2028 510 2061 (b),
521 2027 697 2062 prophetam
713 2028 875 2062 vocabant,
891 2030 919 2055 et
932 2036 973 2055 re-

206 2080 273 2106 gem
287 2072 381 2099 facere
394 2073 549 2107 volebant,
565 2081 643 2100 nunc
660 2075 757 2100 autem
772 2075 811 2101 ait
828 2083 833 2100 :
852 2075 975 2101 Murmu-

205 2120 309 2146 rabant.
325 2128 338 2144 ))
357 2120 419 2146 Non
434 2121 549 2154 apertas
572 2119 764 2146 contumelias
788 2120 951 2147 inferebant
968 2128 974 2146 ε

205 2164 278 2191 sicut
297 2164 370 2192 infra
386 2165 415 2190 ¹¹.
433 2175 446 2190 «
460 2165 660 2192 Anxiebantur
677 2165 707 2200 (c)
724 2166 817 2199 enim,
833 2166 976 2201 quoniam

205 2217 266 2237 non
287 2210 367 2238 dedit
389 2211 429 2238 eis
453 2219 604 2244 mensam,
624 2219 714 2246 quam
735 2211 892 2245 volebant,
907 2221 919 2237 n
937 2212 977 2239 ait

206 2256 428 2291 Chrysostomus
435 2256 463 2284 ¹².
473 2259 504 2284 Et
511 2257 579 2284 ideo
587 2257 822 2291 murmurabant,
831 2257 901 2292 quia
908 2265 974 2284 cum

237 2352 244 2367 ¹
259 2351 399 2381 Chrysost.,
420 2352 445 2374 in
459 2351 540 2379 Joan„
555 2350 624 2374 hom.
644 2356 720 2379 xmv,
738 2351 768 2374 al.
784 2356 844 2380 xnv,
858 2358 884 2375 n.
907 2354 929 2376 3.
945 2365 975 2370 -

207 2387 216 2400 2
229 2387 301 2416 Aug„
316 2387 340 2408 in
352 2387 434 2415 Jocm„
448 2388 520 2410 tract..
536 2391 606 2415 xxvr,
623 2392 648 2409 u.
666 2387 736 2409 10.—
748 2386 758 2402 ³
771 2387 914 2418 Chrysost.‚
932 2388 974 2411 ubi

206 2428 294 2451 sup.—
308 2421 318 2436 δ
332 2420 385 2450 Job,
397 2427 462 2451 xnu,
473 2423 508 2444 ll.
525 2421 582 2445 Yid.
594 2420 619 2443 iu
634 2421 701 2444 huuc
716 2421 765 2445 loc.
777 2422 856 2446 Balth.
870 2423 973 2446 Cordcr.

208 2456 342 2479 Cmnmcnt.
354 2455 378 2478 in
393 2455 447 2478 Job.
460 2456 584 2479 Caeterum
597 2455 680 2479 citatio
696 2456 799 2486 hujusce
814 2459 897 2481 textus
912 2458 974 2481 inihi

207 2490 307 2513 videtur
316 2490 414 2513 aliunde
427 2490 585 2520 transposita,
596 2497 624 2513 ac
637 2491 742 2520 perinde
756 2492 834 2515 verba
843 2499 900 2523 quae
912 2500 974 2523 prae-

207 2525 312 2549 cedunt:
323 2524 510 2555 Sedquaeritur,
519 2527 599 2548 ete.—
607 2526 616 2541 ⁵
626 2528 699 2556 Aug„
707 2527 819 2556 inloan„
828 2529 900 2551 tract.
913 2534 972 2558 xxv,

207 2567 233 2583 n.
250 2561 286 2584 16.
301 2573 327 2577 —
343 2560 353 2576 θ
368 2559 441 2589 lbid.,
456 2566 482 2582 n.
499 2561 581 2583 17.—
595 2561 605 2576 '¹
618 2560 684 2584 Psol.
698 2567 777 2591 xxxv,
790 2563 814 2585 8.
828 2575 859 2580 -
874 2564 882 2576 ¹³
899 2563 973 2593 lbid.‚

209 2597 246 2624 13,
260 2597 297 2620 14.
312 2608 343 2613 --
355 2595 364 2611 Β
376 2596 452 2625 Aug„
465 2594 507 2617 ubi
525 2601 591 2625 sup.‚
611 2602 636 2618 u.
657 2597 694 2620 18.
710 2609 740 2614 —
757 2598 777 2613 ¹⁰
791 2597 932 2629 chrysost„
948 2599 973 2622 in

207 2631 289 2659 Jocm.²
304 2630 375 2654 hom.
394 2635 452 2660 ΗΝ,
476 2630 509 2654 al.
529 2635 599 2660 xxm,
617 2637 643 2653 u.
661 2634 682 2654 1.
697 2644 727 2649 -
746 2633 764 2648 ¹¹
783 2633 840 2662 lut„
857 2639 916 2664 vui,
934 2635 975 2659 48.

722 212 932 244 EVANGELII
955 210 1094 243 SANCTl
1117 212 1280 245 JOANNIS

1032 278 1150 306 dixisset
1167 288 1173 306 :
1186 281 1268 315 «Ego
1283 288 1349 308 sum
1363 282 1458 317 panis,
1475 282 1525 317 qui
1542 282 1578 309 de
1589 283 1664 310 coelo
1680 283 1799 311 descen-

1032 324 1084 358 dit,
1099 335 1112 350 »
1131 327 1163 352 ut
1174 325 1212 353 ait
1223 327 1399 361 Augustinus
1416 330 1447 359 ¹³,
1459 338 1471 352 u
1483 328 1526 354 isti
1543 336 1561 355 a
1580 336 1656 364 pane
1672 328 1709 356 de
1723 329 1797 357 coelo

1030 369 1119 405 longe
1135 374 1234 406 erant,
1251 380 1305 399 nec
1319 381 1387 400 eum
1403 374 1511 401 esurire
1527 377 1684 408 noverant,
1700 375 1798 403 fauces

1031 417 1128 444 cordis
1144 418 1298 453 languidas
1313 419 1470 447 habebant.
1489 422 1541 448 Isto
1557 422 1640 456 pauis
1655 422 1800 450 interioris

1031 462 1158 490 hominis
1174 464 1299 491 esuriem
1321 465 1432 500 quaerit.
1458 467 1582 494 Credere
1607 467 1686 495 enim
1706 468 1735 495 in
1757 468 1800 495 Fi-

1030 507 1103 536 lium
1119 510 1183 543 Dei,
1201 511 1243 537 est
1258 510 1336 537 hunc
1352 519 1460 546 panem
1476 513 1691 541 manducare.»

1066 556 1109 581 42.
1130 556 1165 582 Ec
1189 556 1336 583 dicebant:
1349 558 1442 584 Nonne
1463 558 1505 584 hic
1528 562 1566 585 est
1585 560 1658 592 filius
1677 561 1772 595 ,Ioseph
1786 561 1800 588 ?

1031 601 1139 628 scilicet
1158 602 1194 629 de
1221 603 1271 630 vili
1290 611 1405 637 genere.
1432 605 1463 630 Et
1477 603 1557 630 idem
1573 605 1611 639 (d)
1629 614 1636 632 ε
1652 606 1732 640 Cujus
1754 614 1800 634 nos

1030 649 1151 675 novimus
1165 652 1268 682 patrem
1280 670 1288 683 ,
1306 649 1414 676 scilicet
1428 650 1592 684 putativum
1606 652 1627 668 ¹⁵
1643 660 1650 678 :
1669 661 1683 676 (ι
1697 654 1757 686 Ego
1773 655 1800 680 et

1030 696 1112 728 pater
1126 696 1192 721 tuus
1207 695 1341 722 dolentes
1356 695 1561 731 quoercbamus
1577 698 1612 723 te.
1629 707 1642 722 »
1666 697 1800 730 Quomodo

1031 748 1090 774 erqo
1105 741 1172 767 dicit
1183 761 1192 774 ,
1207 742 1273 775 quia
1289 741 1320 768 de
1335 742 1396 769 coelo
1413 742 1569 769 descendit?
1583 743 1668 778 quasi
1683 743 1798 771 dicant:

1030 787 1092 813 Non
1124 788 1165 813 est
1185 787 1210 814 ci
1233 787 1425 815 credendum.
1459 789 1498 815 Ex
1525 788 1570 815 his
1592 791 1691 824 patet,
1718 790 1802 825 quod

1031 832 1197 859 mirabilem
1214 835 1239 860 et
1256 833 1470 869 inopinabilem
1484 835 1703 868 generationem
1720 836 1800 870 ejuS,

1031 878 1137 905 scilicet
1161 887 1196 906 ex
1220 881 1301 906 Patre
1316 901 1324 913 ,
1352 880 1486 907 nondum
1506 881 1648 908 sciverant
1666 902 1674 915 ,
1702 883 1734 909 ut
1762 882 1801 909 ait

1031 925 1253 960 Chrysostomus
1268 925 1298 952 ¹⁵.
1315 925 1371 953 Sed
1387 926 1533 961 quaeritur,
1551 935 1617 954 cum
1635 928 1665 954 in
1686 927 1743 955 hoc
1757 935 1801 956 er-

1030 973 1145 1003 rarent,
1161 979 1252 1006 quare
1266 979 1327 999 non
1341 971 1476 999 instruxit
1491 981 1541 1000 eos
1559 973 1595 1000 de
1610 973 1729 1001 veritate
1739 974 1753 1000 ἰ)
1770 975 1801 1001 Et

1031 1017 1069 1043 ad
1088 1017 1164 1044 istud
1179 1017 1335 1053 respondet
1351 1018 1585 1054 Chrysostomus,
1599 1019 1682 1054 quod
1705 1030 1718 1045 «
1730 1027 1801 1047 non-

1032 1062 1104 1090 dum
1118 1065 1251 1098 poterant
1264 1064 1349 1091 illum
1366 1067 1482 1099 partum
1497 1065 1681 1100 mirabilem,
1693 1066 1801 1093 scilicet

1030 1109 1124 1136 Mariae
1145 1110 1175 1144 (e)
1193 1118 1388 1145 cognoscere3
1412 1111 1505 1138 multo
1522 1112 1615 1146 magis
1638 1119 1692 1139 nee
1713 1120 1799 1148 supe-

1030 1155 1138 1182 riorem
1154 1158 1179 1182 et
1194 1156 1390 1190 ineffabilem,
1407 1157 1514 1184 scilicet
1537 1165 1572 1184 ex
1593 1159 1673 1185 Patre
1695 1157 1800 1185 nativi-

1031 1202 1128 1228 tatem.
1135 1201 1222 1229 nldeo
1233 1204 1263 1229 ut
1274 1210 1344 1236 non,
1354 1210 1446 1230 unum
1454 1203 1629 1231 scandalum
1637 1203 1800 1238 destruens,

1030 1247 1111 1274 aliud
1126 1247 1227 1281 faciat,
1239 1255 1299 1275 non
1313 1249 1454 1276 revelavit
1470 1249 1510 1276 eis
1522 1250 1684 1277 veritatem.
1701 1251 1733 1276 Et
1747 1257 1800 1285 pa-

1030 1295 1069 1319 tet
1083 1293 1130 1320 hic
1149 1293 1294 1328 patientiae
1317 1294 1473 1322 Salvatoris
1492 1295 1711 1330 longanimitas.
1729 1296 1801 1323 Con-

1030 1339 1227 1366 temnentibus
1242 1348 1325 1374 eum,
1342 1342 1369 1367 et
1380 1340 1488 1368 falsum
1504 1341 1540 1368 de
1555 1342 1620 1377 ipso
1636 1341 1800 1369 dicentibus

1030 1393 1091 1413 non
1113 1386 1291 1421 respondet,
1315 1386 1388 1414 sicut
1410 1395 1463 1414 nec
1482 1387 1558 1414 infra
1574 1388 1594 1404 ¹⁶
1611 1388 1775 1416 dicentibus
1792 1397 1798 1415 :

1032 1433 1195 1459 Daemonium
1209 1433 1297 1460 habes.
1315 1434 1353 1460 De
1368 1433 1433 1468 ipso
1446 1433 1525 1460 enim
1540 1434 1579 1461 ait
1594 1434 1739 1469 Propheta
1754 1435 1776 1451 ¹⁷
1791 1444 1799 1461 .-

1033 1487 1046 1503 «
1057 1480 1158 1505 Factus
1173 1487 1238 1505 sum
1257 1479 1330 1506 sicut
1342 1479 1432 1507 homo
1457 1488 1517 1506 non
1532 1480 1655 1507 audiens
1666 1502 1674 1512 ‚
1698 1482 1725 1508 et
1739 1488 1800 1508 non

1029 1524 1143 1551 habens
1159 1524 1187 1551 in
1202 1533 1252 1551 ore
1268 1533 1321 1552 suo
1338 1525 1574 1559 redargutiones,
1589 1535 1602 1550 »
1616 1528 1668 1553 etc.

1066 1572 1109 1597 44.
1126 1572 1158 1597 Et
1171 1570 1302 1605 sequitur
1310 1573 1414 1606 quarta
1429 1579 1513 1606 parS,
1524 1571 1554 1598 in
1565 1579 1624 1606 qua
1639 1572 1799 1599 murmuris

1031 1624 1132 1643 eorum
1149 1616 1322 1643 dehortatio.
1341 1618 1371 1643 Et
1386 1617 1427 1643 ibi
1443 1619 1570 1651 quatuor
1586 1626 1592 1643 :
1609 1617 1706 1652 primo
1721 1625 1800 1644 mur-

1030 1663 1121 1689 muris
1145 1662 1310 1689 dehortatio
1325 1671 1332 1695 3
1360 1662 1492 1689 secundo
1509 1682 1517 1696 ,
1546 1663 1629 1690 modi
1660 1663 1800 1690 credendi

1031 1708 1202 1743 explicatio,
1219 1708 1259 1735 ibi
1281 1717 1286 1735 :
1310 1709 1392 1735 Nemo
1408 1711 1494 1742 potest
1514 1710 1604 1736 venire
1625 1709 1661 1736 ad
1675 1717 1715 1736 me
1722 1718 1730 1743 ;
1748 1711 1801 1736 ter-

1031 1754 1070 1781 tio
1082 1776 1090 1788 ,
1117 1762 1246 1782 erronea}
1273 1753 1420 1789 opinionis
1444 1762 1547 1781 eorum
1577 1755 1701 1789 amotio,
1733 1755 1775 1782 ibi
1790 1765 1798 1783 :

1031 1802 1124 1827 Patres
1133 1802 1217 1827 vestri
1228 1821 1236 1834 ,
1252 1802 1323 1834 etc.;
1341 1802 1444 1835 quarto
1455 1821 1463 1834 ,
1479 1801 1606 1828 veritatis
1621 1794 1798 1836 declaratio,

1030 1846 1071 1873 ibi
1089 1856 1095 1874 z
1112 1848 1162 1874 Hic
1179 1849 1215 1874 est
1228 1855 1306 1873 verus
1318 1847 1400 1880 panis
1411 1867 1419 1880 ,
1437 1849 1489 1873 ete.

1066 1888 1109 1915 Ait
1129 1896 1199 1923 ergo
1217 1897 1223 1915 :
1239 1889 1330 1916 Nolite
1353 1896 1530 1915 murmurare.
1557 1889 1615 1916 Hoc
1636 1888 1715 1916 enim
1739 1890 1801 1917 erat

1031 1935 1114 1969 quasi
1130 1934 1283 1969 proprium
1297 1933 1465 1961 Judaeorum
1476 1934 1496 1950 ¹⁸
1512 1942 1518 1961 :
1530 1944 1543 1959 «
1555 1936 1653 1969 Neque
1667 1942 1799 1962 murmu-

1030 1980 1161 2007 raveritis
1176 2001 1184 2014 ,
1213 1980 1286 2007 sicut
1313 1980 1435 2015 quidam
1464 1988 1568 2008 eorum
1596 1988 1799 2008 murmurave-

1029 2028 1106 2054 runt.
1121 2036 1134 2051 >i
1152 2027 1183 2053 Et
1198 2025 1332 2053 subditur
1346 2026 1509 2053 secundum
1526 2035 1532 2053 z
1554 2027 1635 2054 Nemo
1650 2029 1738 2061 potest
1751 2035 1798 2054 ve·-

1030 2075 1088 2099 m're
1103 2073 1138 2099 ad
1153 2080 1209 2106 me,
1225 2073 1279 2098 nisi
1299 2073 1378 2099 Pater
1400 2074 1512 2099 traaeerit
1532 2080 1603 2105 cum‚·
1620 2072 1705 2107 quasi
1722 2073 1799 2100 dicat

1031 2119 1194 2146 secundum
1209 2118 1342 2146 Glossam
1360 2126 1366 2144 :
1383 2117 1451 2144 Ideo
1467 2125 1518 2144 vos
1535 2126 1595 2144 non
1615 2118 1731 2145 creditis
1751 2125 1797 2145 me

1030 2173 1092 2192 esse
1109 2172 1233 2200 panem,
1251 2164 1321 2198 quia
1342 2171 1403 2190 non
1427 2164 1493 2190 estis
1520 2164 1601 2190 tracti
1616 2171 1634 2190 a
1649 2165 1730 2191 Patre
1744 2171 1798 2199 per

1030 2210 1163 2245 gratiam.
1184 2210 1352 2236 Rcsuscz‘tabo
1367 2217 1424 2236 eum
1437 2229 1446 2242 ,
1462 2211 1522 2236 tam
1540 2209 1570 2236 in
1589 2209 1688 2237 anima
1706 2217 1797 2244 quam

1029 2257 1058 2283 in
1074 2263 1207 2292 corpore.
1233 2255 1317 2288 Quod
1337 2255 1532 2288 confirmans,
1548 2255 1587 2282 ait
1611 2256 1648 2290 (v.
1664 2255 1707 2290 45)
1724 2264 1731 2282 :
1747 2256 1797 2282 Est

1028 2306 1159 2338 scriptum
1169 2304 1198 2330 in
1211 2303 1348 2336 Prophetis
1365 2301 1381 2318 '⁹
1394 2309 1420 2328 :u
1430 2302 1540 2329 Ponam
1556 2301 1634 2329 filios
1649 2304 1714 2329 tuos
1728 2301 1797 2329 doc-

1031 2415 1057 2420 —
1073 2402 1094 2419 ²²
1107 2402 1247 2432 chrysost„
1268 2400 1310 2423 ubi
1331 2407 1386 2430 sup.
1405 2412 1434 2417 —
1456 2399 1476 2415 ¹³
1489 2401 1563 2430 Aug„
1581 2400 1607 2422 in
1621 2400 1701 2429 loun„
1722 2401 1793 2424 tract.

1029 2443 1100 2464 xxvi,
1116 2444 1142 2461 n.
1157 2440 1178 2460 1.
1194 2450 1223 2454 —
1238 2437 1256 2453 ’θ
1269 2436 1335 2464 Luc„
1351 2441 1378 2466 ιι,
1394 2436 1432 2458 48.
1444 2448 1474 2452 —
1488 2436 1508 2451 ¹⁵
1520 2435 1660 2465 Chrysost.,
1672 2435 1715 2458 ubi
1728 2442 1794 2465 sup„

1029 2485 1058 2491 —
1075 2474 1092 2486 ¹¹³
1104 2473 1160 2502 tuf„
1179 2478 1234 2502 vui,
1249 2472 1287 2495 48.
1300 2484 1324 2488 —
1343 2471 1362 2487 ¹⁷
1378 2470 1446 2494 Psal.
1460 2471 1653 2500 xxxvu‚15.—-
1670 2470 1688 2486 ¹⁸
1702 2470 1710 2494 l
1726 2470 1794 2500 Con,

1029 2514 1055 2538 x,
1070 2510 1106 2532 10.
1124 2521 1151 2526 -—
1168 2508 1188 2524 ¹⁸³
1203 2508 1262 2534 1sa..
1279 2512 1332 2536 mv,
1349 2507 1385 2529 13.

1062 2564 1092 2592 (ιι)
1123 2562 1196 2593 Vuly.
1222 2561 1343 2591 tegmine.
1366 2572 1396 2578 —-
1419 2559 1452 2590 (b)
1480 2558 1539 2582 Coet.
1565 2558 1625 2583 edit.
1649 2559 1746 2590 implet.
1766 2573 1793 2578 -

1029 2598 1058 2627 (c)
1072 2599 1186 2621 Fortasse
1198 2597 1326 2628 leyendum
1341 2595 1555 2620 anxiabuntur.-—·
1571 2594 1606 2624 (d)
1621 2595 1676 2624 Ley.
1692 2596 1794 2620 ibidem.

1028 2647 1058 2654 --
1074 2634 1101 2663 (e)
1117 2634 1179 2657 Gaet.
1195 2633 1255 2656 edu.
1270 2632 1354 2655 varice.

1828 1301 1913 1322 Patien-

1821 1331 1857 1352 tia
1867 1331 1912 1351 lon-

1822 1361 1914 1387 ganimi-

1846 1393 1887 1410 lu.
