1987 3032
203 187 263 215 414

206 250 288 286 quod
306 250 484 285 lacrymatus
505 250 555 276 est.
581 250 650 276 Item
670 249 748 283 patet
764 246 912 282 sapientire
927 254 976 273 ve-

205 297 289 330 ritas,
306 299 332 323 et
353 296 470 331 justitiae
498 295 640 330 aequitas:
670 294 748 321 ssevit
769 293 847 321 enim
872 295 902 320 ut
926 292 977 319 do-

206 345 269 370 ceat
283 351 337 370 nos
350 343 430 376 11010,
447 344 474 369 01
488 343 605 377 peccata
627 348 687 367 esse
704 340 812 367 sscnda.
829 339 909 366 Unde
925 346 977 374 per

205 389 276 423 tria,
297 398 361 424 quae
383 389 519 415 dicuntur
539 387 602 420 hic,
626 387 777 421 signantur
802 388 857 412 tres
880 386 976 420 partes

205 435 380 472 poenitentiae
400 435 428 461 in
448 433 543 460 nobis.
560 435 611 460 Per
633 432 846 465 turbationem,
867 440 927 467 qua
946 439 976 458 50

206 482 354 515 turbavit,
386 480 515 514 signatur
544 478 703 506 commotio
736 478 917 505 contritionis
945 477 975 503 in

205 529 311 562 corde,
333 535 392 563 qua
411 527 502 554 homo
521 534 552 554 se
567 526 684 559 turbat,
704 527 895 560 computans,
911 531 977 559 quae

205 575 286 603 bona
301 574 349 601 Dei
365 573 492 608 accepit,
508 575 535 601 et
550 581 616 609 qua:
632 572 710 599 mala
726 571 871 604 reddidit,
888 572 915 597 ct
930 578 977 597 co-

205 621 299 656 gitans
316 628 380 656 quoe
398 619 509 655 judicia
531 620 672 654 expectat.
688 618 768 646 Unde
787 617 920 644 contritio
936 616 975 643 si-

205 670 310 702 gnatur
324 674 376 702 per
392 665 489 693 cordis
503 665 707 693 contritionem
718 685 726 698 ‚
743 668 770 692 et
790 665 977 700 comparatur

205 717 286 742 terrae
300 713 408 745 motui,
424 713 454 740 in
472 713 575 739 Psalmo
589 712 636 739 ¹:«
652 711 842 739 commovisti
859 713 976 743 terram,

205 763 232 788 et
253 759 426 788 conturbata
444 761 501 786 cst:
521 766 592 786 sana
607 757 795 785 contritiones
811 757 890 791 ejus,
907 755 978 792 quia

205 809 354 835 commota
368 807 418 833 est.
433 815 446 831 »
464 807 515 832 Per
529 805 595 838 hoc,
613 804 695 840 quod
710 804 764 830 ait:
780 804 929 836 infremuit,
947 802 975 829 in

205 861 264 888 quo
280 854 322 880 est
336 852 419 888 quasi
435 851 541 887 aliquis
560 859 661 884 sonus,
677 850 846 884 designatur
861 848 976 875 conses-

203 901 247 927 sio
263 908 330 927 cum
345 898 447 934 spiritu
463 898 628 925 devotionis
638 918 645 930 ,
660 896 823 924 secundum
841 895 923 931 quod
938 895 978 922 ait

203 946 347 981 Propheta
362 945 392 972 2:
412 956 424 969 «
434 944 495 971 Dixi
509 953 514 971 ε
531 943 700 971 confitebor
715 943 856 970 adversus
871 949 917 968 me
933 941 976 968 in<

200 992 342 1027 justitiam
357 998 484 1018 meam.»
504 992 535 1018 ln
549 990 617 1023 hoc,
633 988 716 1024 quod
731 988 786 1015 ait:
803 989 977 1021 Lacrymatus

203 1042 253 1073 est,
264 1038 433 1072 designatur
448 1036 603 1064 satisfactio
614 1043 668 1071 pro
679 1034 805 1070 peccatis
817 1036 842 1061 ³:
855 1044 868 1059 (ι
880 1033 976 1061 Deduc

204 1085 287 1120 quasi
304 1086 462 1112 torrentem
480 1083 635 1118 lacrymas.
654 1092 666 1106 »
687 1082 717 1108 tjt
734 1081 812 1108 euim
833 1081 873 1108 ait
886 1080 976 1115 Clu-3·-

203 1134 349 1159 sostomus
370 1131 398 1157 ²:
422 1140 434 1155 (ι
451 1132 530 1157 lesus
549 1129 727 1164 lacrymatus
747 1129 802 1161 est3
823 1134 976 1161 nunquam

204 1179 319 1214 legitur,
336 1178 417 1213 quod
432 1177 502 1204 risit.
521 1188 532 1201 »
549 1177 593 1204 Sic
609 1175 696 1203 etiam
712 1174 787 1202 etde
803 1173 891 1201 Paulo
907 1173 977 1207 legi-

204 1228 250 1252 tur
264 1226 273 1241 ⁵
294 1234 300 1252 :
320 1236 332 1250 ιι
349 1224 455 1259 Scripsi
473 1223 559 1250 vobis
582 1230 634 1257 per
657 1221 764 1248 multas
788 1220 944 1255 lacrymas.
960 1229 972 1244 »

204 1272 256 1299 L'bi
271 1272 309 1299 ait
323 1273 445 1306 Haymo,
462 1269 545 1305 qnod
561 1271 633 1304 quot
648 1267 778 1303 syllabas
793 1265 921 1301 scripsit,
935 1268 976 1293 tot

203 1319 349 1354 lacrymas
369 1317 472 1344 emisit.
494 1315 574 1343 Unde
590 1314 717 1342 christus
738 1314 915 1348 lacrymatus
934 1314 976 1339 est

203 1365 250 1392 hic
265 1365 294 1392 in
306 1364 492 1391 suscitatione
507 1363 615 1396 Lazari,
628 1362 750 1395 deflens,
766 1363 793 1388 et
807 1359 975 1387 deflendam

205 1411 360 1439 ostendens
378 1411 541 1438 humanam
560 1408 749 1443 fragilitatem
771 1409 797 1434 et
815 1406 976 1433 mortalita-

204 1462 261 1486 tem
283 1467 318 1486 ex
344 1460 473 1493 peccato.
504 1458 574 1483 Item
599 1454 679 1482 flevit
702 1461 790 1488 super
813 1453 975 1485 civitatem,

203 1505 360 1533 ostendens
383 1503 551 1531 deflendam
576 1509 638 1528 0550
661 1502 792 1527 nostram
818 1499 974 1526 caecitatem

204 1554 230 1579 et
240 1550 536 1578 inconsiderationem
548 1548 583 1575 de
596 1547 714 1581 judiciis
724 1546 837 1579 futuris,
853 1547 880 1572 et
890 1544 975 1571 malis

204 1607 269 1634 quae
284 1597 418 1625 evenient
430 1594 641 1631 peccatoribus.
656 1595 723 1620 ltcm
740 1593 918 1626 lacrymatus
933 1593 976 1618 est

203 1645 233 1672 in
255 1652 354 1677 cruce,
379 1642 535 1670 osteudens
561 1639 730 1667 deflendam
758 1646 820 1665 esse
844 1640 974 1664 nostram

203 1690 414 1725 malignitatem
434 1690 460 1716 et
482 1686 732 1715 inobedientiam:
753 1684 791 1712 ad
807 1684 890 1719 cujus
909 1683 974 1710 imi-

203 1738 340 1766 tationem
349 1735 492 1763 debemus
502 1732 659 1769 lacrymari
666 1739 719 1767 pro
730 1730 973 1766 peccatisnostris,

204 1787 230 1811 et
246 1792 299 1819 pro
319 1782 445 1818 peccatis
467 1781 608 1814 aliorum,
630 1781 656 1805 ct
674 1786 728 1813 pro
750 1776 888 1809 miseriis,
908 1784 973 1811 quae

203 1833 270 1858 sunt
294 1830 324 1856 in
348 1828 472 1856 mundo.
490 1828 521 1853 L‘t
543 1827 622 1853 enim
643 1825 683 1853 ait
704 1824 927 1859 chrysostomus
945 1823 972 1849 ¹⁵:

205 1888 218 1903 «
234 1879 379 1912 Lacrymae
390 1877 457 1902 sunt
468 1874 506 1901 ab
521 1873 589 1908 igne
605 1871 765 1907 spirituali3
781 1872 808 1897 et
823 1869 897 1897 nihil
912 1869 976 1896 unit

203 1925 277 1957 Deo,
291 1925 323 1950 ut
336 1922 491 1956 lacrymae:
509 1920 574 1947 illas
589 1918 736 1946 beatificat
751 1919 841 1951 Deus3
857 1915 913 1943 illae
928 1915 975 1942 110-

202 1970 292 1998 1111010
308 1970 459 1996 assumunt
480 1966 666 1998 continuam,
683 1966 710 1991 et
729 1964 858 1999 purgant
876 1970 891 1989 a
906 1970 974 1997 pec-

203 2016 283 2049 catis,
298 2015 372 2042 sicut
386 2013 493 2041 coelum
510 2021 526 2039 a
540 2011 655 2047 pluvia3
673 2013 699 2037 et
713 2009 770 2036 illis
785 2011 973 2044 peccatorum

203 2062 392 2090 destruuntur
408 2059 543 2087 tenebrae.
565 2068 578 2083 )>
597 2059 628 2084 Et
644 2057 685 2084 ibi
706 2056 781 2083 bene
805 2055 841 2082 de
861 2055 927 2082 hoc.
944 2056 974 2081 ln

202 2110 307 2136 Psalmo
320 2109 329 2125 ⁷
349 2116 355 2134 :
374 2118 386 2132 «
402 2106 518 2134 Lavabo
533 2112 585 2140 per
604 2104 733 2138 singulas
748 2103 847 2129 noctes
866 2101 974 2128 lectum

202 2163 312 2183 meum.
327 2164 340 2179 ›>
359 2153 400 2181 lbi
420 2151 597 2187 Augustinus
616 2150 645 2177 in
665 2148 818 2184 originali:
838 2159 851 2172 «ι
870 2149 974 2182 Lacry-

202 2202 257 2229 mis
271 2201 386 2228 lavatur
400 2199 550 2234 voluptas,
570 2199 597 2224 et
617 2197 657 2224 cis
676 2196 847 2230 impetratur
863 2193 973 2220 miseri-

203 2247 313 2275 cordia.
330 2256 343 2272 1)
362 2248 392 2274 10
410 2246 517 2272 Psalmo
532 2243 557 2271 ⁸:
579 2254 591 2268 «
607 2244 733 2270 Fuerunt
749 2240 821 2268 mihi
836 2240 974 2274 lacrymae

202 2302 275 2321 meae
288 2293 373 2328 panis
387 2292 434 2319 die
451 2299 484 2318 ac
499 2292 595 2318 nocte.
610 2300 622 2314 »

239 2342 282 2367 38.
300 2342 331 2367 Et
349 2338 480 2374 sequitur
499 2337 612 2364 iteratio
635 2334 766 2362 l'remitus
781 2341 849 2360 eum
870 2339 974 2359 conco-

204 2385 372 2414 mitantibus
388 2384 428 2411 ibi
445 2394 451 2411 :
471 2385 546 2411 Jesus
558 2385 670 2416 fremens
684 2384 779 2408 iterum
793 2378 830 2415 (α)
843 2400 850 2413 ,
865 2378 974 2406 50111001

235 2446 326 2470 1Psal.
347 2451 404 2474 111,
429 2447 447 2468 l.
468 2458 492 2461 —
508 2445 518 2460 ²
539 2442 607 2466 Psal.
624 2448 700 2471 xxxi,
717 2443 739 2465 5.
756 2453 785 2457 —-
799 2440 810 2456 ³
827 2439 922 2467 Threu„
939 2445 972 2469 11,

206 2484 241 2507 18.
262 2495 293 2500 —
316 2482 326 2498 ¹·
347 2480 487 2511 Chrysost.,
513 2480 537 2502 in
564 2477 662 2506 illailla,
689 2477 758 2500 hom.
784 2481 825 2505 11,
848 2481 872 2498 11.
899 2475 921 2497 (i.
945 2488 971 2491 -ν

206 2521 214 2534 ⁶
237 2519 253 2541 ΙΙ
277 2519 344 2544 Cor.¹
361 2522 390 2546 11,
406 2517 427 2538 4.
442 2528 472 2532 -
490 2518 497 2527 ¹·
513 2514 653 2544 Chrysost„
674 2512 717 2535 ubi
736 2518 791 2541 sup.
807 2517 892 2540 prox„
908 2516 932 2533 n.
949 2511 971 2533 ὅ,

206 2567 230 2571 -
249 2555 256 2568 ⁷
272 2552 340 2577 Psal.
357 2558 391 2581 vi,
405 2552 428 2574 7.
444 2563 474 2567 -
487 2550 498 2566 Β
511 2549 576 2573 l'sal.
593 2554 646 2577 xm,
662 2550 684 2572 4.
702 2561 727 2564 ——
746 2549 755 2561 ²⁹
773 2546 914 2576 Chrysost„
931 2545 973 2569 ubi

204 2597 261 2620 sup.
280 2601 309 2606 —
329 2588 348 2604 ¹⁰
367 2586 441 2616 lbid.,
458 2592 483 2609 n.
507 2587 529 2608 2.
548 2597 577 2601 --
597 2584 614 2600 ¹¹
637 2583 699 2607 lbid.
719 2595 748 2600 —-
768 2583 788 2597 ¹²
808 2582 881 2611 sup„
901 2582 922 2604 4.
945 2595 971 2598 -

204 2625 225 2641 ¹³
239 2625 313 2655 Sup.,
328 2629 364 2653 11,
380 2623 402 2646 3.
418 2634 448 2639 —
465 2620 485 2637 ¹⁸
499 2620 575 2650 Aug„
588 2619 631 2642 ubi
645 2625 712 2648 supi,
728 2625 754 2642 11.
776 2618 813 2641 19.
834 2629 859 2632 -
881 2616 902 2632 ¹⁵
913 2617 970 2644 Ira..

727 181 802 212 EVA
810 179 937 211 NGELll
961 178 1101 210 SANCTI
1121 179 1284 211 JOANNIS

1034 245 1150 280 volens,
1164 248 1194 273 ut
1219 246 1383 282 expositum
1405 249 1461 281 est,
1477 247 1538 274 sive
1559 247 1715 283 increpans
1737 256 1803 284 pas-

1033 292 1163 326 sionem,
1189 295 1216 320 et
1238 292 1405 326 refrenanS,
1420 295 1451 320 ut
1473 293 1513 320 ait
1531 293 1757 330 Chrysostomus
1771 295 1803 328 ⁹,

1031 340 1104 365 venit
1119 339 1155 365 wi
1169 342 1374 366 monumentum.
1392 341 1421 366 Et
1436 339 1466 366 in
1485 339 1542 367 hoc
1557 339 1714 375 descriptio
1726 340 1782 368 loci
1795 349 1802 368 ε

1035 386 1099 412 Erat
1124 388 1211 412 autem
1227 386 1260 419 tl»)
1280 386 1405 419 spelunca
1417 407 1426 419 ,
1441 388 1495 413 etc.
1513 395 1519 413 :
1541 394 1606 422 quie
1621 386 1722 414 omnia
1735 394 1804 414 nar-

1032 433 1132 458 rantur
1143 453 1150 464 ,
1165 434 1196 458 ut
1218 431 1318 459 mortis
1335 431 1453 466 veritas,
1465 435 1492 460 et
1513 432 1663 468 sepultura
1678 431 1803 461 denote-

1033 479 1088 504 tur.
1109 479 1138 504 111
1149 478 1188 512 (v.
1206 479 1248 512 39)
1260 479 1300 504 ait
1316 486 1325 504 :
1342 479 1436 504 Tollite
1451 479 1577 513 lapidem.
1594 479 1701 512 Quaerit
1716 479 1805 515 Chry-

1032 525 1178 551 sostomus
1195 524 1212 540 '⁰
1231 523 1269 551 ad
1295 523 1367 559 quid
1389 524 1445 551 hoc
1468 526 1628 561 praecepit?
1646 526 1700 559 Qui
1726 526 1804 553 enim

1032 578 1139 605 corpus
1163 572 1312 597 mortuum
1340 573 1401 597 erat
1428 571 1670 605 resuscitaturus,
1691 574 1805 608 poterat

1032 616 1160 652 lapidem
1183 616 1284 644 tollere
1301 626 1307 644 z
1321 625 1390 651 crgo
1406 625 1466 644 non
1487 618 1617 653 oportuit
1629 618 1686 646 hoc
1701 619 1803 654 1111001-

1033 671 1112 698 pere.
1139 665 1169 690 Et
1188 663 1225 690 ad
1239 663 1317 690 istud
1338 663 1513 699 respondet,
1538 664 1619 700 quod
1638 674 1652 690 u
1666 665 1707 692 sic
1730 673 1804 700 prae-

1033 711 1109 746 cepit
1130 731 1138 744 ‚
1171 713 1201 737 ut
1228 711 1349 738 haberet
1378 711 1444 738 illos
1473 713 1557 738 testes
1587 711 1720 739 miraculi
1738 732 1745 745 ‚
1776 714 1806 739 ut

1033 765 1093 784 non
1110 757 1285 785 aestimarent
1308 765 1369 784 0550
1389 757 1573 793 phantasma.
1596 768 1608 783 »
1633 759 1706 785 Dicit
1729 758 1805 785 Mar-

1034 804 1080 830 ιΙιιι
1102 813 1109 829 .·
1134 805 1264 837 Domine,
1283 804 1342 838 jam
1364 805 1448 837 foetet.
1473 804 1529 831 Sed
1552 804 1707 839 quaeritur,
1732 812 1806 840 qua-

1033 849 1097 877 liter
1112 850 1168 878 hoc
1184 850 1241 883 ait,
1260 858 1294 877 ex
1310 858 1371 885 quo
1390 858 1479 885 supra
1494 850 1567 877 dixit
1581 850 1693 878 Christo
1706 860 1712 878 :
1727 851 1807 884 01101-

1033 905 1141 931 sumque
1159 899 1311 932 poposceris
1331 905 1348 923 a
1364 898 1433 930 Deo,
1456 897 1531 923 dabit
1549 897 1599 924 tibi
1618 898 1707 924 Deus?
1722 899 1755 925 Et
1767 897 1807 925 ad

1033 943 1110 970 istud
1125 942 1284 978 respondet
1296 943 1521 978 Chrysostomus
1536 943 1550 958 ¹¹
1567 942 1650 978 quod
1665 943 1739 971 nihil
1752 951 1806 971 no-

1032 992 1113 1017 verat
1136 997 1238 1017 eorum
1255 1010 1263 1023 ,
1287 997 1353 1024 quae
1378 989 1451 1016 dixit
1473 988 1616 1022 Christus,
1638 989 1747 1017 scilicet
1769 989 1806 1017 de

1032 1037 1242 1063 resurrectione
1270 1036 1365 1063 fratris
1390 1045 1395 1063 :
1420 1037 1448 1063 et
1472 1035 1538 1063 ideo
1565 1038 1595 1063 ut
1622 1035 1805 1072 impossibile

1032 1085 1152 1118 propter
1171 1085 1286 1118 tempus
1301 1082 1358 1109 1100
1376 1082 1415 1109 ait
1432 1091 1439 1109 :
1454 1084 1516 1109 erat
1530 1082 1609 1110 001111
1623 1084 1805 1116 extraneum,

1033 1129 1263 1164 quatriduanum
1275 1130 1302 1156 et
1313 1132 1483 1164 corruptum
1494 1129 1633 1157 suscitare
1644 1131 1802 1157 mortuum.
1830 1129 1836 1139 ¹

1033 1177 1064 1202 Et
1087 1175 1154 1202 idco
1169 1177 1249 1202 Jesus
1264 1175 1418 1210 increpans
1440 1170 1574 1206 eamsut
1597 1183 1657 1202 non
1671 1175 1806 1203 reminis-

1032 1224 1145 1249 centem
1167 1230 1232 1257 quae
1255 1222 1382 1255 dixerat,
1407 1221 1446 1248 ait
1467 1221 1513 1256 (v.
1534 1220 1586 1256 40)
1603 1229 1609 1248 :
1630 1222 1724 1249 Nonne
1745 1222 1807 1248 dixi

1032 1269 1082 1295 tibi
1097 1277 1106 1295 :
1121 1269 1151 1296 Si
1170 1269 1334 1302 credideris,
1355 1269 1457 1296 ridebis
1483 1270 1596 1303 gloriam
1613 1270 1682 1295 Dei?
1698 1268 1807 1298 scilieet

1032 1315 1062 1341 in
1085 1314 1272 1342 suscitatione
1297 1315 1427 1349 mortui,
1444 1314 1518 1342 sicut
1534 1315 1574 1342 ait
1587 1323 1675 1350 supra
1687 1314 1710 1332 ¹²
1722 1314 1806 1342 disci-

1031 1361 1107 1396 pulis
1124 1370 1130 1387 :
1147 1362 1209 1388 11ωο
1229 1362 1374 1395 infirmitas
1389 1370 1441 1388 non
1464 1364 1501 1388 est
1521 1362 1557 1388 ad
1577 1365 1696 1395 mortem,
1711 1362 1757 1389 sed
1769 1361 1805 1388 ad

1030 1409 1142 1441 gloriam
1169 1408 1226 1434 Dei.
1251 1409 1322 1435 Nam
1344 1408 1373 1434 in
1396 1407 1567 1443 operatione
1593 1407 1805 1435 miraculorum

1031 1453 1124 1487 gloria
1141 1454 1188 1480 Dei
1203 1454 1406 1481 manifestatur
1421 1454 1460 1480 ol)
1476 1462 1601 1489 operum
1616 1453 1800 1486 arduitatem,

1030 1508 1119 1534 supra
1136 1501 1153 1515 ¹³
1168 1509 1173 1526 :
1188 1510 1200 1524 «
1215 1501 1247 1527 t‘t
1261 1500 1480 1527 manifestentur
1495 1507 1585 1535 opera
1600 1500 1647 1527 Dei
1662 1499 1693 1526 in
1707 1499 1769 1527 illo.
1786 1510 1799 1526 ι)

1030 1547 1061 1572 Et
1075 1549 1144 1573 nota
1166 1545 1248 1581 quod
1263 1546 1301 1573 ait
1316 1556 1321 1572 ι
1341 1547 1461 1573 Christus
1475 1547 1591 1579 fremens
1605 1548 1678 1573 venii
1695 1546 1731 1573 ad
1750 1554 1804 1573 mo-

1030 1595 1193 1620 numentum.
1216 1593 1248 1619 Ut
1260 1594 1339 1627 patet
1364 1600 1400 1618 ex
1423 1592 1585 1626 Augustino
1602 1592 1630 1626 ¹⁴,
1648 1603 1661 1618 «
1683 1592 1736 1620 iste
1750 1592 1803 1620 fre—

1029 1639 1117 1665 mitus
1130 1638 1287 1665 salvatoris
1303 1637 1447 1672 significat
1460 1638 1609 1666 fremitum
1626 1638 1804 1673 indignatio-

1029 1684 1086 1716 nis,
1105 1692 1165 1719 quo
1182 1684 1270 1711 debet
1292 1684 1382 1711 homo
1406 1684 1552 1719 indignari
1568 1687 1669 1712 contra
1683 1687 1803 1720 peccata

1029 1738 1096 1764 sua,
1113 1733 1140 1758 et
1164 1731 1193 1757 in
1212 1739 1241 1757 se
1264 1730 1452 1764 conturbari,
1470 1734 1496 1758 et
1519 1731 1690 1765 amaricari,
1711 1734 1739 1759 et
1761 1732 1802 1759 510

1029 1777 1129 1804 venire
1145 1777 1183 1804 ad
1197 1779 1435 1809 monumentum,
1448 1777 1530 1812 quod
1540 1779 1582 1804 est
1598 1777 1680 1805 locus
1694 1778 1725 1805 10
1739 1786 1800 1813 quo

1029 1823 1209 1859 sepeliuntur
1229 1823 1354 1858 mortui,
1376 1823 1407 1850 id
1423 1826 1479 1856 est,
1501 1823 1540 1850 ad
1561 1824 1801 1858 recogitationem

1029 1872 1055 1897 et
1074 1870 1353 1897 rememorationem
1374 1877 1496 1897 suorum
1523 1872 1712 1905 peccatorum
1743 1871 1764 1888 ¹⁵
1793 1880 1799 1898 ε

1033 1926 1045 1941 κ
1069 1916 1248 1951 Recogitabo
1278 1916 1330 1943 tibi
1355 1924 1458 1943 omnes
1486 1923 1580 1943 annos
1603 1924 1700 1950 meos,
1717 1927 1730 1942 »
1747 1918 1800 1944 010.

1030 1963 1109 1990 Unde
1133 1962 1246 1990 ibidem
1270 1962 1375 1989 dicitur
1392 1962 1422 1996 ¹⁶,
1439 1962 1521 1997 quod
1542 1963 1714 1990 «convertit
1734 1965 1802 1990 Eze-

1029 2009 1108 2036 chias
1122 2009 1227 2036 faciem
1244 2016 1328 2036 suam
1349 2008 1387 2036 ad
1405 2008 1563 2043 parietem,
1579 2011 1606 2036 et
1619 2009 1709 2036 flevit.
1725 2019 1738 2036 u
1751 2011 1804 2037 Per

1028 2056 1180 2091 parietem,
1196 2055 1330 2083 collectio
1347 2062 1496 2089 sensuum,
1513 2056 1684 2090 aggregatio
1699 2063 1802 2091 pecca-

1029 2105 1125 2130 torum
1139 2103 1156 2119 ¹⁷
1172 2111 1178 2129 :
1193 2113 1204 2126 u
1220 2101 1284 2129 Abii
1300 2109 1418 2128 amarus
1430 2101 1459 2128 in
1472 2101 1675 2136 indignatione
1686 2101 1803 2137 spiritus

1029 2149 1096 2176 mei.
1113 2159 1125 2174 »
1151 2149 1192 2177 lbi
1213 2148 1368 2182 Gregorius
1380 2148 1410 2181 ¹⁸,
1426 2147 1550 2182 qualiter
1569 2157 1582 2172 ι(
1596 2147 1718 2182 Spiritus
1737 2155 1801 2175 san-

1029 2197 1090 2222 ctus
1105 2203 1156 2223 cor
1177 2202 1312 2221 amarum
1339 2194 1369 2220 in
1392 2193 1594 2228 indignatione
1615 2194 1733 2229 spiritus
1756 2195 1800 2222 sui

1028 2241 1096 2269 facit
1112 2241 1144 2277 (c)
1160 2242 1261 2268 contra
1280 2241 1400 2275 peccata
1421 2247 1474 2266 sua
1491 2248 1496 2266 :
1519 2239 1707 2275 reprehendit
1720 2248 1750 2267 se
1765 2240 1802 2268 de

1028 2287 1256 2322 cogitationibus
1270 2307 1279 2321 ,
1313 2285 1476 2321 insequitur
1506 2285 1542 2312 de
1567 2285 1666 2313 verbis
1681 2306 1692 2320 ,
1716 2286 1801 2322 punit

1028 2334 1127 2362 flendo
1148 2334 1184 2361 de
1199 2333 1290 2361 factis,
1306 2342 1319 2358 »
1331 2333 1367 2357 ¹²¹«
1382 2333 1413 2359 ln
1426 2331 1519 2359 multa
1534 2332 1693 2367 sapientia,
1709 2331 1802 2360 multa

1028 2381 1192 2416 indignatio
1207 2390 1213 2415 ;
1228 2390 1240 2406 11
1259 2379 1328 2415 quia
1347 2390 1360 2404 «
1376 2381 1487 2414 quanto
1503 2378 1570 2414 plus
1585 2378 1755 2414 proficimus
1770 2378 1800 2405 in

1028 2469 1142 2493 xxxvul,
1168 2465 1202 2486 15.
1222 2475 1251 2480 —
1275 2462 1294 2478 ¹⁵
1311 2461 1384 2491 thid„
1405 2478 1428 2484 -.
1444 2474 1472 2478 —-
1497 2462 1514 2476 ¹⁷
1533 2460 1631 2489 Ezech„
1652 2465 1698 2490 111,
1716 2462 1754 2484 ¹4.
1772 2473 1798 2477 —

1029 2500 1046 2514 ¹⁸
1071 2500 1157 2529 Grcg.‚
1183 2499 1208 2521 in
1231 2498 1330 2527 Emit„
1353 2497 1425 2521 hom.
1448 2503 1480 2527 x,
1502 2503 1527 2520 n.
1549 2497 1587 2519 42.
1612 2509 1637 2513 —
1666 2496 1684 2511 ¹³
1710 2496 1800 2527 flecte„

1030 2540 1050 2563 t,
1070 2536 1105 2558 is.

1059 2584 1092 2614 (a)
1115 2583 1187 2613 Vulg.
1211 2589 1270 2613 erqo
1291 2588 1390 2604 rursum
1413 2580 1529 2609 sremenS.
1549 2592 1577 2596 —
1598 2580 1632 2611 (b)
1655 2581 1716 2605 Caet.
1741 2583 1802 2606 edit.

1027 2625 1102 2642 emm.
1117 2631 1148 2635 —
1163 2619 1193 2648 (c)
1213 2618 1278 2641 Caee.
1294 2617 1354 2640 edit.
1375 2622 1421 2638 non
1444 2613 1532 2637 haben!
1552 2616 1655 2646 spiritus
1676 2617 1714 2641 sut
1732 2618 1799 2643 facit.
