1987 3032
112 1733 193 1752 Sensus

97 1763 197 1783 litteralis

113 2417 194 2444 'l'ropo-

88 2445 154 2472 logia.

212 235 250 264 54

213 299 324 340 Apollo
338 298 452 330 dieitur
463 299 471 315 ¹
490 309 495 328 :
516 309 530 327 «
543 298 599 329 llic
612 301 679 329 erat
688 299 816 329 edoctus
829 298 914 328 viam
926 298 982 327 Do-

213 352 309 390 mini,
326 354 357 382 et
378 352 503 382 fervens
523 352 637 391 spiritu
651 352 851 391 loquebatur,
873 360 887 377 n
908 351 979 386 etc,

216 416 230 434 (1
245 414 282 435 ea
296 413 368 444 quae
383 406 458 434 sunt
473 404 558 434 Jesu.
579 415 593 432 »
618 404 675 434 Per
692 404 729 442 (a)
748 404 981 433 incrementum

213 457 291 488 illud
314 456 502 495 intelligitur
517 457 734 496 multiplicatio
750 456 822 486 boni
838 455 979 492 affectus,

213 510 387 541 secundum
400 509 477 540 illud
490 510 500 525 ¹
518 521 524 540 ι
548 521 562 538 (1
577 509 687 540 Simile
702 512 747 539 est
763 517 901 547 regnum
917 516 979 538 coe-

212 564 317 594 lorum
333 572 435 602 grano
450 563 580 602 sinapis,
602 563 686 602 quod
708 562 864 601 accipiens
885 561 981 591 homo

213 616 391 648 seminavit.
407 626 422 644 1)
439 616 593 646 Subditur
609 626 614 645 :
638 627 651 643 κ
662 615 740 646 Cum
755 616 863 645 autem
879 622 983 645 creve-

212 670 263 705 rit,
274 670 378 708 majus
386 670 431 698 est
441 668 591 698 omnibns
601 668 752 705 oleribus,
763 670 793 698 et
803 668 837 698 fit
848 667 952 697 arbor.
963 678 977 695 »

214 722 248 752 ln
262 730 326 760 quo
341 720 532 759 intelligitur
547 721 704 752 bonorum
724 730 857 760 operum
873 720 980 751 multi-

213 774 288 805 tudo
301 775 332 804 et
349 774 514 813 congeries
535 774 707 804 cumulata.
728 774 738 790 ³
758 785 772 803 «
786 773 838 804 Vis
857 774 948 810 seire,
964 782 982 803 o

213 827 309 858 homo
328 827 431 857 inanis
444 851 451 865 ,
472 827 623 866 quoniam
644 827 721 858 fides
744 828 812 858 sine
835 827 983 866 operibus

214 882 339 911 mortua
353 881 419 910 est?
431 880 592 910 Abrabam
607 882 812 920 paternoster
824 889 930 910 nonne
943 889 983 910 ex

212 933 362 973 operibus
371 933 564 972 justificatus
574 935 633 971 est,
645 933 780 964 offerens
790 932 872 963 isaac
881 933 983 963 tilium

213 994 308 1016 suum
323 995 418 1026 super
433 986 548 1016 altare?
558 985 650 1017 Vides
665 986 818 1025 quoniam
828 986 905 1016 fides
916 994 984 1016 coo-

213 1039 383 1078 perabatur
397 1039 546 1078 operibus
560 1039 665 1070 illius:
683 1041 714 1070 et
728 1048 767 1069 ex
782 1039 931 1078 operibus
946 1040 983 1069 fi-

212 1091 267 1122 des
282 1094 502 1123 consummata
517 1094 574 1130 est,
588 1103 601 1121 »
620 1094 677 1123 etc.

253 1144 369 1183 Tertio,
385 1147 543 1184 quantum
558 1145 597 1175 ad
611 1145 682 1175 fidei
697 1145 850 1175 virtutem
864 1146 895 1175 in
909 1155 982 1176 exe-

214 1198 338 1229 cutione
359 1198 494 1228 mirandi
508 1198 644 1237 imperii,
660 1199 827 1237 subjungit
845 1210 850 1229 :
869 1199 984 1229 Dicent<

213 1250 286 1280 huic
301 1250 411 1281 arbori
423 1260 512 1281 moro
527 1260 537 1281 .·
549 1251 739 1288 Εναιίίεανρ,
757 1255 787 1281 et
801 1252 985 1291 transpla'tz-

215 1306 282 1333 tare
300 1303 333 1333 ῖη
348 1312 457 1333 mare:
470 1307 500 1333 et
514 1303 636 1334 obediet
647 1303 744 1333 vobis.
764 1303 798 1333 ln
813 1312 877 1342 quo
892 1304 985 1333 datur

216 1356 350 1395 intelligi
374 1357 455 1386 mira
476 1356 580 1387 virtus
599 1357 689 1393 fidei,
713 1359 869 1396 qnantum
888 1357 927 1387 ad
949 1366 986 1387 ea

216 1418 288 1449 quae
303 1411 446 1447 aguntur
461 1409 638 1439 secundum
653 1418 784 1439 cursum
806 1411 939 1445 natnrae,
956 1411 986 1439 et

217 1462 392 1492 secuudum
405 1462 559 1501 impetum
571 1462 682 1501 culpae,
695 1464 726 1492 et
737 1461 911 1492 secundum
923 1470 985 1492 me-

217 1515 314 1545 ritum
334 1514 479 1554 justitiae.
505 1514 618 1544 Omnia
643 1514 729 1543 enim
754 1514 823 1544 haec
851 1515 986 1544 subsunt

217 1567 367 1606 regimini
376 1567 493 1598 divinae
503 1567 720 1606 providentiae,
733 1569 764 1597 et
773 1567 910 1606 quodam
922 1576 986 1597 mo-

217 1621 257 1651 do
272 1620 405 1659 imperio
422 1620 495 1650 fidei
511 1620 666 1659 perfectae,
679 1619 854 1649 secundum
868 1619 982 1650 illudtz

222 1684 237 1701 (1
252 1672 284 1703 Si
298 1674 386 1712 potes
400 1672 537 1709 credere,
549 1672 657 1702 onmia
667 1671 825 1710 possibilia
838 1674 913 1702 sunt
923 1681 986 1703 cre-

218 1726 316 1756 denti.
336 1736 350 1753 »
370 1725 552 1756 Secundum
570 1725 707 1755 litteram
727 1725 836 1763 igitur,
854 1734 909 1764 per
925 1726 984 1755 im-

216 1779 341 1818 perium
357 1778 429 1808 fidei
444 1787 539 1816 supra
553 1786 680 1808 morum
695 1777 985 1817 transplantandam

215 1832 403 1870 intelligitur
418 1831 588 1870 imperium
607 1832 752 1870 respectu
772 1831 985 1870 corporalium

215 1885 460 1921 elementorunn
481 1884 565 1914 unde
581 1884 688 1913 Glossa
703 1884 733 1913 ⁵:
755 1895 768 1911 (1
787 1883 910 1923 Species
929 1894 984 1923 po-

215 1938 302 1968 nitur
324 1946 382 1976 pro
405 1946 539 1975 genere,
564 1937 638 1975 quia
665 1936 743 1965 fides
767 1940 985 1967 consummata

214 1989 309 2020 etiam
338 1991 437 2028 potest
465 1989 628 2019 elementis
659 1988 825 2027 imperare.
855 2000 869 2016 »
904 1989 983 2019 Hinc

213 2043 309 2073 etiam
323 2043 437 2073 dicitur
455 2053 462 2072 t
485 2054 498 2070 (1
515 2042 547 2072 Si
562 2042 736 2072 habueritis
752 2042 858 2079 tidem,
875 2044 904 2073 et
919 2052 982 2073 non

211 2095 443 2133 haesitaveritis,
455 2106 469 2123 ›)
483 2097 554 2133 etc„
572 2095 648 2125 «sed
659 2097 689 2124 et
704 2095 728 2124 si
745 2095 781 2134 (b)
796 2096 894 2125 monti
908 2095 983 2125 huic

211 2148 353 2179 dixeritis
370 2159 376 2178 :
394 2148 497 2185 Tolle,
520 2149 647 2187 etJacta
665 2150 695 2177 te
709 2148 742 2177 in
759 2157 863 2184 mare,
882 2148 945 2178 fiet.
963 2160 976 2176 n

213 2201 381 2240 Propterea
396 2201 530 2240 explicat
546 2201 713 2240 Apostolus
729 2201 766 2231 de
785 2201 912 2238 sanctis,
930 2201 980 2231 ‹li-

210 2262 283 2283 cens
301 2254 385 2293 quod
404 2254 414 2268 Ε
433 2265 448 2282 (1
466 2262 522 2293 per
544 2254 638 2284 fidem
660 2254 803 2284 vicerunt
824 2263 943 2293 regna3
961 2265 975 2281 »

209 2306 354 2336 subditur
368 2316 374 2336 z
392 2318 405 2334 «
415 2306 651 2337 Obturaverunt
661 2316 716 2337 ora
725 2306 866 2344 leonum,
880 2307 979 2337 extin-

208 2360 325 2388 xerunt
340 2358 493 2397 impetum
509 2359 610 2397 ignis,
628 2359 856 2398 effugaverunt
878 2359 977 2389 aciem

207 2409 314 2448 gladii,
333 2412 363 2440 et
378 2410 472 2441 sortes
485 2412 556 2441 sacti
572 2414 645 2442 sunt
664 2412 697 2442 in
711 2411 806 2442 bello,
822 2422 835 2439 n
856 2411 974 2441 Secun-

206 2462 281 2492 dum
297 2465 402 2493 autem
418 2464 629 2502 tropologiam
652 2464 842 2503 intelligitur
862 2464 895 2494 in
915 2464 976 2494 hoc

204 2514 375 2554 imperium
397 2518 540 2554 respectu
564 2516 694 2554 diaboli,
713 2519 742 2547 et
761 2518 972 2548 tentationum

236 2576 240 2589 ¹
253 2576 321 2604 Act„
335 2582 414 2606 xv111,
430 2579 468 2601 25.
483 2589 512 2594 —
527 2578 534 2591 ²
549 2577 650 2606 Matth„
665 2583 723 2606 1111,
738 2579 777 2608 31,
790 2580 828 2602 33.
842 2591 872 2595 -
886 2579 896 2595 ³
907 2579 972 2608 lac„

205 2616 221 2633 11
233 2627 239 2639 ‚
257 2612 336 2635 20-22.
351 2624 382 2629 —-
398 2611 408 2627 ὓ
422 2612 510 2642 Marc„
531 2617 570 2642 tx,
594 2614 631 2635 12.
649 2625 674 2629 -—
695 2613 705 2629 ⁵
720 2613 800 2636 Gloss.
817 2613 927 2637 interlin.
946 2614 971 2637 in

202 2644 269 2669 hune
290 2645 337 2669 loc.
359 2658 389 2663 —
409 2647 417 2660 ⁵
435 2647 522 2677 debu,
542 2653 582 2676 xi,
603 2648 647 2676 33,
670 2647 708 2670 34.
725 2659 754 2664 —
773 2649 779 2661 ⁷
798 2649 926 2678 Anibi-os„
946 2650 970 2672 1'11

202 2680 269 2710 Luc„
284 2680 325 2704 lib.
344 2682 416 2712 Vlll,
437 2688 462 2704 n.
482 2683 519 2705 29.
538 2694 566 2699 —
585 2683 592 2695 ⁸
609 2683 614 2704 1
631 2682 696 2705 Petr.
724 2688 749 2712 v,
764 2684 785 2707 9.
802 2696 831 2700 —-
846 2687 854 2697 ⁸
870 2684 968 2714 Eplzes.,

760 229 968 263 EVANGELH
991 231 1132 262 SANCTI
1155 231 1266 263 LUCAE

1038 299 1118 337 eJus.
1148 297 1234 328 Unde
1262 297 1450 328 Ambrosius
1471 297 1480 312 ⁷
1507 307 1512 327 :
1540 306 1554 324 11
1571 295 1704 326 Fructus
1726 296 1809 326 mori

1039 350 1141 390 primo
1158 350 1241 380 albet
1263 350 1297 380 in
1319 350 1410 387 flore,
1432 349 1544 379 deinde
1563 351 1631 388 jam
1656 350 1810 379 formatus

1039 403 1186 441 irrutilat,
1200 404 1382 433 maturitate
1397 402 1558 441 nigrescit.
1573 401 1719 432 Diabolus
1734 410 1810 441 quo-

1038 466 1100 496 que
1115 466 1155 486 ex
1172 456 1288 486 albenti
1305 455 1458 494 angelicae.
1474 455 1550 484 ssore
1565 457 1700 492 naturae,
1713 457 1743 485 et
1758 463 1810 494 po-

1038 510 1148 539 testate
1172 508 1340 546 rntilante,
1369 507 1628 546 przevaricatione
1650 508 1807 547 deiectus,

1038 563 1118 591 tetro
1130 561 1287 591 inhorruit
1298 560 1393 590 odore
1406 560 1531 598 peccati.
1545 570 1559 586 »
1575 559 1633 596 Qui
1644 569 1700 599 per
1714 560 1809 591 {idem

1039 614 1234 651 excluditur;
1259 613 1342 644 unde
1364 613 1477 643 dicitur
1499 615 1508 631 ⁸
1532 623 1538 642 :
1565 624 1579 640 «
1602 612 1810 644 Adversarius

1039 669 1142 698 vester
1156 667 1310 704 diabolus,
1321 668 1473 705 tanquam
1486 665 1535 695 leo
1546 665 1691 703 rugiens,
1700 666 1811 696 circuit

1038 730 1184 760 quaerens
1197 728 1294 759 quem
1306 720 1435 749 devoret
1447 729 1454 749 ·.
1467 718 1519 748 cui
1530 718 1662 748 resistite
1674 718 1810 749 fortesin

1038 774 1109 804 fide.
1127 784 1142 801 1)
1161 773 1219 804 Et⁹
1237 784 1243 803 ε
1265 784 1279 802 (1
1293 773 1328 803 111
1342 772 1489 803 omnibus
1504 774 1664 802 sumentes
1684 774 1810 803 scutum

1039 825 1131 863 fidei,
1149 825 1182 855 in
1204 834 1268 864 quo
1283 825 1407 864 possitis
1421 824 1530 854 omnia
1546 824 1608 854 tela
1624 824 1810 863 nequissimi

1039 879 1135 917 ignea
1153 878 1352 916 extinguere.
1371 887 1385 906 1)
1403 877 1585 907 Secundum
1605 879 1713 906 autem
1733 876 1809 908 alle-

1041 932 1165 970 goriam
1181 931 1369 970 intelligitur
1386 930 1555 970 imperium
1571 932 1713 969 respectu
1726 939 1808 970 prae-

1039 984 1202 1014 dicationis
1226 984 1346 1021 crucis,
1369 986 1399 1014 et
1423 983 1683 1022 evangelicorum
1705 992 1810 1014 sacra-

1040 1039 1232 1067 mentorum.
1249 1036 1336 1067 Unde
1352 1036 1460 1066 Glossa
1477 1047 1484 1066 z
1503 1047 1517 1063 α
1529 1035 1589 1066 Per
1604 1044 1742 1074 morum,
1759 1045 1811 1067 cu-

1036 1091 1091 1129 Jus
1105 1089 1207 1120 colore
1223 1090 1400 1127 sanguineo
1423 1089 1543 1118 fructus
1558 1090 1589 1118 et
1602 1088 1746 1127 virgulta
1762 1089 1810 1120 vi-

1039 1145 1125 1179 rent,
1149 1143 1361 1181 Evangelinm
1382 1142 1484 1172 crucis
1509 1142 1716 1181 exprimitur,
1739 1151 1811 1182 quae

1040 1205 1096 1235 per
1110 1196 1205 1227 fidem
1221 1196 1443 1235 Apostolorum
1453 1195 1490 1225 de
1506 1197 1602 1233 gente
1612 1194 1627 1225 J
1631 1195 1809 1234 udaeorum,
1834 1207 1930 1257 verdsum

1825 1243 1869 1264 prae
1887 1244 1931 1258 ica-

1826 1269 1899 1289 tionis.

1041 1249 1074 1278 in
1089 1258 1152 1288 qua
1166 1249 1253 1279 velut
1266 1249 1297 1278 in
1309 1249 1404 1287 stirpe
1419 1248 1546 1286 generis
1558 1248 1725 1279 tenebatur
1739 1258 1812 1280 ver-

1041 1301 1118 1330 bum
1132 1301 1373 1339 praedicationis,
1389 1301 1546 1331 eradicata
1558 1302 1615 1338 est,
1631 1303 1660 1330 et
1675 1301 1707 1331 in
1724 1310 1812 1332 mare

1042 1354 1187 1392 gentium
1203 1354 1440 1393 transplantata.
1459 1365 1472 1381 »
1490 1354 1594 1393 Hujus
1608 1355 1740 1393 sanguis
1755 1364 1811 1385 ac-

1041 1407 1145 1437 cendit
1160 1416 1217 1437 nos
1231 1407 1268 1437 ad
1285 1407 1467 1437 conflictum
1485 1409 1593 1437 contra
1609 1409 1749 1438 monstra
1762 1408 1810 1438 vi-

1042 1459 1156 1489 tiorum
1169 1460 1215 1498 (e'ffi
1226 1459 1578 1490 1111110111111ι1011ιιὸαή5ιο
1589 1470 1618 1489 ια
1629 1459 1812 1499 Elephantis

1041 1512 1246 1542 ostenderunt
1260 1513 1453 1551 sanguinem
1470 1522 1543 1543 uva}
1559 1515 1589 1543 et
1605 1513 1701 1551 mori,
1717 1524 1732 1541 »
1751 1516 1809 1544 etc.

1042 1563 1116 1594 Ilaec
1135 1564 1374 1603 transplantatio
1396 1574 1452 1604 per
1478 1565 1572 1595 tidem
1596 1565 1812 1604 apostolorum

1041 1617 1233 1654 docentium,
1250 1620 1281 1648 et
1295 1618 1449 1648 miracula
1462 1618 1654 1654 facientium,
1671 1619 1750 1648 facta
1764 1620 1812 1649 est

1041 1669 1074 1700 in
1098 1670 1232 1701 Ecclesia
1255 1672 1292 1702 de
1313 1671 1465 1701 Gentibus
1488 1673 1697 1710 congregata.
1722 1671 1811 1702 Unde

1040 1723 1178 1754 Jommes
1193 1725 1212 1740 ¹¹
1231 1736 1238 1755 :
1261 1736 1274 1753 11
1290 1725 1350 1761 Qui
1364 1725 1462 1755 credit
1483 1725 1516 1755 in
1536 1734 1598 1763 me,
1622 1734 1717 1764 opera
1739 1734 1811 1765 quae

1041 1785 1103 1815 ego
1125 1777 1218 1815 facio,
1235 1780 1266 1808 et
1288 1778 1353 1817 ipse
1375 1778 1479 1815 faciet,
1500 1780 1529 1808 et
1554 1779 1676 1817 majora
1693 1778 1810 1809 horum

1040 1829 1140 1860 faciet.
1157 1840 1170 1857 n
1192 1830 1226 1860 In
1241 1831 1338 1869 hujus
1352 1831 1491 1869 figuram
1514 1830 1628 1861 dicitur
1643 1830 1664 1849 ¹³
1681 1841 1688 1861 ε
1708 1842 1722 1859 (1
1736 1831 1811 1862 Fide

1040 1882 1125 1912 muri
1156 1882 1280 1912 Jericbo
1298 1885 1498 1915 ,corruerunt
1524 1883 1658 1914 circuitu
1687 1883 1810 1914 dierum

1039 1936 1168 1972 septem.
1186 1934 1206 1963 1³
1210 1935 1259 1964 ide
1270 1934 1378 1965 Raliab
1395 1936 1543 1966 meretrix
1555 1945 1619 1966 non
1630 1936 1722 1975 periit
1736 1945 1810 1967 cum

1039 1986 1246 2017 incredulis.»
1266 1987 1300 2016 In
1316 1996 1379 2026 quo
1395 1987 1584 2026 intelligitur
1598 1990 1810 2029 transplanta-

1038 2040 1080 2069 tio
1095 2040 1176 2070 mori
1191 2041 1224 2070 in
1242 2050 1329 2071 mare
1345 2050 1400 2080 per
1414 2043 1669 2081 reprobationem
1681 2043 1809 2075 Judaeo-

1037 2101 1123 2129 rum,
1137 2095 1167 2122 et
1182 2093 1367 2123 electionem
1383 2094 1552 2131 gentilium
1569 2095 1805 2134 praedictorum.

1077 2147 1105 2174 7.
1118 2145 1196 2183 Quis
1206 2149 1313 2176 antem
1324 2150 1460 2176 restrum
1470 2146 1587 2177 liabens
1595 2157 1734 2186 servum,
1745 2151 1805 2180 etc.

1037 2197 1110 2227 Post
1125 2198 1306 2237 exemplum
1321 2199 1539 2229 manuducens
1551 2200 1588 2230 ad
1601 2200 1694 2230 tidem
1709 2201 1805 2232 fervi-

1035 2249 1118 2287 dam,
1135 2250 1241 2280 subdit
1254 2250 1305 2279 bic
1327 2251 1509 2290 exemplum
1530 2252 1748 2284 manuducens
1766 2255 1806 2286 ad

1034 2302 1243 2333 bumilitatem
1278 2303 1468 2334 timoratam.
1502 2304 1536 2335 In
1569 2305 1668 2345 huius
1696 2309 1804 2339 autem

1033 2356 1169 2394 exempli
1192 2356 1400 2395 descriptione
1423 2357 1482 2387 hoc
1503 2358 1613 2388 ordine
1635 2360 1775 2398 procedit
1793 2372 1799 2391 :

1031 2408 1177 2447 proponit
1193 2417 1330 2447 namque
1344 2409 1532 2449 obsequium
1554 2411 1725 2450 servitutis,
1748 2421 1798 2442 as-

1031 2462 1128 2491 sumit
1149 2462 1365 2492 necessitatem
1391 2463 1566 2500 serviendi,
1590 2465 1621 2494 et
1642 2464 1800 2497 concludit

1029 2515 1241 2545 humilitatem
1257 2515 1428 2554 spiritualis
1442 2516 1614 2546 servitutis

1028 2617 1065 2640 vi,
1086 2613 1122 2635 16.
1138 2624 1168 2629 -
1188 2612 1227 2634 ΙοΙ
1246 2612 1338 2642 Maeli„
1353 2618 1390 2642 vx,
1411 2614 1451 2636 3-1.
1469 2625 1494 2630 -
1515 2612 1533 2628 ¹¹
1549 2612 1630 2641 Jeme„
1647 2616 1750 2642 111312.
1766 2628 1796 2633 —

1028 2646 1048 2663 ¹²
1076 2646 1160 2675 Helm,
1184 2652 1222 2676 M,
1247 2649 1328 2670 ‘du-3¹.
1343 2660 1373 2664 —
1401 2647 1434 2677 (a)
1456 2647 1515 2671 Coet.
1544 2647 1603 2672 edit.
1630 2649 1743 2678 Propter.
1768 2663 1793 2667 ——

1027 2681 1060 2711 (b)
1077 2681 1137 2704 Ceri.
1154 2681 1212 2706 edit.
1229 2682 1296 2705 deest
1311 2682 1372 2707 si,—
1389 2682 1416 2711 (ι’)
1429 2682 1490 2706 Coet.
1504 2682 1564 2706 edit.
1578 2682 1698 2707 virorum.
