1987 3032
244 198 302 228 166

244 264 388 303 passione
398 262 539 303 corporis
550 264 557 278 ¹
569 272 576 292 2
591 272 605 290 a
614 260 764 291 Percussa
776 262 824 290 est
836 261 928 291 tertia
939 269 1012 301 pars

244 316 328 355 solis,
338 318 368 347 et
381 316 473 347 tertia
483 324 556 355 pars
569 314 666 351 lunae,
681 315 711 343 et
721 313 814 344 tertia
826 322 899 353 pars
910 313 1012 344 stella-

243 378 328 400 rum.
337 380 352 398 »
362 368 451 406 Quod
459 368 593 399 refertur
602 366 641 396 ad
650 374 774 405 corpuS,
781 366 976 405 quiadicitur
983 367 1008 396 ²:

247 433 263 451 a
278 422 374 452 Draco
384 421 480 452 traxit
491 419 616 450 tertiam
630 421 753 458 partem
763 418 936 449 stellarum.
952 430 967 447 υ

283 474 448 511 Secundo,
469 474 626 513 quantum
647 471 687 502 ad
703 472 852 502 naturam
873 471 1011 502 elemen-

243 532 343 560 tarem
355 527 476 558 subdit:
493 526 537 557 Et
546 526 579 556 in
589 525 681 555 terris
690 533 841 564 pressura
854 525 1009 565 yendum,

241 591 311 622 prae
327 580 514 619 confusione
527 578 648 609 sonitus
662 578 778 616 maris,
795 582 824 608 et
841 578 1010 617 fluctuum.

243 634 326 665 Beda
349 634 360 650 ³
387 644 393 663 z

242 687 365 718 sonitus
381 685 480 716 maris
492 686 523 716 et
540 685 697 715 fluctuum
713 683 926 722 confunditur,
939 685 1014 724 quia

241 740 448 780 appropiante
464 739 503 778 (a)
521 738 657 769 termino
675 746 732 768 suo
749 736 905 768 elementa
923 738 1013 777 quasi

242 793 391 833 paventia
400 794 514 823 nutant
527 794 558 822 et
572 792 725 822 tremunt.
740 801 754 818 n
773 790 812 821 Et
825 791 964 831 Sapiens
977 791 987 807 ⁴
1004 801 1010 820 :

247 859 262 876 «
275 846 415 886 Accipiet
427 846 626 876 armaturam
641 843 726 874 zelus
741 843 844 882 illius,
862 846 892 874 et
907 853 1013 874 arma-

243 900 289 930 bit
296 900 334 930 ad
346 899 498 930 ultionem
504 898 718 928 inimicorum.
726 908 740 925 n
753 896 884 936 Etpost:
898 907 912 925 a
920 896 1014 927 [bunt

243 953 358 983 directe
373 951 558 982 emissiones
572 950 742 989 fulgurum
753 973 761 988 ,
783 952 814 980 et
827 951 981 989 tauquam
997 958 1014 979 e

242 1005 322 1036 bene
332 1006 463 1035 curvato
471 1012 546 1034 arcu
553 1002 689 1034 nubium
700 1001 1012 1039 exterminabuntur,

243 1060 273 1089 et
291 1057 330 1088 ad
345 1060 468 1088 certum
490 1056 596 1087 locum
613 1055 770 1086 insalient.
796 1054 835 1085 Et
857 1064 876 1084 a
890 1057 1014 1094 petrosa

243 1112 290 1142 ira
303 1111 405 1151 plenae
421 1111 586 1141 mittentur
602 1109 776 1148 grandines
784 1132 794 1147 ‚
809 1110 840 1139 et
855 1108 1013 1138 excande-

243 1167 308 1195 scet
322 1164 344 1194 il
358 1164 429 1194 illos
443 1172 526 1202 aqua
547 1162 654 1192 maris.
671 1172 686 1190 »
705 1161 793 1192 Unde
808 1164 886 1192 tunc
909 1161 1014 1191 verifi-

243 1217 367 1248 cabitur
381 1216 460 1247 illnd
475 1219 485 1235 ὓ
502 1227 508 1246 :
527 1227 541 1244 a
559 1215 594 1245 In
609 1215 723 1255 spiritu
740 1214 857 1244 furoris
871 1214 918 1244 tui
937 1222 1012 1244 con-

244 1273 390 1309 gregatae
405 1272 480 1300 sunt
502 1277 606 1308 aquae.
620 1279 635 1296 »
655 1268 725 1307 lpse
739 1267 825 1298 enim
839 1267 993 1297 Dominus
1004 1291 1011 1304 ‚

243 1324 300 1363 qui
315 1323 484 1354 conturbat
498 1330 596 1352 mare.
613 1321 652 1352 Et
663 1321 692 1350 ⁶:
711 1320 804 1360 «Ego
820 1329 892 1350 sum
907 1319 1015 1350 Domi-

244 1385 306 1406 nus
322 1376 404 1406 Dens
418 1378 509 1413 tuus,
526 1374 581 1414 qui
594 1373 748 1404 conturbo
763 1382 851 1403 mare
862 1397 869 1410 ,
886 1375 917 1403 et
929 1373 1015 1403 intu-

244 1431 389 1460 mescunt
402 1429 527 1459 fluctus.
544 1438 559 1455 n
579 1427 617 1458 Et
630 1427 692 1457 hoc
710 1426 840 1466 quidem
852 1427 939 1465 justo
955 1426 1014 1465 ju-

246 1481 328 1512 dicio
342 1490 412 1519 suo,
425 1480 501 1520 quia
510 1505 517 1518 ‚
529 1480 609 1510 sicut
622 1478 753 1509 dicitur⁷
769 1489 776 1508 ;
790 1489 805 1507 α
818 1478 909 1518 Impii
925 1478 1014 1517 qnasi

246 1544 334 1565 mare
348 1535 473 1565 fervens
483 1558 490 1571 ‚
514 1533 600 1572 quod
624 1532 786 1572 quiescere
801 1540 866 1562 non
891 1534 991 1571 potest
1005 1555 1012 1569 ,

246 1592 277 1619 et
284 1587 585 1618 redundantssuctus
592 1587 661 1625 ejus
668 1585 699 1615 in
709 1584 1011 1615 conculcationem.»

247 1642 285 1672 Et
298 1644 374 1672 tunc
387 1641 448 1671 erit
458 1639 607 1679 confusio
617 1638 762 1669 omnium
773 1637 1014 1675 elementorum,

245 1696 339 1734 Juxta
359 1694 445 1734 quod
466 1694 500 1723 in
519 1692 655 1732 AEgypto
678 1692 795 1722 factum
820 1693 885 1728 est,
910 1699 1018 1720 secun-

249 1748 326 1779 dum
341 1747 418 1778 illud
431 1749 441 1765 ⁸
458 1755 466 1776 :
485 1758 499 1775 «
513 1745 638 1776 Grando
651 1746 682 1775 et
696 1744 782 1783 ignis
795 1744 888 1774 mista
902 1743 1019 1783 pariter

249 1801 442 1832 ferebantur.
457 1810 471 1827 n
493 1798 530 1829 Et
544 1798 576 1828 in
591 1798 650 1828 hac
665 1796 848 1827 confusione
863 1796 922 1826 erit
936 1797 1020 1827 soni-

251 1858 300 1884 tus
314 1853 479 1890 terribilis,
489 1854 563 1882 tunc
573 1850 660 1881 enim
675 1849 890 1881 verificabitur
903 1849 979 1880 illud
990 1852 1016 1879 ⁹:

255 1919 270 1937 α
283 1907 352 1939 Vox
367 1906 492 1938 Domini
508 1913 604 1945 super
617 1913 716 1944 aquas
727 1928 735 1942 ‚
751 1904 833 1934 Deus
848 1904 1021 1943 maiestatis

250 1960 406 1997 intonuit,
435 1958 587 1989 Dominus
615 1966 710 1997 super
734 1966 833 1996 aquas
857 1956 985 1987 multas.
1002 1967 1016 1984 n

252 2013 309 2043 Hic
323 2012 408 2043 enim
425 2011 548 2042 sonitus
558 2011 703 2049 designat
719 2010 859 2040 sonitum
873 2009 1022 2040 terribilis

252 2066 338 2097 vocis
353 2065 452 2105 ipsius
463 2064 589 2104 Judicis.
612 2063 700 2094 Unde
723 2062 836 2093 dicitur
850 2062 870 2079 ¹⁰
889 2073 918 2094 :a
934 2062 1022 2094 Oculi

253 2119 323 2157 ejus
337 2120 490 2158 tanquam
513 2117 643 2147 flamma
662 2115 763 2154 ignis,
785 2118 816 2146 et
835 2115 930 2154 pedes
954 2116 1023 2154 ejus

254 2171 373 2202 similes
387 2170 582 2207 aurichalco,
597 2169 685 2200 velut
700 2169 734 2198 in
748 2168 873 2198 camino
888 2169 1021 2207 ardenti,

255 2227 286 2255 et
300 2233 364 2255 vox
378 2224 463 2254 illius
483 2225 636 2262 tanquam
650 2230 715 2252 vox
731 2230 887 2260 aquarum
907 2221 1024 2252 multa-

256 2287 340 2308 rum.
357 2288 371 2306 u
394 2276 431 2307 Et
446 2278 465 2293 ¹¹
489 2286 496 2306 :
517 2288 532 2305 α
544 2275 721 2306 Audiebam
743 2283 857 2304 sonum
875 2275 999 2305 alarum
1015 2299 1022 2311 ,

257 2330 347 2369 quasi
362 2339 477 2360 sonum
491 2337 647 2369 aquarum
662 2327 837 2358 multarum
849 2351 858 2365 ,
875 2327 914 2364 (b)
935 2329 1024 2367 quasi

258 2391 374 2413 sonum
395 2382 539 2412 sublimis
554 2381 607 2412 Dei
620 2392 627 2418 3
643 2389 728 2420 „cum
743 2380 920 2410 ambularet
936 2381 1025 2419 quasi

259 2444 356 2466 sonus
364 2436 431 2465 erat
440 2435 665 2473 multitudinis,
672 2436 708 2465 ut
716 2443 813 2466 sonus
819 2435 991 2465 castrorum
997 2446 1021 2464 .»

291 2516 298 2531 ¹
314 2516 397 2545 Apoc„
414 2520 470 2544 vin,
488 2517 553 2538 12.—
570 2516 580 2530 ’Ξ
595 2515 670 2544 1bi‹l.,
681 2521 726 2545 mx,
741 2518 795 2539 4.—
809 2516 819 2531 ³
835 2516 907 2546 Bcd„
921 2516 947 2538 ιἰι
960 2516 1026 2545 Luc„

260 2550 304 2574 lib.
317 2550 361 2581 Vl,
374 2557 397 2574 c.
412 2555 572 2574 Lxxxx'111.—
587 2550 597 2566 δ
611 2550 681 2580 Sap..
697 2556 720 2580 v,
737 2552 773 2580 ¹8,
787 2550 900 2574 22›23.—
914 2552 921 2564 ³
936 2550 1027 2581 Esod„

261 2591 305 2614 xv,
321 2586 343 2609 8.
362 2598 390 2602 —
404 2587 412 2599 ⁶
427 2586 486 2615 Istc,
501 2591 536 2615 ιι,
553 2586 622 2608 15.—
637 2586 643 2598 ⁷
660 2585 732 2613 ibid.,
748 2591 809 2614 Lm,
824 2587 900 2609 20.—
915 2586 923 2599 ³
939 2585 1026 2612 Exod..

263 2627 298 2650 ix,
318 2622 356 2644 Ξῖ.
372 2634 400 2638 --
417 2621 428 2636 ⁹
452 2620 516 2644 psal.
537 2626 629 2649 xxvvi,
652 2621 674 2643 3.
695 2634 719 2637 —-
737 2621 756 2636 ¹⁰
771 2621 852 2650 Asea,
870 2621 1028 2649 ¹:14·15·-·

263 2657 278 2671 ¹¹
299 2656 425 2685 1'3'1224‘4.:l‚
440 2658 508 2679 24.—
521 2656 541 2672 Η
557 2656 635 2678 ,Urtttls
651 2675 656 2682 ,,
671 2661 710 2682 μ’,
728 2659 780 2679 tj.—
797 2656 816 2671 Η
832 2656 902 2684 ned„
918 2655 959 2679 ubi
971 2663 1027 2686 sup.

421 644 436 662 a
453 632 634 672 Apparente
651 631 689 670 (a)
713 632 856 662 extremo
871 631 1010 671 Judicio,
1033 644 1036 645 ⁷

786 193 997 225 EVANGELH
1020 193 1161 225 SANCTl
1182 193 1293 225 LUCAE

1104 260 1225 300 Tertio,
1244 264 1401 301 quantum
1414 262 1455 293 ad
1467 264 1612 292 naturam
1626 262 1831 302 rationalem,

1065 313 1171 344 subdit
1177 314 1218 353 (v.
1230 314 1291 353 affl:
1303 314 1522 346 Arescentibus
1531 314 1788 355 leonu'nibusproe
1796 317 1834 347 ti·

1066 375 1154 396 more
1167 370 1197 396 et
1213 367 1427 406 expectatione
1442 376 1513 407 quoe
1526 368 1748 407 supervenient
1765 368 1835 399 uni-

1066 428 1154 450 verso
1167 419 1247 450 orbi.
1265 418 1354 450 Tunc
1374 420 1462 450 enim
1483 420 1666 460 implebitur
1685 420 1764 452 illud
1781 421 1804 438 ¹²
1824 431 1833 452 ι

1071 471 1192 502 «Media
1198 474 1290 503 nocte
1300 472 1419 503 clamor
1427 473 1526 503 sactus
1535 476 1581 504 est
1591 485 1598 504 :
1612 473 1688 506 Ecce
1699 483 1836 514 sponsus

1067 524 1164 562 venit,
1176 535 1191 552 υ
1203 527 1262 555 etc.
1273 524 1361 556 Unde
1376 525 1513 556 Glossa¹⁸
1523 536 1529 556 :
1538 537 1554 555 α
1566 526 1632 557 Hoc
1646 526 1685 558 de
1699 527 1767 567 ipso
1777 527 1834 558 ad-

1066 579 1165 608 ventu
1180 577 1380 616 intelligitur,
1394 587 1470 609 cum
1481 587 1593 610 omnes
1603 579 1748 619 virgines
1762 588 1837 620 pru-

1067 629 1174 660 dentes
1191 633 1222 661 et
1236 631 1331 662 fatuae
1347 631 1473 662 insolito
1496 632 1633 663 clamore
1654 633 1835 672 suscitatae,

1066 683 1228 723 lampades
1241 687 1355 715 ornant
1366 709 1374 722 ,
1390 684 1422 715 id
1435 686 1499 722 est,
1526 694 1585 715 sua
1607 694 1717 716 secum
1740 693 1837 725 opera

1067 739 1253 775 numerant,
1271 746 1329 777 pro
1346 737 1462 777 quibus
1476 738 1618 768 maximo
1632 747 1706 769 cum
1721 738 1837 769 timore

1064 789 1263 829 JamJamque
1298 790 1470 821 instantem
1503 791 1614 821 aeterni
1645 790 1837 822 discriminis

1068 844 1234 882 expectant
1247 843 1434 874 adventum.
1447 855 1461 872 »
1481 843 1636 875 Dicuntur
1659 846 1766 875 autem
1781 844 1837 875 ho-

1068 895 1170 925 mines
1194 905 1333 927 arescere
1349 920 1358 935 ,
1389 897 1445 937 qui
1477 897 1627 927 vixerunt
1660 896 1836 929 secundum

1068 958 1207 980 carnem.
1224 949 1304 980 Nam
1329 950 1430 981 Jsaz‘as
1446 950 1466 966 ¹‘
1483 959 1491 980 :
1516 961 1531 978 α
1546 949 1657 981 Omnis
1681 958 1755 980 caro
1777 949 1837 981 ἰω-

1068 1011 1186 1033 num.»
1205 1002 1242 1033 Et
1259 1005 1329 1043 post
1346 1012 1353 1034 :
1373 1002 1599 1034 «Exsiccatnm
1613 1005 1660 1034 est
1676 1002 1807 1041 t'oenum,
1818 1013 1833 1031 υ

1067 1058 1125 1086 ete.
1142 1055 1228 1086 Unde
1239 1059 1268 1086 et
1279 1056 1415 1087 Jacobus
1426 1057 1447 1072 ¹⁵
1459 1066 1488 1086 :a
1501 1055 1638 1087 Exortus
1648 1059 1695 1088 est
1703 1056 1750 1087 sol
1760 1065 1837 1087 cum

1068 1109 1180 1139 ardore
1191 1134 1199 1147 ‚
1215 1112 1245 1140 et
1260 1110 1385 1140 arefecit
1399 1111 1532 1140 foenurn.
1542 1121 1556 1138 n
1574 1109 1628 1141 Sol
1639 1109 1772 1149 justitiae
1786 1118 1838 1140 ve-

1068 1161 1158 1192 niens
1171 1162 1209 1193 ad
1223 1162 1390 1201 judicium.
1406 1162 1494 1194 Unde
1505 1162 1587 1194 Beda
1597 1163 1617 1180 ¹⁶
1630 1173 1660 1194 :a
1672 1162 1707 1194 ln
1719 1171 1838 1203 expec-

1068 1215 1186 1245 tatione
1201 1215 1333 1246 districti
1349 1216 1516 1254 examinis,
1536 1216 1640 1253 multi,
1659 1216 1715 1256 qui
1729 1216 1764 1246 in
1777 1215 1839 1246 hoc

1069 1267 1190 1298 mundo
1211 1268 1325 1298 florere
1339 1268 1539 1306 videbantur,
1560 1271 1763 1306 exarescent,
1786 1277 1839 1299 se-

1069 1321 1210 1352 cundum
1233 1321 1312 1352 illud
1329 1322 1349 1341 ¹⁷
1368 1333 1398 1352 :a
1409 1322 1514 1352 Irruat
1528 1331 1624 1362 super
1637 1330 1691 1353 eos
1705 1321 1840 1353 formido

1070 1375 1101 1404 et
1114 1382 1214 1413 pavor
1228 1373 1260 1403 in
1275 1374 1498 1413 magnitudine
1521 1374 1642 1405 brachii
1656 1374 1703 1405 tui
1714 1398 1724 1412 ,
1739 1385 1754 1403 n
1778 1376 1838 1405 etc.
1878 1400 1884 1409 ,

1070 1425 1159 1456 Tunc
1174 1426 1207 1456 in
1221 1426 1293 1464 illis,
1304 1427 1337 1456 in
1350 1426 1466 1466 quibus
1478 1426 1630 1457 securitas
1644 1427 1703 1458 fuit
1716 1431 1747 1458 et
1761 1436 1841 1466 gau-

1071 1479 1160 1509 dium
1173 1503 1180 1516 ,
1203 1488 1269 1509 non
1290 1479 1349 1509 erit
1373 1479 1433 1508 nisi
1454 1479 1551 1509 timor
1571 1481 1601 1509 et
1619 1479 1742 1517 luctus,
1763 1480 1841 1520 quia

1071 1532 1186 1563 dicitur
1202 1533 1222 1550 ¹³
1240 1543 1270 1562 z«
1285 1532 1363 1563 Cum
1377 1532 1533 1563 dixerint:
1553 1532 1620 1563 Pax
1633 1535 1664 1563 et
1677 1533 1839 1572 securitas,

1071 1588 1147 1615 tunc
1162 1585 1347 1625 repentinus
1370 1585 1416 1615 eis
1430 1585 1633 1624 superveniet
1650 1585 1807 1617 interitus.
1821 1597 1837 1615 n

1052 1637 1160 1668 'Unde
1184 1637 1450 1677 chrysostomus:
1475 1648 1490 1666 (ι
1509 1636 1572 1668 Nec
1594 1638 1654 1668 erit
1677 1639 1843 1670 resistendi

1073 1690 1193 1727 virtus,
1216 1699 1273 1720 nec
1287 1690 1403 1720 latendi
1417 1690 1505 1720 locus
1517 1713 1525 1726 ‚
1546 1699 1604 1720 nec
1623 1691 1844 1722 satisfactionis

1074 1743 1205 1774 facultas
1222 1752 1230 1773 z
1245 1752 1286 1774 ex
1307 1743 1457 1782 angustia
1472 1743 1618 1774 omnium
1633 1753 1742 1775 rernm
1763 1744 1844 1775 nihil

1075 1798 1217 1827 remanet
1228 1796 1290 1826 nisi
1300 1796 1418 1827 luctus.
1429 1795 1539 1826 »Unde
1550 1796 1584 1826 in
1593 1796 1744 1828 Matthoeo
1754 1797 1790 1837 (c)
1801 1798 1822 1814 ¹⁹
1834 1808 1842 1828 :

1080 1861 1093 1878 «
1108 1849 1231 1880 Parebit
1248 1849 1378 1887 signum
1398 1849 1456 1878 filii
1472 1849 1612 1879 hominis
1632 1849 1666 1880 in
1692 1850 1790 1888 coelo,
1814 1853 1846 1881 et

1076 1904 1151 1933 tunc
1165 1902 1318 1942 plangent
1332 1911 1442 1931 omnes
1456 1902 1558 1932 tribus
1573 1904 1676 1933 terrae.
1687 1913 1703 1930 ι)

1117 1955 1245 1993 Quarto,
1262 1957 1420 1994 quantum
1436 1955 1476 1985 ad
1490 1957 1640 1986 naturam
1655 1955 1847 1986 intellectua-

1077 2008 1138 2038 lem
1150 2033 1159 2046 ‚
1175 2007 1282 2038 subdit
1297 2017 1304 2037 z
1320 2008 1408 2038 Nam
1426 2008 1557 2038 ve’rtutes
1571 2008 1724 2039 caelorum
1739 2017 1846 2040 move-

1079 2060 1208 2091 buntur.
1231 2059 1370 2091 Virtutes
1393 2062 1501 2091 autem
1524 2060 1678 2091 coelorum
1696 2063 1771 2092 sunt
1787 2070 1845 2092 an-

1080 2113 1144 2152 geli
1168 2113 1251 2143 beati
1263 2137 1270 2150 ,
1299 2113 1354 2152 qni
1377 2122 1418 2143 ex
1443 2113 1681 2143 conturbatione
1703 2114 1848 2144 omnium

1079 2166 1230 2196 dicuntur
1252 2165 1463 2203 commoveri,
1493 2165 1668 2196 secundum
1692 2165 1771 2196 illud
1790 2166 1814 2184 ’⁰
1839 2177 1846 2197 :

1085 2231 1100 2249 a
1115 2218 1277 2250 Columnae
1290 2219 1359 2249 coeli
1374 2219 1622 2249 contremiscunt
1633 2221 1664 2249 et
1678 2221 1797 2258 pavent
1810 2219 1849 2250 ad

1081 2275 1196 2303 nutum
1207 2273 1286 2312 ejus.
1300 2283 1314 2300 ›>
1326 2272 1482 2302 Dicuntur
1491 2274 1599 2303 autem
1611 2280 1727 2311 pavere
1735 2275 1767 2303 et
1779 2281 1851 2303 con-

1081 2326 1264 2356 tremiscere
1287 2334 1352 2356 non
1374 2325 1489 2356 timore
1512 2333 1634 2365 poenae,
1662 2324 1716 2356 sed
1737 2325 1850 2355 timore

1082 2379 1266 2409 reverentiae
1275 2401 1284 2416 ,
1302 2381 1333 2408 et
1347 2379 1479 2408 horrore
1493 2377 1611 2408 divinae
1625 2377 1785 2414 vindictae,
1799 2385 1850 2407 se-

1082 2431 1223 2462 cundum
1237 2431 1316 2462 illud
1328 2433 1346 2447 ²¹
1368 2442 1374 2461 :
1393 2443 1408 2460 (ι
1423 2431 1502 2461 Cum
1516 2430 1660 2461 sublatus
1678 2430 1774 2460 fuerit
1785 2454 1794 2468 ,
1809 2429 1850 2460 ti-

1085 2521 1110 2524 —
1124 2509 1141 2523 ¹⁴
1156 2508 1215 2538 lsa„
1229 2513 1275 2537 xz,
1292 2508 1382 2537 o‚7.-
1395 2508 1414 2523 ¹³
1428 2507 1520 2536 Jac.,1‚
1537 2508 1604 2529 Η.-
1621 2506 1638 2519 ¹⁶
1651 2506 1725 2536 Bed„
1740 2506 1782 2529 ubi
1793 2512 1848 2537 sup.

1084 2557 1110 2560 —
1127 2543 1146 2559 ¹⁷
1164 2543 1254 2572 Ezod„
1275 2549 1316 2572 xv,
1334 2544 1371 2566 Ιῦ.
1390 2541 1576 2571 -¹³1Thess.‚
1594 2546 1617 2570 V,
1634 2542 1657 2564 3.
1671 2553 1702 2558 —
1715 2541 1736 2557 ¹⁹
1746 2541 1849 2571 Mami„

1083 2585 1155 2609 xxiv,
1169 2581 1206 2602 30.
1217 2592 1246 2596 —
1260 2579 1280 2594 ²⁰
1292 2578 1343 2604 soh.
1359 2583 1431 2607 xxvi,
1451 2578 1486 2601 lo.
1501 2589 1530 2594 —
1544 2576 1563 2592 ²¹
1577 2575 1650 2606 ibid„
1664 2581 1715 2606 xm,
1729 2577 1764 2600 ⁵6.

1116 2619 1148 2648 (a)
1165 2618 1224 2641 Coee.
1238 2617 1298 2641 edit,
1314 2617 1572 2648 appropinquaulc.—-
1590 2616 1621 2645 [ld]
1640 2616 1700 2640 Coet.
1716 2615 1775 2639 elit.
1790 2615 1848 2640 add.

1084 2658 1116 2677 et.
1133 2667 1160 2671 —
1175 2656 1201 2682 (ν)
1219 2654 1269 2677 Coe!
1294 2653 1350 2676 «alil.
1368 2653 1440 2677 Unde
1460 2652 1601 2675 Matthaeus.
