1987 3032
738 199 941 230 EXPOSITiO
965 197 1003 227 lN
1026 197 1110 227 CAP.
1133 196 1225 227 XXII.

184 269 238 306 jus
251 268 502 307 designationem
524 265 638 296 dicitur
653 267 674 304 ¹,
699 266 785 305 quod
805 267 843 296 de
858 266 953 296 latere

187 320 302 350 Christi
320 332 334 348 α
353 319 452 349 exivit
467 320 601 358 sanguis
619 321 650 349 et
670 328 764 358 aqua.
785 330 799 347 n
825 319 863 350 Et
883 318 953 348 ideo

186 373 321 404 Ecclesia
347 372 444 402 sumit
465 374 600 411 utraque
625 373 808 402 commixta.
838 371 953 402 Trans-

186 424 411 456 substantiatur
427 426 466 463 (α)
488 428 594 455 autem
614 427 717 455 totum
738 425 815 455 illud
830 425 863 455 in
879 434 951 455 san-

185 477 317 517 guinem
332 477 446 507 Christi
459 486 583 507 verum.
597 476 683 507 Unde
694 477 808 508 dicitur
823 478 832 493 ²
849 488 854 507 :
872 489 886 506 «
902 477 954 507 Ca-

184 531 228 561 lix
234 530 457 560 benedictionis
464 540 500 560 cu
506 531 514 559 i
520 530 748 568 benedicimus,
757 540 863 561 nonne
871 540 954 561 com-

185 583 356 613 municatio
372 583 537 621 sanguinis
551 582 665 613 Christi
679 584 747 614 est?
763 596 777 612 »
796 583 854 613 Per
868 584 953 614 hunc

184 636 270 667 enim
276 636 464 675 sanguinem
474 644 593 666 novum
604 637 827 667 confirmatum
837 639 882 666 051
895 639 954 667 tes-

184 691 372 720 tamentum.
398 689 485 720 Unde
504 689 542 719 ad
562 690 712 720 Hebraeos
728 692 737 708 ⁸
754 701 760 720 :
783 701 796 718 (ι
811 689 874 720 Νο0
887 690 950 729 pri-

184 753 273 774 mum
299 743 428 782 quidem
456 745 680 774 testamentum
704 744 770 774 51110
794 743 953 782 sanguine

183 797 361 827 dedicatum
375 798 432 826 est.
448 806 462 823 1)
487 795 574 826 Unde
589 797 621 826 in
643 797 758 828 Exodo
774 797 804 827 ⁶:
829 809 844 826 (ι
857 796 953 827 Sum-

183 852 273 889 ptum
297 849 488 888 sanguinem
512 850 660 888 respersit
680 850 712 879 in
731 850 902 889 populum,
923 853 953 881 et

183 903 227 932 ait
245 913 251 933 z
277 902 333 932 Hic
357 906 403 932 est
424 902 558 941 sanguis
578 902 714 939 foederis,
732 903 815 942 quod
832 904 954 943 pepigit

184 955 337 986 Dominus
362 955 525 985 vobiscum
541 964 636 995 super
655 956 773 986 cunctis
797 957 953 986 sermoni-

183 1009 243 1039 bus
258 1008 319 1038 his.
335 1020 349 1036 »
379 1008 439 1039 Sed
462 1008 514 1039 ille
534 1009 592 1039 fuit
607 1010 739 1048 sanguis
752 1010 951 1046 animalium,

183 1061 239 1100 qui
264 1070 328 1091 non
352 1062 454 1100 potuit
475 1062 599 1091 auferre
619 1064 755 1100 peccata,
776 1063 952 1093 secundum

183 1113 262 1144 illud
282 1114 291 1129 ⁵
314 1124 321 1143 :
351 1124 365 1141 «
390 1113 583 1153 Impossibile
607 1115 692 1144 enim
718 1119 764 1144 est
792 1115 952 1153 sanguine

183 1169 349 1197 taurorum
369 1168 398 1196 et
416 1166 578 1196 hircorum
599 1167 715 1197 auferri
731 1169 866 1206 peccata.
883 1179 897 1196 2>
916 1168 954 1198 Et

183 1219 253 1249 ideo
267 1221 491 1249 testamentum
506 1219 585 1249 illud
599 1220 658 1250 fuit
672 1222 763 1250 vetus
778 1222 809 1250 et
828 1222 952 1260 tempo-

184 1273 260 1302 rale.
271 1272 505 1302 Testamentum
515 1282 595 1311 ergo
606 1282 726 1303 novum
739 1273 874 1303 dedicari
889 1282 953 1303 non

183 1326 294 1365 potuit,
312 1334 370 1355 nec
384 1325 493 1355 debuit
503 1348 510 1361 ‚
533 1325 593 1355 nisi
608 1326 640 1355 in
655 1326 812 1363 sanguine
828 1325 951 1356 Christi.

184 1378 255 1409 ldeo
270 1378 315 1408 acl
330 1378 479 1409 Hebraeos
497 1381 507 1396 ⁶
525 1387 532 1406 τ
553 1389 567 1406 «
587 1378 729 1408 Christus
746 1380 854 1408 autem
875 1379 951 1408 assi-

183 1433 267 1462 stens
283 1431 424 1470 pontifex
438 1431 621 1460 futurorum
637 1431 806 1467 bonorum,
819 1440 875 1470 per
890 1440 954 1460 am-

182 1484 263 1524 plius
277 1486 307 1513 et
322 1482 487 1523 perfectius
502 1483 742 1514 tabernaculum
759 1493 823 1513 1100
840 1493 953 1514 manu-

182 1538 315 1574 factum,
336 1537 366 1567 id
382 1538 443 1573 est,
464 1545 528 1566 non
542 1536 640 1575 hujus
655 1536 832 1574 creationis,
848 1545 953 1576 neque

182 1599 238 1629 per
252 1589 445 1628 sanguinem
456 1589 619 1620 hircorum
633 1591 687 1619 aut
697 1589 882 1626 vitulorum,
899 1590 953 1620 sed

182 1652 238 1683 per
253 1643 419 1682 proprium
441 1643 633 1681 sanguinem
652 1642 794 1673 introivit
808 1643 904 1673 semel
919 1643 953 1673 in

182 1698 301 1734 sancta,
319 1698 436 1726 aeterna
446 1696 663 1735 redemptione
676 1695 816 1726 inventa.
831 1695 869 1725 Et
884 1696 953 1726 ideo

182 1750 257 1781 novi
272 1749 451 1780 testamenti
466 1749 620 1779 mediator
635 1750 692 1778 est.
709 1760 724 1776 »
745 1748 779 1778 Et
795 1749 876 1779 ratio
888 1749 953 1780 hu—

178 1804 232 1842 jus
257 1805 321 1839 est,
347 1802 421 1841 quia
440 1801 597 1839 sanguine
617 1801 731 1831 Christi
754 1802 951 1841 redemptum

182 1859 229 1886 est
244 1864 346 1894 genus
360 1855 551 1885 humanum.
569 1854 640 1884 Ideo
655 1854 700 1884 acl
712 1855 861 1885 Hebroeos
873 1855 952 1886 dici—

183 1911 236 1939 tur
251 1908 261 1924 ⁷
280 1919 286 1938 ι
309 1919 323 1936 «
337 1907 410 1938 Sine
425 1907 592 1946 sanguinis
607 1907 759 1938 effusione
774 1917 838 1939 non
852 1909 888 1938 fit
902 1918 952 1939 re-

183 1961 303 1999 missio,
318 1972 332 1989 »
351 1970 416 1991 non
430 1962 669 2000 cujuscumque,
684 1962 737 1992 sed
748 1962 801 1992 Dei
815 1963 903 2001 agni,
921 1965 952 1993 et

183 2015 288 2055 sponsi
311 2015 384 2045 Jesu
405 2014 529 2044 Christi.
553 2014 640 2045 Unde
659 2015 693 2045 in
710 2016 926 2056 Apocalypsiss
942 2026 952 2048 .-

189 2081 203 2097 «
218 2068 387 2099 Redemisti
402 2077 459 2098 nos
475 2068 535 2098 Deo
545 2068 743 2107 insanguine
756 2071 823 2100 tuo.
841 2081 854 2098 2>
874 2070 947 2100 Et⁹÷

187 2134 201 2151 «
217 2122 276 2158 Qui
291 2121 400 2152 dilexit
414 2130 481 2159 n08‚
499 2123 530 2151 et
544 2121 621 2152 lavit
637 2130 693 2151 005
708 2131 726 2151 3
740 2123 872 2161 peccatis
882 2132 953 2154 nos-

182 2177 238 2207 tris
258 2176 291 2205 in
308 2175 466 2214 sanguine
481 2183 548 2205 suo.
566 2186 580 2203 »
604 2175 641 2205 Et
655 2176 731 2214 quia
746 2185 802 2214 per
817 2177 946 2215 sangui-

182 2239 255 2260 nem
270 2229 371 2259 crucis
386 2230 455 2267 erS
474 2229 651 2267 pacificavit
665 2229 731 2259 sive
747 2238 818 2268 quae
836 2229 869 2259 in
888 2232 951 2260 ter-

181 2283 236 2319 ris,
256 2282 322 2312 sive
342 2290 414 2321 quae
432 2282 465 2311 in
480 2281 566 2311 coelis
580 2284 670 2320 sunt,
687 2282 767 2312 sicut
783 2282 855 2313 dicit
873 2283 952 2314 Pau-

182 2337 234 2367 lus
247 2337 285 2373 ¹⁰;
303 2335 372 2366 ideo
388 2334 555 2373 sanguinis
573 2335 762 2365 sacrificium
782 2336 873 2367 debet
886 2346 952 2368 esse

182 2390 415 2419 sacramentum
427 2387 653 2425 restssutivum,
665 2397 762 2427 quem
771 2389 867 2419 etiam
876 2390 951 2421 lam-

182 2442 258 2472 bant
271 2441 349 2480 pulli
363 2440 490 2480 aquilae,
509 2441 684 2471 secundum
700 2441 776 2472 illud
794 2443 811 2458 ¹¹
826 2454 855 2473 z«
871 2442 952 2474 Pulli

214 2521 316 2549 ¹.locm.,
341 2527 396 2550 xix,
415 2522 452 2543 34.
470 2534 495 2537 -—
517 2521 525 2536 ἰ
546 2521 551 2543 Ι
577 2520 644 2550 σοιν,
662 2523 776 2550 x‚1t;.—
791 2522 800 2537 ³
816 2522 950 2554 Heln·.,1x‚

184 2556 220 2579 18.
235 2568 264 2573 -
280 2556 290 2571 ⁶
302 2555 478 2586 Etod.‚xx1v,
493 2557 516 2578 8.
536 2569 561 2572 -
584 2556 594 2571 5
611 2555 695 2585 Helua,
712 2563 738 2585 x,
758 2558 780 2580 4.
804 2571 828 2573 —
849 2559 858 2571 ⁶
877 2558 950 2589 ibid„

183 2597 219 2620 lx,
238 2593 326 2620 11-12,
350 2593 386 2615 15.
406 2604 432 2608 —
455 2592 459 2603 ³
483 2591 556 2621 ibid„
577 2592 615 2614 22.
638 2604 667 2607 —
690 2592 698 2605 ⁸
722 2592 805 2622 Alme„
827 2599 849 2622 v,
874 2595 896 2616 9.
921 2609 950 2612 —

182 2627 190 2637 ''
205 2625 277 2653 thid„
290 2632 306 2656 1,
322 2628 344 2650 ὅ,
363 2639 392 2644 --
408 2627 428 2642 ¹⁰
438 2626 539 2654 Coloss„
554 2632 570 2655 1,
584 2628 621 2649 20.
635 2639 664 2642 -
676 2627 691 2641 ¹¹
705 2626 758 2656 Just,
774 2631 950 2658 κτ1111,3(].-“

184 2660 202 2675 ¹²
215 2660 297 2691 Cant„
310 2667 333 2690 v,
349 2661 443 2684 t.—¹³
459 2661 570 2692 [Mat-11„
582 2667 616 2691 vJ,
630 2662 668 2685 34.
680 2675 710 2679 —
725 2663 744 2678 ¹⁸
756 2664 842 2693 Altoc„
854 2671 900 2693 ΧΗ,
914 2668 950 2688 11.

1725 200 1777 230 181

1009 264 1125 303 aquilae
1137 264 1282 294 lambunt
1296 264 1498 302 sanguinem.
1512 275 1527 291 »
1548 264 1616 300 Quo
1627 264 1782 295 inebrian-

1010 319 1064 348 tur
1077 318 1170 347 amici
1185 317 1304 356 sponsi,
1321 317 1496 346 secundum
1506 317 1584 347 illud
1596 318 1615 333 ¹²
1628 328 1658 347 z«
1668 317 1778 356 Bibae,

1009 373 1037 401 et
1054 370 1267 407 inebriamini,
1284 369 1471 400 charissimi,
1488 380 1504 398 ›)
1524 369 1593 406 Quo
1607 370 1782 401 incitantur

1009 425 1047 454 ad
1060 424 1207 463 praehum
1221 424 1281 455 viri
1296 424 1438 461 athletae,
1453 424 1628 454 secundum
1644 424 1721 455 illud
1737 426 1757 441 ¹³
1772 436 1779 456 :

1013 489 1028 506 «
1043 477 1225 516 Elephantis
1240 477 1447 508 ostenderunt
1457 477 1648 516 sanguinem
1663 487 1737 509 uvae
1752 480 1784 508 et

1009 530 1090 560 mori
1106 531 1144 560 ad
1161 530 1318 561 acuendos
1332 539 1385 560 005
1409 531 1443 560 in
1467 530 1625 570 praelium.
1643 542 1657 558 »
1682 531 1720 561 Et
1738 531 1777 561 ¹⁶:

1011 595 1026 611 «
1061 583 1122 622 Ipsi
1151 583 1295 613 vicerunt
1331 592 1404 613 eum
1434 585 1562 623 propter
1589 584 1782 622 sanguinem

1008 637 1097 675 agni.
1110 646 1124 664 ι)
1141 636 1179 666 Ε1
1190 636 1305 666 talibus
1315 636 1430 667 dicitur
1445 637 1465 653 ¹⁵
1482 647 1488 666 :
1508 647 1521 665 a
1536 636 1685 668 Nondum
1696 637 1781 667 enim

1008 699 1109 729 usque
1137 690 1176 720 ad
1204 690 1395 728 sanguinem
1424 690 1598 728 restitistis,
1629 691 1781 722 adversus

1008 746 1173 783 peccatum
1184 745 1414 782 repugnantes.
1431 754 1444 770 n

1048 798 1097 825 ⁶21.
1122 797 1347 827 Verumtamen
1369 805 1435 826 ecce
1459 805 1589 834 manus,
1619 798 1678 826 etc.
1710 796 1781 827 Post

1008 849 1195 888 descriptam
1211 849 1487 879 manducationem
1503 849 1616 886 Phase,
1633 852 1662 879 et
1677 858 1781 880 conse-

1009 902 1181 932 crationem
1203 901 1421 938 Eucharistiae,
1444 902 1497 932 hic
1521 902 1613 932 tertio
1636 902 1781 933 describit

1009 955 1256 994 increpationem
1275 954 1290 985 J
1294 954 1365 984 udae
1386 954 1564 993 proditoris.
1582 954 1669 985 Circa
1684 965 1780 994 quam

1010 1008 1247 1039 describendam
1281 1008 1527 1038 introducuntur
1555 1009 1634 1046 tria,
1665 1009 1782 1039 scilicet

1009 1061 1199 1101 perversitas
1222 1061 1392 1100 proditoris
1417 1061 1553 1099 ingrati,
1585 1062 1782 1101 profunditas

1005 1114 1200 1153 ¹iudiciorum
1233 1114 1306 1151 Dei,
1342 1116 1373 1143 et
1405 1115 1526 1153 puritas
1559 1115 1782 1154 Apostolorum

1010 1167 1132 1198 Christi.

1050 1220 1157 1251 Primo
1180 1229 1271 1259 ergo,
1299 1222 1455 1259 quantum
1478 1220 1517 1250 ad
1543 1221 1782 1259 perversitatem

1009 1274 1178 1313 proditoris
1188 1274 1317 1312 ingrati,
1330 1273 1445 1304 dicitur
1458 1283 1465 1303 :
1480 1274 1705 1305 Verumtamen
1716 1284 1783 1305 ecce

1009 1336 1124 1357 manus
1148 1326 1299 1356 tradentis
1316 1335 1381 1363 mc,
1404 1335 1527 1356 mecum
1545 1330 1590 1356 est
1613 1327 1781 1359 inmensa.

1010 1380 1073 1410 Hoc
1090 1380 1218 1419 quidem
1233 1379 1431 1410 adversative
1447 1379 1538 1417 dicit,
1556 1380 1632 1419 quia
1645 1380 1782 1419 ingrati-

1009 1433 1086 1462 tudo
1112 1432 1281 1471 proditoris
1305 1432 1420 1462 directe
1447 1432 1618 1471 impugnat
1644 1433 1782 1471 gratiam

1009 1489 1073 1516 tam
1089 1484 1235 1515 notabilis
1251 1484 1450 1514 sacramenti.
1477 1484 1511 1514 ln
1526 1484 1587 1515 hoc
1602 1487 1707 1515 autem
1723 1496 1782 1526 ap-

1008 1541 1097 1578 paret
1105 1539 1185 1568 mira
1195 1537 1309 1568 Christi
1319 1537 1510 1575 benignitas,
1523 1537 1598 1577 quia
1608 1539 1781 1577 pessimum

1008 1592 1202 1631 proditorem
1217 1599 1312 1620 suum
1334 1590 1372 1620 ad
1390 1599 1533 1620 mensam
1555 1599 1664 1621 secum
1683 1594 1780 1623 susc¹<

1007 1645 1123 1684 piebat.
1140 1643 1203 1674 Nec
1221 1645 1345 1673 tantum
1369 1643 1408 1673 ad
1427 1652 1586 1681 mensam3
1603 1644 1679 1683 imo,
1697 1646 1780 1685 quod

1007 1698 1077 1737 plus
1101 1699 1163 1734 est,
1190 1697 1228 1726 ad
1249 1696 1392 1727 eamdem
1407 1697 1586 1735 scutellam,
1603 1699 1779 1729 secundum

1008 1751 1086 1781 illud
1109 1751 1129 1767 ¹⁶
1152 1761 1158 1781 z
1181 1750 1264 1786 «Qui
1286 1750 1417 1788 intingit
1440 1760 1567 1781 mecum
1590 1761 1723 1782 manum
1748 1754 1781 1783 in

1007 1803 1183 1843 paropside,
1200 1803 1251 1833 hic
1266 1812 1317 1832 me
1334 1803 1446 1833 tradet.
1464 1815 1477 1831 »
1496 1803 1532 1834 lu
1547 1813 1610 1843 quo
1625 1805 1709 1836 dedit
1723 1805 1781 1836 Do-

1008 1857 1114 1887 minus
1134 1860 1166 1890 1«
1187 1857 1322 1886 formam
1346 1856 1385 1886 ad
1406 1856 1606 1895 diligendum
1622 1857 1777 1896 inimicos,

1006 1910 1181 1940 secundum
1200 1909 1277 1939 illud
1297 1910 1317 1926 ¹⁷
1337 1920 1343 1939 ;
1365 1920 1379 1936 «
1398 1909 1524 1948 Diligite
1542 1910 1688 1941 inimicos
1707 1921 1778 1943 ves-

1007 1965 1083 1994 tros.
1099 1974 1113 1991 »
1132 1962 1282 1993 Formam
1299 1962 1382 1992 dedit
1396 1962 1434 1992 ad
1452 1963 1651 1994 tolerandum
1667 1965 1777 2003 malos,

1006 2017 1101 2054 unde,
1119 2016 1197 2046 sicut
1216 2016 1289 2046 dicit
1302 2016 1504 2054 Augustinus
1519 2017 1540 2033 ¹⁸
1559 2027 1566 2047 ι
1584 2028 1597 2046 (ι
1613 2017 1732 2057 Corpus
1749 2024 1779 2049 et

1007 2069 1200 2108 sanguinem
1223 2077 1318 2098 suum
1339 2069 1584 2099 communicavit
1603 2069 1618 2100 J
1623 2070 1703 2108 udae,
1721 2080 1779 2101 nec

1006 2131 1080 2153 eum
1093 2122 1164 2152 aliis
1182 2121 1309 2151 detexit.
1326 2132 1340 2149 »
1358 2119 1445 2151 Unde
1461 2120 1568 2151 Glossa
1584 2132 1590 2151 :
1613 2122 1708 2153 «Non
1722 2123 1775 2153 de*

1006 2177 1110 2215 signal
1135 2185 1175 2205 ex
1196 2174 1341 2211 nomine,
1365 2183 1404 2204 110
1428 2174 1591 2204 manifeste
1615 2177 1777 2214 correptus

1008 2228 1221 2268 impudentior
1236 2229 1301 2258 fiat.
1319 2238 1332 2255 »
1357 2226 1456 2266 Ipsius
1470 2227 1564 2256 etiam
1578 2227 1592 2257 J
1597 2227 1668 2258 udae
1683 2228 1777 2267 pedes

1006 2282 1099 2318 lavit⁷
1129 2281 1209 2311 sicut
1233 2279 1459 2319 discipulorum
1484 2280 1634 2319 aliorum⁷
1660 2281 1777 2312 scilicet

1004 2335 1247 2376 Apostolorum,
1273 2333 1447 2363 secundum
1473 2333 1556 2372 quod
1580 2333 1694 2364 dicitur
1716 2335 1737 2351 ¹⁹
1767 2346 1773 2364 ε

1010 2401 1023 2418 a
1040 2389 1102 2420 Vos
1123 2388 1234 2419 mundi
1249 2387 1337 2424 estis,
1359 2387 1412 2417 sed
1431 2396 1495 2417 non
1510 2396 1631 2418 omnes.
1654 2388 1776 2418 Sciebat

1005 2443 1090 2474 enim
1106 2441 1251 2481 quisnam
1266 2441 1362 2477 esset,
1379 2439 1435 2478 qui
1449 2439 1585 2470 traderet
1599 2449 1684 2471 eum.
1705 2451 1719 2468 D
1739 2441 1776 2471 Et

1008 2551 1025 2566 ¹⁵
1042 2549 1125 2577 Heba,
1139 2553 1187 2576 xii,
1203 2548 1223 2570 11.
1237 2558 1266 2562 —
1279 2546 1298 2561 ¹⁰
1313 2545 1411 2575 Mattlz„
1429 2547 1549 2576 xxv1‚23.
1561 2560 1590 2563 —
1606 2548 1623 2563 ¹⁷
1638 2548 1737 2577 Mami.⁷
1750 2554 1774 2578 v,

1006 2587 1042 2609 114.
1058 2583 1118 2601 -13
1134 2584 1208 2611 Aug„
1223 2581 1256 2604 acl
1271 2581 1351 2611 Glor„
1363 2581 1434 2611 epist
1450 2588 1529 2611 crxn,
1545 2582 1576 2605 al.
1588 2588 1677 2612 xxxiv,
1692 2589 1718 2606 n.
1735 2584 1772 2611 252,

1006 2620 1087 2651 [lumini
1099 2625 1210 2641 5011511111.
1225 2630 1255 2634 —-
1273 2617 1291 2632 ¹⁴³
1308 2617 1368 2639 ,Ιιηιη
1381 2635 1388 2645 ,
1405 2622 1461 2646 xm,
1481 2619 1557 2641 111-11.

1040 2666 1069 2693 (α)
1082 2665 1140 2687 caet.
1153 2662 1212 2686 mm.
1226 2660 1514 2685 'rmus-ui›staniiabaunz
