1987 3032
723 208 929 241 EXPOSlTlO
951 208 991 239 IN
1015 210 1100 241 CAP.
1124 210 1174 241 Vl.

162 287 229 307 rum
247 278 326 305 venit
339 278 369 305 in
384 277 535 313 templum.
551 285 565 302 »
583 277 615 303 Et
628 275 669 303 ibi
685 275 721 303 de
736 277 836 303 monte
852 276 879 303 et
893 275 929 302 de

163 326 226 360 ejlis
239 324 475 360 proprietatibus.
491 324 523 350 Et
536 322 603 350 ideo
616 322 822 349 convenienter
831 321 931 349 subdit

65 377 150 397 Pascha
162 371 232 399 hic:
253 372 322 397 Erat
340 370 492 404 proximum
517 369 628 395 Pascha.
654 368 763 396 Pascha
789 368 868 395 enim
889 368 932 394 est

45 408 106 435 quid.

163 416 298 444 transitus
313 415 332 449 ¹,
349 416 376 442 et
390 414 484 449 signat
501 414 584 449 quod
599 414 707 448 Judaei,
724 414 755 441 id
769 415 825 447 est,
841 413 931 440 confi-

163 464 253 490 tentes
265 463 285 495 ²,
302 461 410 488 debent
425 461 544 487 transire
566 462 593 487 et
615 460 709 487 facere
724 460 803 487 diem
824 460 930 487 festum

162 509 232 535 Deo.
253 508 284 534 L't
311 506 389 533 enim
413 506 452 533 ait
477 506 656 541 Augustinus
671 507 681 523 ³
698 515 705 533 z
733 516 747 532 «
765 506 874 533 Pascha
889 507 931 533 est

162 553 297 581 transitus
315 561 332 580 a
348 552 469 579 diabolo
491 552 530 579 ad
551 553 714 586 Christum,
738 552 776 580 ab
800 551 930 579 instabili

161 599 268 627 saeculo
293 598 331 626 ad
355 598 592 625 fundatissimum
612 606 747 633 regnum.
763 607 777 625 n
799 598 867 625 Tale
889 599 931 624 est

160 645 271 681 pascha
293 652 432 672 verorum
454 644 633 672 Judaeorum.
658 644 735 672 Infra
749 645 759 661 ’”
782 653 788 671 :
817 654 830 670 ι(
849 645 930 671 Jesus

161 694 227 720 ante
242 700 293 719 sex
308 692 370 718 dies
384 691 507 727 paschae.
523 701 536 716 ι)
552 691 595 719 lbi
610 691 646 718 de
665 691 736 725 hoc3
753 692 780 718 et
794 691 849 718 tale
863 698 930 726 pas-

162 739 217 766 cha
232 738 319 765 debet
333 746 394 765 esse
409 738 466 764 clz'es
479 739 575 771 festus,
590 737 699 765 scilicet
710 737 842 764 vacando
859 738 928 768 Deo,

162 784 237 811 infra
251 785 261 801 ⁵
275 793 281 811 :
302 794 315 809 «
330 784 379 811 Die
394 784 466 810 festo
484 783 646 817 mediante,
662 783 792 810 ascendit
805 784 886 810 Jesus
899 783 930 810 in

161 831 313 865 templum.
329 840 342 856 »
369 829 412 857 lbi
436 832 462 857 et
481 829 518 857 de
540 829 588 856 die
608 830 697 864 sesto,
718 829 872 865 quomodo
888 830 931 857 est

160 876 328 904 vacandum
343 878 411 903 Deo.

198 925 224 949 5.
243 925 274 951 Et
288 923 418 958 sequitur
436 922 566 949 secunda
578 921 721 957 particula
736 931 742 948 :
768 922 830 949 Cam
844 922 930 948 suble-

53 977 147 1027 egem
160 972 244 997 rasset
263 970 349 996 oculos
363 971 438 996 Jesus
457 978 465 994 .·
482 970 509 995 et
523 968 553 995 in
567 967 769 1002 hoc-signatur
784 967 930 995 benevola

99 1008 133 1027 isti

41 1038 69 1057 ad

97 1038 147 1057 sub-

160 1016 252 1051 pietas
271 1015 361 1050 ipsius
376 1015 414 1042 ad
429 1014 674 1042 subveniendum.
690 1014 775 1048 Regis
790 1014 869 1041 enim
883 1013 930 1041 vel

50 1068 139 1088 venien·
161 1061 344 1097 imperatoris
358 1063 414 1094 est,
429 1061 489 1087 sive
504 1060 719 1096 patrisfamilias
725 1080 734 1094 ,
749 1061 846 1087 tenere
861 1067 930 1087 ocu-

41 1098 101 1119 dum.

159 1108 204 1135 los
220 1107 259 1134 ad
273 1106 569 1142 circumspiciendum
582 1106 728 1141 populum
741 1107 930 1140 sequentem,

160 1156 188 1182 et
207 1154 285 1181 illius
300 1153 446 1187 misereri,
469 1155 496 1180 et
512 1153 538 1180 ei
560 1152 717 1180 subvenire
736 1153 746 1168 ⁶
767 1161 774 1179 ;
799 1161 812 1177 «
827 1152 930 1179 Exiens

158 1200 232 1228 vidit
247 1201 363 1227 turbam
385 1200 523 1233 multam,
540 1201 567 1226 et
582 1199 716 1226 misertus
735 1200 777 1226 est
791 1199 832 1226 eis
853 1199 898 1233 (a).
913 1208 926 1224 n

160 1248 233 1274 Dicit
249 1247 284 1274 act
300 1247 472 1281 Plu'lz'ppzan3
493 1246 566 1272 Unde
580 1253 709 1278 ememus,
729 1245 805 1272 etos?
823 1244 929 1277 Quaeri-

158 1295 220 1327 tur,
235 1293 358 1329 qualiter
374 1293 412 1320 ait
436 1302 442 1319 :
470 1293 540 1318 Dicit
565 1292 600 1318 acl
623 1292 803 1326 Philippum?
824 1291 928 1325 idest,

159 1339 228 1374 quia
243 1339 292 1366 alii
304 1338 489 1372 evangelistae
503 1339 623 1365 narrant
638 1345 706 1364 eum
720 1337 853 1364 locutum
868 1344 929 1364 esse

159 1385 198 1413 ad
216 1385 391 1420 discipulos,
407 1385 481 1410 sicut
496 1385 636 1410 Matthoeas
650 1384 670 1410 ⁷.
694 1385 726 1410 Et
743 1383 780 1410 ad
795 1383 869 1410 illud
883 1391 928 1410 re-

158 1432 284 1467 spondet
305 1431 529 1466 chrysostomus
543 1431 553 1446 ¹³
568 1439 574 1457 ε
594 1441 607 1455 α
623 1431 747 1465 Utraque
761 1437 823 1457 esse
838 1437 910 1456 vera
919 1448 928 1463 ‚

158 1478 210 1505 sed
225 1485 285 1505 non
299 1477 404 1504 iisdem
418 1477 615 1511 temporibus;
633 1478 660 1503 et
676 1476 727 1503 illa
748 1484 813 1511 quae
829 1475 930 1502 dicunt

158 1524 208 1551 alii
227 1523 425 1558 evangelistoe,
447 1530 508 1549 esse
522 1522 689 1557 antiquiora
712 1522 777 1549 isto.
796 1531 811 1548 »
838 1523 870 1549 Et
884 1529 928 1548 se-

158 1570 289 1597 cundum
303 1570 414 1604 ipsum,
438 1568 516 1595 istud
538 1568 714 1595 miraculum
735 1566 927 1596 videturesse

157 1616 239 1644 aliud
257 1616 295 1643 ab
315 1615 385 1648 illo,
405 1615 472 1642 licet
494 1615 657 1641 secundum
672 1614 866 1649 Augustinum
877 1615 887 1632 ⁹
902 1616 929 1642 et

157 1662 230 1690 alios
245 1664 360 1689 sanctos
373 1661 507 1688 videatur
523 1669 583 1687 esse
598 1661 687 1687 idem.
703 1660 760 1688 Sed
780 1660 928 1696 quaeritur,

157 1716 248 1744 quare
263 1709 421 1741 interrogat
432 1707 597 1742 Philippum
610 1706 704 1741 magis
719 1714 809 1741 quam
825 1706 926 1733 alium.

157 1756 189 1781 Et
203 1755 241 1782 ad
256 1755 312 1782 hoc
331 1753 490 1789 respondet
504 1753 727 1788 chrysostomus
741 1753 760 1768 ¹0
774 1752 856 1787 quod
876 1759 928 1779 no-

157 1801 211 1834 vit,
238 1800 304 1836 quis
326 1799 540 1835 discipulorum
567 1798 660 1832 magis
684 1798 836 1832 indigebat
859 1798 928 1825 doc-

156 1846 351 1882 trina,qualis
365 1846 417 1872 suit
432 1845 597 1880 Philippus,
612 1846 643 1871 ut
656 1846 735 1879 patet
749 1844 863 1878 infra¹¹,
875 1844 927 1871 ubi

160 1893 199 1920 ait
212 1892 361 1928 Philippus
378 1900 384 1918 :
414 1902 427 1915 «
442 1890 566 1918 Ostende
580 1890 667 1918 nobis
682 1891 803 1918 Patrem.
820 1900 833 1915 »
855 1890 928 1917 Unde

157 1947 269 1966 ememus
281 1947 394 1973 panem,
412 1939 465 1964 etc.
492 1940 528 1969 (v.
545 1938 581 1970 G).
598 1938 653 1963 Hoc
667 1938 737 1963 enim
752 1936 855 1963 dicebat
871 1939 927 1963 ten·

157 1988 217 2012 tans
233 1992 300 2011 eum.
318 1983 373 2011 Sed
388 1983 536 2018 quaeritur,
552 1991 643 2018 quare
662 1982 718 2009 hoc
742 1982 874 2017 quaesivit
888 1982 926 2010 ab

157 2039 202 2059 eo.
219 2030 336 2057 Videtur
351 2029 433 2064 quod
448 2028 596 2056 debuisset
614 2028 725 2063 absque
741 2036 825 2055 mora
840 2028 928 2056 mira-

157 2077 257 2104 culum
280 2076 390 2102 fecisse.
414 2077 445 2102 Et
460 2074 499 2102 ad
520 2075 596 2101 istud
616 2074 774 2109 respondet
788 2075 927 2110 Chrysos-

157 2123 294 2156 tomus¹²,
312 2121 394 2157 quod
409 2121 440 2148 id
461 2121 629 2156 simpliciter
646 2120 745 2147 fuisset
765 2120 873 2148 factum
891 2121 928 2148 si-

156 2177 248 2204 gnum
258 2189 266 2202 ,
292 2176 352 2195 non
376 2169 529 2202 appareret
555 2175 617 2194 esse
642 2166 836 2201 miraculum,
859 2167 926 2195 ideo

157 2223 225 2242 eum
252 2214 330 2248 cogit
361 2214 391 2248 (ὁ)
421 2213 552 2240 confiteri
581 2213 714 2247 inopiam
725 2233 733 2246 ,
762 2214 794 2240 ut
823 2214 927 2241 certius

158 2261 249 2289 discat
261 2259 396 2288 miraculi
407 2259 651 2295 magnitudinem.
666 2269 679 2285 »
693 2259 737 2286 Sic
747 2259 814 2287 fecit
825 2260 925 2295 Moysi,

190 2355 196 2370 ¹
212 2353 289 2377 Hebr.
308 2351 389 2380 ΗΒΕ,
409 2351 529 2382 Phasach,
545 2351 662 2376 Transiit.
678 2364 708 2369 --
725 2352 736 2368 ²
751 2351 828 2375 Hebr.
847 2352 925 2384 ΠἾΠ,

158 2389 258 2418 Hodah,
273 2387 401 2412 Contitcri.
417 2400 447 2404 ·-
464 2387 472 2400 ³
487 2389 561 2415 Aug.y
578 2388 601 2410 1'71
620 2387 701 2416 joam,
716 2388 788 2410 tract.
805 2393 845 2417 ιν,
861 2395 886 2411 n.
902 2390 925 2412 2.

158 2437 188 2442 —
201 2425 210 2440 δ
228 2424 285 2454 inf„
301 2425 431 2453 x11‚¹.—-
447 2422 531 2450 ⁵1us.,
551 2423 654 2452 v11‚1i.
672 2435 702 2439 —
720 2422 730 2437 ὅ
751 2422 853 2452 Malta,
872 2429 927 2454 xiV,

159 2461 195 2484 14.
212 2472 243 2476 —
254 2460 264 2475 ⁷
280 2458 352 2487 ibid„
369 2460 406 2481 16.
421 2471 452 2475 —
467 2457 476 2474 ⁸
496 2457 636 2488 Chry-sest,
655 2457 697 2481 ubi
712 2464 766 2488 sup.
781 2470 812 2474 —
826 2458 835 2474 ⁹
850 2460 925 2490 Aug„

158 2494 187 2517 cle
198 2495 268 2518 conc.
284 2494 390 2523 Ευαηφ,
403 2493 446 2516 lib.
462 2493 491 2522 u,
503 2500 525 2516 c.
540 2497 608 2522 xm,
624 2500 649 2516 n.
664 2494 701 2516 95.
712 2505 741 2510 -
755 2494 772 2507 ὐ
786 2488 926 2526 eim-soa„

159 2529 202 2552 ubi
221 2536 277 2559 sup.
292 2541 322 2546 —
341 2530 360 2545 ¹¹
380 2528 435 2558 lus„
457 2534 508 2556 xiv,
528 2529 550 2551 8.
571 2541 601 2545 -
618 2528 636 2543 ¹²
656 2528 798 2558 Chrysas-h,
815 2528 855 2552 uhi
870 2536 925 2561 sup.

160 2576 187 2580 -
201 2564 220 2580 ¹³
232 2563 326 2592 Exod„
341 2569 375 2593 lv,
390 2566 414 2587 2.
425 2576 455 2581 -—
469 2563 489 2580 ¹⁶
502 2563 642 2593 Chrysost.,
656 2563 698 2586 ubi
712 2570 767 2593 sup.
778 2575 807 2580 —
819 2564 839 2580 ¹⁵
851 2564 925 2596 thid„

159 2605 184 2621 n.
207 2599 231 2621 2.
252 2611 282 2615 —
304 2599 324 2615 ¹⁶
346 2599 423 2627 Rom„
444 2604 502 2628 vui,
526 2600 563 2622 27.
582 2611 612 2615 —
632 2599 650 2614 ¹⁷
669 2598 738 2628 Gen„
762 2604 831 2629 xxii,
852 2602 874 2623 1.
896 2614 926 2618 —

160 2634 179 2649 ¹⁸
203 2633 343 2663 Chrysost„
370 2633 414 2657 ubi
437 2640 492 2665 sup.
513 2646 543 2651 -—
571 2633 590 2650 ¹⁹
618 2632 707 2662 Eccli„
731 2638 811 2664 xxm,
832 2635 872 2659 29.
895 2649 926 2655 -

1697 210 1748 238 341

987 282 1048 303 non
1068 277 1135 304 fecit
1155 277 1285 311 signum,
1309 278 1468 311 antequam
1491 275 1564 302 dixit
1584 274 1674 309 Moysi
1702 274 1723 291 ¹³
1745 283 1754 300 :

989 322 1061 354 Quid
1086 323 1163 350 habes
1191 324 1221 349 in
1249 323 1349 349 mana?
1377 323 1409 348 ut
1442 329 1476 348 ex
1505 320 1692 348 concessione
1721 319 1754 354 (c)

987 370 1014 395 et
1037 368 1112 396 facto
1136 371 1253 404 stupore
1278 367 1452 395 memoriam
1481 374 1583 394 eorum
1611 372 1672 392 non
1702 365 1754 392 ab·

983 414 1093 448 jiceret.
1122 430 1157 435 —-
1187 417 1299 442 Tentans
1330 422 1397 440 eum.
1433 414 1559 448 Opponit
1586 412 1755 447 chrysosto-

985 467 1051 487 mus
1065 461 1075 476 Β
1090 469 1096 487 z
1109 461 1184 494 Quid
1199 463 1240 488 est
1255 464 1360 487 tentans
1376 468 1432 486 eum
1442 462 1455 486 ?
1470 461 1533 486 Non
1549 458 1627 485 enim
1641 458 1755 492 ignora-

985 506 1050 539 bat,
1075 506 1158 541 quod
1180 507 1308 533 debebat
1323 506 1417 533 dicere
1433 506 1481 540 (d).
1502 506 1534 532 Et
1548 504 1707 539 respondet
1722 503 1754 536 ¹⁵,

986 552 1068 587 quod
1082 552 1156 579 illud
1173 553 1282 579 dictum
1298 556 1339 579 est
1353 553 1496 585 humane,
1510 551 1583 578 sicut
1602 558 1669 577 eum
1685 550 1755 577 dici-

985 600 1032 625 tur
1049 599 1069 616 ¹⁸
1084 600 1157 625 Deus
1174 608 1187 623 «
1203 601 1344 625 scrutatus
1366 598 1457 625 corda
1471 597 1645 631 hominum;
1663 607 1675 622 n
1693 604 1754 623 non

986 645 1064 671 enim
1092 644 1217 671 ostendit
1244 644 1416 679 ignorantiae
1448 643 1669 674 scrutationem,
1703 642 1755 670 sed

986 692 1150 719 certissimae
1165 691 1338 725 cognitionis
1353 691 1497 718 notitiam.
1520 693 1560 718 lta
1580 691 1685 718 dicitur
1704 691 1725 707 ¹⁷
1745 699 1754 716 .·

988 748 1002 764 a
1016 739 1090 765 Deus
1106 737 1225 764 tentavit
1240 737 1398 765 Abraham.
1418 747 1431 763 »
1450 739 1480 764 Et
1497 737 1537 764 sic
1556 740 1660 764 tentans
1682 744 1752 767 eum,

986 784 1128 820 quoniam
1152 783 1410 819 approbatiorem,
1435 783 1466 810 id
1490 784 1545 817 est,
1573 782 1754 810 attentiorem

985 831 1173 867 operabatur,
1198 838 1249 866 per
1273 830 1362 857 talem
1388 829 1647 863 interrogationem
1670 828 1755 855 indu-

986 886 1054 905 cens
1073 877 1104 905 in
1124 885 1224 904 veram
1249 877 1293 904 sui
1315 877 1521 911 cognitionem.
1544 878 1576 903 Et
1595 876 1679 909 ideo,
1698 884 1711 900 «
1725 876 1757 902 ut

985 932 1046 952 non
1061 924 1227 951 crederetur
1243 923 1326 959 quod
1342 924 1399 950 hoc
1415 924 1454 950 ait
1468 931 1503 950 ex
1519 922 1698 953 infirmitate,
1717 920 1757 948 ait

986 970 1168 1005 Evangelista
1189 978 1196 997 :
1221 971 1283 1004 Ipse
1303 970 1400 996 sciebat
1423 970 1490 1004 qual
1513 971 1579 996 esset
1598 970 1723 1001 fecturus,
1739 977 1752 992 n

984 1017 1025 1045 ait
1050 1018 1081 1052 (e)
1104 1017 1183 1043 idem
1204 1017 1427 1052 Chrysostomus
1448 1016 1477 1042 ¹⁸.
1496 1015 1618 1042 Domino
1635 1014 1714 1041 enim
1737 1013 1757 1030 ¹⁹

987 1073 1000 1088 ιι
1011 1065 1069 1090 Deo
1078 1065 1237 1098 antequam
1245 1064 1422 1100 crearentur,
1435 1061 1534 1089 omnia
1544 1063 1610 1087 sunt
1622 1061 1753 1095 agnita.»

985 1111 1031 1137 Est
1055 1110 1134 1137 enim
1159 1110 1277 1137 tentatio
1303 1108 1493 1144 deceptionis,
1517 1109 1543 1134 et
1571 1108 1613 1134 est
1636 1106 1756 1133 tentatio

983 1156 1182 1192 probationis,
1197 1155 1237 1182 ait
1252 1155 1428 1190 Augustinus
1442 1155 1472 1181 ²⁰.
1494 1153 1589 1181 Prima
1608 1152 1756 1180 neminem

984 1204 1072 1229 tentat
1098 1203 1172 1229 Deus
1191 1202 1227 1236 ²¹3
1257 1201 1388 1228 secunda
1412 1202 1501 1228 tentat
1528 1207 1589 1227 non
1614 1201 1646 1226 ut
1673 1199 1756 1233 igno-

983 1256 1066 1282 ranS,
1095 1248 1147 1275 sed
1175 1248 1213 1275 ad
1244 1248 1358 1275 bonum
1385 1247 1447 1281 ejus
1478 1246 1529 1281 qui
1557 1247 1696 1279 tentatur,
1725 1246 1758 1271 ut

984 1294 1032 1322 ille
1055 1294 1112 1321 sibi
1142 1294 1318 1328 innotescat,
1351 1293 1399 1320 vel
1431 1293 1566 1320 veritates
1599 1292 1660 1326 ejus
1692 1290 1757 1318 aliis

983 1342 1111 1376 pateant.
1134 1340 1178 1367 Sic
1201 1340 1280 1368 enim
1301 1339 1435 1367 dicitur²2
1457 1348 1464 1366 ι
1484 1348 1497 1364 a
1511 1337 1641 1365 Tentavit
1663 1337 1755 1364 Abra-

983 1386 1063 1414 ham.
1077 1397 1091 1412 »
1117 1388 1149 1414 Et
1172 1386 1208 1414 de
1230 1386 1286 1413 hoc
1306 1386 1483 1421 Augustinus
1502 1386 1535 1411 2³.
1557 1383 1642 1417 Quod
1657 1385 1756 1410 autem

984 1433 1046 1460 ait:
1077 1433 1143 1460 Cum
1175 1433 1336 1460 sublevasset
1367 1433 1474 1464 oculos,
1503 1430 1674 1466 mysterium
1697 1430 1755 1462 est,

983 1479 1148 1506 secundum
1163 1479 1305 1506 Glossam.
1315 1479 1396 1506 Oculi
1413 1478 1461 1505 Dei
1476 1479 1543 1504 sunt
1558 1484 1611 1503 sua
1625 1476 1705 1503 dona
1716 1474 1754 1502 ³⁴:

985 1535 1000 1550 <‹
1018 1526 1110 1560 Super
1131 1525 1262 1560 lapidem
1276 1533 1370 1552 unum
1385 1526 1497 1560 septem
1518 1522 1606 1550 oculi.
1627 1532 1641 1549 »
1670 1521 1756 1555 Quod

983 1571 1105 1607 exponit
1133 1571 1287 1607 Gregorius
1313 1572 1350 1598 de
1373 1573 1484 1606 septem
1511 1569 1596 1596 donis
1618 1569 1649 1596 in
1675 1567 1756 1595 Chri-

982 1620 1037 1646 sto.
1070 1619 1127 1645 Hos
1153 1618 1255 1645 oculos
1285 1617 1420 1644 sublevat
1448 1616 1603 1650 Dominus,
1633 1614 1755 1650 quando

981 1664 1135 1691 miseretur
1148 1666 1176 1691 et
1190 1664 1336 1691 distribuit
1351 1663 1431 1690 dona
1445 1670 1499 1690 sua
1512 1662 1533 1679 ‘2⁵
1549 1671 1555 1689 :
1569 1673 1582 1686 (ι
1598 1661 1679 1689 Oculi
1694 1661 1756 1695 ejus

982 1710 1011 1737 in
1028 1718 1191 1746 pauperem
1205 1710 1379 1745 respiciunt,
1392 1720 1405 1734 »
1423 1709 1454 1736 id
1469 1711 1526 1742 est,
1542 1708 1622 1735 dona
1637 1707 1713 1734 dicta
1724 1706 1755 1733 in

981 1764 1144 1792 pauperem
1160 1756 1335 1790 diriguntur.
1347 1756 1368 1772 ²⁶
1386 1764 1399 1780 «
1413 1754 1548 1790 Respexit
1563 1756 1637 1781 Deus
1654 1753 1684 1780 in
1698 1754 1754 1780 ter-

981 1810 1060 1836 ram,
1071 1805 1098 1830 et
1113 1803 1247 1838 implevit
1261 1810 1327 1830 eam
1337 1801 1424 1829 bonis
1435 1801 1504 1828 suis.
1521 1810 1534 1826 »
1552 1800 1715 1835 Philippus,
1727 1806 1754 1825 os

982 1849 1118 1884 lampadis
1133 1850 1165 1883 ²⁷,
1181 1849 1344 1876 secundum
1373 1848 1505 1876 Glossam
1531 1846 1604 1881 gerit
1627 1846 1755 1880 figuram

980 1895 1224 1930 praedicatorum,
1250 1895 1301 1930 qui
1327 1894 1437 1922 debent
1460 1893 1593 1921 similiter
1612 1891 1723 1919 discere
1737 1899 1755 1918 a

980 1942 1158 1977 majoribus,
1183 1950 1250 1977 quae
1269 1941 1416 1975 nesciunt3
1433 1943 1460 1968 et
1481 1939 1552 1975 quia
1570 1938 1754 1972 erudiuntur,

982 1988 1064 2023 quod
1078 1988 1151 2015 nihil
1171 1989 1213 2015 est
1235 1989 1293 2015 Deo
1314 1987 1512 2023 impossibile,
1538 1986 1627 2021 prout
1649 1983 1755 2011 dicitur

980 2034 1010 2061 in
1023 2034 1123 2062 Glossa
1136 2034 1350 2069 ²⁸:«1nterroga
1360 2035 1474 2069 patrem
1488 2035 1587 2065 tuum,
1604 2033 1631 2058 et
1643 2037 1754 2058 annun-

979 2079 1063 2108 tiabit
1078 2080 1140 2107 tibi.
1154 2090 1168 2106 »

1016 2128 1042 2153 7.
1063 2128 1095 2154 Et
1115 2126 1245 2162 sequitur
1263 2125 1397 2159 tertium,
1418 2123 1571 2160 responsio
1592 2121 1753 2157 discipulo-

980 2179 1056 2199 rum.
1072 2173 1103 2199 Et
1114 2173 1211 2207 primo
1223 2172 1363 2208 Philipp13
1379 2170 1508 2198 secundo
1524 2169 1646 2197 Andreae
1659 2176 1666 2195 :
1681 2169 1755 2194 Dicit

981 2219 1006 2245 ei
1019 2226 1099 2252 unus,
1115 2220 1169 2246 etc.

1015 2264 1061 2292 Ait
1075 2273 1146 2300 ergo
1163 2274 1169 2293 :
1191 2264 1339 2300 Respondit
1353 2265 1378 2291 ei
1391 2263 1535 2297 Philippus
1552 2270 1559 2289 ε
1576 2262 1755 2288 Ducentorum

980 2341 1000 2356 ²⁰
1017 2342 1092 2371 Aug,
1110 2341 1136 2364 in
1150 2341 1231 2371 loun„
1250 2341 1323 2364 tract.
1343 2345 1421 2370 xmtl,
1434 2345 1459 2362 n.
1476 2339 1498 2361 6.
1516 2350 1547 2355 -
1561 2337 1578 2353 ²¹
1593 2336 1656 2367 Jac.⁷
1674 2341 1696 2365 1,
1715 2335 1752 2358 13.

980 2388 1009 2394 —
1025 2376 1044 2392 ²²
1062 2377 1132 2406 Gen„
1155 2382 1223 2405 xxii,
1240 2378 1263 2399 ¹.
1279 2387 1307 2391 —
1323 2375 1342 2389 ²²
1361 2376 1434 2405 Aug„
1452 2373 1481 2397 de
1502 2373 1579 2397 civit„
1596 2372 1657 2401 Dei,
1673 2370 1716 2394 lib.
1734 2372 1752 2400 l,

981 2418 1002 2435 e.
1024 2418 1079 2441 xxi,
1098 2414 1123 2435 et
1141 2412 1184 2435 lib.
1200 2412 1272 2441 xvi,
1288 2418 1311 2434 c.
1333 2416 1416 2434 xxxxi.
1435 2422 1466 2427 -
1483 2409 1502 2424 ²¹
1519 2407 1604 2436 Zach„
1621 2413 1664 2437 111,
1684 2407 1707 2430 9.
1722 2417 1752 2422 —-

980 2447 1001 2463 '²³
1014 2447 1080 2470 Psal.
1096 2454 1123 2478 x,
1139 2449 1162 2471 5.
1174 2460 1204 2464 —
1219 2446 1335 2475 π’1ι“σι·ίι’.,
1352 2452 1404 2476 xri,
1418 2447 1457 2469 30.
1468 2457 1499 2462 -—
1513 2444 1531 2458 ²⁷
1546 2442 1599 2473 ΠΒ,
1616 2441 1694 2471 rhen,
1710 2447 1751 2470 οὓς

982 2477 1070 2524 Ῥῦιὶ,
1100 2491 1210 2521 Lappid,
1239 2492 1354 2521 Lampas.
1384 2489 1441 2514 Vid.
1467 2495 1533 2519 sup.‚
1560 2493 1617 2518 pag.
1643 2486 1698 2510 280.
1723 2496 1753 2502 ·-

982 2526 1001 2542 ²⁸
1016 2526 1100 2555 Dvut„
1114 2532 1196 2556 xxxil,
1211 2527 1234 2549 7.

1016 2570 1047 2600 (a)
1071 2570 1131 2593 Ccet.
1155 2569 1213 2593 edit.
1237 2570 1299 2600 ejus.
1316 2581 1345 2587 —
1368 2568 1401 2599 (b)
1419 2569 1480 2593 Item
1498 2568 1555 2591 ideo
1578 2564 1706 2595 cognovit.
1722 2576 1752 2582 --

984 2605 1011 2634 (c)
1029 2605 1103 2628 Forte
1124 2604 1252 2636 legendum
1268 2604 1443 2629 concussione.
1460 2615 1489 2621 -
1508 2602 1546 2634 (d)
1562 2602 1621 2625 Coet.
1637 2599 1695 2624 edit.
1713 2598 1752 2622 fa-

982 2647 1048 2664 cere.
1061 2652 1091 2659 -
1108 2640 1136 2671 (e)
1153 2640 1213 2664 Coet.
1228 2640 1288 2664 edit.
1303 2640 1362 2665 add.
1375 2639 1454 2664 enim.

1801 461 1845 480 Cur

1793 492 1852 510 Deus

1784 522 1859 542 tentet.

1797 1805 1877 1831 Philip-

1770 1841 1821 1862 pus.
