1987 3032
190 191 248 220 464

188 254 276 282 litatis
295 254 438 290 passionis
457 254 564 290 ipsius,
585 255 613 281 et
630 253 733 282 Christi
755 261 884 283 recessus
905 254 959 282 ad—

186 301 298 336 junctio
314 303 321 319 ¹
336 310 343 328 :
360 302 411 329 Sed
426 310 471 336 eqo
485 303 639 335 veritatem,
656 304 708 329 etc.

223 348 268 375 Ait
280 356 366 383 ergo:
383 349 446 375 Hoec
461 349 563 375 loeutus
576 356 633 375 sum
646 349 718 375 vobis
732 351 763 375 ut
778 356 828 375 non
843 348 957 375 scanda-

190 394 327 427 lizemini,
346 394 454 421 scilicet
472 393 635 421 excidendo
657 402 675 421 a
695 394 754 421 fide
769 393 779 409 ²
795 403 801 421 :
825 404 837 420 «
852 395 958 422 Omnes

189 447 242 467 vos
263 440 436 467 scandalum
457 439 618 474 patiemini.
642 449 655 465 »
679 439 735 467 Sed
759 440 897 475 quaeritur
919 441 957 468 ad

189 486 261 521 quid
273 486 329 513 hoc
343 485 382 512 ait
395 485 452 518 hic,
468 485 537 520 quia
553 485 582 513 in
598 487 700 513 Psalmo
717 486 856 521 scriptum
872 488 913 514 est
928 488 957 514 ³:

191 541 205 558 ι(
220 534 275 559 Pax
291 532 384 558 multa
405 531 594 566 diligentibus
617 532 713 567 legem
734 534 832 566 tuam,
849 535 878 561 et
898 541 958 562 non

189 580 230 606 est
245 578 301 605 illis
317 577 500 605 scandalum.
516 588 528 602 ι)
546 578 602 606 Sed
617 578 752 614 discipuli
772 579 897 607 multum
914 580 958 607 di-

188 623 327 658 ligebant.
353 624 385 650 Et
404 623 443 650 ad
466 623 543 651 istud
565 625 724 659 respondet
747 625 924 659 Augustinus
938 626 958 659 ³,

188 669 270 705 quod
291 670 348 697 1100
368 670 420 697 fuit
434 678 538 697 verum
553 671 589 697 dc
610 671 655 697 his
675 671 797 706 quando
812 672 822 688 ⁵
839 672 958 699 charnas

187 715 241 743 suit
255 716 359 750 diffusa
373 718 402 743 in
422 717 544 743 cordibus
564 724 667 744 eorum
682 725 730 752 per
740 718 888 752 Spiritum;
904 720 956 746 etc.

189 761 268 789 Unde
291 762 515 798 chrysostomus
529 763 558 790 ⁶:
577 774 590 788 «
612 766 683 791 Cum
703 764 825 798 multos,
847 764 957 800 inquit,

187 807 371 842 incredulos,
391 810 419 836 et
437 817 488 836 vos
504 813 713 845 persequentes
729 810 875 844 videritis,
898 819 958 838 non

187 854 440 888 scandalizemini,
455 865 468 880 n
486 857 540 882 etc.

223 902 250 928 Ξ.
267 902 368 934 Absque
378 903 520 936 synayoyis
536 903 637 935 facient
649 910 704 930 vos.
720 904 846 938 Supra⁷2
863 913 875 929 «
887 904 959 931 Con-

187 947 377 982 spiraverant,
389 947 472 982 quod
487 948 509 974 si
525 948 591 983 quis
602 948 789 976 confiteretur
803 950 958 984 Christum,

188 995 270 1021 extra
283 1001 467 1029 synagogam
481 994 571 1021 fieret.
588 1005 602 1020 n
620 997 651 1022 Et
664 995 728 1023 haec
743 995 796 1023 fuit
811 1004 870 1024 uua
884 997 958 1024 ratio

188 1040 416 1068 scandalizandi.
432 1042 464 1068 Et
484 1048 545 1068 non
565 1041 662 1068 solum
680 1042 736 1069 hoc
753 1051 759 1068 :
782 1043 861 1069 Venit
875 1044 956 1078 hora,

187 1089 219 1113 ut
237 1089 322 1114 omnis
343 1088 391 1121 qui
410 1088 539 1121 interficit
556 1095 614 1121 vos,
641 1090 694 1115 etc.
715 1098 727 1113 »
750 1088 827 1116 Sicut
848 1089 901 1116 suit
921 1090 957 1117 sle

188 1132 277 1160 Paulo
292 1134 313 1160 Β.
331 1135 361 1160 Et
373 1133 434 1160 hate
450 1133 507 1160 vfuit
527 1133 713 1161 vehementia
730 1135 955 1170 persecutionis,

187 1179 309 1213 quando
321 1181 529 1214 persequentes
540 1180 722 1208 aestimabant
735 1189 764 1208 se
780 1181 957 1217 obsequium

189 1224 259 1252 dare
275 1227 332 1253 Deo
355 1226 562 1261 persequendo
588 1228 616 1253 ¹³:
637 1236 650 1252 «
669 1227 892 1255 AEmulationem
909 1229 955 1255 Dei

187 1270 312 1305 habent,
339 1271 392 1298 sed
413 1279 474 1298 non
497 1272 658 1310 seeundum
682 1273 842 1301 scientiam.
868 1284 880 1299 «
904 1274 958 1301 Sed

187 1316 313 1351 qualiter
327 1317 383 1345 ait:
402 1319 482 1345 Venit
501 1319 582 1352 hora,
599 1319 628 1345 in
647 1319 811 1354 praeterito?
827 1322 956 1355 inspon-

187 1362 319 1390 dendum
334 1365 392 1398 est,
407 1364 490 1399 quod
505 1365 562 1392 hoc
580 1365 620 1392 ait
635 1365 674 1392 ob
695 1366 867 1394 brevitatem
890 1370 958 1394 lem-

186 1410 282 1444 poris,
300 1418 392 1445 usque
407 1410 446 1438 ad
468 1412 583 1446 tempus
603 1412 822 1446 persecutionis,
841 1415 871 1440 Et
886 1414 958 1441 sicut

186 1456 365 1490 Augustinus
377 1456 398 1473 ¹0
411 1466 437 1484 z«
451 1457 555 1484 Gentes
569 1458 691 1493 quando
706 1460 958 1494 persequebantur

186 1502 355 1537 Apostolos,
376 1503 431 1530 diis
451 1503 511 1530 suis
531 1503 676 1531 arbitratze
695 1508 761 1532 sunt
780 1505 956 1541 obsequium

185 1548 332 1580 praestare.
342 1547 398 1574 Sed
408 1547 497 1574 Judaei
507 1548 652 1583 putabant
659 1557 689 1575 se
700 1549 878 1584 obsequium
886 1559 957 1585 prae-

185 1594 262 1619 stare
274 1593 341 1620 Deo.
358 1604 371 1619 »
385 1595 417 1620 Et
430 1593 498 1621 ideo
509 1594 616 1621 clamat
627 1596 823 1629 Augustinus:
842 1606 855 1622 «
871 1598 957 1624 Error

185 1638 369 1673 horrendus,
393 1642 420 1667 et
439 1640 613 1668 execrabilis
635 1642 760 1669 caecitas!
779 1642 956 1678 obsequium

185 1692 215 1711 se
229 1687 347 1720 putatur
361 1687 418 1713 Deo
439 1688 590 1721 praestare,
613 1687 815 1716 interficiendo
831 1689 957 1717 famulos

187 1731 245 1758 Dei.
262 1741 276 1757 »
293 1733 355 1759 Haee
375 1731 434 1759 ille.
457 1734 490 1760 Et
511 1733 580 1760 ideo
604 1734 704 1761 subdit
724 1734 956 1770 mitigationem,

186 1777 247 1804 sive
263 1778 495 1806 consolationem
509 1779 553 1814 (V.
571 1779 600 1814 3)
614 1789 620 1806 :
638 1782 671 1807 Et
685 1781 737 1807 hoec
754 1782 856 1814 sacient
870 1783 956 1817 vobis,

186 1825 252 1857 quia
277 1832 328 1851 uon
349 1828 479 1852 noverunt
496 1826 615 1857 Patrem,
641 1828 696 1854 ete.
712 1827 745 1854 Ut
765 1827 804 1855 ait
824 1829 958 1863 Augusti-

186 1877 241 1897 nus
253 1871 273 1886 ¹¹
284 1879 311 1897 z«
323 1872 354 1898 ln
368 1871 424 1898 hoc
432 1879 568 1899 sermone
584 1873 675 1899 erexit
689 1873 850 1908 discipulos
862 1882 958 1902 exem-

185 1915 252 1950 plo,
268 1916 377 1951 quibus
393 1916 505 1944 dixerat
523 1918 627 1953 (supra
642 1919 777 1954 proximo
798 1921 829 1955 ¹²)
845 1930 851 1948 ι
868 1922 900 1948 Si
918 1930 958 1949 me

186 1964 320 1995 persecu-ti
333 1965 410 1996 sunt,
425 1966 451 1990 et
466 1971 512 1990 vos
525 1969 723 1999 persequentur.
740 1968 787 1993 Est
801 1967 879 1994 enim
893 1968 958 2002 glo-

187 2007 314 2042 riosum,
335 2010 362 2035 et
382 2009 630 2044 consolatorium,
651 2014 677 2038 ct
697 2012 874 2046 gaudiosum
896 2014 957 2049 pati

186 2055 307 2089 propter
329 2054 488 2089 Christum,
509 2058 536 2083 et
559 2064 593 2084 ea
616 2065 682 2092 quae
705 2058 832 2086 Christus
855 2067 958 2095 passus

189 2101 231 2126 est
251 2100 292 2127 ¹³:
313 2102 429 2129 «Nemo
446 2104 575 2129 vestrum
590 2103 717 2137 patiatur
738 2105 823 2139 quasi
836 2105 958 2133 homici-

187 2145 240 2180 da,
255 2155 268 2172 ›>
289 2148 343 2174 etc.
360 2149 392 2174 Et
411 2148 561 2183 sequitur.-
580 2158 594 2174 «
610 2149 636 2176 Si
659 2151 757 2177 autem
775 2153 806 2178 ut
823 2151 958 2180 Christia—

186 2199 256 2226 11115,
273 2200 334 2220 11011
353 2193 520 2228 erubescat,
538 2194 681 2229 glorificet
700 2198 798 2224 autem
818 2198 908 2225 Deum
927 2198 957 2225 111

186 2237 240 2264 isto
254 2239 384 2266 nomine.
399 2249 413 2264 ι)

222 2284 247 2311 4.
264 2285 315 2311 Sed
329 2286 382 2312 hoec
393 2287 492 2313 locutus
506 2294 564 2314 sum
577 2288 660 2322 vobis,
671 2291 700 2315 ut
711 2296 768 2316 cum
781 2291 882 2317 venerit
893 2290 957 2318 hora

187 2337 294 2364 eorum,
310 2331 484 2366 tenebrosa,
499 2335 658 2368 nocturna,
674 2334 713 2361 ait
733 2336 910 2369 Augustinus
925 2337 956 2371 ¹⁵,

218 2401 362 2432 ι1111“.,”1’4-
373 2402 381 2417 2
391 2403 491 2433 Mami„
504 2409 575 2434 XXVI,
587 2406 611 2427 31
620 2418 658 2428 .-
667 2405 675 2419 ³
686 2405 856 2438 Psnl.cxv111‚
873 2408 957 2431 105.—

188 2436 195 2450 ⁸
211 2437 285 2466 Aug..
302 2437 326 2460 in
337 2438 440 2467 Ecmzffi,
454 2440 525 2462 tract.
538 2445 612 2469 xcm,
623 2446 650 2463 n.
666 2443 727 2464 1.-
741 2443 750 2456 ⁸
765 2442 841 2470 Rom„
854 2448 878 2472 v,
894 2443 916 2466 5.
928 2456 957 2460 —

186 2471 196 2487 θ
215 2471 354 2502 Chrysost.‚
370 2472 413 2495 ubi
427 2480 482 2503 sup.
497 2487 527 2491 -
544 2475 553 2490 '¹
569 2476 640 2505 Sup.,
660 2482 699 2506 1x,
715 2477 753 2500 22.
769 2490 799 2495 —-
818 2477 828 2493 ⁸
840 2478 906 2506 Act„
921 2484 956 2508 iX,

188 2508 211 2529 l.
227 2518 255 2523 —
273 2507 281 2521 ⁸
302 2507 378 2537 Rom„
398 2514 427 2536 x,
446 2510 468 2531 9..
484 2521 514 2526 —
526 2510 544 2524 '⁰
558 2511 632 2541 Aug„
651 2511 693 2534 ubi
710 2519 764 2542 sup.
785 2519 869 2543 prox„
889 2520 915 2538 11,
933 2515 955 2537 3.

186 2553 216 2559 —
237 2542 254 2558 ¹¹
271 2541 332 2566 lbid.
349 2554 377 2559 --
393 2542 411 2558 ¹²
427 2544 499 2573 sup„
514 2549 557 2574 XV,
572 2546 610 2568 20.
624 2559 655 2563 —
670 2546 689 2563 ¹³
704 2547 710 2570 Ι
728 2548 804 2577 ΡοΙι-.,
823 2553 856 2579 w,
874 2550 911 2573 15.
926 2562 957 2566 —

189 2576 206 2590 ¹⁴
233 2578 308 2607 Aug,
334 2577 378 2601 ubi
403 2584 468 2608 sup„
492 2585 518 2602 n.
544 2580 566 2603 4.
591 2593 620 2598 —
645 2581 665 2597 ¹⁵
687 2582 788 2612 Manli.‚
815 2589 839 2613 v,
864 2585 902 2607 lo.
928 2596 954 2601 -

187 2612 208 2627 ¹⁶
223 2612 364 2642 Chrysost„
378 2612 422 2636 ubi
438 2619 504 2643 sup„
522 2620 548 2638 n.
566 2615 588 2638 4.
603 2628 633 2633 ——
647 2617 666 2632 ¹⁷
681 2617 780 2645 Mami„
801 2624 855 2648 xxi,
873 2619 910 2642 38.
925 2632 955 2636 —

708 187 920 219 EVANGELll
943 187 1084 219 SANGTl
1106 188 1267 220 JOANNIS

1014 256 1240 290 reminiscamini,
1255 258 1323 291 quia
1333 263 1380 290 eqo
1394 256 1457 283 αἰεί
1475 256 1559 284 vobis.
1575 257 1595 274 ¹⁸
1612 266 1626 283 α
1640 258 1716 286 Beati
1730 259 1783 295 qui

1013 301 1247 336 persecutionem
1268 302 1428 337 patiuntur.
1445 312 1458 328 ι)
1476 304 1507 330 Et
1525 302 1564 331 ita
1581 304 1784 333 reminiscatur

1014 347 1247 382 beatificationis,
1257 347 1296 375 ait
1309 348 1532 384 Chrysostomus
1543 349 1570 375 ¹⁶.
1586 350 1666 378 Unde
1680 352 1708 378 et
1721 350 1783 378 haec

1014 393 1149 428 praedixit
1171 394 1227 427 015,
1251 395 1282 421 ut
1305 394 1426 428 scirent,
1452 395 1594 431 quoniam
1617 404 1678 424 non
1696 396 1783 424 blan-

1015 438 1114 471 diens,
1132 447 1228 475 neque
1244 439 1393 474 decipiens
1413 440 1592 477 loquebatur
1609 442 1665 476 eis,
1684 442 1737 470 sed
1750 443 1784 470 ut

1013 485 1179 520 praevidens
1202 485 1308 514 futura.
1334 486 1389 513 Sed
1407 487 1561 522 quaeritur,
1583 488 1706 524 qualiter
1723 488 1782 516 aitz

1013 531 1073 558 Non
1087 534 1215 558 noverunt
1226 533 1343 565 Patrem,
1353 540 1436 567 neque
1449 540 1499 566 me,
1512 534 1582 569 quia
1597 534 1736 562 dixerunt
1745 534 1782 562 ¹¹¹:

1016 585 1029 601 «
1050 576 1100 604 flic
1114 579 1155 604 est
1173 577 1275 605 haeres.
1292 589 1305 602 ι»
1320 580 1352 606 Et
1365 586 1456 614 supra
1469 579 1605 614 proximo
1621 581 1642 598 ¹⁸
1654 589 1681 608 :a
1695 582 1727 608 Et
1740 581 1784 608 vi-

1015 622 1130 656 derunt,
1140 625 1167 650 et
1181 623 1316 652 oderunt.
1328 624 1395 652 »Ad
1405 625 1583 653 contrarium
1598 626 1734 661 objicitur
1746 627 1782 654 ¹0:

1017 680 1030 694 α
1046 670 1127 704 Scio,
1144 670 1226 705 quod
1246 679 1299 706 per
1318 671 1514 706 ignorantiam
1535 671 1651 700 fecistis.
1666 682 1680 698 u
1698 673 1782 702 Et’0:

1018 725 1031 740 «
1049 716 1077 742 Si
1090 716 1312 751 cognovissent,
1330 725 1486 753 nunquam
1508 718 1664 746 Dominum
1682 718 1784 753 gloriae

1015 761 1234 790 crucifixissent.
1251 773 1264 789 n
1280 765 1311 791 Et
1325 763 1364 791 ad
1382 763 1460 791 istud
1479 764 1682 800 respondetur,
1701 765 1785 800 quod

1013 808 1070 844 ipsi
1084 809 1222 836 viderunt
1236 810 1379 837 Christum
1394 810 1498 838 Filium
1510 810 1570 841 Dei,
1585 813 1612 838 et
1625 818 1678 846 per
1691 811 1785 847 Scrip-

1014 856 1093 882 turas
1110 857 1266 890 potuerant
1286 856 1471 891 cognovisse,
1492 856 1574 891 quod
1593 859 1655 884 erat
1671 857 1786 885 Messias

1014 901 1187 936 promissus,
1206 910 1296 937 supra
1312 903 1331 919 ²¹
1343 912 1349 929 :
1360 912 1374 928 «
1388 902 1559 930 Scrutamini
1575 903 1752 938 Scripturas3
1768 913 1784 930 n

1015 948 1041 973 et
1056 954 1110 982 per
1124 955 1225 982 opera,
1241 956 1331 984 supra
1343 948 1382 976 ²³:
1402 960 1415 974 α
1431 949 1575 985 Operibus
1589 949 1706 978 credite.
1722 959 1736 976 n
1753 951 1786 978 Et

1014 1000 1103 1028 supra
1122 994 1260 1028 proximo
1280 995 1412 1022 similiter
1425 994 1448 1012 ²³
1466 1004 1472 1022 :
1491 995 1546 1023 «Si
1561 1003 1651 1031 opera
1665 1003 1726 1023 non
1744 995 1786 1024 fe-

1015 1038 1134 1072 cissem,
1152 1041 1205 1067 etc.
1227 1041 1259 1067 Et
1279 1040 1410 1068 similiter
1428 1049 1481 1077 per
1501 1041 1679 1070 documenta
1697 1042 1785 1070 salvi-

1014 1085 1080 1119 fica,
1095 1094 1184 1121 supra
1193 1087 1328 1121 proximo
1340 1088 1361 1104 ²³
1372 1097 1378 1114 ε
1391 1097 1404 1113 «
1417 1088 1516 1116 Sinon
1530 1089 1685 1123 venissem,
1701 1091 1728 1116 et
1741 1089 1785 1117 lo-

1015 1134 1097 1159 cutus
1112 1132 1153 1159 eis
1167 1133 1303 1167 fuissem,
1318 1136 1472 1169 peceatum
1484 1143 1544 1163 non
1559 1135 1710 1163 haberent.
1727 1145 1740 1161 »ι
1753 1138 1786 1164 Et

1014 1178 1083 1214 quia
1095 1179 1126 1206 in
1140 1187 1207 1206 eum
1220 1188 1280 1208 non
1292 1181 1488 1216 crediderunt,
1499 1184 1526 1210 et
1540 1183 1692 1210 veritatem
1705 1183 1785 1218 agni-

1014 1226 1072 1252 tam
1094 1225 1357 1261 impugnaverunt,
1370 1227 1439 1255 ideo
1458 1229 1592 1256 excaecati
1606 1236 1660 1256 sua
1673 1229 1785 1257 malitia

1012 1270 1111 1305 ipsum
1126 1279 1187 1299 esse
1203 1273 1359 1300 Dominum
1375 1274 1476 1308 gloriae
1490 1282 1551 1302 non
1571 1276 1782 1310 cognoverunt.

1013 1317 1159 1350 Quantum
1174 1326 1245 1353 ergo
1261 1319 1299 1346 ad
1314 1319 1428 1355 aliquid
1443 1323 1660 1355 cognoverunt;
1675 1321 1784 1358 simpli-

1013 1363 1083 1390 citer
1095 1366 1192 1391 autem
1207 1373 1267 1392 non
1287 1369 1503 1401 cognoverunt,
1519 1375 1574 1395 nec
1589 1367 1781 1396 contulerunt.

1013 1410 1081 1438 ldco
1097 1412 1231 1439 excaecati
1242 1420 1295 1440 sua
1310 1413 1422 1441 malitia
1436 1413 1534 1449 ipsum
1550 1422 1611 1442 esse
1626 1414 1783 1443 Dominum

1012 1458 1113 1492 gloriae
1126 1467 1187 1486 non
1200 1461 1410 1494 cognoverunt.

1048 1506 1080 1531 Et
1102 1505 1234 1540 sequitur
1257 1506 1387 1533 secunda
1410 1506 1553 1541 particula
1574 1507 1625 1542 (v.
1641 1507 1695 1542 ἓί)ε
1720 1509 1783 1536 Hoec

1012 1554 1102 1578 autem
1124 1552 1196 1578 vobis
1217 1552 1250 1578 ab
1272 1553 1354 1579 initio
1375 1561 1426 1579 non
1448 1553 1525 1587 (lia-i,
1543 1553 1653 1581 scilicet
1671 1553 1708 1582 de
1728 1553 1782 1582 ad-

1011 1599 1101 1624 ventu
1118 1597 1239 1632 Spiritus
1259 1598 1365 1632 sancti,
1385 1600 1451 1633 quia
1465 1600 1597 1626 vobiscum
1610 1608 1698 1634 eram,
1713 1607 1783 1628 con-

1011 1643 1122 1670 solatus
1149 1651 1202 1671 vos
1229 1644 1383 1679 praesentia
1410 1652 1478 1672 mea
1506 1646 1653 1681 corporali
1663 1666 1673 1680 ‚
1701 1646 1782 1675 exhi-

1011 1689 1073 1716 bita
1086 1690 1118 1723 (a)
1128 1689 1231 1717 vestris
1240 1690 1384 1725 sensibus,
1394 1691 1433 1718 ait
1442 1691 1618 1726 Augustinus
1627 1691 1658 1720 ²⁵.
1667 1693 1704 1720 Et
1713 1701 1783 1720 nunc

1011 1735 1079 1762 rado
1103 1736 1139 1762 ad
1164 1744 1239 1770 eum,
1264 1738 1334 1770 etc„
1359 1736 1467 1764 scilicet
1489 1745 1542 1773 per
1564 1740 1699 1766 mortem.
1725 1738 1782 1766 Sed

1013 1782 1166 1817 quaeritur,
1188 1782 1314 1818 qualiter
1334 1783 1393 1810 ait:
1417 1784 1480 1810 Haec
1496 1784 1528 1811 ab
1543 1785 1623 1811 initio
1641 1785 1715 1812 vobis
1730 1780 1797 1812 nors

1013 1828 1074 1854 dim·
1088 1830 1102 1854 ?
1129 1829 1200 1864 quia
1227 1829 1277 1856 alii
1306 1829 1496 1864 Evangelistae
1519 1832 1658 1864 narrant,
1685 1830 1783 1866 ipsum

1015 1874 1122 1902 dixisse
1137 1875 1202 1909 ista,
1217 1876 1377 1911 antequam
1393 1878 1466 1903 esset
1476 1875 1507 1903 in
1518 1884 1602 1904 coena
1616 1877 1636 1893 ²⁶
1646 1884 1653 1904 :
1663 1885 1677 1902 α
1691 1877 1784 1913 Coepit

1014 1920 1168 1948 ostendere
1181 1922 1264 1948 Jesus
1276 1921 1436 1957 discipulis,
1448 1922 1518 1957 quia
1533 1924 1648 1958 oportet
1659 1930 1727 1950 eum
1740 1923 1783 1950 ire

1013 1967 1263 2002 Hierosolymam,
1289 1970 1316 1995 et
1334 1968 1426 1995 multa
1448 1969 1519 2003 pati.
1541 1979 1554 1994 n
1577 1970 1647 1997 Item
1666 1969 1784 1998 videtur

1012 2013 1096 2049 quod
1121 2013 1269 2040 debuisset
1291 2014 1333 2041 eis
1355 2014 1479 2048 dixisse,
1504 2014 1575 2050 quia
1594 2015 1694 2050 jacula
1717 2023 1783 2052 quae

1011 2059 1221 2094 prcevidentur,
1242 2059 1355 2087 facilius
1377 2063 1587 2095 praecaventur.
1602 2062 1634 2089 Ut
1653 2061 1783 2090 enimait

1012 2105 1168 2140 Gregorius
1182 2106 1204 2123 ²⁷
1214 2115 1240 2133 :«
1254 2106 1346 2133 Minus
1356 2106 1457 2141 jacula
1469 2105 1587 2141 feriunt,
1602 2115 1668 2143 quai
1679 2107 1783 2143 praevi-

1014 2152 1145 2180 dentur.»
1155 2155 1186 2180 Et
1194 2153 1233 2180 ad
1240 2153 1314 2180 illud
1325 2153 1665 2188 respondetAugustinus
1671 2154 1782 2190 ¹²³quod

1012 2198 1104 2233 illud,
1126 2199 1210 2234 quod
1231 2199 1271 2226 ait
1283 2199 1350 2232 hic,
1369 2201 1410 2226 cst
1429 2199 1654 2234 intelligendum
1668 2200 1706 2228 de
1719 2200 1781 2235 Spi-

1012 2246 1069 2272 ritu
1083 2247 1201 2279 sancto,
1215 2245 1265 2280 qui
1276 2247 1337 2272 erat
1348 2247 1498 2279 venturus,
1511 2246 1632 2281 quando
1641 2245 1694 2274 illa
1701 2246 1782 2275 mala

1013 2293 1095 2318 erant
1113 2291 1244 2326 passuri,
1268 2291 1338 2326 quia
1358 2291 1480 2327 Spiritus
1501 2292 1669 2320 consolator
1692 2292 1781 2320 inter-

1011 2339 1153 2372 pretatur,
1166 2337 1214 2365 vel
1233 2337 1404 2365 advocatus.
1424 2339 1456 2365 Et
1472 2337 1541 2365 ideo
1557 2338 1594 2366 de
1607 2337 1660 2366 illo
1673 2338 1779 2374 Spiritu

1012 2427 1031 2442 ¹⁸
1043 2427 1115 2456 sup„
1128 2431 1170 2455 XV,
1185 2427 1222 2450 14.
1235 2439 1264 2443 -
1278 2426 1298 2443 ¹⁹
1308 2426 1373 2457 Act.,
1388 2432 1424 2457 111,
1439 2429 1475 2451 17.
1488 2440 1515 2445 -
1529 2427 1550 2442 ²⁰
1566 2428 1572 2451 Ι
1587 2427 1654 2458 Cor„
1668 2433 1696 2458 11,
1710 2428 1733 2452 8.
1750 2440 1777 2446 -

1012 2462 1030 2476 2¹
1045 2462 1127 2490 donn„
1142 2467 1166 2491 v,
1186 2462 1225 2485 39.
1241 2474 1270 2478 —
1285 2461 1304 2476 ²²
1319 2463 1392 2492 sup„
1411 2468 1442 2493 x,
1457 2463 1496 2486 38.
1511 2475 1538 2479 —
1559 2462 1580 2478 ²⁸
1593 2463 1664 2493 sup„
1681 2468 1722 2493 xv,
1737 2463 1777 2488 24.

1012 2509 1041 2514 —
1061 2497 1078 2510 ³¹
1101 2496 1172 2525 ibid„
1192 2497 1230 2520 22.
1250 2509 1281 2514 —
1299 2497 1319 2512 ¹⁵
1338 2498 1455 2528 August„
1474 2498 1546 2521 tract.
1565 2503 1635 2527 xciv,
1657 2504 1684 2521 n.
1701 2499 1726 2522 2.
1748 2512 1778 2516 —

1012 2531 1034 2547 ²⁶
1047 2531 1146 2558 Manli..
1162 2537 1215 2560 xvi,
1230 2533 1301 2555 2¹.-—
1314 2531 1335 2548 ²⁷
1350 2533 1438 2563 Greg„
1453 2532 1479 2555 in
1493 2532 1600 2563 Ewnq..
1613 2532 1682 2557 hom.
1699 2539 1777 2564 xxxV,

1013 2573 1092 2597 prope
1107 2566 1190 2597 princ.
1204 2579 1235 2584 —-
1249 2567 1270 2584 ²⁸
1285 2568 1361 2598 Aug„
1378 2567 1420 2591 ubi
1434 2574 1501 2598 sup„
1516 2573 1542 2590 u.
1561 2570 1580 2596 t,
1596 2568 1618 2590 2.

1044 2619 1077 2649 (a)
1094 2619 1153 2642 Caet.
1168 2619 1227 2642 edit.
1245 2619 1366 2643 exhibitio
1380 2619 1480 2643 nostris.
