1987 3032
207 209 265 238 222

207 272 340 310 ritimis,
352 272 395 302 ibi
407 272 414 289 ¹
428 281 435 302 ε
447 271 493 303 Et
501 274 664 311 sumentes
674 270 784 300 eadem
794 270 885 308 liora,
897 272 973 309 etc.;

209 326 243 355 in
258 328 382 365 quarta,
395 325 433 356 de
448 324 667 363 divulgatione
681 323 881 354 certitudinis
895 324 975 354 veri-

207 379 296 416 tatis,
322 379 365 408 ibi
381 381 391 396 ¹¹
409 388 416 409 :
438 378 523 409 Time
544 377 668 416 aperuit
688 377 749 406 illis
770 385 916 414 sensum,
941 381 976 406 ut

210 432 420 471 intelle’qerent
431 432 623 470 scripturas,
639 432 697 460 etc.
715 430 800 460 Circa
815 430 976 460 revelatio-

208 493 282 515 nem
298 483 535 514 resurrectionis
556 482 773 522 explicandam
795 483 857 513 tria
877 483 975 513 intro-

207 537 365 567 ducuntur
387 537 426 567 ab
451 535 670 575 Evangelista,
698 535 829 574 scilicet,
854 536 975 566 revela-

208 590 302 620 tionis
316 589 436 620 occasio
446 613 453 626 ,
471 589 508 619 de
524 598 587 628 qua
602 588 645 618 ibi
658 589 698 626 (v.
716 589 743 627 si)
758 597 766 618 ε
788 589 858 619 Una
869 592 976 619 [tutem

206 643 330 673 subbati
345 642 437 672 valde
453 651 566 679 mane,
582 643 640 671 etc.
660 640 868 671 Revelationis
883 642 975 671 certi-

209 695 301 733 tudo,
318 696 362 725 ibi
373 696 382 711 ³
396 706 402 725 ;
415 695 459 726 Et
473 696 652 733 factumest
665 694 743 724 (lum
757 699 879 733 mente,
897 696 975 732 etc.;

208 751 240 779 ct
255 748 458 779 revelationis
471 745 692 785 manifestatio,
704 747 747 777 ibi
761 748 770 764 a
781 758 788 778 2
800 748 832 779 E
835 752 846 777 t
855 756 979 787 reyres-

210 811 253 832 soe
267 812 286 832 a
300 805 507 832 monumento
519 825 527 839 ,
543 801 807 831 renunlc'averwzt
821 801 897 838 haee,
918 803 975 831 etc.

211 855 337 886 Occasio
352 857 460 886 autem
476 857 511 885 ut
526 855 640 885 Christi
655 854 843 885 resurrectio
860 854 978 885 revela-

214 910 312 946 retur,
328 909 386 938 suit
404 908 558 938 adventus
574 907 746 937 mulierum
761 906 799 936 ad
819 906 979 937 Christum

210 961 419 1000 ungendum3
436 961 517 990 circa
531 960 615 999 quod
631 960 692 989 duo
711 962 901 998 tanguntur,
918 960 980 989 sci-

211 1014 282 1044 licet
297 1014 411 1045 modus
422 1013 569 1045 veniendi
579 1013 618 1043 ad
630 1012 835 1052 sepulchrum
846 1013 982 1043 domini-

212 1076 302 1105 cum,
328 1069 359 1097 et
378 1067 491 1098 modus
508 1066 692 1097 inveniendi
716 1066 903 1105 sepulchrus
924 1075 979 1097 va-

213 1128 321 1150 cuum.

253 1172 360 1203 Primo
381 1172 495 1210 igitur,
524 1174 681 1211 quantum
708 1172 746 1202 ad
771 1172 903 1202 modum
927 1180 981 1202 ve-

214 1225 321 1255 niendi
335 1225 375 1255 ad
391 1227 648 1262 monumentum,
665 1225 739 1254 dicit
755 1234 761 1253 .·
789 1225 859 1255 Una
876 1229 983 1255 (intem

213 1277 337 1308 sabbati
356 1277 448 1307 valde
469 1277 608 1307 diluculo
628 1281 783 1307 venerunt
803 1277 848 1306 ml
868 1286 981 1307 mome-

213 1335 357 1362 mentum
364 1335 531 1371 portantes
539 1341 557 1370 q
563 1340 611 1361 ιια]
619 1334 816 1370 paraverant
824 1335 982 1368 aromata,

214 1384 331 1414 scilicet
359 1384 520 1414 mulieres.
551 1383 589 1413 Et
626 1383 870 1421 attendendum,
901 1383 985 1423 quod

215 1435 382 1467 sabbatum
405 1436 521 1467 dicitur
549 1438 615 1466 tota
636 1436 689 1466 illa
715 1436 890 1475 septimana
913 1437 984 1467 sab-

216 1488 291 1526 bati,
308 1489 384 1528 quia
405 1491 526 1528 septem
548 1489 659 1519 diebus
673 1491 740 1519 erat
754 1489 933 1519 feriandum
949 1491 959 1507 ¹¹
977 1500 983 1519 :

219 1553 234 1570 (ι
249 1541 376 1581 Septem
391 1541 504 1572 diebus
518 1551 629 1581 azyma
644 1542 822 1572 comedetis.
839 1553 853 1570 »
872 1542 986 1581 Sequi-

215 1596 268 1624 tur
284 1605 291 1624 :
314 1606 328 1622 a
343 1594 488 1625 efferetis
502 1595 693 1625 sacrificium
707 1595 740 1624 in
760 1595 835 1634 igne
854 1594 986 1625 Domino

215 1649 335 1686 septem
350 1647 471 1677 diebus.
489 1658 503 1675 n
523 1647 561 1677 Et
579 1647 648 1678 ideo
663 1650 727 1678 tota
742 1647 796 1677 illa
812 1648 988 1686 septimana

216 1699 377 1730 dicebatur
397 1699 576 1737 sabbatum,
593 1700 626 1729 in
648 1701 740 1739 cujus
758 1700 861 1739 prima
875 1700 938 1737 die,
956 1700 987 1729 id

216 1755 262 1783 est
273 1753 430 1783 dominica
446 1753 507 1790 die,
526 1762 653 1783 summo
668 1762 762 1783 mane
777 1755 934 1784 venerunt
948 1753 987 1784 ad

217 1808 480 1843 monumentum,
506 1806 581 1845 quia
605 1805 751 1836 dicebant
766 1806 805 1844 (a)
829 1806 914 1845 quod
935 1806 987 1836 illo

217 1858 285 1896 die,
309 1868 372 1898 quo
395 1859 500 1898 primo
523 1858 602 1889 sacta
623 1861 690 1889 erat
710 1858 783 1896 lux,
806 1860 989 1897 resurgeret

219 1911 360 1942 Christus
376 1912 414 1942 de
430 1912 568 1943 tenebris
583 1912 696 1942 mortis
710 1913 741 1941 et
756 1911 873 1941 inferni
887 1911 925 1941 ad
942 1911 989 1942 lu-

220 1972 288 1994 cem
300 1965 387 1996 vitae.
400 1964 438 1995 Et
450 1965 519 1995 ideo
530 1964 596 1994 dies
608 1964 667 1994 ista
680 1966 813 1995 vocatur
824 1973 899 2000 una,
914 1964 989 2003 quia

219 2017 414 2056 principium
426 2019 472 2047 est
484 2016 696 2056 spiritualium
706 2016 986 2055 illuminationum,

219 2069 299 2100 sicut
322 2070 427 2100 unitas
454 2078 676 2100 numerorum.
706 2069 744 2100 Et
766 2070 836 2100 ideo
865 2071 898 2100 in
926 2070 987 2102 Ge-

220 2122 288 2152 nesi
301 2122 311 2138 ⁶
329 2133 335 2151 :
359 2133 374 2151 α
392 2121 523 2152 Factum
543 2123 590 2151 est
604 2130 734 2160 vespere
753 2124 785 2152 et
803 2131 907 2160 mane,
923 2122 990 2153 dies

220 2183 315 2205 unus.
331 2184 346 2203 ›)
365 2174 402 2205 ln
416 2175 475 2205 hac
489 2174 591 2213 igitur
605 2174 655 2204 die
675 2175 780 2205 decuit
798 2175 957 2206 Christum
972 2184 990 2205 a

220 2228 353 2258 mortuis
366 2236 547 2266 resurgere,
562 2228 593 2257 et
603 2227 637 2256 111
651 2225 700 2257 (110
715 2228 904 2258 concordant
919 2228 991 2267 qui—

221 2280 290 2310 dem
307 2289 416 2311 omnes
427 2279 652 2318 Evangelistae,
663 2279 717 2309 sed
728 2279 762 2308 111
775 2280 854 2309 hora
871 2281 991 2319 tempo-

221 2332 265 2361 ris
280 2333 428 2363 videntur
437 2332 610 2363 dissentire.
623 2331 703 2362 Nam
713 2332 883 2363 Matthaeus
898 2333 942 2363 ait
955 2334 965 2349 ⁷
981 2345 988 2362 :

227 2395 241 2412 α
256 2383 391 2423 Vespere
415 2386 522 2414 autern
549 2384 688 2422 sabbati,
711 2393 784 2424 quae
809 2384 937 2415 lucescit
959 2385 991 2415 in

222 2435 325 2475 prima
347 2436 482 2474 sabbati,
508 2436 595 2467 venit
619 2436 717 2467 Maria
738 2436 938 2476 Magdalene,
961 2439 991 2467 01

222 2488 321 2519 altera
334 2488 446 2525 Maria,
463 2489 571 2519 videre
592 2489 808 2528 sepulchrum.
831 2500 846 2518 1)
869 2489 992 2520 Marcus

223 2541 296 2572 dicit
309 2542 319 2559 ⁸
336 2541 421 2581 quod
439 2551 454 2570 «
468 2544 624 2573 venerunt
639 2544 707 2572 orto
718 2543 787 2581 ι111111
802 2542 877 2574 5010.
894 2554 908 2571 1)
930 2542 991 2574 Sed

254 2623 261 2638 ί
278 2622 335 2652 int,
349 2623 387 2645 33.
401 2634 427 2638 -—
446 2621 454 2635 ²
474 2620 530 2648 lus..
548 2621 586 2643 45.
604 2633 634 2637 —
649 2620 659 2636 ²³
676 2622 732 2652 lnt'.,
747 2624 770 2645 4.
784 2624 832 2639 —4
848 2624 905 2654 lun,
921 2625 942 2647 9.
961 2636 991 2640 —

224 2657 233 2672 ⁵
247 2657 334 2686 Levia,
345 2661 420 2685 xxm,
435 2657 458 2686 (i,
475 2657 498 2678 8.
513 2668 543 2673 —
558 2656 567 2667 ⁴>
577 2655 648 2685 Gen„
660 2661 682 2685 1,
698 2658 720 2679 5.
736 2670 762 2674 -
774 2657 784 2673 ⁷
798 2658 899 2688 Mami„
913 2664 991 2687 xxm,

752 203 961 235 EVANGELII
985 203 1124 235 SANCTI
1148 204 1257 235 LUCAE
1286 187 1288 189 >

1030 270 1166 301 Joannes
1180 270 1254 301 dicit
1267 272 1278 288 ⁹
1293 271 1377 310 quod
1399 281 1414 299 «
1429 270 1527 302 Maria
1544 271 1728 310 Magdalene
1742 280 1800 302 ve-

1031 325 1077 354 nit
1098 333 1202 362 mane,
1231 333 1304 355 cum
1331 325 1435 356 adhuc
1459 325 1596 355 tenehrse
1619 326 1738 361 essent,
1760 324 1800 355 ad

1032 379 1285 408 monumentum.
1304 390 1317 405 »
1337 378 1396 407 Sed
1412 378 1444 408 in
1459 378 1518 408 1100
1533 387 1596 408 11011
1612 380 1658 408 est
1673 379 1798 408 contro-

1032 431 1136 461 versia
1153 441 1159 460 :
1178 431 1249 461 licet
1267 430 1400 461 diversis
1420 431 1524 460 verbis
1539 430 1734 470 exprimant,
1754 432 1801 460 ta-

1032 492 1105 514 men
1119 492 1230 513 omnes
1244 483 1356 514 volunt
1372 483 1485 521 dicere,
1502 484 1586 523 quod
1600 484 1632 513 in
1646 482 1801 522 principio

1032 536 1091 566 diei
1107 538 1274 573 venerunt,
1296 536 1412 566 scilieet
1432 535 1558 575 quando
1574 535 1621 566 sol
1634 534 1802 575 incipiebat

1032 598 1129 629 super
1149 592 1295 622 nostrum
1324 588 1589 628 hemisphaerium
1609 587 1799 625 illucescere,

1033 645 1063 673 et
1082 645 1187 673 tamen
1211 641 1314 672 adhuc
1337 641 1475 672 tenebrae
1495 650 1560 671 non
1575 642 1665 671 erant
1679 639 1803 680 penitus

1033 694 1195 734 effugatae.
1212 694 1440 725 Verumtamen
1454 694 1492 725 de
1503 694 1583 724 hora
1597 692 1801 724 resurrectio-

1033 747 1083 777 nis
1102 748 1316 779 controversia
1336 749 1382 778 est
1398 747 1481 778 inter
1495 747 1649 784 doctores,
1665 755 1703 776 eo
1717 745 1803 785 quod

1034 800 1163 840 quidam
1177 800 1284 831 dicunt
1300 800 1458 831 Christum
1474 800 1578 831 media
1591 801 1681 830 nocte
1695 807 1802 829 resur-

1034 853 1164 891 rexisse,
1182 853 1235 884 alii
1245 862 1320 883 vero
1331 853 1470 884 (1111101110
1483 864 1490 883 :
1503 853 1558 893 qui
1573 854 1682 883 autem
1695 851 1804 882 verius

1035 906 1151 943 dicant,
1168 906 1250 937 Deus
1264 907 1363 937 novit.
1381 906 1440 937 Sed
1451 905 1666 937 controversia
1676 903 1805 934 dissolvi

1035 962 1137 999 potest
1154 971 1159 989 :
1176 959 1252 999 quia
1266 960 1361 999 primi
1377 959 1498 997 (11011111,
1516 959 1601 998 quod
1619 956 1806 989 resurrectio

1037 1012 1141 1042 media
1160 1015 1250 1043 nocte
1272 1013 1330 1043 suit
1349 1012 1526 1043 secundum
1544 1011 1728 1048 veritatem,
1753 1008 1806 1040 sed

1037 1065 1175 1096 diluculo
1194 1066 1333 1096 innotuit
1356 1074 1364 1096 :
1379 1066 1410 1096 et
1424 1067 1500 1095 111110
1516 1065 1631 1095 dieitur
1650 1072 1701 1094 res
1719 1062 1805 1100 fieri,

1037 1118 1164 1157 quando
1188 1118 1365 1149 innotescit.
1382 1117 1487 1148 Potest
1501 1118 1609 1148 autem
1627 1116 1706 1154 dici,
1722 1114 1806 1155 quod

1037 1172 1120 1202 sicut
1139 1171 1204 1202 sole
1224 1171 1387 1202 recedente
1407 1180 1426 1201 a
1446 1172 1554 1201 nostro
1568 1168 1806 1209 hemisphaerio,

1039 1224 1091 1255 Sol
1102 1224 1234 1263 justitiae
1247 1233 1280 1255 se
1290 1225 1470 1262 occultavit,
1483 1224 1525 1254 510
1539 1224 1602 1254 5010
1613 1223 1653 1254 ad
1664 1225 1808 1253 nostrum

1038 1277 1302 1316 hemisphaerium
1316 1277 1478 1314 redeunte,
1497 1277 1549 1307 Sol
1561 1275 1694 1315 justitiae
1707 1283 1809 1306 resur-

1039 1330 1122 1360 rexit
1138 1341 1145 1360 :
1165 1330 1208 1361 ita
1222 1330 1308 1369 quod
1322 1339 1379 1360 1100
1395 1329 1525 1360 omnino
1541 1329 1575 1359 111
1589 1328 1651 1366 die,
1667 1336 1725 1358 nec
1738 1336 1808 1358 om-

1040 1383 1115 1413 nino
1137 1383 1168 1413 in
1192 1384 1282 1413 nocte
1307 1383 1428 1421 media,
1452 1382 1506 1412 sed
1528 1381 1632 1412 medio
1651 1380 1756 1412 modo.
1774 1379 1811 1411 Et

1040 1435 1111 1466 ideo
1123 1436 1249 1475 utrique
1265 1435 1407 1467 doctores
1423 1444 1480 1466 suo
1495 1435 1589 1466 modo
1603 1434 1710 1465 dicunt
1725 1432 1810 1465 veri-

1040 1490 1148 1518 tatem.

1081 1541 1237 1578 Secundo,
1257 1543 1413 1580 quantum
1431 1541 1471 1571 ad
1486 1540 1617 1571 modum
1630 1539 1813 1570 inveniendi

1042 1594 1259 1633 sepulchrum,
1274 1594 1379 1624 subdit
1394 1596 1436 1631 (v.
1454 1594 1482 1629 9.)
1498 1604 1504 1624 z
1518 1594 1550 1624 E
1552 1597 1563 1623 t
1573 1594 1760 1623 invenerunt
1770 1592 1814 1622 Ια-

1040 1647 1148 1686 pidem
1171 1647 1349 1678 revolutum
1371 1657 1391 1677 α
1411 1650 1628 1677 monumento.
1652 1646 1695 1676 De
1716 1645 1814 1684 hujus

1043 1702 1148 1730 autem
1164 1700 1277 1740 lapidis
1287 1700 1485 1731 revolutione
1496 1702 1587 1730 erant
1600 1698 1754 1735 sollicitae,
1770 1697 1812 1728 si-

1043 1754 1096 1782 cut
1118 1752 1232 1783 dicitur
1255 1752 1274 1768 ¹⁰
1298 1762 1305 1781 z
1332 1751 1396 1782 «Et
1420 1752 1565 1782 dicebant
1586 1751 1624 1781 ad
1648 1751 1810 1782 invicem:

1044 1804 1119 1841 Quis
1136 1805 1278 1836 revolvet
1292 1805 1384 1835 nohis
1396 1805 1532 1844 lapidem
1547 1804 1586 1834 ab
1601 1804 1681 1834 ostio
1696 1812 1812 1834 monu-

1044 1858 1165 1888 menti?
1190 1857 1227 1888 Et
1240 1857 1450 1897 respicientes,
1467 1857 1614 1888 viderunt
1630 1856 1814 1889 revolutum

1043 1910 1191 1950 lapidem.
1208 1910 1282 1941 Erat
1303 1911 1419 1950 quippe
1441 1919 1580 1950 magnus
1603 1909 1705 1941 valde.
1721 1919 1736 1938 ι)
1758 1908 1815 1939 Hie

1044 1964 1151 1993 autem
1165 1962 1245 2002 lapis
1254 1971 1319 1993 non
1334 1963 1392 1993 suit
1408 1963 1440 1992 in
1452 1962 1682 1994 resurrectione
1691 1961 1816 1993 revolu-

1044 2018 1106 2054 tus,
1121 2016 1176 2046 sed
1192 2018 1273 2055 post.
1290 2015 1377 2046 Unde
1392 2016 1475 2047 Beda
1496 2017 1515 2032 ¹¹
1533 2027 1539 2046 :
1559 2027 1573 2045 «
1589 2016 1695 2047 Potuit
1709 2015 1815 2046 clauso

1045 2068 1212 2108 sepulchro
1225 2069 1325 2106 exire,
1342 2069 1398 2108 qui
1413 2068 1519 2099 clauso
1531 2068 1630 2099 exiw't
1644 2070 1734 2099 utero
1749 2067 1816 2098 Vir-

1047 2121 1142 2159 ginis.
1164 2131 1178 2148 »
1202 2120 1262 2151 Sed
1283 2121 1427 2160 Angelus
1449 2121 1572 2151 Domini
1594 2121 1663 2151 haec
1684 2120 1756 2151 fecit
1775 2119 1815 2150 ad

1047 2174 1344 2204 manifestationem.
1364 2173 1448 2204 Unde
1462 2173 1632 2205 Mattlzaeus
1648 2174 1669 2192 ¹²
1687 2183 1694 2203 z
1716 2183 1730 2202 (1
1744 2172 1815 2202 An-

1048 2228 1139 2267 gelus
1160 2228 1244 2258 enim
1266 2227 1392 2258 Domini
1414 2227 1573 2258 descendit
1593 2227 1631 2258 de
1652 2226 1730 2257 coelo
1753 2237 1760 2256 ε
1785 2228 1816 2256 et

1046 2280 1206 2318 accedens,
1223 2279 1358 2311 revolvit
1372 2279 1520 2319 lapidem,
1537 2281 1568 2310 et
1581 2279 1708 2310 sedebat
1720 2287 1816 2318 super

1047 2343 1133 2364 eum.
1151 2345 1166 2361 »
1185 2333 1250 2364 Hoc
1265 2335 1371 2363 autem
1386 2333 1468 2370 fecit,
1485 2335 1522 2363 ut
1535 2333 1749 2363 manifestator
1763 2340 1813 2362 re-

1047 2386 1251 2416 surrectionis
1266 2385 1390 2416 Christi.
1418 2385 1504 2416 Unde
1525 2387 1556 2416 et
1573 2385 1679 2416 subdit
1695 2384 1736 2423 (v.
1761 2385 1790 2420 3)
1806 2395 1813 2413 ;

1047 2438 1093 2469 Et
1107 2438 1266 2478 inqressae,
1278 2447 1342 2468 non
1358 2438 1546 2468 invenerunt
1559 2446 1672 2477 corpus
1685 2436 1818 2468 Domini

1047 2490 1133 2521 lesu.
1150 2490 1189 2521 Et
1200 2493 1275 2521 nota
1287 2491 1371 2530 quod
1386 2491 1561 2529 signanter,
1576 2498 1649 2521 cum
1661 2489 1750 2529 prius
1763 2497 1817 2520 vo·

1050 2582 1072 2603 1.
1084 2593 1115 2597 --
1129 2581 1137 2593 ⁸
1154 2581 1304 2610 Mczrc.,xv1,
1315 2581 1338 2604 2.
1350 2593 1380 2598 —
1395 2580 1403 2593 '³
1417 2580 1498 2610 Jocm„
1510 2586 1553 2609 xx,
1568 2582 1586 2604 l.
1598 2593 1628 2597 —
1643 2581 1661 2596 ¹²
1673 2581 1748 2609 Mar„
1763 2585 1815 2609 xvi,

1048 2616 1101 2639 3-4.
1112 2628 1143 2632 -
1154 2616 1169 2630 ¹¹
1178 2616 1238 2639 Bed.
1251 2615 1332 2639 Closs.
1341 2615 1366 2638 in
1377 2615 1443 2639 huuc
1454 2615 1502 2638 100.
1516 2615 1685 2645 —22Mattl1.,
1695 2616 1815 2644 xxvui,2.

1078 2659 1113 2688 (a)
1129 2659 1188 2683 Coet.
1203 2658 1263 2684 edit.
1277 2658 1383 2682 dicebat.
