1987 3032
197 199 255 228 256

195 264 371 298 peccatores.
394 262 534 296 Quaeritur
554 262 623 289 item
647 261 683 288 de
707 261 763 289 hoc
787 262 870 297 quod
894 261 934 289 ait
957 270 963 288 :

197 317 211 334 a
232 310 385 336 Peccatum
405 309 478 336 nihil
497 310 553 342 est;
572 318 585 333 »
608 308 636 334 et
657 317 670 332 ιι
689 314 750 334 non
765 310 807 334 est
825 316 843 335 a
863 309 931 335 Deo.
948 317 961 334 ν

195 356 300 383 Contra
316 356 445 391 primum
466 355 611 388 objicitur,
633 354 715 389 quod
737 353 787 389 qui
810 353 878 381 facit
900 361 964 389 pec-

195 403 302 434 catum,
310 402 378 428 facit
391 401 514 436 aliquid,
527 400 600 427 sicut
611 399 661 435 qui
675 400 802 427 furatur:
815 400 865 427 sed
878 399 964 435 quid-

194 447 267 482 quid
282 450 333 481 est,
351 448 380 474 in
396 448 539 482 quantum
554 447 605 479 est,
621 454 656 473 ex
671 447 729 473 Deo
744 447 786 473 est
801 446 962 473 secundum

192 493 385 528 Augustinum
403 493 408 505 ¹
425 503 432 519 ι
450 501 519 527 ergo
542 494 569 520 et
589 494 741 527 peccatum
762 500 798 519 ex
819 494 887 525 Deo,
901 492 961 519 sive

192 539 271 566 mala
286 539 371 566 actio.
389 540 457 566 ltem
473 541 625 573 peccatum
641 538 812 573 corrumpit,
828 540 869 566 est
884 538 962 565 enim

193 585 340 620 corruptio
358 585 452 618 modi,
466 585 583 620 speciei,
603 587 630 611 et
654 584 776 618 ordinis,
792 585 824 611 ut
847 584 886 611 ait
904 586 962 611 Au-

191 631 323 665 gustinus
337 632 358 658 ².
375 631 431 658 Sed
452 630 535 666 quod
555 630 725 665 corrumpit,
743 630 802 664 agit
822 638 828 656 ;
846 638 916 664 ergo
931 631 962 656 ut

190 677 281 711 prius.
298 678 367 704 Item
381 678 460 704 Isaiae
474 677 484 693 ³
498 685 504 703 ε
521 686 534 702 ι(
551 678 610 711 Ego
630 676 770 704 Dominus
790 676 898 703 faciens
913 684 962 711 pa-

190 729 264 756 cem,
281 725 308 749 et
327 730 428 750 creans
442 722 555 750 malum
572 731 578 749 :
600 732 613 747 »
635 724 663 750 et
682 722 720 750 ita
735 724 766 749 ut
784 722 874 757 priuS.
892 723 962 749 ltem

190 768 328 803 quaeritur
343 768 379 796 de
394 769 450 796 hoc
465 768 548 803 quod
560 768 600 795 ait
613 776 619 794 :
638 777 652 794 κ
667 768 782 797 Idolum
796 768 868 796 nihil
878 770 933 802 est3
946 777 958 793 ι)

190 815 218 840 et
233 814 315 848 quod
331 824 345 839 ιι
363 814 459 841 forma
471 813 598 840 hominis
612 814 642 840 in
657 814 739 841 idolo
755 822 816 841 non
830 816 871 841 est
886 814 961 842 saeta

189 866 242 894 per
259 859 401 894 Verbum,
421 860 561 895 quaeritur
581 860 705 895 qualiter
719 860 774 887 hoe
791 868 797 886 :
813 860 883 895 quia
898 868 962 887 ma-

189 905 262 932 teria
275 905 359 940 idoli,
374 913 438 940 quae
453 907 496 933 est
510 913 615 933 aurum
629 905 675 932 vel
690 907 854 940 argentum,
871 914 888 934 a
903 907 960 933 Deo

189 953 231 979 est
251 960 257 978 :
278 952 346 979 ideo
367 952 463 980 forma
483 952 557 979 idoli
582 953 625 979 est
642 951 779 986 formata,
802 952 850 980 vel
873 952 960 980 artifi-

189 997 263 1026 ciata
278 998 316 1026 ab
336 998 455 1026 homine
473 1008 479 1026 :
500 1007 570 1034 ergo
586 999 659 1027 sicut
677 999 741 1027 aliae
755 999 857 1027 formae
872 999 960 1026 artifi-

189 1044 268 1072 ciatae
282 1047 349 1072 sunt
362 1053 379 1072 a
395 1046 463 1079 Deo,
479 1045 519 1073 ita
529 1047 556 1072 et
570 1045 630 1072 illa.
642 1045 686 1073 Ad
698 1045 828 1080 primum
839 1052 961 1080 respon-

188 1089 330 1124 dendum,
346 1091 428 1126 quod
453 1099 521 1118 cum
544 1093 697 1127 peccatum
720 1091 755 1118 sit
775 1091 960 1119 voluntarius

188 1134 316 1164 defectus
329 1144 346 1164 a
361 1145 477 1165 summa
489 1137 614 1165 essentia
630 1137 678 1172 (a),
694 1138 782 1172 prout
796 1137 836 1165 ait
849 1139 960 1172 Augus-

188 1182 264 1210 tinus
277 1182 298 1216 ι’,
314 1185 341 1210 et
356 1182 480 1211 deficere
496 1183 535 1210 sic
556 1183 682 1218 privatio
697 1185 752 1217 est,
768 1183 835 1211 ideo
855 1183 960 1211 dicitur

186 1230 340 1263 peccatum
358 1229 433 1256 nihil
447 1237 520 1263 esse,
534 1231 561 1256 et
577 1230 756 1264 peccatores,
770 1229 801 1256 in
816 1230 959 1264 quantum

186 1272 268 1304 tales,
282 1280 344 1300 esse
358 1273 442 1300 nihil.
457 1273 504 1300 Job
514 1273 542 1300 ⁵:
557 1283 571 1298 (κ
582 1272 715 1300 Habitent
726 1272 756 1300 in
767 1272 958 1300 tabernaculo

186 1319 265 1348 illius
279 1320 351 1348 socii
367 1321 441 1355 ejus,
456 1320 508 1356 qui
526 1328 587 1348 non
602 1322 653 1352 est,
669 1330 683 1347 n
700 1320 731 1347 id
753 1322 806 1354 est,
820 1322 959 1356 apostatae

186 1365 294 1399 angeli,
311 1365 362 1400 qui
377 1365 482 1392 dicitur
500 1372 561 1392 non
581 1372 653 1399 esse,
669 1364 739 1399 quia
753 1372 771 1391 a
785 1372 901 1392 summa
915 1372 958 1391 es-

186 1411 278 1438 sentia
293 1411 420 1445 recessit,
436 1413 463 1438 et
483 1418 536 1446 per
551 1410 608 1438 hoc
628 1418 664 1438 ex
680 1412 824 1438 crescente
843 1410 958 1437 defectu

186 1457 271 1492 quasi
285 1457 325 1484 ad
342 1464 404 1484 non
418 1464 480 1484 esse
494 1456 588 1484 tendit
601 1465 608 1483 :
623 1456 670 1483 vel
688 1456 793 1483 dIcitur
807 1464 868 1484 non
883 1464 957 1490 esse,

186 1503 257 1538 quia
271 1503 346 1530 bene
361 1511 423 1530 esse
436 1502 575 1538 perdidit,
585 1502 721 1538 quamvis
737 1504 847 1529 naturae
862 1510 958 1529 essen—

187 1549 256 1577 tiam
270 1557 331 1577 non
346 1549 452 1582 amisit,
462 1550 494 1576 ut
503 1549 543 1576 ait
557 1548 598 1576 ibi
610 1548 764 1583 Gregorius
772 1549 792 1582 ⁶,
806 1556 957 1583 exponens

185 1594 270 1622 illud.
287 1595 366 1623 Unde
381 1597 534 1630 peccatum
555 1593 717 1629 aliquando
738 1594 871 1621 nominat
884 1602 956 1629 prae-

186 1640 297 1668 dictum
316 1641 517 1669 voluntarium
539 1640 694 1674 desectum,
711 1642 738 1668 et
761 1640 801 1667 sic
824 1640 958 1668 nominat

185 1688 391 1724 privationem,
407 1689 435 1715 et
454 1687 527 1714 nihil
551 1689 610 1720 est,
630 1688 661 1714 ut
683 1686 813 1721 loquitur
831 1687 876 1714 hic
898 1695 905 1713 :
930 1689 957 1715 et

185 1734 225 1762 sic
240 1742 300 1762 non
315 1736 383 1762 esta
394 1735 462 1768 Deo,
473 1741 527 1760 nec
537 1733 626 1761 habet
636 1740 755 1760 causam
770 1732 954 1767 efficientem,

184 1782 237 1809 sed
261 1781 444 1809 deficientem
465 1780 628 1807 secundum
651 1779 846 1814 Augustinum
860 1780 880 1807 ⁷.
896 1779 956 1807 Ali·

184 1827 305 1863 quando
318 1827 451 1855 nominat
461 1826 606 1854 actionem
621 1825 797 1853 substratam
809 1826 843 1861 (b)
859 1825 956 1853 defor-

182 1873 306 1902 mationi
325 1875 353 1901 et
372 1872 540 1908 privationi,
556 1874 583 1899 et
598 1872 638 1899 sic
659 1873 701 1899 est
720 1879 738 1899 a
755 1873 825 1905 Deo,
842 1872 954 1900 ratione

183 1920 246 1954 ejus
260 1920 343 1955 quod
357 1922 399 1947 est
418 1919 549 1947 actionis.
564 1918 731 1953 Aliquando
751 1918 885 1945 nominat
903 1918 954 1945 de-

183 1966 279 1994 bitum
301 1965 432 1994 habendi
453 1965 604 2000 justitiam,
628 1972 695 1994 cum
717 1966 815 1992 tamen
840 1964 954 1992 defectu

182 2012 324 2047 habendi,
333 2011 497 2040 secundum
506 2011 687 2044 Anselmum,
698 2010 747 2038 ubi
758 2018 856 2046 supra.
872 2010 952 2038 Unde

183 2059 222 2087 ait
239 2060 249 2076 ⁸
272 2068 279 2086 :
305 2068 319 2084 «
338 2058 414 2086 Nulli
435 2058 563 2086 essentiae
583 2058 625 2085 est
645 2057 727 2084 aliud
747 2057 860 2085 malum
880 2064 952 2092 esse,

183 2114 274 2142 quam
288 2105 388 2133 deesse
402 2105 446 2132 illi
460 2105 584 2138 bonum,
601 2103 685 2139 quod
699 2102 787 2131 debet
800 2103 919 2131 habere.
935 2113 948 2130 u

182 2154 214 2180 Et
225 2153 266 2180 sic
281 2152 386 2179 dicitur
398 2159 458 2178 esse
471 2150 634 2178 secundum
650 2149 732 2184 quid,
747 2150 860 2177 ratione
874 2149 952 2176 illius

183 2199 285 2234 debiti,
301 2198 384 2234 quod
402 2200 500 2226 tamen
514 2197 661 2233 privatum
676 2198 718 2223 est
737 2204 784 2230 eo,
800 2196 883 2231 quod
900 2196 951 2223 de-

181 2245 231 2273 het
255 2245 375 2273 habere.
403 2244 448 2273 Ad
476 2243 558 2271 aliud
583 2242 844 2278 respondendum,
869 2241 952 2277 quod

182 2300 251 2320 cum
274 2293 380 2320 dicitur
399 2293 553 2328 peccatum
576 2298 674 2325 agere,
695 2290 752 2317 hoc
779 2291 820 2317 est
842 2289 951 2317 intelli-

182 2338 313 2374 gendum
331 2338 443 2366 ratione
465 2337 596 2372 actionis,
619 2338 729 2364 naturae
751 2335 823 2363 boni
847 2335 951 2363 substi-

182 2386 259 2419 tutae,
271 2392 332 2411 non
348 2384 460 2412 ratione
475 2383 657 2419 privationis.
673 2382 718 2410 Ad
734 2381 815 2409 aliud
828 2389 950 2417 respon-

215 2446 307 2475 ¹Aug.,
320 2444 349 2468 (Ie
361 2444 450 2468 Movit».
464 2444 582 2472 Manz'clz„
599 2451 621 2467 c.
638 2449 683 2473 vit,
698 2450 724 2467 n.
741 2444 778 2466 10.
791 2455 817 2460 —
833 2442 903 2473 ²111„
921 2442 950 2465 de

182 2481 241 2505 Nat.
258 2481 328 2509 Bon„
346 2487 368 2503 c.
387 2485 476 2503 xxxiv.
490 2492 521 2496 —
537 2479 545 2493 ³
561 2480 619 2507 1³0..
637 2484 696 2508 ην,
716 2479 739 2501 7.
754 2490 784 2494 ——
801 2478 810 2493 ⁴
825 2478 903 2507 Aug„
921 2477 950 2500 cle

187 2514 347 2545 Ver.1³eliy.,
361 2522 383 2537 e.
400 2520 446 2537 xiii
462 2516 486 2537 et
501 2519 554 2542 xiv,
568 2520 595 2536 n.
610 2514 639 2536 26
654 2515 679 2536 et
692 2514 770 2536 27.—
784 2512 794 2528 ⁸
806 2511 860 2540 Job,
874 2517 948 2541 xvni,

184 2552 220 2574 15.
234 2563 264 2568 —
277 2550 285 2564 ‘³
298 2550 383 2580 Greg.,
398 2548 625 2577 Moral,tib.x1v‚
639 2553 732 2577 c.X1x,
745 2546 776 2570 al.
790 2552 856 2576 xvii,
870 2553 898 2570 n.
909 2547 947 2570 22.

181 2586 231 2604 —7
247 2586 320 2616 Aug„
336 2584 365 2607 de
379 2584 455 2608 Ciuit.
472 2583 531 2612 Dei,
546 2582 589 2605 lib.
605 2584 658 2610 Mt,
671 2590 694 2606 c.
709 2588 744 2606 vJ.
758 2594 784 2598 —
799 2582 810 2598 ⁸
824 2581 947 2611 Ausona,

181 2620 210 2644 cle
229 2621 302 2644 Cone.
321 2619 401 2649 Virq„
422 2625 444 2642 c.
464 2623 489 2641 V.
507 2630 537 2635 -
550 2619 559 2630 ⁴³
575 2620 649 2647 Aug„
668 2616 697 2640 de
717 2616 807 2641 Morib.
825 2617 946 2645 Manich„

714 194 926 227 EVANGELII
949 193 1090 226 SANCTI
1111 194 1272 226 JOANNIS

1022 261 1071 289 det
1085 261 1261 295 Augustinus
1270 262 1291 295 ⁹,
1307 261 1389 297 quod
1403 269 1470 290 cum
1485 261 1590 291 dicitur
1603 264 1677 291 neus
1689 271 1787 294 creare

1021 308 1143 341 malum,
1158 307 1200 334 ibi
1218 307 1342 335 sumitur
1357 316 1444 336 creare
1461 316 1516 344 pro
1531 316 1577 343 eo,
1593 310 1675 345 quod
1690 313 1732 338 est
1745 319 1787 338 or-

1021 354 1115 380 dinare
1137 363 1143 380 :
1162 353 1313 388 puniendo
1328 355 1416 389 enim,
1433 355 1549 382 ordinat
1567 358 1728 391 peccatum.
1744 357 1787 384 Ad

1020 399 1102 427 aliud
1128 399 1369 434 respondendum
1397 403 1449 435 est,
1468 402 1550 436 quod
1577 404 1618 429 est
1643 402 1727 438 loqui
1751 402 1788 430 de

1020 445 1115 472 forma
1129 445 1201 472 idoli
1221 445 1376 480 dupliciter
1397 455 1403 473 :
1424 446 1470 474 vel
1484 447 1596 474 ratione
1616 448 1689 482 ejus,
1705 449 1788 484 quod

1020 493 1061 518 est
1073 492 1235 519 secundum
1250 500 1324 525 rem,
1339 494 1366 519 et
1380 493 1430 526 sic,
1444 493 1474 519 in
1488 496 1631 529 quantum
1646 496 1698 528 est,
1714 497 1756 523 est
1771 503 1788 522 a

1018 538 1087 571 Deo,
1103 537 1266 565 secundum
1280 537 1355 565 illud
1375 539 1523 573 Augustini
1538 548 1627 576 supra
1643 549 1650 567 :
1670 550 1683 566 α
1700 541 1789 574 Quid-

1019 583 1091 617 quid
1111 586 1161 617 est,
1177 584 1207 610 in
1228 586 1371 619 quantum
1386 587 1438 618 est,
1453 587 1495 612 est
1517 593 1534 613 a
1554 587 1627 621 Deo;
1645 597 1658 613 n
1681 587 1729 614 vel
1747 590 1789 615 est

1018 628 1100 664 loqui
1122 629 1158 656 de
1181 630 1276 657 forma
1294 630 1377 664 idoli,
1393 630 1423 657 in
1442 633 1586 666 quantum
1601 634 1643 659 est
1663 633 1747 667 idoli,
1762 636 1791 661 et

1017 675 1146 703 instituta
1165 676 1204 703 ad
1225 676 1488 711 idololatrandum,
1504 680 1531 705 et
1551 678 1591 705 sic
1610 678 1714 706 dicitur
1728 687 1789 707 non

1017 729 1079 748 esse
1103 729 1120 748 a
1141 722 1209 755 Deo,
1223 722 1284 749 imo
1310 730 1406 750 errore
1430 723 1584 751 hominum
1613 726 1680 751 sunt
1702 724 1788 760 facta,

1016 767 1056 794 ait
1070 768 1246 802 Augustinus
1262 769 1292 803 ¹⁰,
1307 771 1334 796 et
1348 769 1388 796 sic
1401 776 1435 796 ex
1451 770 1604 804 abusione,
1619 772 1646 798 et
1662 770 1701 798 ad
1715 770 1789 798 abu-

1017 813 1141 847 sionem,
1161 814 1222 841 sive
1242 814 1281 842 ad
1302 815 1494 843 abutendum.
1511 816 1560 843 Vel
1580 816 1664 844 aliter
1683 824 1787 845 secun-

1017 859 1089 886 dum
1103 860 1306 894 Augustinum,
1321 861 1371 896 qui
1386 861 1435 895 ait,
1449 862 1531 896 quod
1545 862 1628 890 idola
1642 865 1718 897 sunt,
1735 863 1788 891 sed

1017 905 1055 932 ad
1074 905 1198 933 salutem
1211 906 1284 933 nihil
1299 909 1366 934 sunt
1379 917 1385 935 z
1399 907 1505 935 dicitur
1519 916 1588 943 ergo
1601 908 1717 936 idolum
1727 917 1787 937 non

1017 958 1078 978 esse
1093 952 1204 979 ratione
1219 952 1390 987 privationis
1404 954 1503 980 salutis
1513 954 1583 989 ipsis
1596 954 1788 982 adorantibus

1015 996 1142 1031 idolum,
1157 998 1204 1025 vel
1218 999 1434 1026 confidentibus
1449 1000 1485 1027 de
1500 999 1562 1028 illo.
1580 1002 1620 1027 Ex
1636 1000 1720 1028 dietis
1733 1008 1787 1036 pa-

1015 1044 1065 1076 tet,
1081 1044 1202 1078 quando
1219 1045 1258 1072 ait
1273 1054 1280 1072 :
1301 1046 1396 1073 Omnia
1409 1054 1457 1080 per
1471 1047 1560 1081 ipsum
1573 1048 1648 1078 sacca
1661 1049 1732 1080 suut,
1749 1046 1786 1074 de

1015 1089 1235 1124 magnificentia
1255 1092 1397 1126 operandi
1419 1101 1425 1119 :
1446 1094 1512 1119 sunt
1529 1092 1607 1119 enim
1628 1092 1785 1127 magnifica

1015 1135 1220 1170 immensitate,
1234 1139 1301 1164 sunt
1320 1138 1445 1165 mirifica
1464 1138 1646 1173 speciositate
1660 1138 1721 1166 sive
1738 1145 1783 1166 or-

1016 1181 1094 1216 dine,
1110 1184 1177 1210 sunt
1190 1182 1272 1211 utilia
1285 1183 1346 1211 sive
1362 1184 1519 1212 commoda
1533 1184 1662 1212 bonitate
1682 1193 1690 1211 ε
1710 1186 1784 1211 Deus

1015 1228 1094 1255 enim
1109 1230 1150 1256 est
1164 1228 1182 1245 ¹¹
1199 1238 1213 1254 <t
1228 1229 1278 1264 qui
1292 1229 1360 1257 facit
1379 1238 1497 1265 magna,
1513 1232 1541 1257 et
1561 1230 1783 1266 incomprehen—

1014 1273 1121 1308 sibilia,
1138 1276 1164 1301 et
1178 1274 1334 1302 mirabilia.
1348 1286 1360 1300 »
1378 1277 1409 1303 Et
1423 1276 1494 1303 alibi
1509 1276 1594 1311 quasi
1608 1276 1698 1310 idem,
1710 1276 1782 1312 ut(c)

1014 1319 1046 1346 in
1060 1321 1164 1347 Psalmo
1180 1320 1200 1337 ¹²
1215 1330 1222 1348 :
1241 1330 1255 1346 ι(
1269 1322 1451 1356 Magnificata
1465 1325 1531 1350 sunt
1547 1330 1638 1358 opera
1652 1324 1712 1357 tua,
1727 1323 1784 1350 Do-

1014 1366 1104 1400 mine,
1119 1376 1132 1391 »
1155 1369 1299 1402 quantum
1314 1367 1353 1396 ad
1369 1368 1499 1403 primum
1515 1378 1522 1396 z
1545 1379 1559 1394 α
1573 1369 1677 1396 Omnia
1690 1368 1721 1396 in
1739 1375 1783 1396 sa-

1013 1412 1123 1446 pientia
1136 1412 1237 1448 fecisti,
1252 1423 1266 1439 »
1284 1416 1427 1449 quantum
1442 1414 1481 1442 ad
1495 1414 1657 1442 secundum
1672 1423 1679 1442 :
1699 1423 1713 1440 «
1728 1415 1784 1442 Im—

1012 1458 1092 1492 pleta
1104 1460 1145 1486 est
1157 1460 1273 1486 terrain
1287 1460 1469 1494 possessione
1483 1462 1543 1495 tua,
1559 1471 1572 1487 n
1589 1463 1731 1496 quantum
1745 1460 1783 1488 ad

1012 1504 1138 1531 tertium.
1155 1505 1186 1531 Et
1205 1512 1242 1531 ex
1259 1505 1304 1532 his
1324 1508 1402 1540 patet
1420 1506 1637 1540 magnificentia
1655 1514 1715 1533 suae
1733 1513 1785 1541 po—

1012 1549 1113 1580 tentiae,
1131 1550 1315 1578 mirificentia
1334 1559 1393 1579 suae
1408 1552 1566 1587 sapientiae,
1583 1551 1784 1580 munificentia

1011 1603 1070 1623 suae
1085 1596 1292 1624 beneficentiae.
1310 1597 1389 1624 Unde
1404 1599 1485 1632 Hugo
1500 1599 1521 1615 ¹³
1537 1607 1563 1625 ει(
1578 1599 1714 1626 Potentiae
1728 1598 1783 1625 fuit

1011 1641 1127 1676 signum
1150 1650 1249 1670 rerum
1269 1643 1460 1678 immensitas,
1481 1645 1629 1680 sapientiae
1648 1644 1780 1680 pulchri-

1010 1688 1092 1722 tudo,
1109 1688 1250 1716 bonitatis
1264 1689 1373 1717 utilitas
1390 1699 1396 1717 :
1414 1700 1426 1716 »
1444 1698 1512 1718 vere
1527 1691 1605 1718 enim
1623 1691 1639 1706 ¹⁸
1657 1700 1671 1716 «
1685 1698 1702 1718 a
1717 1698 1781 1718 ma—

1010 1734 1162 1768 gnitudine
1191 1735 1297 1770 speciei
1324 1738 1351 1764 et
1382 1739 1520 1764 creaturae
1548 1736 1782 1771 cognoscibiliter

1009 1780 1116 1815 poterit
1138 1780 1245 1808 horum
1268 1784 1380 1810 creator
1403 1783 1506 1810 videri.
1529 1792 1542 1809 »
1572 1784 1604 1810 Et
1626 1782 1693 1810 ideo
1718 1790 1780 1810 non

1009 1828 1106 1861 restat,
1122 1827 1177 1854 nisi
1194 1830 1225 1855 ut
1243 1829 1416 1864 aspicientes
1434 1829 1509 1857 facta
1532 1831 1558 1856 et
1581 1837 1671 1864 opera
1693 1830 1779 1857 Crea-

1008 1874 1089 1905 toris,
1105 1876 1258 1909 assurgant
1281 1875 1320 1902 ad
1343 1875 1440 1911 ipsum
1463 1875 1659 1909 laudandum,
1675 1882 1778 1902 aman·

1009 1919 1091 1953 dum,
1116 1921 1144 1947 et
1163 1920 1202 1948 ad
1219 1921 1426 1949 delectandum
1447 1921 1477 1948 in
1496 1921 1572 1957 ipso.
1595 1921 1615 1938 ¹⁵
1641 1930 1655 1947 ox
1675 1922 1778 1948 Levate

1009 1966 1110 1994 oculos
1134 1968 1262 2001 vestros,
1287 1969 1314 1995 et
1334 1968 1430 1995 videte
1452 1968 1517 2003 quis
1539 1967 1648 1995 creavit
1667 1967 1738 1994 haec.
1761 1976 1776 1993 ι)

1009 2013 1030 2029 ¹³
1046 2021 1060 2038 «
1075 2012 1222 2040 Delectasti
1235 2021 1282 2041 me
1298 2014 1328 2041 in
1340 2014 1451 2041 factura
1466 2016 1525 2048 tua,
1541 2024 1554 2040 »
1572 2014 1611 2041 ait
1624 2013 1776 2049 Propheta.

1007 2059 1134 2092 Qualiter
1148 2062 1245 2087 autem
1265 2060 1365 2088 omnia
1383 2062 1450 2087 sunt
1469 2060 1545 2088 facta
1565 2068 1617 2096 per
1638 2059 1777 2093 Verbum,

1007 2105 1113 2132 dicitur
1127 2105 1147 2123 ¹⁷
1169 2114 1176 2132 :
1195 2116 1208 2131 «
1223 2107 1326 2134 Omnia
1340 2106 1371 2133 in
1389 2114 1528 2134 mensura
1548 2108 1576 2134 et
1596 2113 1732 2139 numero,
1748 2107 1776 2132 et

1006 2152 1138 2187 pondere
1163 2152 1331 2188 disposuisti
1356 2163 1363 2181 :
1389 2164 1402 2179 >i
1428 2160 1515 2188 super
1536 2152 1618 2188 quod
1640 2151 1775 2186 Augusti·

1005 2205 1061 2225 nus
1084 2199 1105 2215 ¹⁸
1123 2207 1129 2225 :
1148 2208 1162 2224 α
1182 2199 1348 2226 Secundum
1370 2199 1452 2235 quod
1475 2207 1612 2226 mensura
1635 2198 1716 2226 omni
1734 2197 1776 2226 rei

1005 2244 1129 2272 modum
1150 2245 1283 2280 praefigit,
1299 2253 1439 2273 numerus
1455 2253 1526 2273 vero
1546 2244 1627 2272 omni
1647 2244 1690 2272 rei
1711 2252 1775 2280 spe-

1005 2291 1079 2318 ciem
1102 2291 1220 2326 praehet,
1237 2292 1354 2328 pondus
1382 2293 1479 2320 autem
1507 2300 1626 2320 omnem
1648 2299 1712 2319 rem
1735 2291 1774 2318 ad

1005 2337 1133 2372 quietem
1148 2338 1176 2366 et
1192 2338 1378 2366 stabilitatem
1394 2338 1490 2366 trahit.
1506 2348 1519 2365 »
1540 2340 1572 2366 Et
1587 2338 1627 2365 ibi
1646 2337 1722 2365 bene
1737 2337 1773 2364 de

1006 2409 1051 2432 vii,
1067 2405 1089 2427 9.
1101 2417 1130 2421 —-
1147 2405 1165 2421 ¹⁰
1180 2404 1226 2434 ΙιΙ.,
1240 2407 1304 2428 cont.
1319 2405 1469 2433 Fa11st.,1ib.
1482 2406 1535 2435 XX,
1547 2410 1659 2428 c.1x.—-
1674 2404 1690 2420 '¹
1703 2403 1771 2427 Psal.

1005 2444 1098 2468 cxxxv,
1115 2440 1136 2461 4.
1150 2453 1180 2456 —
1197 2440 1215 2456 ¹²
1230 2439 1294 2463 Psal.
1310 2445 1365 2470 cm,
1383 2442 1421 2464 24.
1438 2453 1464 2457 —-
1483 2441 1501 2455 ¹³
1516 2440 1593 2469 Hug„
1608 2439 1638 2462 de
1650 2438 1771 2468 Sacram„

1004 2473 1048 2496 lib.
1065 2474 1084 2501 l,
1099 2476 1164 2503 part.
1179 2475 1220 2504 ΙΙΙ,
1237 2482 1259 2498 c.
1274 2480 1367 2504 xxvni,
1385 2475 1451 2499 circa
1465 2475 1533 2498 med.
1549 2488 1578 2491 —
1593 2474 1610 2489 ¹¹
1626 2473 1696 2503 Sap„
1712 2478 1771 2502 xiii,

1005 2509 1027 2530 5.
1041 2521 1071 2525 —
1086 2509 1105 2524 ¹⁵
1119 2509 1177 2538 Iso„
1190 2515 1232 2539 η,
1247 2510 1286 2532 26.
1297 2523 1327 2527 —
1342 2510 1361 2526 1⁶
1375 2510 1442 2534 Psal.
1461 2515 1512 2539 xm,
1530 2510 1553 2532 5.
1568 2522 1598 2526 —
1615 2509 1630 2522 ¹⁷
1645 2508 1718 2538 Sap.‚
1733 2513 1771 2538 xi,

1004 2544 1042 2566 21.
1056 2555 1085 2560 --
1101 2544 1120 2559 ’Β
1136 2546 1210 2574 Aug„
1224 2544 1253 2568 de
1267 2545 1337 2575 Gen„
1351 2545 1385 2568 ad
1397 2545 1460 2575 titt„
1477 2545 1519 2574 iv,
1536 2550 1576 2574 111,
1591 2544 1614 2568 7.

1035 2583 1069 2613 (a)
1087 2584 1147 2607 Caet.
1162 2584 1221 2608 edit.
1240 2587 1375 2615 assumptae
1394 2584 1518 2608 esseutiae.
1537 2596 1566 2601 —-
1590 2583 1620 2613 (b)
1637 2583 1698 2606 Item
1713 2582 1771 2606 sub-

1003 2619 1130 2643 structam.
1146 2631 1176 2636 —
1188 2619 1216 2649 (c)
1233 2620 1293 2643 Item
1305 2621 1338 2643 et.

1817 449 1909 470 Diutius»

1816 481 1845 501 tio
1854 481 1894 502 for-

1817 517 1857 532 ma
1873 512 1894 532 in

1804 541 1870 562 idolo.

1824 729 1844 747 M
1848 727 1908 754 agui-

1814 758 1899 778 neentis

1803 788 1908 814 operandi
