1987 3032
236 196 295 226 206

237 259 378 299 Sanguis
391 261 460 299 ejus
474 267 570 299 super
584 267 653 296 nos,
670 260 702 289 et
716 266 812 298 super
830 257 912 288 filios
929 265 1003 288 nos-

236 314 311 344 tros
327 324 342 342 »
362 312 422 344 Sed
437 313 507 343 licet
528 315 573 343 tot
594 312 695 343 modis
713 311 809 342 vellet
831 320 906 341 eum
926 310 1005 341 libe-

236 375 318 403 rare,
335 369 439 397 tamen
455 375 520 406 prce
536 366 649 396 timore
660 365 769 395 defecit
783 364 815 394 iu
830 365 903 401 tine,
917 366 947 394 et
957 364 1007 395 de-

236 419 381 457 clinavit,
405 421 513 449 contra
536 419 693 448 dictamen
711 417 863 457 justitiae,
887 417 1006 447 miseri-

237 473 362 509 cordiae,
379 472 550 503 voluntatis
565 480 643 509 suae,
655 474 685 502 et
700 471 830 501 rationis
844 472 948 508 rectae,
966 469 1006 500 ad

236 535 418 566 perversam
426 525 531 565 populi
538 524 733 555 voluntatem
742 535 750 562 ;
759 523 1004 562 ideoadditurtal

239 580 279 617 (v.
295 579 342 617 24)
362 588 369 608 :
388 578 431 609 Et
445 578 567 609 Pilatus
582 577 781 616 adjudicavit
793 578 867 616 fieri
874 577 1005 617 petitio-

235 641 308 662 nem
323 640 444 662 eorum.
461 631 499 662 Et
514 632 573 662 hoc
587 634 696 662 eontra
711 631 787 661 illud
797 631 805 647 ¹
820 642 827 660 ε
848 642 862 658 «
879 629 948 661 Non
961 639 1007 660 se-

235 683 341 723 queris
356 684 483 714 turham
497 684 536 715 ad
549 684 729 715 faciendum
746 684 884 722 malum,
898 692 957 713 nee
971 682 1005 712 in

235 736 352 775 judicio
380 736 594 776 plurimorum
621 737 800 776 acquiesces
824 736 1003 773 sententiae,

234 791 270 820 ut
284 798 301 820 a
316 798 392 820 vero
408 789 524 821 devies.
540 800 555 818 »
579 790 723 820 Deviavit
742 791 849 820 autem
867 789 1003 826 Pilatus,

234 841 398 873 distortam
412 844 600 874 sententiam
617 843 738 880 dando,
757 843 791 872 in
813 842 1005 873 absolvendo

235 895 373 933 malum;
390 898 421 926 et
435 896 504 926 ideo
517 896 591 926 dicit
607 896 648 935 (v.
663 896 711 930 25)
731 906 737 926 z
755 895 883 925 Dimisit
896 898 1005 927 autem

234 947 296 978 illis
311 958 394 987 eum,
407 949 602 989 qnipropler
618 948 827 979 lzomicz'zlimn
838 952 867 979 et
882 948 1006 978 seditio-

233 1010 306 1031 nem
320 1002 434 1032 missus
445 1004 556 1041 suerat
570 1003 603 1032 in
618 1011 792 1039 carcerem,
808 1012 903 1042 quem
917 1006 1003 1042 pele-

235 1054 320 1085 bcmt.
338 1054 375 1085 Et
394 1058 551 1095 quantum
571 1055 610 1086 ad
630 1055 925 1086 condemnationem
945 1055 1004 1086 viri

231 1107 321 1146 justi,
332 1107 400 1138 ideo
409 1108 508 1139 addit:
521 1109 629 1139 Jesmn
643 1118 717 1138 vero
729 1108 930 1148 slaqellatmn
942 1112 1006 1138 tra-

234 1160 315 1191 didit
325 1161 483 1191 voluntati
496 1170 617 1192 eorum.
627 1161 716 1192 Ratio
725 1164 948 1200 autem,quare
960 1160 1006 1191 Pi-

233 1213 384 1244 latusfuit
396 1214 667 1245 inssexusndhanc
677 1214 866 1245 sententiam
875 1214 1005 1253 iniquis-

234 1266 359 1305 simam,
377 1268 435 1298 t'uit
450 1268 646 1298 inordinatus
661 1277 751 1298 amor
766 1267 1003 1307 complacentiae

234 1320 353 1359 populi,
367 1330 438 1360 qna&
450 1321 580 1351 retrahit
590 1330 609 1351 a
620 1321 768 1358 veritate3
781 1321 851 1351 ideo
861 1321 1002 1351 dicum-²:

238 1384 253 1400 (ι
273 1372 306 1403 Si
334 1373 437 1403 adhuc
462 1373 647 1404 hominibus
674 1373 848 1414 placerem,
879 1374 1003 1405 enmsw

235 1434 347 1457 servus
364 1435 428 1456 non
442 1436 555 1456 essem.
572 1438 586 1454 n
606 1426 675 1456 Fuit
689 1429 720 1457 et
732 1427 835 1465 timor,
848 1436 887 1457 ne
902 1427 1005 1458 incur-

234 1480 317 1509 reret
331 1479 484 1509 offensam
499 1478 628 1509 Caesaris
636 1488 645 1518 ;
657 1480 741 1510 unde
753 1480 787 1510 in
795 1480 918 1510 Joanne
928 1481 965 1519 (b)
976 1481 1002 1510 ³:

239 1543 253 1560 «
269 1531 302 1562 Si
318 1532 403 1563 hunc
418 1532 560 1570 dimittis,
576 1542 639 1563 non
654 1542 687 1563 es
701 1533 822 1563 amicus
838 1533 1000 1564 Caesaris.»

234 1583 273 1615 Et
286 1584 431 1615 subditur
441 1585 496 1622 ibi⁷
512 1585 597 1624 quod
616 1597 630 1613 «
644 1585 763 1616 Pilatus
777 1595 850 1616 cum
867 1586 1005 1617 audisset

235 1636 294 1669 hos
306 1647 466 1668 sermones
472 1661 482 1676 ,
499 1638 631 1668 adduxit
645 1638 728 1668 foras
744 1639 855 1677 „inst-³1,
874 1642 905 1670 et
926 1640 1005 1670 sedit

234 1699 291 1730 pro
306 1691 471 1728 tribunali,
489 1702 502 1719 n
522 1693 553 1721 et
575 1691 689 1722 malam
710 1692 897 1722 sententiam
919 1693 1001 1723 tulit.

235 1742 366 1783 Propter
385 1744 470 1783 quod
489 1744 642 1775 dicitur⁴2
674 1756 688 1774 (ι
704 1745 763 1781 Qui
786 1746 875 1776 timet
896 1746 1004 1776 homi-

234 1805 319 1834 nem,
333 1797 395 1827 cito
409 1799 546 1827 corruet.
565 1807 579 1825 »

273 1851 322 1880 26.
339 1850 385 1882 Et
405 1860 478 1881 cum
495 1850 644 1882 (lacerent
658 1860 747 1889 eum,
771 1854 831 1882 etc.
857 1852 930 1883 Post
949 1853 1003 1884 de-

234 1903 383 1942 scriptam
405 1904 699 1934 condemnationem
724 1904 854 1944 Christi,
874 1906 926 1936 hic
948 1907 1003 1937 de-

234 1956 342 1986 scribit
351 1956 570 1986 deductionem
581 1957 781 1987 condemnati
794 1967 801 1995 3
814 1958 895 1989 circa
905 1968 1001 1998 quam

235 2009 469 2040 describendam
485 2012 621 2049 quatuor
636 2010 898 2050 introducuntur,
916 2013 1002 2043 scili-

235 2064 283 2092 cet
297 2062 440 2093 deductio
456 2063 567 2093 Christi
583 2063 621 2093 ad
636 2064 829 2103 patibulum,
847 2065 1000 2096 lamenta-

233 2115 276 2145 tio
302 2115 491 2153 mulierum,
516 2116 719 2155 reprehensio
742 2117 999 2156 lamentantium,

233 2170 264 2198 et
278 2169 493 2208 pronuntiatio
511 2169 749 2200 imminentium
771 2170 999 2203 calamitatum.

273 2222 379 2253 Primo
407 2232 502 2261 ergo,
529 2226 689 2262 quantum
716 2223 754 2253 ad
781 2223 1000 2255 deductionem

234 2275 347 2305 Christi
370 2276 409 2306 ad
426 2275 606 2315 patibulum
619 2299 626 2313 ‚
653 2275 728 2306 dicit
745 2284 752 2305 :
776 2276 822 2307 Et
843 2286 915 2307 cum
939 2277 999 2308 clu-

234 2331 338 2357 cerenl
373 2337 446 2358 eum
466 2351 475 2365 ,
516 2328 794 2368 apprehenderunt
833 2330 999 2360 Simonem

233 2380 404 2419 quemdam
425 2382 636 2419 Cyrenensem
651 2382 827 2412 venientem
848 2382 886 2412 cle
907 2383 1001 2422 villa,-

234 2436 263 2463 εἰ
278 2433 495 2472 imposuerim!
509 2434 558 2463 illi
571 2443 696 2464 crucem
710 2438 841 2474 portare
858 2440 931 2474 post
947 2435 999 2466 Je-

233 2494 316 2515 sum.
339 2484 399 2515 Sed
422 2486 615 2516 contrarium
639 2486 738 2526 hujus
752 2486 879 2518 videtur
893 2487 953 2518 dici
967 2488 1001 2518 in

265 2582 273 2598 ¹
291 2582 381 2612 EzozL,
399 2588 478 2612 xxm,
493 2584 517 2605 Ξ.
532 2595 561 2600 -
575 2583 585 2598 Ξ
599 2582 667 2612 Gal„
683 2589 701 2613 i,
720 2586 754 2608 ιο.
771 2597 801 2602 -
819 2585 829 2601 ³
849 2585 930 2615 Joan„
944 2591 998 2615 mx,

234 2619 324 2648 12,13.
336 2630 367 2636 —
380 2618 387 2632 ⁶
402 2618 486 2648 Prov„
498 2623 575 2647 xxxx,
589 2619 628 2641 25.
644 2630 674 2636 —·
688 2619 698 2635 ⁸⁵
711 2619 792 2649 loun„
804 2625 860 2650 iux,
874 2622 958 2644 16-17.
970 2634 1001 2639 -

258 2654 330 2684 Bed„
345 2653 388 2677 ubi
404 2660 459 2684 sup.
474 2665 504 2670 —
518 2653 528 2669 7
546 2654 583 2677 Ex
602 2653 674 2683 hed„
691 2653 735 2678 nbi
750 2662 805 2685 sup.
826 2668 855 2674 —
870 2656 879 2669 ⁵
892 2656 902 2680 1
923 2656 999 2686 Petr„

781 188 992 222 EVANGELII
1014 188 1152 221 SANCTI
1174 188 1286 221 LUCAE

1061 256 1202 294 Ioanne,
1218 256 1275 287 ubi
1290 255 1403 287 dicitur
1413 259 1423 275 ⁵
1437 266 1443 286 :
1466 267 1481 284 (ι
1496 254 1710 295 Susceperunt
1723 258 1831 288 autem

1060 310 1169 340 Jesum
1181 334 1189 347 ‚
1206 311 1237 340 et
1251 309 1429 341 eduxerunt
1449 318 1536 340 eum.
1555 308 1592 339 iit
1606 309 1753 348 bajulans
1773 309 1832 340 sibi

1061 372 1187 393 crucem
1203 362 1302 393 exivit
1317 363 1347 392 in
1361 372 1444 400 eum,
1462 363 1517 402 qui
1533 362 1650 392 dicitur
1665 360 1830 400 Calvariae,

1060 415 1177 446 locum.
1193 427 1206 443 n
1225 415 1450 446 Verumtamen
1465 424 1529 445 non
1545 418 1591 445 cst
1607 414 1830 452 contrarietas,

1061 468 1136 507 quia
1152 470 1326 507 utrumque
1341 468 1397 498 suit
1411 479 1418 505 ;
1445 468 1498 499 scd
1513 468 1596 508 quod
1613 470 1692 498 tacet
1714 467 1830 507 Lucas,

1061 522 1211 561 exprimit
1233 521 1381 552 joannes.
1404 521 1492 552 Unde
1515 521 1644 552 Glossa⁸
1669 532 1676 552 ε
1698 521 1832 552 «Primo

1061 574 1215 605 Dominus
1226 575 1362 614 portavit
1372 583 1498 605 crucem
1509 585 1517 612 3
1530 574 1584 605 sed
1594 577 1701 614 postea
1709 574 1831 606 Simoni

1061 628 1209 667 imposita
1223 629 1279 663 est,
1291 636 1387 667 quem
1403 629 1554 657 exeuntes
1568 627 1696 658 obviam
1714 627 1833 659 habuc-

1062 683 1171 711 runt.»
1188 680 1253 711 Hoc
1266 682 1371 711 autem
1387 680 1556 719 diligenter
1566 680 1717 719 exprimit
1733 679 1832 711 Lucas

1064 736 1193 773 propter
1220 734 1408 774 mysterium
1438 733 1691 772 significationis.
1723 732 1833 764 Simon

1063 787 1119 817 istc
1133 810 1140 824 ‚
1158 787 1280 817 ratione
1296 787 1432 817 nominis
1446 789 1477 817 et
1491 787 1607 825 gentis,
1625 786 1701 826 quia
1711 788 1779 817 erat
1795 786 1833 816 de

1063 839 1200 879 Cyrene,
1219 840 1366 878 designat
1389 839 1601 870 obedientiam
1625 839 1732 879 populi
1757 848 1834 879 gen-

1060 893 1124 923 tilis
1148 893 1187 923 ad
1215 893 1375 923 ferendam
1406 901 1532 922 crucem
1562 894 1633 932 post
1660 892 1830 923 Christum.

1063 946 1150 977 Unde
1166 946 1274 977 Glossa
1287 947 1316 976 ⁷:
1339 957 1352 974 «
1366 945 1446 983 Quia
1461 946 1571 976 Simon
1585 954 1650 976 non
1667 945 1807 976 Israelita
1821 969 1829 984 ,

1061 1001 1114 1031 sed
1131 1000 1302 1040 Cyrenaeus
1326 1001 1408 1037 erat,
1429 1008 1485 1039 per
1508 1007 1582 1029 eum
1605 997 1742 1029 Gentiles
1755 998 1834 1029 desi—

1061 1056 1214 1093 gnantur,
1231 1054 1286 1093 qui
1309 1055 1436 1093 portant
1459 1061 1604 1091 crucem,
1625 1061 1699 1083 cum
1724 1053 1832 1093 populi

1061 1106 1224 1145 Gentium,
1243 1108 1375 1147 paganis
1398 1107 1513 1137 ritihus
1528 1106 1666 1144 relictis,
1682 1106 1832 1138 ohedien-

1060 1163 1108 1191 ter
1122 1160 1358 1200 amplectuntur
1373 1160 1509 1199 vestigia
1522 1160 1696 1190 Dominicae
1712 1160 1830 1200 passio-

1060 1213 1120 1242 nis.
1135 1224 1149 1241 »
1167 1213 1203 1243 Et
1224 1213 1340 1243 talibus
1364 1213 1504 1252 loquitur
1528 1213 1641 1243 Petrus
1654 1213 1665 1230 ⁸
1682 1224 1688 1243 :
1712 1224 1727 1242 (ι
1742 1213 1831 1244 Chri-

1060 1268 1126 1296 stus
1142 1275 1253 1305 passus
1269 1268 1314 1296 est
1329 1275 1386 1305 pro
1402 1266 1508 1304 nobis,
1534 1266 1625 1296 vobis
1647 1266 1832 1306 relinquens

1061 1318 1242 1358 exemplum
1253 1343 1262 1354 ,
1279 1330 1293 1346 »
1311 1321 1369 1349 etc.
1384 1318 1423 1349 Et
1437 1318 1552 1349 talibus
1570 1318 1689 1349 Paulus
1701 1318 1712 1335 ⁹
1727 1329 1733 1349 :
1752 1329 1768 1347 «ι
1783 1318 1832 1350 Je-

1060 1382 1114 1403 sus
1128 1374 1219 1403 extra
1239 1374 1363 1412 portam
1380 1381 1492 1412 passus
1505 1374 1562 1402 est.
1585 1371 1744 1402 Exeamus
1767 1371 1832 1410 igi-

1060 1427 1112 1456 tur
1127 1426 1166 1456 ad
1186 1435 1259 1456 eum
1275 1427 1366 1456 extra
1380 1427 1496 1463 castra,
1514 1424 1748 1465 improperium
1762 1425 1832 1464 ejus

1061 1480 1257 1518 portantes.»
1272 1478 1351 1514 Quia
1364 1487 1440 1509 vero
1452 1478 1562 1508 Simon
1572 1478 1758 1516 angariatus
1773 1477 1831 1508 suit

1059 1540 1186 1562 crucem
1202 1533 1341 1570 portare,
1361 1531 1442 1561 sicut
1456 1530 1572 1561 dicitur
1588 1532 1609 1550 ¹⁰
1627 1541 1657 1560 z«
1671 1530 1830 1569 Angaria-

1059 1586 1175 1614 verunt
1195 1586 1441 1623 praetereuntem
1462 1584 1645 1623 quempiam
1667 1582 1831 1614 Simonem

1061 1637 1247 1677 Cyrenaeum
1259 1661 1268 1675 ,
1281 1648 1295 1665 »
1312 1637 1381 1668 ideo
1395 1637 1516 1667 ratione
1528 1637 1671 1676 angariae
1687 1637 1832 1675 designat

1060 1692 1259 1732 hypocritas,
1286 1692 1341 1732 qui
1364 1701 1489 1722 crucem
1511 1694 1639 1732 portant
1660 1700 1717 1732 pro
1737 1691 1831 1722 laude

1060 1746 1212 1776 humana.
1238 1745 1323 1775 Unde
1347 1745 1522 1784 Gregorius
1548 1756 1554 1775 ε
1582 1756 1596 1773 (‹
1614 1744 1724 1775 Simon
1736 1768 1746 1783 ,
1775 1745 1830 1784 qui

1061 1800 1166 1838 portat
1179 1807 1304 1829 crucem
1321 1798 1353 1827 in
1371 1798 1520 1837 angaria,
1536 1798 1602 1837 ipse
1617 1799 1663 1828 est
1676 1798 1731 1837 qui
1746 1797 1830 1828 labo-

1060 1854 1109 1882 rat
1129 1861 1186 1891 pro
1208 1852 1301 1882 laude
1324 1851 1467 1882 humana
1483 1860 1490 1882 :
1507 1851 1645 1882 subeunt
1662 1851 1748 1882 enim
1770 1850 1828 1882 ho-

1060 1905 1162 1935 mines
1177 1905 1263 1936 hunc
1277 1905 1417 1935 laborem
1425 1928 1434 1942 ,
1450 1913 1545 1944 quem
1557 1913 1623 1935 non
1635 1904 1722 1943 cogit
1734 1903 1830 1934 timor

1060 1957 1110 1988 vel
1125 1957 1251 1988 dilectio
1264 1957 1329 1988 Dei.
1343 1968 1357 1985 ι)
1370 1957 1426 1988 Vel
1439 1957 1586 1996 designat
1596 1956 1759 1995 acidiosos,
1772 1956 1829 1996 qui

1059 2019 1186 2041 crucem
1210 2012 1336 2050 portant
1363 2018 1436 2040 cum
1464 2019 1629 2040 murmure
1642 2033 1652 2048 ,
1681 2019 1775 2050 poena
1798 2012 1829 2040 et

1059 2063 1222 2094 violentia.
1238 2062 1354 2093 Contra
1367 2062 1443 2093 tales
1458 2062 1651 2093 Bernardus:
1666 2062 1745 2094 «Vae
1759 2071 1831 2103 por-

1060 2116 1197 2147 tantibus
1213 2125 1337 2146 crucem
1348 2140 1356 2154 ,
1380 2125 1444 2146 non
1459 2116 1539 2146 sieut
1553 2116 1698 2146 Salvator
1717 2124 1826 2154 suam,

1059 2169 1112 2200 sed
1136 2170 1218 2200 sicut
1239 2169 1291 2199 ille
1313 2169 1483 2208 Cyrenaeus
1507 2168 1651 2199 alienam.
1673 2178 1688 2197 ι)
1713 2167 1828 2199 Contra

1059 2231 1138 2262 quos
1153 2222 1267 2253 dicitur
1279 2222 1298 2238 ¹¹
1311 2231 1342 2252 z«
1352 2221 1384 2252 Si
1397 2222 1468 2261 quis
1478 2221 1547 2252 vult
1557 2224 1626 2261 post
1641 2230 1692 2252 me
1705 2221 1826 2260 venire,

1058 2276 1194 2314 abneget
1210 2276 1416 2315 semetipsum
1433 2286 1440 2305 :
1455 2277 1486 2305 et
1498 2274 1585 2305 tollat
1596 2283 1720 2305 crucem
1735 2283 1825 2305 suam

1058 2328 1212 2367 quotidie,
1228 2339 1242 2356 n
1262 2332 1333 2366 etc„
1355 2328 1428 2367 quia
1443 2328 1530 2358 omni
1545 2328 1595 2358 die
1609 2328 1701 2358 debet
1719 2327 1752 2358 in
1767 2336 1824 2358 no-

1058 2380 1106 2411 bis
1120 2389 1210 2410 amor
1224 2381 1419 2420 poenitentiae
1434 2380 1584 2411 faciendae
1599 2380 1756 2411 innovari.

1098 2433 1241 2464 Secundo
1249 2457 1258 2471 ,
1275 2436 1433 2473 quantum
1443 2433 1482 2464 ad
1492 2433 1748 2464 lamentationem
1756 2441 1825 2463 mu-

1057 2485 1172 2517 lierum
1187 2487 1484 2524 concomitantium,
1509 2486 1656 2517 subditur
1679 2486 1726 2525 (v.
1743 2487 1798 2523 27)
1814 2495 1822 2516 :

1057 2582 1090 2607 11,
1103 2578 1141 2600 21.
1156 2590 1186 2595 —
1196 2578 1205 2591 s·
1219 2577 1304 2609 Hebra,
1319 2583 1377 2608 xni,
1390 2579 1431 2607 12,
1445 2577 1482 2601 13.
1496 2589 1527 2594 --
1542 2577 1560 2592 ¹⁰
1574 2576 1662 2604 Marc..
1681 2581 1724 2606 xxj,
1740 2577 1778 2600 2¹.
1793 2587 1824 2593 ——

1056 2612 1074 2628 ¹¹
1090 2613 1162 2642 sup„
1178 2618 1216 2642 ix,
1232 2614 1271 2637 23.

1088 2657 1121 2687 (a)
1137 2658 1199 2682 coet.
1212 2657 1272 2682 edit.
1288 2657 1366 2682 addit.
1375 2669 1406 2674 —
1421 2656 1454 2687 (b)
1467 2656 1540 2681 Unde
1552 2657 1673 2681 „Ioannes
