1987 3032
194 179 252 208 282

95 248 161 283 clegi}
196 244 389 281 apostolicam
402 246 523 281 propter
535 245 625 273 dictas
639 251 753 278 0011505,
766 243 817 279 qui
830 243 925 279 potuit
939 245 967 271 et

75 279 180 329 „{¹‡Z¹{‚}.
195 291 262 319 fecit
279 299 330 319 eos
348 291 493 327 sapientes
514 300 567 319 sua
587 290 746 327 sapientia:
768 291 796 317 et
814 289 886 325 quia
904 297 966 318 non

75 341 181 374 gnitum-n
196 337 281 365 estin
295 337 425 365 humana
441 340 582 373 potestate
599 337 639 364 sic
658 336 752 364 facere
772 335 809 363 de
828 335 966 371 simplici-

75 371 180 422 ss'ffimh'
195 383 252 411 bus
275 384 435 420 sapientes,
464 383 532 411 ideo
560 383 695 411 homines
723 382 832 409 debent
859 381 965 416 eligere

97 442 101 444 ’
196 431 293 458 bonos
311 432 339 458 et
355 429 499 465 sapientes
518 430 557 457 ad
577 429 781 465 praelationum
803 427 964 463 dignitates.

197 478 229 504 Et
247 478 317 504 nota
340 476 422 511 quod
442 476 499 503 ait:
523 476 634 508 Quando
656 482 714 502 eras
735 475 781 502 sub
803 476 863 508 ficu.
884 474 966 501 Ficus

198 523 287 556 enim,
302 524 334 550 ut
343 522 382 550 ait
396 522 523 550 Isidorus
539 523 559 555 ¹,
571 531 585 547 «
599 521 704 549 dicitur
717 529 734 549 a
747 521 935 555 foecundz'tate3
950 530 962 547 »

198 571 226 597 et
246 569 351 596 dicitur
371 569 449 604 quod
469 568 492 595 si
511 567 583 595 folia
601 568 674 595 ficus
693 568 815 602 tangunt
833 574 966 602 carnem,

198 615 343 651 pruritum
363 614 487 642 faciunt:
514 617 541 641 ct
567 615 662 649 potest
684 613 848 648 significare
872 613 968 648 ipsam

198 662 305 696 legem,
320 662 353 688 ut
366 661 477 688 dietum
493 663 534 688 est
542 660 564 695 2,
579 660 626 687 vel
641 659 831 687 dulcedinem
845 658 967 694 pcccati,

197 717 264 744 quae
277 708 457 743 significatur
470 716 523 744 per
540 708 614 735 ficus
632 708 740 742 malas,
758 707 852 734 malas
869 706 966 734 valde.

197 756 207 772 ³
225 765 238 781 ιι
254 755 336 783 Ficus
351 755 429 782 enim
446 763 509 782 nou
524 754 649 782 florebit.
666 764 678 780 »
699 755 731 781 Et
748 755 844 789 potest
857 752 968 788 signifi-

196 809 261 829 care
279 802 312 837 (a)
327 802 515 837 scripturam,
530 803 563 828 ut
576 800 711 828 habitum
726 801 776 827 est.

233 849 276 875 49.
299 849 331 875 Et
351 847 482 883 sequitur
504 849 664 883 quartum:
690 846 837 881 Respondit
858 846 967 874 Natha-

197 895 268 928 nael‚
283 895 336 921 etc.
348 895 380 921 Ut
395 893 474 921 enim
486 893 525 920 ait
539 893 763 928 chrysostomus
772 893 792 927 ⁵,
802 902 815 918 «
827 893 969 928 quoniam

197 941 402 975 argumentum
418 939 544 975 suscepit
561 938 737 974 cognitionis
753 946 823 972 suae,
837 939 917 966 venit
931 939 970 966 ad

197 986 426 1020 confessionem,
442 985 598 1013 ostendens
613 984 802 1012 devotionem
808 994 816 1019 3
831 995 844 1010 »
861 986 889 1012 et
902 985 971 1012 sub-

198 1032 258 1060 dit:
275 1042 288 1058 «
302 1032 394 1060 Viden
411 1032 446 1067 (b)
462 1031 592 1060 animam
608 1032 735 1059 alacrem
749 1032 868 1067 repente
883 1030 969 1058 effec—

197 1081 275 1112 tam,
291 1079 502 1111 admirantem,
518 1078 714 1111 exultantem,
735 1077 888 1105 saltantem
909 1086 970 1113 prae

199 1125 330 1160 gaudio?
345 1134 358 1151 »
377 1126 441 1152 Haec
457 1125 517 1152 ille.
533 1124 589 1152 Sed
603 1124 759 1160 quaeritur:
777 1132 867 1159 quare
882 1124 970 1151 Filius

198 1172 247 1198 Dei
262 1171 378 1198 vocavit
397 1173 513 1199 Petrum
528 1172 555 1198 et
570 1171 656 1197 istum
666 1191 674 1204 ‚
692 1170 852 1197 revelando
868 1170 908 1197 eis
924 1178 970 1197 00-

197 1217 275 1244 011110
287 1220 313 1244 01
324 1217 513 1252 praedicendo
527 1217 568 1244 eis
579 1217 687 1250 futura,
699 1224 760 1244 non
772 1216 812 1243 sic
823 1216 970 1244 Andream

199 1265 227 1290 et
245 1263 318 1290 alios
326 1265 339 1290 ἵ)
355 1265 385 1290 Et
404 1263 443 1290 ad
461 1263 517 1290 hoc
537 1263 690 1298 respondit
711 1263 935 1298 chrysostomus
949 1264 970 1296 ⁵,

199 1310 281 1346 quod
295 1310 426 1337 Andreas
447 1312 474 1337 et
496 1309 647 1345 Philippus
668 1310 818 1337 habebant
839 1309 970 1337 testimo-

198 1357 281 1384 nium
298 1356 435 1383 Joannis:
459 1356 610 1391 Philippus
631 1356 709 1383 enim
723 1355 797 1388 ,vidit
815 1357 971 1391 praesentes

199 1402 377 1438 discipulos,
397 1402 506 1430 scilicet
524 1403 672 1430 Andream
692 1404 719 1429 et
734 1402 826 1429 alium
841 1402 971 1437 discipu-

198 1449 271 1476 lum.
293 1450 376 1476 Petro
396 1451 493 1476 autem
508 1457 525 1476 a
538 1448 690 1483 praesenti,
712 1448 782 1483 quia
802 1448 875 1475 dixit
890 1448 972 1483 quod

200 1496 262 1522 erat
274 1494 353 1521 filius
368 1496 496 1529 Joanna,
509 1494 640 1521 futurum
655 1494 734 1521 credi
748 1494 823 1521 fecit.
840 1494 885 1521 Sic
900 1496 927 1521 et
942 1494 972 1521 in

201 1541 267 1574 isto,
284 1540 446 1568 revelando
462 1541 488 1568 ei
504 1549 569 1576 quae
584 1540 740 1576 praeterita,
755 1540 871 1567 attrahit
886 1547 971 1566 eum:

204 1589 293 1614 «Non
313 1587 391 1613 enim
411 1587 508 1613 minus
528 1586 680 1613 adducunt
699 1585 860 1621 prophetiae
881 1593 972 1621 quam

200 1632 375 1666 0111110111οῃ)
392 1633 452 1660 imo
466 1632 624 1660 virtuosius
634 1635 661 1660 et
671 1632 972 1668 irreprehensibilius,

200 1681 231 1706 ut
250 1679 289 1706 ait
309 1679 430 1706 ibidem.
448 1680 480 1706 Et
501 1680 580 1714 patet
597 1678 644 1705 hic
664 1678 770 1706 veritas
790 1678 861 1706 fidei
882 1678 973 1713 ipsius

201 1727 398 1760 Nathanaelis,
415 1726 537 1762 quando
553 1726 608 1753 ait:
626 1726 722 1758 Rabbz',
738 1728 765 1753 et
778 1725 809 1752 in
824 1725 881 1752 hoc
896 1733 974 1752 com-

200 1773 321 1800 mendat
340 1773 557 1808 plenitudinem
577 1781 635 1799 5000
655 1771 805 1807 sapientiae
823 1773 851 1799 et
869 1772 974 1799 verita-

201 1821 259 1846 tem
278 1819 483 1851 humanitatis;
508 1820 548 1845 Tu
569 1826 595 1845 es
620 1819 709 1845 Filius
732 1819 796 1852 Dei,
822 1820 849 1845 et
870 1818 900 1844 in
917 1818 974 1845 hoc

200 1865 353 1900 profitetur
371 1865 553 1899 majestatem
573 1872 633 1891 suae
649 1864 808 1891 divinitatis
823 1864 873 1898 (c);
892 1865 931 1890 Tu
949 1872 974 1891 es

201 1912 257 1938 Rea:
271 1913 371 1945 Israel,
388 1914 415 1938 et
434 1911 465 1938 in
479 1911 535 1938 hoo
556 1911 710 1946 profitetur
729 1910 901 1945 dignitatem
916 1918 975 1938 suae

201 1957 289 1992 regiae
304 1957 472 1992 maJestatis.
489 1957 561 1990 Quia
575 1958 676 1990 Rabbi,
691 1958 793 1984 auctor
814 1956 910 1984 omnis
924 1965 975 1984 ve-

201 2003 306 2037 ritatis3
324 2003 394 2038 quia
414 2005 500 2030 Filius
522 2005 589 2037 Dei,
612 2005 714 2031 auctor
737 2003 833 2030 omnis
853 2003 953 2030 salutis
965 2013 973 2038 ς

203 2050 273 2085 quia
287 2051 344 2076 Rem
357 2051 457 2081 Israel,
480 2052 581 2076 auctor
604 2051 631 2076 et
649 2051 745 2076 rector
768 2048 863 2076 omnis
878 2051 974 2084 potes-

203 2095 277 2123 tatis.
297 2095 370 2128 Quia
392 2095 471 2122 enim
489 2096 588 2130 Rabbz',
610 2095 641 2122 id
661 2097 703 2123 est
723 2095 866 2129 Magister,
891 2095 977 2122 docet

204 2141 457 2176 inenarrabiliter;
477 2141 547 2177 quia
561 2143 646 2168 Filius
661 2143 725 2172 Dei,
742 2141 836 2169 salvat
849 2140 976 2168 indefec-

203 2187 335 2222 tibiliter3
357 2188 429 2223 quia
452 2189 508 2215 Rea:
526 2189 629 2219 Israel,
652 2189 755 2222 regnat
775 2186 973 2222 imperialiter.

204 2234 267 2268 Ipse
283 2235 324 2261 est
339 2234 417 2261 enim
433 2235 494 2261 Dux
506 2234 543 2261 de
558 2242 618 2269 quo
630 2233 735 2260 dicitur
745 2234 769 2260 s:
783 2234 846 2260 «Ex
859 2235 885 2260 te
901 2232 977 2260 exiet

205 2280 283 2313 Dux,
301 2290 314 2305 »
331 2282 384 2307 etc.
401 2280 568 2307 Secundum
589 2283 687 2308 tamen
702 2277 943 2315 Chrysostomum
955 2280 976 2312 ⁷,

206 2326 322 2353 nudum
331 2327 483 2354 hominem
500 2335 561 2354 esse
577 2326 721 2354 Christum
736 2326 898 2360 confitetur,
911 2326 977 2354 licet

207 2372 379 2400 confiteatur
394 2381 462 2400 eum
474 2381 536 2401 esse
550 2372 645 2400 filium
660 2372 708 2400 Dei
720 2381 726 2400 t
748 2380 818 2400 nam
832 2372 874 2400 ibi
887 2372 977 2400 sumi-

239 2467 246 2483 ¹
261 2466 331 2497 isid„
346 2467 466 2498 Etymol„
481 2467 523 2492 lib.
540 2468 616 2498 lel,
631 2475 655 2494 0,
668 2474 712 2492 vu.
725 2481 756 2485 --
770 2468 780 2483 Ξ
792 2469 891 2497 Jerem„
907 2474 979 2498 xxm,

209 2503 232 2525 3.
255 2514 285 2518 ——
310 2501 318 2515 ³
340 2501 442 2532 liobae„
468 2509 509 2532 ιιι,
538 2505 573 2526 Π.
595 2516 624 2520 -
648 2504 656 2517 ⁴
680 2503 822 2534 Chrysost.‚
847 2503 870 2526 1'11
897 2504 979 2532 down,

208 2537 280 2562 hom.
295 2543 349 2568 Xix,
365 2538 397 2561 al.
414 2544 456 2567 xx,
470 2546 495 2561 u.
513 2542 576 2561 3.-
590 2540 600 2555 ⁵
615 2539 686 2567 ibid„
702 2539 772 2563 honi.
789 2545 861 2569 xviii,
876 2539 908 2563 al.
924 2545 978 2569 xix,
1013 2559 1015 2561 .

209 2579 234 2596 11.
260 2574 284 2597 2.
307 2587 333 2590 -
361 2574 371 2590 ⁶
394 2574 480 2603 mich„
507 2580 531 2603 v,
555 2576 578 2597 2.
601 2587 630 2591 -—
653 2575 660 2588 ⁷
683 2575 824 2605 Chrysost„
848 2575 890 2598 ubi
913 2581 978 2604 sup,

209 2608 282 2634 hom.
296 2614 341 2639 xx,
356 2609 390 2634 al.
407 2615 461 2639 ni,
478 2616 503 2634 n.
525 2612 544 2633 1.
561 2622 590 2627 —
605 2612 613 2623 ’⁶
630 2610 694 2633 mal.
713 2616 800 2640 Lusi,
815 2612 837 2634 fi.
852 2623 880 2627 —
897 2610 908 2626 ⁹
921 2611 979 2638 lm„

716 176 930 207 EVANGELII
951 176 1090 208 SANCTI
1113 176 1276 209 JOANNIS

1021 246 1068 272 tur
1082 244 1169 272 Filius
1185 244 1235 272 Dei
1249 245 1322 272 sicut
1334 245 1365 272 10
1379 246 1486 272 Psalmo
1502 246 1531 272 ¹⁵:
1549 255 1562 271 «
1578 247 1637 281 Ego
1652 247 1728 275 dixi:
1744 248 1787 275 Dii

1021 290 1103 325 estis,
1120 292 1147 318 et
1160 290 1213 318 filii
1228 291 1354 326 Excelsi,
1371 301 1384 317 n
1401 294 1454 319 etc.
1474 292 1574 320 Glossa
1595 294 1692 320 tamen
1707 292 1786 328 dicit,

1021 336 1104 372 quod
1118 336 1269 372 utriusque
1285 339 1421 365 naturam
1435 338 1589 366 confitetur
1602 338 1633 365 in
1647 338 1770 366 Christo.

1056 386 1099 412 50.
1125 385 1155 411 Et
1174 384 1305 420 sequitur
1326 385 1479 420 quintum,
1502 385 1609 413 scilicet
1633 385 1788 421 promissio

1021 430 1139 464 Christi,
1159 430 1219 458 ibi:
1237 431 1308 463 Quia
1329 431 1391 457 disci
1406 432 1473 465 tibi,
1491 433 1544 458 etc.
1562 433 1592 459 Et
1611 432 1707 467 primo
1726 431 1790 467 ipsa

1021 476 1195 511 promissio;
1211 476 1342 504 secundo
1357 476 1436 504 illius
1450 477 1609 513 expositio,
1625 478 1686 505 ihi:
1705 478 1790 505 Amen

1022 522 1095 557 dico,
1112 524 1165 550 etc.

1056 568 1101 596 Ait
1114 577 1203 604 ergo:
1222 569 1292 602 Quia
1307 570 1369 596 dixi
1385 570 1448 600 tibi,
1468 572 1539 604 etc.,
1560 570 1644 606 quasi
1661 570 1789 598 diceret:

1022 616 1062 642 Ex
1077 623 1138 650 quo
1153 615 1300 642 credidisti
1323 624 1357 643 ex
1372 616 1548 643 revelatione
1562 616 1686 650 occulti,
1709 616 1791 652 quod

1023 660 1083 688 dixi
1100 661 1151 688 tibi
1165 670 1171 688 :
1194 662 1285 695 Majus
1303 662 1417 688 videbis.
1433 663 1464 688 Et
1482 669 1516 689 ex
1530 662 1587 689 1100
1600 664 1694 698 patet,
1710 662 1792 698 quod

1022 707 1096 734 tides
1110 709 1237 735 meretur
1256 707 1435 735 intellectum
1450 709 1460 725 n
1473 717 1478 735 :
1498 719 1510 732 «
1524 708 1582 735 Nisi
1596 708 1791 744 credideritis,
1827 716 1892 737 Fide-

1022 761 1084 781 non
1111 753 1292 788 intelligetis,
1313 763 1327 780 ι)
1353 754 1517 781 secundum
1544 753 1633 781 aliam
1657 754 1791 782 litteram.
1807 749 1906 798 ffissffi'gf

1023 801 1093 827 Item
1108 802 1175 827 tunc
1191 799 1338 834 objicitur,
1359 800 1443 835 quod
1462 800 1536 828 fides
1558 800 1639 827 istius
1657 800 1711 828 suit
1725 807 1792 836 per·
1806 810 1860 828 tum.

1023 854 1110 874 suasa
1133 846 1333 881 experimento
1355 846 1396 873 rei
1418 846 1574 880 singularis
1596 846 1745 881 revelatae,
1766 848 1794 874 et

1024 892 1065 920 sic
1077 900 1137 920 non
1152 892 1256 920 habuit
1268 892 1415 920 meritum.
1431 894 1463 919 Et
1475 892 1514 920 ad
1528 892 1605 920 istud
1617 891 1794 928 responden-

1024 939 1112 973 dum,
1128 938 1209 974 quod
1223 939 1298 966 fides
1312 946 1366 966 sua
1380 946 1440 966 non
1455 938 1508 966 fuit
1523 946 1559 966 ex
1577 938 1634 966 hoc
1649 941 1727 973 orta,
1743 937 1795 965 sed

1024 985 1078 1012 fuit
1092 985 1192 1020 adjuta
1207 987 1233 1012 ct
1248 985 1437 1012 manuducta.

1060 1033 1104 1058 51.
1127 1033 1159 1058 Et
1181 1032 1312 1067 sequitur
1341 1031 1485 1067 expositio
1513 1032 1590 1067 ejus,
1618 1030 1701 1066 quod
1724 1030 1798 1058 dixit

1025 1079 1110 1112 majus
1123 1087 1132 1105 :
1157 1081 1241 1105 Amen
1262 1078 1321 1105 dcco
1344 1079 1432 1112 robis,
1453 1078 1582 1104 videbitis
1606 1078 1698 1104 coelum
1720 1084 1798 1111 aper-

1026 1128 1098 1158 tum,
1113 1126 1166 1151 etc.
1183 1124 1260 1151 Sicut
1274 1124 1383 1151 sactum
1398 1125 1440 1151 est
1455 1124 1474 1140 ¹⁰
1484 1133 1510 1150 :a
1527 1125 1666 1158 Apertum
1684 1125 1726 1150 est
1740 1130 1797 1150 coe·

1025 1170 1098 1204 lum,
1114 1172 1141 1197 et
1156 1170 1305 1198 descendit
1316 1170 1436 1206 Spiritus
1444 1172 1569 1197 sanctus.
1583 1179 1596 1195 »
1611 1170 1642 1196 Et
1652 1168 1797 1196 ¹¹:uvideo

1026 1216 1115 1243 coelos
1130 1218 1258 1251 apertos,
1272 1227 1285 1242 »
1304 1218 1357 1243 etc.
1375 1218 1406 1243 L't
1424 1216 1502 1243 enim
1515 1216 1553 1243 ait
1567 1215 1744 1250 Augustinus
1758 1215 1796 1248 ¹²,

1027 1262 1213 1290 credentibus
1231 1262 1359 1298 aperitur
1375 1262 1472 1289 aditus
1486 1262 1566 1295 coeli,
1582 1264 1610 1288 et
1629 1261 1732 1288 vident
1745 1268 1798 1288 an-

1026 1310 1124 1345 gelos,
1139 1310 1171 1336 id
1187 1311 1242 1344 est,
1260 1309 1468 1344 praedicatores
1486 1308 1678 1344 praedicantes
1692 1315 1800 1335 arcana

1027 1356 1202 1390 divinitatis,
1224 1357 1251 1382 et
1267 1355 1355 1383 etiam
1370 1355 1501 1382 humana
1523 1355 1559 1382 de
1574 1355 1695 1382 Christo.
1715 1355 1748 1381 Et
1762 1353 1799 1382 de

1026 1402 1083 1430 1100
1099 1402 1129 1429 10
1142 1402 1252 1429 Glossa.
1268 1402 1322 1429 Sed
1338 1401 1491 1437 quzeritur,
1505 1401 1578 1428 sicut
1597 1400 1698 1436 objicit
1711 1399 1800 1435 Chry-

1027 1451 1173 1476 sostomus
1194 1449 1215 1465 ¹³
1228 1457 1235 1475 :
1254 1458 1267 1473 «
1283 1450 1323 1475 Ex
1339 1456 1399 1483 quo
1414 1450 1513 1475 Petrus
1534 1449 1600 1482 post
1615 1446 1757 1474 miracula
1772 1447 1800 1474 et

1028 1495 1191 1522 doctrinam
1217 1494 1367 1522 consessus
1388 1495 1430 1520 est
1453 1493 1547 1520 filium
1571 1493 1619 1520 Dei
1644 1494 1676 1519 ut
1695 1500 1799 1520 verum

1027 1542 1118 1568 Deum
1130 1541 1149 1557 ¹¹⁴
1161 1549 1186 1567 z«
1197 1542 1236 1567 Tu
1253 1548 1283 1567 es
1296 1540 1373 1566 filius
1387 1539 1436 1566 Dei
1450 1539 1518 1572 vivi,
1530 1540 1624 1572 »etc.;
1639 1538 1687 1565 hic
1702 1540 1800 1566 autem

1028 1588 1094 1614 ante
1115 1587 1198 1620 signa
1217 1588 1245 1613 et
1266 1586 1446 1619 doctrinam,
1471 1585 1554 1620 quasi
1579 1584 1660 1612 idem
1680 1584 1750 1612 dicit
1773 1586 1801 1611 et

1029 1632 1181 1661 confitetur
1198 1641 1203 1658 :
1222 1639 1313 1667 quare
1329 1632 1380 1658 iste
1397 1638 1458 1658 non
1477 1630 1670 1664 beatificatur,
1689 1629 1721 1657 id
1740 1631 1798 1663 est,

1028 1679 1132 1706 heatus
1147 1681 1268 1705 vocatur
1283 1686 1300 1705 a
1314 1677 1505 1711 revelatione,
1519 1677 1593 1704 sicut
1606 1677 1726 1704 Petrus?
1741 1686 1754 1701 »
1767 1676 1800 1702 Et

1029 1725 1068 1752 ad
1079 1724 1156 1752 istud
1163 1724 1323 1760 respondet
1331 1724 1564 1758 Chrysostomus,
1577 1722 1660 1758 quod
1671 1732 1684 1748 α
1695 1721 1800 1749 eadem

1029 1771 1121 1799 verba
1149 1773 1273 1806 uterque
1302 1772 1343 1797 est
1370 1769 1483 1797 locutus
1493 1790 1502 1803 ,
1530 1769 1583 1796 sed
1611 1775 1672 1796 non
1694 1767 1799 1795 eadem

1030 1820 1143 1845 mente:
1165 1817 1235 1852 quia
1248 1819 1346 1844 Petrus
1361 1816 1510 1843 confessus
1524 1817 1566 1842 est
1584 1813 1688 1842 Filium
1708 1813 1757 1840 Dei
1772 1815 1800 1840 et

1029 1872 1132 1891 verum
1149 1865 1250 1897 Deum,
1260 1863 1308 1890 hic
1321 1865 1418 1889 autem
1433 1861 1582 1889 confessus
1595 1862 1636 1888 est
1649 1859 1800 1888 hominem
1827 1864 1922 1899 ‘euntes-

1030 1910 1160 1944 nudum,
1176 1909 1259 1944 quod
1277 1910 1356 1944 patet
1370 1916 1407 1935 ex
1425 1908 1482 1935 hoc
1497 1907 1580 1942 quod
1593 1906 1741 1942 sequitur:
1762 1906 1801 1933 Da
1814 1897 1920 1916 ⁸¹⁰P⁹²¹'¹'

1031 1964 1056 1984 es
1070 1964 1119 1983 rem
1130 1956 1225 1982 Israel:
1240 1957 1272 1982 ut
1285 1956 1383 1981 autem
1398 1956 1439 1981 est
1453 1953 1540 1980 Filius
1554 1953 1613 1986 Dei,
1628 1960 1689 1980 non
1703 1951 1801 1979 solum

1031 2010 1082 2030 rex
1097 2001 1224 2035 15100115,
1240 2000 1292 2028 scd
1306 1999 1435 2027 universi
1454 1999 1544 2026 orbis.
1564 2001 1595 2026 Et
1616 1998 1684 2026 ideo
1701 1999 1801 2025 Petrus
1844 2001 1920 2020 Petrus

1032 2057 1067 2076 ex
1082 2048 1208 2084 perfecta
1222 2047 1281 2074 fide
1295 2046 1401 2074 meruit
1414 2045 1593 2078 beatificari,
1608 2044 1639 2072 id
1655 2047 1697 2072 est
1710 2045 1801 2071 beatus
1827 2037 1903 2083 §32⁰5

1031 2095 1144 2128 vocari,
1161 2094 1229 2121 huic
1243 2095 1341 2120 autem
1354 2092 1489 2128 promisit
1503 2091 1590 2118 Filius
1605 2090 1664 2124 Dei,
1677 2098 1708 2118 se
1723 2089 1801 2117 visu·
1814 2095 1911 2114 vocatur.

1032 2149 1098 2168 rum
1113 2140 1234 2175 angelos
1249 2139 1438 2166 ascendentes
1453 2140 1480 2165 et
1495 2136 1705 2164 descendentes
1721 2135 1753 2162 in
1766 2134 1800 2162 fi-

1032 2188 1105 2214 lium
1120 2186 1257 2220 hominis,
1269 2186 1296 2212 et
1307 2184 1427 2212 abducit
1443 2191 1510 2210 eum
1525 2190 1542 2210 a
1556 2185 1632 2210 terra
1646 2181 1800 2217 paulatim,

1033 2236 1060 2261 et
1074 2233 1141 2260 facit
1156 2240 1224 2260 eum
1238 2239 1299 2259 non
1309 2230 1387 2258 ultra
1401 2228 1554 2264 imaginari
1569 2228 1721 2256 hominem
1735 2227 1801 2254 sim—

1033 2279 1155 2314 pliciter,
1174 2278 1206 2305 id
1223 2280 1279 2311 est,
1298 2284 1408 2312 purum
1422 2276 1590 2309 hominem,
1613 2274 1664 2302 sed
1683 2276 1715 2301 ut
1734 2280 1802 2308 pro-

1032 2326 1131 2362 prium
1140 2325 1235 2352 filium
1249 2324 1344 2358 Regis,
1361 2323 1392 2350 id
1407 2324 1449 2350 est
1463 2322 1521 2355 Dei,
1537 2321 1584 2348 cui
1597 2320 1694 2356 angeli
1704 2319 1802 2347 minis-

1034 2374 1119 2400 trant.
1135 2382 1149 2398 »
1169 2372 1232 2399 Haec
1250 2370 1310 2398 ille.
1330 2371 1362 2397 Et
1379 2369 1421 2396 ibi
1439 2369 1515 2396 hene
1535 2368 1571 2396 de
1589 2367 1656 2395 hoc.
1675 2365 1802 2399 Qualiter

1036 2460 1080 2484 vu,
1093 2456 1116 2477 9.
1126 2454 1188 2471 -10
1199 2453 1266 2481 Luc„
1282 2457 1320 2482 ιιι,
1334 2452 1372 2475 21.
1383 2463 1414 2468 —
1428 2451 1446 2466 ¹¹
1460 2450 1525 2479 Act„
1540 2454 1587 2479 vn,
1600 2449 1638 2472 55.
1651 2460 1682 2464 —
1696 2447 1715 2462 ¹¹
1726 2447 1802 2477 Aug„

1036 2490 1061 2513 in
1075 2490 1158 2519 loun„
1178 2489 1250 2512 tract.
1272 2493 1322 2516 vu,
1340 2494 1366 2510 u.
1382 2487 1420 2510 23.
1435 2498 1465 2503 —-
1482 2485 1501 2501 ¹³
1521 2484 1661 2514 Chrysost„
1677 2483 1702 2506 in
1721 2483 1802 2511 down,

1035 2525 1106 2548 hom.
1122 2530 1166 2554 xx,
1182 2523 1214 2547 01.
1229 2529 1285 2553 xiii,
1299 2529 1326 2546 n.
1344 2525 1365 2546 ¹.
1380 2534 1406 2538 —
1423 2520 1441 2536 ¹⁵
1455 2519 1555 2548 Mami„
1571 2524 1625 2550 ενι,
1640 2520 1678 2542 11].

1069 2573 1102 2602 (ιι)
1120 2572 1179 2596 Caet.
1199 2571 1256 2594 edit.
1277 2569 1420 2601 significari.
1434 2581 1466 2587 —-
1487 2567 1520 2598 (b)
1541 2567 1602 2591 Goet.
1615 2566 1676 2591 edit.
1696 2565 1800 2590 Videus.

1037 2622 1066 2626 —
1083 2610 1110 2638 (c)
1126 2608 1185 2631 Item
1201 2606 1335 2639 dignitatis.
