1987 3032
226 197 284 225 304

225 260 396 290 tizabantur.
414 271 427 284 »ι
444 261 476 288 Et
496 259 535 287 ad
556 258 630 287 illud
650 257 802 293 Augustini
823 259 921 293 posset
939 264 998 284 res-

225 307 361 343 ponderi,
373 307 455 343 quod
468 306 598 342 loquitur
614 305 651 332 de
664 304 825 340 baptismo,
835 312 895 339 quo
905 303 1000 339 bapti-

227 354 302 382 zavit
321 362 372 390 per
385 353 557 389 discipuIOS,
572 354 731 387 postquam
745 350 867 385 Spiritus
881 349 934 377 suit
947 349 999 377 da-

227 403 271 428 tus
290 400 320 427 in
340 398 620 435 superabundantia,
638 399 665 424 et
684 399 841 433 postquam
863 395 999 431 discipuli

227 447 345 474 fuerunt
359 446 438 473 missi
454 445 492 473 ad
507 443 727 480 baptizandum.
741 443 849 476 Quaerit
858 443 999 478 Chrysos-

227 494 324 520 tomus
347 494 367 526 ¹,
386 500 477 527 quare
494 491 621 518 Christus
641 490 822 526 praedicavit,
842 491 1001 524 postquam

227 541 353 567 Joannes
369 538 421 566 fuit
435 538 577 572 sublatus,
588 537 697 565 scilicet
710 539 803 564 morte
813 538 826 563 ἱ)
839 538 870 563 Et
880 543 1001 571 respon-

229 585 278 613 det
302 585 384 620 quod
406 584 486 618 ideo,
502 587 532 612 ut
553 584 648 612 omnis
669 582 865 611 multitudinis
886 582 1000 609 affectio

229 631 268 659 ad
288 631 431 659 Christum
453 631 596 658 transiret.
614 632 645 658 Et
662 631 743 665 patet
766 629 812 657 hic
833 628 1001 663 exemplum

229 677 471 713 praedicatoribus
503 677 639 705 continue
672 675 800 704 docendi
829 677 857 702 ct
889 674 1002 709 magni-

229 724 338 752 ficandi
354 726 445 751 Deum
464 731 557 759 usque
572 723 611 750 ad
627 725 765 756 mortem,
779 724 807 749 et
822 720 1002 748 immorandi

230 770 282 798 ubi
302 772 424 806 possunt
445 770 511 805 plus
529 770 673 806 proficere
692 768 812 805 populis
831 768 861 795 in
882 767 1000 795 talibus.

230 817 315 850 Quod
338 819 436 844 autem
456 818 582 844 ioannes
604 815 772 851 baptizabat
793 815 876 849 juxta
903 814 1002 841 locum

230 864 282 891 ubi
299 866 381 891 erant
395 871 492 899 aquae,
508 863 605 897 figura
620 864 671 896 est,
685 861 768 897 quod
783 861 824 888 ibi
840 862 882 888 cst
895 860 1004 895 baptis-

231 918 297 937 mus
318 910 349 937 in
368 910 485 945 Spiritu,
508 909 560 936 ubi
585 910 627 936 est
651 907 834 935 abundantia
858 915 1004 942 aquarum

232 956 346 991 gratiae3
363 956 398 983 de
415 964 474 991 quo
489 955 637 990 baptismo
651 962 739 989 supra
753 955 762 971 Ξ
780 963 786 981 2
806 963 819 978 «
831 954 880 980 Hic
895 955 937 980 est
952 953 1004 988 qui

232 1003 360 1039 baptizat
373 1003 403 1030 in
418 1002 525 1039 Spiritu
539 1004 649 1030 sancto.
666 1011 680 1027 i)
695 1002 727 1028 Et
743 1001 780 1028 de
796 1000 904 1036 quibus
919 999 1004 1035 aquis

233 1050 308 1078 infra
330 1051 340 1067 ³
366 1059 372 1077 :
401 1060 414 1076 ι(
434 1049 488 1083 Qui
510 1049 601 1077 credit
622 1048 653 1075 in
675 1055 740 1081 me,
761 1047 798 1075 de
819 1048 921 1074 ventre
941 1047 1004 1081 ejus

233 1096 323 1124 fluent
334 1104 418 1132 aquae
429 1096 513 1123 vivae.
528 1106 541 1121 ι)

268 1145 312 1171 25.
333 1145 366 1171 Et
389 1143 519 1178 sequitur
542 1150 625 1177 pars,
648 1141 679 1168 in
702 1148 762 1176 qua
785 1140 952 1175 quaestionis
969 1140 1004 1175 (a)

234 1190 271 1218 de
295 1189 514 1225 praeeminentia
541 1187 722 1222 subjunctio,
749 1187 791 1214 ibi
818 1195 823 1213 :
853 1188 934 1213 Facta
959 1195 1006 1213 au—

236 1240 287 1263 tem
303 1239 340 1263 est
355 1238 476 1270 quaestz'o,
496 1237 548 1262 etc.
567 1236 599 1261 Et
613 1233 664 1260 illa
677 1233 708 1260 in
723 1233 796 1260 duas
810 1235 906 1268 partes
922 1242 928 1259 ε
945 1233 1004 1267 pri-

235 1290 296 1316 mo,
313 1283 376 1318 ipsa
395 1281 533 1317 quaestio3
550 1280 692 1314 secundo,
707 1279 825 1307 Joannis
840 1279 1005 1314 responsio,

235 1329 277 1356 ibi
294 1337 300 1355 :
317 1328 464 1363 Respondit
477 1329 601 1358 Joamzes,
618 1328 671 1354 etc.
693 1326 736 1353 Ait
751 1333 822 1360 ergo
845 1334 851 1351 :
867 1326 951 1352 Facta
967 1328 1005 1352 est

235 1377 359 1410 quoest1‘03
371 1377 399 1402 et
412 1375 468 1402 hoc
481 1374 560 1408 ideo,
573 1375 605 1400 ut
618 1373 657 1400 ait
671 1372 895 1407 Chrysostomus
905 1372 925 1405 ⁶,
936 1371 1006 1406 quia

234 1422 366 1457 zelotype
379 1421 413 1457 (b)
424 1420 560 1456 discipuli
573 1419 692 1448 Joannis
700 1427 730 1446 se
739 1418 889 1446 habebant
899 1417 938 1445 ad
951 1417 1007 1444 dis-

235 1468 349 1503 cipulos
362 1467 479 1502 Christi,
496 1466 564 1494 ideo
575 1468 652 1499 facta
666 1468 704 1492 est
718 1466 829 1499 quaescz‘o
840 1464 878 1491 ab
894 1464 935 1490 eis
950 1472 1007 1490 cum

235 1514 346 1548 Judaez's,
365 1514 417 1549 qui
440 1512 665 1548 baptizabantur
683 1519 701 1538 a
723 1510 874 1545 discipulis
893 1509 1006 1542 Christi,

236 1561 268 1587 de
284 1561 482 1594 purificatione,
498 1558 607 1586 scilicet
620 1557 758 1593 baptismi
777 1557 813 1591 (v.
830 1556 875 1591 020>
891 1565 897 1582 :
913 1557 948 1582 Et
963 1563 1007 1582 ve-

235 1608 331 1634 nerunt
345 1606 381 1633 ad
395 1607 533 1638 Joamzem,
549 1604 681 1632 volentes
696 1610 833 1631 accusare
851 1602 1006 1636 Christum,

236 1655 268 1680 ut
279 1652 436 1680 aitGlossa.
452 1652 536 1685 Quia,
545 1653 577 1678 ut
591 1651 630 1678 ait
640 1650 815 1685 Augustinus
829 1650 850 1683 ⁵,
869 1658 880 1674 «
896 1648 946 1684 qui
961 1657 1008 1676 ve-

237 1699 357 1727 niebant
380 1699 419 1726 ad
442 1700 595 1729 Joannem,
620 1696 809 1724 mittebantur
835 1696 873 1723 ab
893 1695 945 1723 illo
969 1695 1008 1723 ad

237 1745 392 1780 Christum,
408 1753 469 1772 non
489 1753 503 1772 e
524 1743 670 1771 contrario
677 1752 685 1777 3
707 1742 775 1769 ideo
794 1741 902 1769 turbati
921 1741 1008 1768 disci-

236 1791 300 1828 puli
311 1791 431 1819 Joannis
444 1792 594 1826 coeperunt
606 1791 727 1817 tractare
740 1788 929 1824 quaestionem
942 1795 1009 1815 cum

237 1838 353 1866 Judaeis.
370 1848 383 1864 »
410 1839 443 1864 Et
465 1837 594 1864 dia-erunt
614 1837 711 1863 Jocmm'
736 1844 742 1862 :
766 1835 860 1866 Rabbz',
876 1836 941 1869 etc„
958 1841 1010 1861 vo-

237 1884 328 1912 lentes
355 1892 408 1920 per
430 1884 486 1911 hoc
511 1883 636 1911 excitare
659 1883 802 1909 Joannem
825 1881 863 1908 ad
891 1880 1010 1908 aemula-

238 1931 358 1958 tionem.
383 1932 416 1957 Et
443 1930 511 1957 ideo
540 1930 703 1964 loquuntur
728 1927 935 1962 contemptive,
965 1926 1008 1953 di-

239 1979 336 2005 centes
354 1986 360 2004 :
383 1978 436 2010 Qui
455 1979 511 2004 erat
529 1979 621 2010 tecum,
636 1975 774 2002 sciliceta
794 1976 819 2001 te
836 1974 1010 2009 baptizatus,

239 2025 282 2051 cuz'
304 2027 333 2051 tu
357 2025 547 2056 testimonium,
570 2024 636 2057 etc„
657 2029 745 2057 supra
764 2022 785 2055 ὅ,
806 2029 859 2048 ecce
879 2021 921 2048 hic
946 2021 1010 2055 bap-

241 2073 320 2106 tizat,
336 2071 444 2098 scilicet
461 2077 607 2106 usurpans
628 2069 758 2097 officium
772 2070 866 2102 tuum,
880 2068 907 2094 et
926 2067 1011 2103 quasi

240 2117 271 2145 in
285 2117 488 2153 praejudicium
502 2119 601 2149 tuum,
617 2118 641 2143 et
660 2123 746 2143 omnes
766 2116 887 2148 veniunt,
903 2113 1011 2141 scilicet

241 2163 479 2199 derelinquentes
497 2165 536 2196 te,
553 2165 580 2190 et
603 2162 688 2189 illum
706 2161 891 2197 praeferentes
901 2170 909 2195 ;
927 2160 1011 2196 quasi

241 2210 382 2244 dicerent,
392 2211 424 2237 ut
438 2209 478 2237 ait
491 2208 732 2244 Chrysostomus⁷
749 2216 755 2234 :
773 2217 787 2232 «
800 2208 893 2240 Quem
907 2209 937 2234 tu
952 2206 1012 2234 cla-

242 2264 307 2284 rum
329 2255 489 2290 ostendisti,
513 2255 582 2283 talia
602 2254 655 2282 tibi
679 2253 778 2287 audet,
800 2264 812 2278 >i
840 2253 948 2280 scilicet
971 2253 1012 2280 l'a-

243 2310 316 2336 cere,
333 2304 385 2330 etc.
402 2304 443 2330 Ex
463 2301 572 2337 quibus
593 2299 801 2335 condiscipulis
820 2299 939 2326 ,Ioannis
959 2299 1013 2326 fuit

243 2349 365 2384 quaestio
386 2357 392 2376 z
416 2350 498 2376 erant
515 2347 594 2375 enim
609 2346 806 2382 imperfectius
827 2345 969 2381 dispositi,
986 2347 1013 2372 et

242 2394 377 2421 nondum
394 2395 463 2430 puri
485 2394 636 2421 existentes
656 2401 673 2421 a
691 2392 857 2428 largitione,
873 2392 906 2419 id
924 2394 975 2423 est,
995 2399 1013 2419 a

243 2448 353 2476 magno
367 2441 479 2469 honore
492 2441 531 2469 ad
543 2441 728 2476 magistrum,
739 2439 848 2467 scilicet
858 2440 1011 2466 loannem.

276 2525 284 2542 ¹
301 2525 441 2556 Chrysost.,
459 2525 534 2555 paulo
549 2527 616 2549 ante.
631 2538 662 2543 -—
677 2526 688 2542 ²
704 2526 776 2555 Sup.‚
794 2530 815 2556 1,
831 2526 869 2548 33.
884 2537 915 2542 --
930 2524 940 2540 ³
956 2524 1013 2554 lnt'.‚

246 2567 292 2591 vu,
308 2562 346 2585 38.
360 2573 391 2578 —
405 2560 413 2574 ⁴
429 2560 569 2591 Chrysost„
589 2561 632 2584 ubi
646 2567 703 2591 sup.
721 2573 751 2578 —
765 2561 775 2577 ⁵
793 2562 866 2591 Aug„
886 2559 929 2583 ubi
946 2566 1014 2590 sup„

245 2604 270 2621 n.
288 2598 312 2620 8.
324 2609 355 2614 -
369 2596 379 2612 ⁶
393 2597 466 2627 Sup.,
481 2601 498 2626 1,
516 2597 543 2619 15
560 2598 584 2619 et
598 2603 651 2626 seq.
668 2609 694 2613 —
710 2596 720 2612 ⁷
735 2595 876 2626 Chrysost„
892 2595 935 2619 ubi
947 2601 1015 2626 sup„

246 2639 272 2656 n.
291 2633 314 2656 2.
334 2645 360 2649 -
379 2631 463 2656 ε’11)1ί1.
477 2643 507 2649 —
524 2632 533 2646 ³
550 2631 613 2654 lbid.
631 2644 657 2648 —
676 2631 694 2647 ¹⁰
708 2632 782 2662 Aug„
804 2631 847 2655 ubi
862 2637 930 2661 sup„
945 2637 971 2655 n.
991 2632 1013 2654 9.

745 189 958 222 EVANGELII
981 189 1121 221 SANCTI
1143 189 1306 221 JOANNlS

1054 257 1087 284 Et
1109 255 1176 283 ideo
1197 256 1270 283 sorte
1292 258 1374 284 erant
1394 256 1435 284 sic
1456 256 1567 290 aemuli,
1586 259 1617 284 ut
1639 265 1669 285 se
1692 258 1828 293 magnifi-

1055 304 1165 336 carent,
1175 302 1258 338 quod
1273 304 1355 330 erant
1369 302 1504 338 discipuli
1521 303 1593 337 ejus.
1605 303 1663 330 Sed
1678 303 1827 339 quaeritur,

1055 356 1146 384 quare
1163 348 1299 376 dixerunt
1319 358 1325 376 :
1349 349 1398 376 Cui
1415 351 1593 376 testimonium
1612 351 1788 384 perhibuisti,
1801 352 1830 378 et

1055 402 1115 422 non
1130 394 1267 422 dixerunt
1283 404 1288 421 :
1305 395 1398 427 Quem
1419 395 1580 431 baptizasti.
1598 397 1629 423 Et
1644 396 1683 423 ad
1697 396 1754 424 hoc
1767 403 1827 424 res-

1055 441 1164 477 pondet
1186 441 1410 476 Chrysostomus
1423 440 1449 474 ⁸,-
1467 442 1548 477 quod
1569 442 1592 469 si
1617 442 1657 469 ita
1678 442 1829 476 dixissent,

1057 487 1149 514 coacti
1164 489 1259 514 essent
1273 487 1452 522 meminisse,
1468 488 1577 516 scilicet
1598 489 1676 516 vocis
1692 488 1828 524 desuper,

1057 541 1122 569 quae
1136 533 1176 561 ait
1192 542 1198 560 :
1217 543 1231 558 «
1247 533 1295 560 llic
1311 534 1353 560 est
1365 532 1444 560 filius
1460 542 1542 561 meus
1558 534 1690 562 dilectus.
1707 545 1720 561 »

1091 581 1134 607 27.
1150 582 1182 607 Et
1206 579 1337 615 sequitur
1357 579 1510 615 responsio
1532 581 1662 615 loannis,
1676 581 1719 608 ibi
1739 590 1745 608 :
1766 582 1829 609 Res-

1055 626 1152 661 pondit
1174 627 1297 658 Joannes,
1315 628 1368 653 ctc.
1387 628 1420 654 Et
1438 626 1490 653 illa
1510 626 1541 653 in
1565 627 1592 661 (e)
1614 626 1688 654 duas
1708 636 1715 654 :
1732 627 1829 663 primo

1058 672 1195 706 ostensio,
1220 672 1303 708 quod
1328 680 1389 700 non
1414 672 1468 699 fuit
1496 673 1541 699 sui
1572 672 1719 708 baptismo
1746 681 1830 709 rege-

1058 728 1171 753 nerare,
1187 720 1239 747 sed
1261 719 1344 755 quod
1371 722 1431 746 erat
1454 721 1566 747 tantum
1586 727 1761 755 praecursor3
1787 727 1830 748 se-

1059 766 1168 799 cundo,
1183 765 1362 800 subjunctio,
1382 765 1465 800 quod
1481 773 1655 800 regenerare
1678 767 1706 793 et
1726 766 1831 794 sancti-

1057 813 1144 839 ficare
1168 813 1229 839 erat
1251 811 1364 846 Christi,
1380 812 1462 846 cujus
1486 814 1545 839 erat
1564 819 1740 847 praecursor,
1760 812 1801 840 ibi
1823 821 1830 840 :

1059 860 1112 892 Qui
1125 859 1201 885 habet
1219 866 1354 893 sponsam,
1369 865 1480 892 sponsus
1500 861 1547 885 esc.
1564 860 1596 886 Et
1609 859 1666 886 hoc
1680 860 1732 893 est,
1749 858 1832 895 quod

1058 906 1120 932 ait:
1147 905 1293 939 Respondit
1312 905 1424 931 Ioannes
1448 913 1454 931 :
1479 905 1539 932 Non
1561 907 1649 939 potest
1671 905 1755 939 homo,
1776 907 1830 933 etc.

1060 952 1116 979 Sed
1143 951 1293 986 quaeritur,
1315 951 1389 986 quid
1412 951 1451 978 ad
1478 951 1686 987 propositum?
1713 952 1833 980 Videtur

1060 998 1278 1034 impertinentcr
1303 997 1493 1033 respondere.
1514 999 1584 1025 ltcm
1607 998 1733 1032 videtur,
1749 998 1833 1034 quod

1059 1045 1208 1072 debuisset
1230 1052 1280 1071 eos
1299 1044 1463 1080 increpasse
1479 1044 1515 1071 de
1536 1044 1648 1072 invidia
1669 1047 1696 1072 et
1713 1045 1833 1073 aemula-

1060 1091 1136 1119 tione
1151 1099 1220 1126 erga
1229 1091 1384 1119 Christum.
1395 1092 1428 1118 Et
1438 1091 1477 1118 ad
1488 1091 1566 1118 istud
1577 1091 1734 1127 respondet
1744 1092 1833 1128 Chry—

1059 1141 1215 1173 sostomus,
1230 1138 1282 1166 ubi
1297 1146 1387 1174 supra
1401 1139 1422 1172 ⁹,
1437 1138 1519 1174 quod
1533 1146 1630 1174 neque
1645 1139 1833 1168 vehementer

1059 1185 1200 1221 increpat,
1216 1185 1320 1213 timens
1335 1193 1372 1212 ne
1395 1193 1429 1212 eo
1451 1193 1550 1213 rursus
1573 1186 1658 1213 abusi
1676 1185 1757 1213 aliud
1778 1186 1831 1214 ali-

1060 1232 1141 1267 quod
1161 1231 1273 1259 malum
1292 1233 1460 1267 operentur.
1480 1231 1548 1259 ldeo
1564 1232 1603 1259 ait
1622 1232 1660 1267 (v.
1677 1231 1723 1268 Ξῖ)
1744 1241 1750 1259 ;
1772 1233 1834 1260 Non

1058 1281 1144 1313 potest
1161 1279 1235 1306 homo
1257 1280 1386 1312 accipere,
1406 1280 1460 1306 etc.
1482 1279 1513 1305 Et
1528 1278 1558 1305 in
1576 1278 1633 1305 hoc
1652 1278 1788 1312 ostendit,
1803 1286 1834 1307 se

1059 1332 1120 1352 esse
1147 1333 1255 1360 purum
1280 1324 1442 1352 hominem.
1471 1324 1550 1352 Unde
1576 1325 1754 1360 Augustinus
1776 1325 1796 1342 ¹⁰
1824 1334 1831 1353 :

1062 1372 1099 1406 (v.
1115 1371 1161 1406 28)
1179 1381 1191 1397 «
1207 1372 1308 1399 Missus
1327 1380 1385 1398 sum
1400 1380 1456 1406 eqo,
1472 1371 1579 1399 scilicet
1601 1374 1668 1400 ante
1689 1371 1833 1400 Christum

1060 1425 1156 1452 praeco
1171 1425 1246 1452 sum,
1263 1417 1311 1445 ille
1333 1425 1400 1446 vero
1418 1417 1532 1452 judex:
1553 1418 1621 1445 ideo
1643 1418 1727 1454 quasi
1741 1418 1832 1446 homo

1060 1464 1159 1500 accepi
1183 1464 1220 1491 de
1245 1464 1329 1491 coelo.
1349 1474 1361 1490 »
1379 1464 1398 1482 ¹¹
1416 1474 1430 1489 «
1451 1464 1527 1497 Quid
1548 1464 1652 1498 habes,
1671 1465 1752 1500 quod
1771 1472 1833 1493 non

1060 1510 1196 1546 accepisti
1204 1511 1217 1536 ‘2
1228 1521 1240 1536 »
1258 1510 1385 1538 Jacobus
1396 1511 1416 1527 ¹²
1428 1520 1454 1537 z«
1462 1511 1552 1538 Omne
1563 1510 1666 1538 datum
1676 1511 1831 1546 optimum,

1061 1558 1087 1584 et
1117 1564 1204 1584 omne
1231 1556 1344 1583 donum
1373 1556 1534 1591 perfectum
1565 1556 1721 1585 desursum
1743 1559 1793 1585 est.
1815 1567 1830 1584 »

1060 1604 1154 1638 Supra
1168 1603 1188 1620 ¹³
1205 1612 1211 1630 :
1231 1613 1244 1628 α
1260 1604 1296 1630 De
1311 1602 1494 1638 plenitudine
1509 1603 1571 1637 ejus
1587 1603 1754 1638 accepimus
1769 1611 1833 1632 om-

1060 1657 1121 1677 nes.
1143 1659 1156 1674 »
1178 1651 1210 1676 Et
1232 1649 1269 1676 de
1293 1649 1350 1676 hoc
1372 1649 1403 1676 in
1424 1649 1524 1676 Glossa
1548 1649 1633 1677 bene.
1650 1651 1682 1677 Et
1704 1657 1757 1685 per
1777 1650 1835 1678 hoc

1061 1695 1187 1724 ostendit
1205 1695 1267 1722 Filii
1286 1695 1335 1722 Dei
1355 1695 1591 1730 praecellentiam,
1605 1697 1632 1722 et
1648 1696 1694 1723 sui
1712 1695 1836 1724 infirmi-

1060 1745 1159 1771 tatem.
1176 1745 1207 1770 Et
1230 1751 1282 1778 per
1302 1743 1359 1770 hoe
1379 1743 1467 1770 ctiam
1488 1743 1636 1771 convincit
1659 1751 1762 1771 eorum
1782 1743 1836 1771 fal-

1061 1798 1124 1817 sam
1137 1789 1319 1825 opinionem,
1330 1791 1355 1816 ct
1373 1789 1514 1824 reprobat
1532 1797 1636 1817 eorum
1656 1789 1836 1817 invidiosam

1061 1837 1297 1871 oemulationem3
1318 1839 1345 1864 et
1359 1844 1412 1872 per
1425 1837 1483 1864 hoc
1506 1837 1593 1864 etiam
1609 1836 1738 1865 declarat
1751 1845 1836 1865 suam

1062 1883 1235 1919 sapientiam
1257 1883 1288 1910 in
1308 1883 1461 1918 arguendo
1484 1883 1575 1919 ipsos.
1593 1883 1673 1910 Unde
1697 1883 1836 1919 Chryses—

1063 1932 1169 1963 tomus,
1178 1929 1231 1956 ubi
1243 1937 1333 1965 supra
1342 1938 1368 1956 z«
1377 1931 1441 1956 Non
1455 1931 1517 1957 erat
1531 1937 1565 1957 ex
1578 1929 1666 1957 initiis
1681 1930 1781 1958 omnia
1795 1929 1836 1958 di-

1063 1984 1144 2004 cere:
1161 1984 1230 2004 nam
1245 1979 1327 2004 erant
1338 1976 1474 2012 passione
1485 1976 1604 2004 invidiae
1615 1976 1835 2012 praeassumpti5

1063 2022 1115 2050 sed
1138 2022 1201 2049 vult
1221 2030 1272 2049 eos
1293 2022 1486 2058 stupefacere,
1502 2024 1529 2050 et
1547 2022 1690 2058 quoniam
1707 2024 1766 2050 Deo
1788 2030 1836 2050 re-

1062 2068 1155 2096 belles
1169 2071 1260 2104 erant,
1284 2069 1319 2104 (d)
1337 2069 1404 2096 ideo
1419 2068 1566 2096 convincit
1584 2077 1645 2103 eos,
1662 2070 1837 2097 convertens

1064 2118 1165 2144 contra
1187 2124 1238 2143 eos
1259 2116 1341 2151 quod
1359 2124 1414 2151 pro
1436 2124 1466 2143 se
1485 2117 1735 2151 proposuerunt‚»
1761 2115 1836 2143 sicut

1064 2163 1144 2190 idem
1157 2162 1381 2198 Chrysostomus
1396 2161 1560 2196 continuat,
1575 2161 1676 2189 dicens
1691 2170 1698 2188 :
1717 2163 1778 2196 Ipsi
1790 2169 1835 2189 vos

1064 2210 1132 2236 mihi
1154 2210 1348 2243 testimonium,
1365 2219 1378 2235 n
1405 2210 1459 2236 cte.
1488 2209 1597 2244 Supra,
1619 2208 1742 2244 quando
1763 2209 1803 2237 ait
1827 2218 1834 2237 :

1069 2265 1082 2282 α
1105 2258 1168 2283 Non
1191 2264 1257 2283 sum
1284 2263 1339 2290 ego
1368 2255 1512 2290 Christus,
1536 2265 1549 2281 n
1579 2255 1631 2282 sed
1652 2264 1666 2282 α
1689 2263 1748 2284 vox
1774 2255 1836 2284 ela-

1065 2302 1183 2337 mantis,
1192 2312 1205 2328 »
1220 2303 1273 2329 etc.
1289 2303 1322 2329 Et
1335 2310 1370 2329 ex
1382 2301 1426 2328 his
1440 2303 1520 2337 patet
1532 2301 1664 2330 humana
1672 2301 1835 2336 infirmitas,
1852 2310 1955 2330 numana

1067 2351 1093 2376 et
1116 2349 1218 2377 divina
1237 2350 1364 2384 potestas
1389 2351 1416 2376 et
1434 2348 1567 2383 bonitas,
1585 2348 1655 2384 quia
1676 2357 1730 2376 non
1751 2351 1838 2384 potest

1066 2396 1140 2423 homo
1154 2397 1272 2431 accipere
1286 2395 1445 2431 quidquam,
1458 2397 1513 2422 nisi
1524 2396 1609 2429 fuerit
1624 2397 1649 2423 ei
1661 2396 1765 2422 datum.
1780 2395 1838 2423 Sed

1067 2442 1191 2477 qualiter
1218 2441 1285 2476 hoc,
1304 2441 1375 2477 quia
1397 2441 1504 2469 dicitur
1526 2441 1535 2457 ⁴
1561 2451 1568 2468 ;
1594 2443 1757 2476 «Apposui
1785 2441 1837 2469 tibi

1068 2530 1097 2534 —
1114 2518 1132 2533 ¹¹
1149 2518 1158 2540 I
1174 2517 1242 2547 Cor„
1258 2523 1294 2548 1v,
1312 2518 1334 2540 ἵ.

1067 2565 1097 2570 -
1112 2553 1130 2569 1⁴
1144 2553 1234 2583 Eccli„
1249 2559 1290 2583 xv,
1310 2553 1348 2576 17.

1100 2597 1130 2627 ((ι)
1149 2597 1209 2621 Ooet.
1227 2597 1286 2621 edil.
1303 2596 1466 2628 quaestiones.
1481 2608 1512 2613 —
1530 2594 1562 2625 (b)
1580 2596 1640 2619 uem
1659 2596 1790 2627 zelotypae.
1809 2609 1836 2613 -

1068 2645 1098 2651 -
1114 2634 1145 2662 (c)
1159 2633 1219 2657 Item
1234 2632 1300 2657 deest
1313 2634 1349 2657 in.
1365 2645 1396 2651 —
1412 2631 1446 2661 (d)
1469 2631 1530 2656 Coet.
1544 2630 1605 2656 edit.
1620 2630 1677 2655 add.
1691 2633 1725 2655 et.

1350 2529 1381 2535 -
1396 2517 1416 2533 ιε
1429 2517 1492 2547 Jac„
1508 2522 1525 2546 ι,
1542 2517 1579 2540 ¹7.
1595 2528 1625 2534 —
1640 2516 1658 2532 ¹³
1673 2517 1746 2547 sup„
1762 2523 1780 2547 1,
1799 2518 1837 2542 15.

1855 2339 1948 2359 infirmi-

1853 2372 1860 2390 t

1861 2376 1894 2390 ⁸⁵.
