1987 3032
697 204 902 236 EXPOSITIO
925 205 964 236 ΙΝ
987 204 1071 237 CAP.
1097 205 1161 237 XV.
1716 213 1735 241 9

137 273 190 301 tur
204 271 242 309 (a)
254 270 368 300 divinae
376 270 549 310 sapientiae,
561 272 592 301 et
600 271 765 302 salvationi
772 273 901 309 nostrae,

137 322 312 353 secundum
327 322 422 352 1111111ι
439 333 445 352 :
471 334 485 351 «
507 323 671 354 Laetamini
689 333 763 354 cnm
779 324 904 355 Jerusa-

136 375 212 413 lem,
230 377 261 405 et
276 375 415 405 exultate
437 375 470 405 in
491 385 545 414 ea,
564 385 674 407 omnes
696 377 751 416 qui
773 377 904 416 diligitis

135 437 224 458 eam:
242 429 378 467 gaudete
393 438 466 459 cnm
483 439 520 460 ea
536 430 655 469 gaudio
671 431 829 469 universi,
847 431 903 471 qui

134 481 252 519 lugetis
266 490 360 520 super
374 491 459 519 eam,
475 484 511 512 ut
526 483 656 522 sugatis,
672 486 702 513 et
717 484 903 523 repleamini

135 534 174 564 ab
189 535 341 565 uberibus
355 535 576 566 consolationis
591 538 661 576 eJus
676 548 681 567 :
701 539 736 567 ut
756 537 900 575 mulgea-

134 588 173 617 tis
184 610 191 623 ,
207 589 237 618 et
251 587 368 618 deliciis
383 589 519 619 affluatis
537 590 576 620 ab
597 591 780 621 omnimoda
801 591 903 629 gloria

133 642 239 680 ejus.»

172 693 300 732 Quarto,
312 697 468 734 quantum
481 696 519 726 ad
533 696 680 735 pietatem
693 696 746 727 Dei
759 699 903 736 respectu

132 747 270 777 hominis
281 748 461 786 justificati,
479 749 584 779 subdit
602 750 649 787 (v.
668 749 722 787 10}
740 760 746 779 :
764 749 815 780 Ila
833 749 902 780 [lico

134 800 232 838 cobis,
247 801 404 840 qamlium
422 802 481 832 erit
500 810 609 833 coram
627 802 755 841 Anqells
772 803 832 833 Dei
849 812 901 832 su—

30 867 118 892 52ptem
130 862 188 893 μεν
202 862 266 883 uno
275 859 439 894 peccatore
451 856 672 895 poenitentiam
687 859 809 895 aqcnte.
824 855 903 886 Gau-

13 897 118 917 decauffls

17 927 113 953 gaudent

27 957 101 983 angeli

32 994 98 1014 super

13 1025 56 1039 uno
67 1024 117 1045 pec-

32 1051 104 1070 calore

133 906 206 937 dent
228 910 334 938 autem
361 908 469 947 angeli
492 909 529 939 de
556 909 741 947 poenitentia
764 909 903 939 hominis

133 961 321 999 peccatoris,
338 961 414 1000 quia
438 962 610 992 destruitur
631 962 739 1001 culpa,
762 962 901 993 restitui-

132 1015 185 1043 tur
196 1013 330 1052 ‚iustitim
348 1014 529 1045 confutatur
543 1015 727 1045 daemonum
743 1016 901 1055 superbia,

14 1080 118 1105 pumen.
132 1066 242 1096 efficax
255 1067 389 1097 efficitur
404 1067 593 1106 angelorum
608 1068 761 1106 custodia,
777 1077 902 1108 repara-

40 1111 91 1130 tiam

14 1143 99 1167 agente.

133 1122 184 1149 tur
199 1119 353 1157 Ecclesia,
370 1120 511 1160 placatur
525 1121 572 1151 ira
587 1121 710 1159 divina,
730 1124 761 1152 et
780 1124 902 1153 restau-

133 1175 221 1204 ratur
241 1173 416 1204 Jerusalem
440 1183 588 1214 superna.
608 1175 643 1205 Et
665 1175 702 1205 de
718 1175 768 1205 his
783 1177 903 1215 septem

134 1227 275 1265 gaudent
302 1227 440 1258 maxime
464 1228 570 1267 angeli
592 1228 685 1258 beati.
714 1228 784 1259 Ideo
812 1231 842 1259 et
865 1228 904 1259 de

133 1280 318 1319 poenitentia
339 1281 527 1320 peccatoriS,
554 1281 586 1311 in
609 1290 673 1320 qua
700 1281 807 1312 vident
832 1282 903 1312 fieri

133 1335 251 1371 septem
265 1333 394 1363 effectus
412 1333 592 1372 praedictos,
609 1334 765 1371 gandium
780 1335 826 1364 est
845 1343 902 1364 an-

133 1385 212 1423 gelis
231 1385 295 1416 Dei.

172 1437 295 1474 Primo,
322 1439 397 1477 quia
419 1438 591 1469 destruitur
613 1438 705 1478 culpa
722 1439 732 1454 ²
755 1447 762 1468 ε
791 1450 805 1467 «ι
831 1439 901 1469 Poe-

132 1491 286 1529 nitemini,
303 1494 333 1522 et
347 1492 583 1529 convertimini,
600 1493 637 1522 ut
651 1491 814 1522 deleantur
829 1501 903 1531 pec—

132 1547 199 1575 cata
224 1548 337 1575 vestra.
357 1556 370 1572 »
399 1544 487 1576 Unde
509 1544 623 1575 dicitur
641 1545 661 1581 ³,
689 1545 775 1584 quod
802 1557 815 1574 «
837 1548 903 1576 erat

131 1598 265 1629 ,loannes
293 1598 467 1637 praedicans
492 1598 684 1637 baptismum
708 1598 902 1637 poenitentiae

132 1651 164 1681 in
179 1651 397 1682 remissionem
412 1653 624 1690 peccatorum,
643 1662 657 1679 n
674 1653 732 1681 etc.

172 1705 326 1742 Secundo,
339 1705 414 1744 quia
428 1714 483 1744 per
497 1705 716 1744 poenitentiam
739 1714 902 1745 recupera-

133 1760 185 1788 tur
198 1758 331 1797 Justitia.
346 1757 432 1788 Unde
448 1757 479 1788 in
495 1758 706 1799 Apoealypse*
720 1770 725 1788 z
753 1770 766 1786 «
783 1759 903 1789 Memor

132 1815 198 1842 esto
221 1813 305 1842 unde
326 1812 454 1849 exieris,
477 1814 507 1842 ct
527 1822 589 1850 age
613 1813 846 1851 poenitentiam,
872 1815 903 1843 et

133 1865 234 1904 prima
247 1874 342 1904 opera
356 1865 414 1895 fac.
427 1876 440 1892 >³
456 1865 493 1895 Et
506 1865 744 1895 Ecclesiasticus
755 1866 764 1880 ⁵
779 1876 786 1896 z
804 1878 818 1894 «
830 1866 900 1897 Pre-

133 1918 305 1948 nitentibus
320 1917 403 1947 dedit
418 1918 501 1948 viam
517 1918 660 1956 justitiae,
681 1919 711 1948 et
733 1919 901 1949 confirma-

133 1971 177 2002 vit
193 1970 382 2001 deficientes.
395 1981 409 1998 ι)

173 2023 290 2060 Tertio,
308 2024 382 2063 quia
406 2032 461 2062 per
485 2023 704 2062 paenitentiam
719 2025 901 2056 confutatur

131 2078 315 2108 daemonum
333 2077 497 2116 superbiaG
512 2088 516 2106 z
539 2089 552 2105 «
564 2077 714 2108 Discedite
725 2087 744 2108 a
758 2087 820 2115 me,
832 2087 900 2109 om-

131 2138 185 2160 nes
197 2129 251 2169 qui
266 2129 440 2168 operamini
456 2129 655 2168 iniquitatem
666 2140 672 2167 3
685 2131 836 2170 quoniam
848 2141 901 2162 ex-

131 2182 251 2213 audivit
262 2181 414 2212 Dominus
426 2191 536 2212 vocem
547 2183 639 2213 ssetus
652 2183 724 2213 mei.
733 2194 746 2211 n
763 2183 800 2213 Et
813 2187 898 2223 post:

135 2247 148 2263 «
169 2235 361 2266 Erubescant
388 2237 418 2265 et
440 2236 669 2266 conturbentur
697 2237 902 2268 vehementer

131 2297 241 2318 omnes
257 2288 374 2317 inimici
399 2288 501 2318 mei.»
525 2288 612 2319 Tunc
634 2289 720 2319 enim
741 2289 902 2321 daemones

132 2342 322 2373 erubescunt
336 2342 373 2372 de
389 2351 447 2371 sua
462 2341 672 2381 impudentia,
690 2344 817 2382 quando
832 2353 902 2383 pec-

133 2397 218 2426 cator
232 2404 287 2434 per
307 2395 525 2434 pmnitentiam
540 2396 698 2426 erubescit
712 2396 749 2427 de
764 2397 856 2437 culpa
867 2401 877 2416 ⁷
892 2407 900 2428 ε

135 2448 335 2488 «Postquam
359 2449 539 2479 convertisti
567 2458 633 2487 me,
664 2450 717 2488 egi
744 2451 900 2490 preniten-

134 2501 221 2531 tiam.
233 2512 246 2529 »
267 2500 378 2532 Subdit
394 2512 399 2531 :
423 2501 600 2532 «Confusus
615 2512 703 2541 sum,
720 2505 750 2533 et
769 2504 900 2542 erubui,

169 2564 172 2576 ¹
191 2563 249 2593 isa„
268 2568 336 2592 vai,
356 2564 434 2586 lfl-ll.
452 2577 478 2580 —
497 2564 507 2579 ²
523 2564 588 2593 Act„
602 2570 640 2594 111,
660 2567 739 2589 19.-
754 2566 764 2582 ³
778 2567 866 2596 Mara,
884 2573 903 2597 1,

137 2600 159 2622 4.
171 2611 200 2616 —-
214 2599 222 2611 ⁴
235 2599 318 2628 ΛΡΜ,
331 2604 358 2628 ιι,
374 2600 397 2622 5.
412 2611 442 2616 -—
456 2599 466 2615 ⁵
481 2599 570 2628 Eccli„
586 2605 648 2630 xvn,
665 2602 704 2623 20.
720 2614 749 2618 —
761 2601 771 2617 ⁶
784 2601 902 2632 Psal.v1‚

137 2635 160 2661 9,
178 2635 214 2656 ιι.
229 2646 259 2651 -
274 2634 281 2647 ⁷
296 2634 396 2662 Jerem..
411 2639 484 2663 xxxi,
502 2635 538 2657 19.
555 2647 584 2651 —-
598 2636 605 2647 ³
620 2636 702 2666 Apoc„
718 2642 758 2667 ιιι,
776 2638 859 2661 19-20.
875 2650 901 2654 —-

143 2668 260 2700 *Mamm
276 2674 313 2697 ix,
333 2670 368 2693 13.
384 2682 414 2686 —
433 2669 452 2686 ¹⁰
466 2670 564 2700 Ezeclc„
584 2676 662 2701 xviii,
679 2673 716 2695 21.
730 2685 759 2689 —
785 2675 799 2686 ⁴*
815 2672 903 2702 Eccli„

960 272 1112 312 quoniam
1133 273 1270 303 sustinui
1291 273 1501 312 opprobrium
1517 274 1734 308 adolescentiae

960 334 1050 356 meae.
1063 336 1078 354 1>

1000 378 1117 415 Quarto
1131 403 1139 417 ,
1166 379 1241 418 quia
1274 388 1330 419 per
1367 380 1587 419 poenitentiam
1622 382 1735 414 efficax

959 431 1094 462 efficitur
1122 432 1312 470 angelorum
1350 433 1502 463 custodia.
1534 433 1622 465 Unde
1657 435 1734 466 dici-

959 486 1050 514 tur⁸t
1077 484 1176 523 «Ego
1199 494 1278 524 quos
1300 494 1391 523 amo,
1417 495 1522 525 arguo
1545 489 1576 517 et
1599 488 1733 527 castigo.

959 536 1120 568 AEmulare
1144 547 1238 577 ergo,
1263 540 1293 569 et
1317 539 1535 578 poenitentiam
1558 550 1628 580 age.
1657 541 1735 572 Ecce

959 592 1005 620 sto
1021 590 1060 620 ad
1075 591 1190 621 ostium
1206 593 1236 621 et
1248 591 1352 631 pulso.
1368 602 1381 619 n
1400 592 1466 623 Hoc
1482 593 1567 623 enim
1589 593 1734 634 Angelus

959 651 1016 672 nos
1035 643 1213 674 custodiens
1234 644 1307 674 facit
1334 645 1477 676 sollicite.

1000 696 1131 733 Quinto,
1154 697 1230 737 quia
1252 707 1309 737 per
1325 699 1543 737 poenitentiam
1567 702 1734 740 reparatur

959 749 1110 786 Ecclesia;
1130 753 1260 789 propter
1277 751 1362 790 quod
1375 751 1529 782 dicitur⁹:
1550 752 1646 783 «Non
1660 754 1735 784 veni

960 811 1072 832 vocare
1083 804 1199 841 justOS,
1217 803 1270 833 sed
1291 805 1506 842 peccatores.»
1527 805 1606 836 Nam
1627 805 1735 836 Chris-

959 858 1008 886 tus
1022 858 1114 886 vocat
1126 856 1166 887 ad
1180 857 1335 887 unitatem
1350 856 1592 888 ecclesiasticam
1601 882 1609 896 ,
1624 858 1657 889 iu
1672 868 1736 898 qua

958 909 993 938 fit
1013 910 1157 940 remissio
1180 911 1401 949 peccatorum,
1429 912 1461 941 et
1481 911 1574 941 datur
1597 921 1737 952 superna

960 962 1083 1001 gratia,
1112 963 1288 994 secundum
1312 963 1390 994 illud
1406 963 1577 995 Ezechielis
1596 965 1615 982 ²⁰
1635 976 1641 996 z
1668 977 1683 994 c(
1703 966 1735 997 Si

959 1015 1080 1054 impius
1094 1015 1195 1054 egerit
1214 1016 1435 1055 poenitentiam
1450 1017 1489 1047 ab
1505 1017 1655 1048 omnibus
1669 1027 1737 1058 pec-

958 1068 1034 1098 catis
1058 1068 1132 1106 suis,
1148 1079 1162 1096 >³
1192 1072 1262 1107 etc.,
1285 1069 1376 1100 «vita
1398 1070 1501 1108 vivet,
1524 1072 1555 1101 et
1575 1079 1641 1101 non
1664 1080 1737 1107 mos

959 1121 1093 1151 rietur.»

1000 1174 1106 1213 Sexto,
1117 1175 1193 1214 quia
1208 1175 1350 1214 placatur
1363 1175 1411 1206 ira
1425 1176 1533 1208 divina
1547 1178 1568 1195 ¹¹
1583 1186 1591 1208 ε
1613 1188 1628 1206 α
1638 1177 1734 1209 Altis-

960 1228 1060 1258 simus
1074 1228 1145 1259 odio
1160 1229 1256 1260 habet
1270 1231 1466 1268 peccatores,
1480 1233 1511 1260 et
1524 1230 1676 1262 misertus
1689 1235 1735 1263 est

959 1282 1219 1320 poenitentibus.»
1234 1282 1272 1312 Et
1281 1282 1466 1313 Jeremias¹²
1482 1294 1488 1313 :
1509 1294 1523 1311 (ι
1534 1282 1568 1314 Si
1581 1285 1737 1323 poeniten-

958 1336 1035 1365 tiam
1050 1335 1151 1373 egerit
1165 1344 1244 1373 gens
1260 1335 1313 1365 illa
1327 1345 1346 1366 a
1360 1336 1444 1367 malo
1460 1345 1534 1373 suo,
1549 1339 1621 1376 etc„
1639 1347 1736 1378 agam

958 1390 989 1418 et
1007 1397 1068 1426 ego
1083 1388 1305 1426 poenitentiam
1322 1397 1416 1428 super
1438 1388 1522 1419 malo
1542 1390 1628 1428 quod
1647 1391 1735 1430 cogi-

958 1440 1043 1478 tavi,
1061 1443 1096 1470 ut
1110 1440 1244 1470 facerem
1260 1441 1298 1470 ei.
1317 1452 1331 1468 n

999 1492 1151 1532 Septimo,
1163 1494 1238 1533 quia
1249 1502 1305 1533 per
1320 1495 1539 1533 poenitentiam
1550 1495 1731 1536 reintegra-

960 1549 1010 1577 tur
1018 1546 1191 1577 Jerusalem
1200 1555 1349 1586 superna.
1361 1547 1449 1578 Unde
1458 1548 1491 1578 in
1497 1548 1647 1579 Matthoeo
1655 1550 1692 1589 (b)
1701 1550 1734 1582 ¹³:

962 1600 1080 1638 «Agite
1098 1600 1334 1639 poenitentiam,
1358 1602 1626 1641 appropinquavit
1650 1603 1735 1634 enim

958 1662 1098 1691 regnum
1112 1652 1296 1683 coelorum.»
1313 1652 1484 1693 Propterea
1497 1654 1583 1685 cives
1594 1655 1735 1687 coelestes

959 1706 1119 1743 exultant,
1145 1706 1226 1736 sicut
1247 1706 1361 1737 dicitur
1379 1707 1449 1744 hic,
1470 1708 1555 1746 quod
1576 1709 1735 1748 yaudium

959 1763 1019 1790 crit
1033 1769 1141 1790 coram
1156 1760 1277 1799 anqele‘s
1292 1761 1353 1791 Dei
1370 1769 1465 1799 super
1488 1769 1552 1791 uno
1567 1766 1735 1801 peccatore

953 1813 1178 1853 poem'tcntz'am
1204 1817 1327 1853 apeme.
1355 1812 1468 1844 Vident
1491 1814 1578 1844 enim
1606 1819 1735 1855 quantae

958 1866 1083 1897 virtutis
1098 1866 1137 1896 sit
1151 1867 1337 1906 poenitentia
1348 1890 1357 1904 ,
1374 1875 1446 1906 quae
1470 1876 1535 1898 non
1556 1868 1660 1899 solum
1683 1878 1733 1900 re··

957 1922 1085 1958 cuperat
1100 1919 1239 1959 perdita,
1262 1920 1315 1950 sed
1339 1922 1369 1950 et
1392 1920 1494 1951 multo
1517 1920 1609 1960 plura
1629 1921 1734 1961 impe-

956 1974 1018 2002 trat
1033 1982 1052 2002 a
1064 1973 1177 2012 pietate
1192 1972 1311 2003 divina.
1325 1972 1412 2004 Unde
1426 1973 1460 2003 in
1474 1973 1532 2004 Job
1545 1973 1579 2013 (c)
1593 1974 1614 1992 ¹⁶
1628 1985 1634 2004 :
1655 1975 1734 2006 «Do-

957 2025 1063 2056 minus
1095 2035 1268 2057 conversus
1293 2027 1339 2056 est
1365 2026 1404 2057 ad
1426 2027 1645 2066 poenitentiam
1671 2028 1731 2067 (d).

956 2078 1084 2109 Addidit
1108 2078 1262 2110 Dominus
1282 2079 1407 2117 omnia,
1432 2089 1644 2120 quaecumque
1662 2081 1732 2112 fue-

957 2134 1027 2162 rant
1041 2132 1117 2170 Job,
1134 2132 1281 2172 duplicia.
1295 2144 1309 2161 n
1330 2133 1369 2164 Et
1383 2133 1442 2166 hac
1456 2133 1494 2164 de
1509 2143 1603 2164 causa
1620 2144 1731 2165 omnes

957 2185 1013 2224 qui
1027 2185 1167 2224 diligunt
1183 2185 1282 2216 Deum
1294 2210 1301 2224 ,
1319 2186 1374 2226 qni
1391 2186 1530 2226 diligunt
1544 2187 1681 2226 bonum,
1696 2192 1727 2220 et

957 2240 987 2268 et
1003 2239 1057 2278 qui
1071 2238 1189 2269 habent
1203 2239 1327 2279 pietatis
1341 2240 1501 2278 affectum,
1517 2249 1590 2271 cum
1605 2242 1727 2280 angelis

957 2291 1099 2322 exultare
1115 2292 1229 2323 debent
1244 2293 1281 2322 de
1298 2293 1504 2323 conversione
1520 2295 1551 2323 et
1570 2294 1726 2333 poeniten-

957 2345 1000 2375 tia
1014 2347 1224 2384 peccatorum.
1239 2345 1324 2376 Unde
1335 2346 1504 2385 Apostolus
1514 2346 1535 2364 ¹⁵
1552 2356 1558 2376 :
1572 2346 1730 2387 «Epistola

957 2398 1024 2435 illa,
1042 2401 1072 2429 et
1089 2399 1114 2428 si
1135 2399 1173 2429 ad
1193 2399 1307 2429 horam
1329 2408 1386 2430 vos
1409 2400 1624 2437 contristavit,
1644 2410 1730 2432 nunc

959 2453 1083 2490 gaudeo
1097 2463 1102 2481 z
1121 2461 1185 2482 non
1200 2452 1275 2491 quia
1290 2452 1465 2483 contristati
1482 2453 1567 2491 estis,
1585 2453 1638 2484 sed
1653 2455 1729 2494 quia

959 2529 1006 2553 xii,
1023 2527 1045 2546 3.
1062 2536 1091 2540 -
1108 2523 1124 2536 ¹²
1138 2522 1238 2551 Mrem,
1254 2529 1333 2551 svin,
1349 2525 1372 2547 8.
1386 2537 1415 2541 -
1439 2523 1457 2539 ¹3
1471 2524 1573 2554 Mutat„
1595 2530 1629 2555 ιν,
1646 2526 1682 2548 17.
1697 2537 1728 2543 -

960 2559 979 2574 ¹⁴
991 2558 1124 2587 Jc›h,x1„11‚
1142 2559 1179 2583 10.
1194 2571 1225 2576 —
1243 2559 1377 2588 ’511(]οι’.1
1392 2565 1437 2588 νιι,
1450 2560 1519 2583 8-11.

992 2604 1022 2632 (α)
1039 2602 1099 2626 Caet.
1106 2602 1165 2626 edit.
1172 2602 1421 2633 congratulabantur.
1428 2616 1458 2621 —
1466 2603 1496 2633 (b)
1504 2603 1575 2628 Unde
1584 2603 1725 2629 Matthaeus.

959 2650 987 2655 —
998 2638 1028 2667 (c)
1036 2638 1095 2661 Item
1107 2638 1178 2662 Unde
1188 2638 1278 2662 Job.—
1289 2638 1324 2669 (d)
1336 2638 1398 2663 Coet.
1411 2638 1471 2662 edit.
1486 2639 1630 2663 Conversus
1641 2638 1727 2664 Domi-

960 2680 1007 2697 nus
1021 2673 1051 2697 ad
1067 2673 1242 2704 poenitentiam
1259 2675 1391 2705 recuperat
1405 2674 1510 2705 perdita.
