1987 3032
187 205 246 235 236

224 269 330 300 Primo
339 269 442 308 igitur
450 270 605 308 quantum
615 268 653 298 ad
666 266 887 297 authenticum
899 268 958 296 tes-

184 322 352 353 timonium
369 321 540 361 Scripturae
553 345 560 358 ‚
573 321 645 351 dicit
655 329 663 351 ε
675 321 706 352 E
709 324 721 350 ι
734 320 817 350 dizit
830 320 875 350 (ια’
883 329 934 350 eos
945 330 956 351 .·

184 375 262 406 Hcec
281 378 356 404 sune
380 374 475 404 rerba
491 383 564 413 qzcoe
577 373 698 404 locutus
721 382 792 403 sum
814 373 859 403 acl
875 382 930 403 vos
945 397 954 410 ,

184 437 258 458 cum
277 428 380 457 acllzuc
393 436 490 457 essem
504 426 683 464 vobiscum,
708 435 764 466 per
787 435 954 457 conversa—

186 481 316 518 tionem,
334 480 449 510 scilicct
464 479 652 509 familiarem
668 479 701 509 in
717 488 822 516 carne,
841 488 955 510 secun-

185 534 264 564 dum
280 533 376 563 illud¹
393 543 399 561 ι
419 532 518 562 «Post
539 532 608 562 haec
624 532 656 562 in
676 532 769 562 terris
786 532 874 562 visus
889 534 952 569 est,

184 588 214 617 et
240 595 313 616 cum
332 585 517 616 hominibus
537 587 742 616 conversatus
765 587 822 615 est.
843 596 857 613 n
891 585 955 615 Iloc

184 641 292 669 autem
303 638 381 668 dixit
395 638 434 668 ad
446 638 518 668 fidei
533 638 739 668 assertionem
749 641 759 657 ²
772 647 780 668 z
797 637 855 668 «Et
870 647 955 668 nunc

183 691 249 722 dixi
272 691 380 728 vobis,
398 691 586 730 priusquam
603 691 657 720 [iat
674 702 680 720 z
697 692 732 721 ut
747 699 821 721 cum
837 691 954 721 factum

183 743 299 780 fuerit,
329 743 472 774 credatis.
496 753 510 771 »
541 743 615 773 llaec
637 743 737 782 igitur
760 744 859 774 verba
887 744 955 783 ipse

182 796 347 836 praedixit,
360 798 511 836 tanquam
528 805 624 827 verus
640 796 794 836 propheta
810 805 817 826 ι
835 806 893 826 nec
907 806 954 827 so-

183 849 235 880 lus
259 849 424 889 praedixit,
449 858 563 879 vorum
584 849 678 879 etiam
699 849 848 888 praedixit
869 849 953 888 quod

180 902 240 933 hoc
252 902 436 941 praediceret
450 902 487 941 (a)
504 904 565 932 tota
574 902 746 940 Scriptura,
757 904 787 931 et
797 902 866 932 ideo
881 902 954 932 sub-

180 955 225 985 dit
241 965 248 985 :
266 955 427 994 Quoniam
437 963 558 984 necesse
573 958 617 984 est
629 954 757 993 impleri
764 955 872 984 onmia
881 964 954 994 (μαι)

179 1008 298 1048 scripta
315 1011 390 1037 sunt
405 1008 440 1037 in
455 1007 521 1047 lesse
536 1007 641 1046 Moysi
649 1030 659 1044 ‚
677 1010 707 1037 et
719 1007 905 1046 Prophetis,
924 1012 955 1038 et

180 1060 317 1092 Psalmis
331 1060 368 1090 cle
380 1069 441 1090 me.
459 1060 493 1090 In
508 1060 556 1089 his
571 1061 678 1090 autem
695 1059 794 1090 tribus
812 1069 953 1099 compre-

179 1113 291 1143 hendit
305 1112 447 1143 Christus
463 1115 566 1143 totum
583 1112 678 1143 Vetus
693 1112 930 1143 Testamentum
941 1137 950 1151 ,

179 1166 264 1205 quod
291 1168 338 1196 est
365 1166 456 1205 quasi
480 1165 673 1204 tripartitum
701 1165 739 1195 ad
767 1166 951 1196 firmitatem

178 1217 370 1254 testimonii,
390 1216 465 1255 quia
480 1216 536 1246 «in
552 1225 606 1246 ore
621 1216 757 1246 duorum
779 1220 834 1246 aut
854 1216 950 1246 trium

180 1269 308 1299 testium
337 1269 429 1298 stabit
455 1278 549 1298 omne
574 1269 726 1306 verbum,
741 1280 755 1296 υ
775 1269 950 1299 secundum

180 1322 265 1362 quod
276 1322 390 1352 dicitur
399 1324 421 1358 ³,
430 1323 459 1351 et
472 1321 505 1350 iu
516 1321 828 1360 repraesentatiOnem
840 1322 951 1352 beaus-

181 1376 269 1406 simae
289 1374 459 1406 Trinitatis.
476 1374 555 1405 Nam
573 1374 625 1405 lex
640 1398 646 1412 ,
669 1377 795 1414 propter
808 1376 948 1406 auctori-

179 1433 276 1461 tatem
287 1430 437 1469 jubendi,
456 1430 677 1469 appropriatur
693 1430 797 1467 Patri,
815 1431 951 1470 prophe-

184 1487 238 1524 tia,
255 1488 382 1525 propter
396 1486 662 1525 perspicacitatem
677 1486 870 1524 intelligendi
881 1510 888 1522 ,
900 1486 949 1516 Fi-

178 1539 238 1576 lio;
256 1538 383 1576 Psalmi,
399 1540 526 1577 propter
538 1538 725 1569 suavitatem
741 1539 862 1576 orandi,
879 1539 948 1578 Spi-

178 1592 254 1622 ritui
264 1594 382 1622 sancto.
398 1592 509 1622 Omnia
522 1594 627 1622 autem
644 1592 859 1622 testimonium
876 1602 947 1632 per·

176 1645 286 1675 hibent
330 1645 450 1676 Christo
496 1649 647 1684 tanquam
685 1637 947 1676 excellentissimo

177 1698 378 1738 Imperatori,
399 1698 519 1728 Doctori
536 1698 591 1735 (h),
607 1700 637 1727 et
653 1697 807 1728 Pontifici.
824 1698 862 1727 Et
877 1698 946 1729 ideo

179 1752 289 1791 inipso
309 1751 416 1782 omnia
441 1751 570 1790 impleta
589 1752 673 1788 sunt,
704 1751 879 1781 secundum
905 1752 946 1781 il-

176 1806 252 1837 lud‘
269 1816 276 1837 :
297 1818 311 1834 α
327 1806 391 1836 Iota
408 1814 508 1836 unum
525 1808 580 1836 aut
595 1815 677 1845 apex
690 1815 776 1836 unus
788 1815 852 1836 non
868 1816 947 1846 prae-

176 1859 281 1890 teribit
311 1868 330 1889 a
357 1859 428 1897 lege
444 1858 609 1897 (Domini),
635 1858 733 1889 donec
748 1859 818 1889 haec
839 1860 946 1890 onmia

176 1914 264 1943 fiant.
280 1923 295 1940 »
315 1912 394 1949 Quia
410 1921 488 1950 ergo
502 1912 534 1941 in
554 1912 624 1950 lege
639 1912 748 1941 onmia
768 1913 837 1942 haec
848 1937 855 1949 ,
873 1922 944 1952 quae

176 1965 258 1995 eirca
274 1965 432 1996 Christum
446 1964 626 1994 acciderunt
640 1964 678 1994 de
693 1964 836 2003 passione
849 1967 879 1994 et
893 1974 943 1995 re-

175 2018 388 2055 surrectione,
410 2018 636 2057 praedicuntur,
661 2020 782 2048 constat
801 2019 884 2057 quod
907 2019 945 2049 il—

175 2071 229 2102 lud
251 2074 296 2102 est
318 2071 578 2109 irrefragabiliter
602 2079 715 2101 verum
743 2073 773 2101 et
797 2074 919 2102 certum
933 2096 941 2110 ,

175 2128 326 2164 tanquam
336 2134 391 2164 per
402 2124 619 2154 testimonium
628 2124 760 2154 firmum
768 2126 799 2154 et
807 2125 942 2155 authen-

175 2178 272 2208 ticum
287 2178 537 2217 comprobatum.
556 2176 643 2207 Unde
658 2176 784 2207 Glossa:
801 2177 943 2208 «Omnes

175 2231 325 2269 ambages
340 2231 442 2261 aufert
455 2230 542 2261 visus
550 2232 579 2260 et
592 2232 693 2260 tactus
704 2231 939 2268 manducanti53

174 2285 205 2313 et
219 2292 258 2313 ne
273 2283 306 2313 in
322 2283 428 2322 aliquo
443 2292 553 2313 sensus
568 2282 727 2312 humanos
741 2282 877 2313 illusisse
892 2284 941 2314 vi-

174 2335 312 2373 deretur,
330 2336 423 2366 mittit
438 2344 553 2366 manus
567 2335 606 2365 ad
622 2335 815 2374 Scripturas,
832 2338 867 2366 ut
886 2337 941 2366 etsi

174 2388 305 2427 magicis
323 2389 444 2418 artibus
462 2388 606 2419 videatur
623 2388 760 2427 potuisse
776 2389 859 2427 quod
882 2398 942 2420 vo-

172 2440 242 2478 luit,
255 2440 336 2470 sicut
349 2440 457 2470 dicunt
467 2441 594 2479 pagani,
608 2440 718 2471 saltem
727 2450 802 2471 euni
814 2441 942 2472 videant

173 2493 362 2533 prophetare
389 2501 454 2522 non
480 2493 619 2531 potuisse
647 2495 815 2532 antequam
848 2496 942 2525 natus

173 2546 268 2576 fuerit
276 2545 426 2575 Christus.
434 2555 448 2572 »
465 2544 566 2583 igitur
576 2545 735 2584 implendo
744 2547 830 2586 quod
841 2546 941 2587 Scrip-

204 2627 210 2642 ¹
228 2626 296 2654 Bar„
313 2626 401 2653 111,38.
418 2638 448 2642 —
462 2625 472 2640 ²
486 2625 636 2654 Joan.,x1v,
652 2628 689 2648 29.
708 2639 733 2642 —
750 2626 759 2642 ³
776 2627 859 2655 Deut,
876 2633 939 2655 xx'n,

172 2662 195 2686 6.
210 2674 240 2678 —
257 2661 268 2677 ⁶
287 2660 388 2690 Manli„
407 2666 431 2690 v,
452 2662 487 2684 18.
503 2673 533 2677 —
551 2660 561 2676 ⁸
576 2660 634 2688 lsai,
659 2666 727 2690 xxii,
748 2663 785 2685 22.
807 2675 832 2678 -
851 2665 858 2676 *³
872 2662 938 2685 Psal.

742 198 954 231 EVANGELll
977 197 1116 230 SANCTI
1139 198 1250 230 LUCAE

1017 267 1098 296 turae
1113 265 1237 303 dicunt,
1254 265 1399 304 probavit
1419 265 1502 305 ipsas
1516 265 1612 296 fuisse
1628 273 1719 295 veras
1730 287 1738 301 ,
1753 266 1785 296 et

1015 318 1208 349 ostendendo
1227 327 1298 357 quae
1314 318 1395 348 circa
1415 318 1519 357 ipsum
1538 317 1618 347 facta
1638 318 1729 347 erant
1751 317 1784 347 in

1015 370 1187 410 Scripturis
1207 379 1275 400 esse
1293 370 1460 409 praedieta‚
1483 370 1593 401 astruit
1612 370 1784 409 irrefraga-

1014 424 1120 454 biliter
1134 432 1202 453 esse
1216 432 1292 453 vera
1305 425 1399 461 atque
1412 423 1576 453 credenda.

1054 477 1217 515 Secundo,
1230 478 1386 515 quantum
1401 476 1440 506 ad
1455 476 1594 510 infusum
1609 475 1717 506 lumen
1733 476 1781 507 in-

1013 529 1214 567 telligentiaffi
1230 529 1337 559 subdit
1354 530 1395 568 (v.
1412 531 1479 566 45):
1501 529 1585 560 Tunc
1599 530 1725 569 astet-ule
1740 529 1782 560 il-

1013 582 1050 612 lis
1066 591 1205 619 sensum,
1217 585 1252 611 ut
1263 581 1473 621 intelliqerenl
1487 581 1682 621 Scripturas.
1700 582 1778 622 Ipse,

1013 635 1160 674 inquam,
1185 634 1327 673 aperuit,
1349 634 1403 673 qui
1422 634 1509 663 solus
1525 634 1620 664 habet
1638 634 1758 665 clavem
1770 658 1779 672 ,

1012 688 1186 718 secundum
1207 687 1305 718 illud⁵
1322 696 1328 715 2
1349 699 1364 716 (ι
1376 687 1413 717 Et
1427 686 1507 717 dabo
1526 687 1648 717 clavem
1667 687 1782 717 domus

1012 740 1109 771 David
1125 749 1219 780 super
1238 740 1410 770 humerum
1426 741 1494 779 eJ'us
1517 749 1523 769 :
1543 741 1574 769 et
1592 739 1727 779 aperiet,
1751 741 1782 770 et

1012 802 1074 823 non
1090 793 1148 823 erit
1163 793 1217 832 qui
1233 792 1378 829 claudat3
1395 794 1425 822 et
1439 792 1581 829 claudet,
1598 794 1628 822 et
1643 800 1706 822 non
1722 792 1781 822 erit

1011 846 1066 886 qui
1080 845 1234 885 aperiat.»
1254 845 1292 875 Et
1305 845 1373 875 ideo
1391 845 1544 884 propheta
1555 845 1630 884 petit
1645 845 1677 875 in
1693 844 1780 876 Psal-

1011 909 1062 930 mo
1075 900 1085 915 ⁶
1099 910 1105 929 z
1127 911 1141 928 <1
1157 899 1272 930 Revela
1288 899 1395 929 oculos
1410 907 1497 928 meos
1507 922 1518 936 ,
1530 900 1560 928 et
1576 898 1780 928 considerabo

1010 953 1167 983 mirabilia
1182 953 1219 983 de
1234 953 1306 991 lege
1318 954 1411 989 tua;»
1429 951 1504 990 quia
1519 951 1649 981 dicitur7
1665 961 1671 980 :
1686 962 1700 979 a
1712 950 1780 990 lpse

1010 1008 1128 1038 revelat
1152 1007 1307 1047 profunda
1320 1009 1350 1037 et
1377 1006 1572 1042 abscondita3
1591 1008 1622 1036 et
1642 1005 1732 1036 novit.
1746 1005 1779 1035 in

1008 1061 1146 1091 tenebris
1161 1061 1332 1091 constituta
1340 1070 1347 1097 ;
1361 1059 1455 1089 etlux
1467 1067 1540 1089 cum
1556 1068 1592 1089 eo
1604 1060 1662 1088 cst.
1674 1069 1688 1086 »
1706 1057 1780 1088 ssaec

1008 1117 1115 1145 autem
1131 1114 1285 1154 profunda
1294 1113 1444 1152 mysteria
1455 1112 1487 1141 in
1499 1111 1661 1150 Scriptura
1672 1110 1778 1141 nullus

1007 1167 1170 1206 intelligit,
1194 1167 1254 1197 nisi
1274 1175 1329 1206 per
1344 1166 1504 1197 Christum
1527 1165 1729 1201 crucifixum,
1746 1166 1778 1194 et

1007 1221 1210 1257 suscitatum,
1227 1222 1257 1250 et
1271 1220 1420 1259 gentibus
1439 1227 1494 1258 per
1517 1218 1671 1257 Spiritum
1685 1225 1775 1247 sanc-

1007 1276 1076 1304 tum
1092 1274 1312 1312 divulgatum⁷
1325 1273 1400 1312 quia
1414 1272 1452 1302 de
1468 1272 1536 1310 ipso
1551 1274 1625 1301 sunt
1639 1270 1778 1309 Scriptu-

1006 1336 1068 1363 rae,
1094 1328 1125 1357 ct
1142 1329 1268 1366 propter
1283 1326 1405 1365 ipsum,
1423 1327 1453 1354 et
1468 1324 1538 1354 ideo
1558 1324 1597 1353 ab
1617 1332 1654 1353 eo
1676 1322 1778 1362 expli-

1006 1382 1127 1410 cantur.
1145 1379 1232 1410 Unde
1244 1379 1275 1409 in
1293 1377 1487 1418 Apocalypsi
1502 1376 1618 1407 dicitur
1629 1375 1714 1415 quod
1727 1375 1777 1406 leo

1005 1434 1366 1471 resuscitatusyetagnus
1373 1430 1775 1470 occisusaperuitlibruw:

1008 1499 1023 1517 (ι
1038 1488 1116 1519 Vicit
1130 1488 1192 1518 Leo
1206 1488 1244 1518 de
1259 1486 1447 1523 tribulum,
1464 1486 1555 1515 radix
1570 1484 1678 1521 David,
1699 1493 1774 1523 ape-

1005 1541 1066 1571 rire
1095 1541 1212 1570 librum
1225 1565 1233 1578 ,
1256 1542 1286 1570 et
1308 1539 1431 1569 solvere
1465 1540 1585 1576 septem
1612 1537 1775 1575 signacula

1004 1595 1082 1633 ers.
1098 1593 1135 1624 Et
1149 1593 1230 1630 vidi,
1243 1595 1274 1623 et
1287 1601 1356 1622 ecce
1372 1592 1405 1621 in
1417 1591 1520 1621 medio
1536 1590 1641 1620 throni
1655 1592 1685 1620 et
1697 1598 1774 1629 qua-

1003 1649 1076 1677 tuor
1090 1646 1275 1677 animalium
1287 1668 1296 1682 ,
1311 1647 1341 1675 et
1355 1645 1390 1674 in
1408 1644 1510 1674 medio
1526 1643 1689 1673 seniorum
1705 1644 1773 1681 Ag-

1003 1709 1081 1730 num
1096 1701 1232 1729 stantem
1247 1700 1398 1737 tanquam
1411 1697 1584 1727 occisum.»
1604 1695 1769 1734 Sequitur:

1007 1752 1060 1783 «Et
1072 1761 1145 1782 cum
1156 1751 1327 1791 aperuisset
1338 1750 1466 1785 librum,
1474 1751 1610 1788 quatuor
1621 1747 1771 1778 animalia

1002 1807 1032 1835 et
1046 1804 1163 1843 viginti
1177 1806 1314 1843 quatuor
1323 1803 1462 1833 seniores
1476 1802 1653 1832 ceciderunt
1663 1810 1769 1831 coram

1001 1861 1106 1899 Agno.
1134 1860 1171 1890 Et
1190 1859 1358 1890 cantabant
1379 1858 1536 1888 canticum
1560 1866 1679 1888 novum
1689 1881 1696 1894 ‚
1720 1857 1767 1887 di-

1000 1916 1104 1943 centes
1121 1924 1128 1943 ε
1146 1913 1267 1951 Dignus
1281 1921 1325 1948 es,
1345 1911 1484 1948 Domine⁷
1498 1910 1638 1950 accipere
1651 1910 1769 1940 librum

1000 1968 1030 1996 et
1045 1966 1166 2005 aperire
1182 1964 1347 2003 signacula
1363 1965 1442 2002 ejus.
1452 1974 1465 1991 υ
1481 1963 1518 1994 Et
1532 1963 1577 1993 sic
1588 1965 1672 2002 patet
1683 1962 1768 2002 quod

999 2019 1066 2058 ipse
1085 2018 1216 2058 exponit
1230 2018 1406 2048 doctrinam
1426 2017 1580 2046 librorum
1596 2015 1715 2046 Veteris
1734 2024 1769 2045 ac

999 2071 1078 2102 Novi
1094 2071 1302 2106 Testamenti,
1318 2070 1349 2100 id
1365 2072 1410 2100 est
1424 2069 1585 2100 seniorum
1599 2071 1630 2099 et
1645 2069 1767 2099 anima-

998 2124 1076 2154 lium
1088 2124 1298 2155 oculatornm.
1309 2123 1383 2153 Ilaec
1391 2124 1498 2152 autem
1508 2122 1658 2161 mysteria
1668 2121 1768 2160 Scrip-

997 2180 1145 2208 turarum
1169 2175 1382 2216 principaliter
1407 2175 1587 2205 referuntur
1609 2174 1647 2204 ad
1673 2174 1766 2204 Chri-

998 2232 1080 2261 stum
1089 2255 1096 2268 ,
1110 2231 1265 2269 quantum
1280 2228 1319 2258 ad
1329 2231 1431 2266 caput,
1444 2231 1473 2256 ct
1484 2230 1636 2265 quantum
1645 2226 1684 2256 ad
1697 2235 1766 2256 cor-

998 2292 1068 2322 pus.
1080 2283 1238 2319 Quantum
1249 2281 1287 2311 ad
1294 2282 1386 2320 caput
1394 2280 1498 2310 subdit
1507 2280 1547 2318 (v.
1558 2280 1605 2318 46)
1616 2290 1622 2308 ;
1634 2279 1678 2310 Et
1685 2278 1769 2309 dizit

998 2337 1041 2365 eis
1050 2345 1060 2366 .·
1069 2336 1229 2374 Quoniam
1236 2335 1280 2364 sic
1287 2334 1440 2373 scriptum
1450 2336 1504 2370 est,
1514 2333 1595 2362 etsie
1605 2332 1767 2371 oportebat

1000 2388 1162 2420 Christum
1176 2389 1259 2428 pali,
1269 2391 1299 2417 et
1311 2395 1475 2425 resumere
1497 2395 1517 2415 α
1530 2386 1663 2415 mortuis
1673 2385 1766 2415 tertia

998 2441 1058 2471 (lie.
1080 2442 1144 2471 lIoc
1159 2440 1412 2480 frequentissime
1423 2439 1540 2468 dictum
1558 2440 1603 2467 est
1618 2437 1650 2467 in
1665 2437 1766 2476 Scrip-

996 2495 1076 2524 turis
1089 2518 1096 2532 ‚
1119 2497 1149 2524 et
1170 2494 1310 2524 maxime
1327 2493 1360 2522 in
1382 2492 1466 2530 Lege
1489 2499 1546 2530 per
1566 2491 1708 2528 figuras;
1732 2490 1765 2520 in

996 2594 1084 2617 cxvin,
1104 2590 1137 2611 ts,
1150 2601 1179 2605 —
1194 2589 1201 2601 '¹
1213 2588 1285 2616 Ihm„
1302 2591 1334 2615 11,
1348 2587 1387 2609 22.
1398 2597 1427 2602 —
1442 2584 1452 2600 Β
1467 2585 1549 2613 Apum,
1570 2589 1593 2611 ν,
1609 2585 1658 2611 iuti,
1674 2585 1696 2612 S,
1709 2585 1764 2607 9.-

1028 2628 1059 2656 (η)
1084 2627 1157 2650 Forte
1177 2626 1304 2657 leqmztlemz
1320 2625 1387 2656 quod
1406 2623 1564 2654 praedixerat.
1581 2636 1610 2639 —-
1628 2625 1686 2646 L'wl.
1704 2623 1761 2648 [die.

996 2662 1089 2686 Datori.
