1987 3032
96 1248 176 1269 Mulier

74 1280 124 1300 Sam
131 1280 174 1299 nri-

72 1313 124 1330 tana
150 1310 174 1329 fi-

70 1349 125 1369 gura
137 1344 174 1363 Ec-

68 1375 147 1395 ciosiae.

106 1988 116 2006 J
123 1986 178 2006 udaei

73 2022 116 2037 non
127 2022 177 2036 eou-

85 2049 161 2068 111111111-

77 2078 172 2098 Samari-

92 2109 158 2133 tanis,

74 2140 127 2165 quid
138 2140 178 2159 hoc

73 2169 170 2195 mysterii

74 2200 147 2220 haben

191 153 248 182 312

189 221 216 245 et
230 218 268 246 ad
287 221 403 253 gentem
418 221 430 246 J
435 220 584 247 udaeorum
603 229 662 248 non
677 221 861 256 pertinebant
867 231 875 255 ;
892 228 956 248 vas-

189 264 261 291 culis
286 264 405 292 illorum
428 273 488 293 non
508 267 664 293 utebantur
686 266 796 294 Judaei:
822 269 849 293 et
871 266 956 300 ideo,

188 310 259 345 quia
278 311 395 346 petebat
409 312 446 339 ab
463 320 497 339 ea
513 312 626 346 bibere,
643 312 725 347 quod
748 320 808 340 non
824 312 957 340 solebant

188 356 294 391 Judaei‚
311 358 350 385 ait
364 358 469 385 mulier
484 358 523 385 sic
537 367 542 384 :
564 359 697 391 Quomodo
707 379 716 392 ,
735 360 788 385 010.
804 358 859 386 Sed
873 366 956 394 quae-

188 402 275 436 ritur,
291 404 415 439 qualiter
429 404 568 438 cognovit
587 412 654 432 eum
674 412 734 432 esse
749 405 900 432 Judaeum‘?
914 404 957 432 Ad

190 449 246 476 hoc
269 450 428 484 respondet
451 449 674 485 Chrysostomus
688 470 698 485 0
724 450 807 486 quod
828 450 958 478 fortassis

188 495 340 522 aestimavit
355 503 422 522 eum
437 503 454 522 a
474 496 620 523 schemate
637 496 688 531 (a),
705 496 734 523 id
750 498 807 530 est,
821 496 916 531 figura
932 498 957 523 et

189 541 376 569 allocutione.
400 543 437 569 De
460 542 515 570 hoc
536 533 666 577 Magisier
686 543 715 570 in
730 545 871 570 Historiis.
888 546 958 571 Item

189 588 338 622 quaeritur,
353 587 478 622 qualiter
493 590 560 615 tunc
575 589 645 624 petit
661 589 698 616 ab
715 597 750 616 ea
759 589 877 623 bibere,
892 589 957 624 lege

188 640 249 660 non
268 633 445 661 concedente
465 634 570 662 Judoeis
585 635 663 662 couti
682 635 891 662 Samaritanis‘?
906 636 958 662 lte-

188 686 265 712 rum,
281 679 406 714 qualiter
427 679 522 707 ierunt
535 681 670 716 discipuli
686 681 725 708 ad
741 681 901 708 emendum
921 681 959 708 ci-

189 725 244 752 bos
260 725 297 752 ab
312 725 386 758 illis,
406 733 442 753 ex
460 734 520 761 quo
538 734 598 754 non
616 727 723 754 licebat
740 727 781 754 eis
802 727 879 754 couti
899 727 960 754 eis‘?

189 773 220 798 Et
235 771 273 798 ad
288 771 365 798 istud
379 772 538 807 respondet
553 773 778 808 Cbrysostomus
787 773 807 806 ²,
821 774 903 808 quod
918 774 961 800 in-

190 817 327 844 differens
347 820 408 845 erat
427 821 495 845 tunc
516 819 618 853 ejicere
634 819 705 847 tales
720 820 958 847 observationes:

189 863 251 899 ipse
265 864 343 891 enim
354 864 512 892 inducebat
522 865 595 892 alios
605 865 643 893 ad
651 865 716 893 illas
727 865 924 893 absolvendas
935 867 960 894 ³:

193 919 206 935 ιι
222 912 284 937 Non
309 910 391 945 quod
411 911 497 938 intrat
516 919 569 946 per
592 919 658 946 eos,
675 912 846 947 coinquinat
865 912 961 940 homi-

189 963 273 988 nem,
286 966 299 981 »
313 958 365 983 ete.
383 957 456 989 Quia
470 965 539 991 ergo
555 957 728 985 absolvebat
742 958 813 985 tales
827 966 961 986 caeremo—

189 1001 270 1035 nias,
285 1009 346 1029 non
361 1002 414 1029 fuit
430 1003 640 1030 inconveniens
655 1004 815 1040 discipulos
832 1004 872 1031 uti
888 1004 961 1031 cibis

190 1055 308 1081 corum,
334 1048 396 1081 vel,
420 1051 450 1075 ut
473 1049 577 1076 dicitur
601 1050 815 1085 magistraliter‚
839 1050 962 1085 quidam

191 1093 248 1120 cibi
277 1096 358 1121 erant
385 1095 583 1123 indifferentes
615 1097 716 1132 quoad
743 1099 901 1132 utrosque,
930 1099 962 1124 ut

190 1140 298 1167 fructus
319 1141 458 1168 arborum
479 1144 506 1169 01
521 1143 619 1177 panis,
641 1145 668 1170 et
688 1143 760 1170 tales
782 1143 864 1170 cibos
881 1146 962 1179 pote-

190 1188 255 1212 rant
269 1194 364 1214 emere
380 1188 417 1214 ab
433 1188 498 1215 iltis.
520 1190 551 1216 Et
570 1192 648 1225 patet
669 1189 716 1216 hic
735 1189 906 1224 mysterium
926 1198 960 1216 ex

190 1233 350 1266 Augustino
366 1234 392 1268 ⁶,
410 1236 437 1261 et
450 1234 480 1261 in
495 1235 604 1262 Glossa.
622 1236 685 1262 11ωο
698 1235 776 1262 0111111
790 1235 896 1262 mulier
911 1235 962 1262 l‘uit

190 1280 285 1314 figura
299 1280 431 1307 Ecclesiae
444 1281 572 1308 collectae
583 1290 618 1308 ex
628 1282 772 1316 gentibus,
784 1284 811 1308 et
821 1282 962 1309 venientis

191 1326 228 1352 ad
243 1326 441 1353 hauriendum
460 1335 571 1362 aquam
590 1327 625 1354 de
640 1329 741 1363 puteo,
756 1327 787 1354 id
804 1330 859 1361 est,
879 1328 962 1354 intel-

190 1372 340 1405 ligentiam
360 1380 461 1400 veram
479 1373 515 1400 dc
538 1381 621 1400 sacra
635 1373 797 1408 Scriptura,
819 1375 907 1409 prout
922 1373 962 1401 ait

189 1418 405 1446 Ambrosius-²⁵:
433 1428 446 1444 «
468 1421 572 1446 Puteus
596 1421 637 1446 est
656 1420 779 1447 altitudo
805 1420 961 1455 profundae

189 1464 338 1500 scripturae
356 1474 362 1491 :
380 1475 393 1490 »
411 1466 421 1481 6
436 1465 499 1492 Alta
518 1465 719 1501 profunditas,
748 1466 813 1501 quis
838 1466 963 1493 inveniet

190 1512 294 1537 cam?»
313 1513 344 1537 Et
358 1511 428 1538 alibi
443 1512 452 1527 ⁷
468 1520 497 1537 z«
512 1512 633 1538 Fluenta
647 1512 726 1546 putei
742 1512 782 1539 tui
794 1512 962 1539 deriventur

190 1557 278 1584 foras.
296 1568 308 1581 »
327 1558 357 1583 Et
373 1557 410 1584 de
424 1557 477 1584 isto
494 1559 583 1592 puteo
604 1559 630 1584 et
648 1565 726 1592 aqua
748 1557 860 1593 patebit
874 1558 960 1585 infra.

190 1602 275 1636 Quod
291 1610 359 1629 vero
379 1603 506 1629 Christus
524 1603 606 1638 petiit
624 1603 725 1630 bibere
741 1611 759 1630 a
773 1603 913 1637 muliere,
928 1604 963 1630 fi-

192 1656 265 1683 gura
283 1649 336 1675 suit
355 1649 438 1684 quod
458 1649 634 1676 desideravit
651 1649 741 1676 tidem
762 1649 912 1683 Ecclesiae,
933 1653 965 1677 ut

192 1694 302 1721 dictum
317 1696 368 1722 est.
382 1696 462 1728 ltem,
476 1694 558 1730 quod
573 1695 709 1729 discipuli
725 1697 854 1722 emerent
870 1695 962 1729 cibos,

191 1740 287 1775 figura
305 1740 373 1774 i'uit,
397 1740 480 1775 quod
501 1748 561 1767 non
587 1740 754 1767 laborantes
774 1741 804 1768 in
824 1741 966 1776 przedica-

193 1787 287 1820 tione,
308 1786 355 1813 vel
376 1787 512 1820 otiantes,
532 1786 579 1813 vel
596 1788 733 1813 vacantes
749 1787 812 1813 aliis
828 1788 966 1823 operibus

192 1832 405 1868 spiritualibus,
417 1840 477 1860 non
494 1832 603 1860 debent
616 1833 806 1860 manducare.
816 1834 826 1849 ⁸
843 1844 855 1857 «
867 1835 965 1869 Neque

193 1879 281 1913 gratis
295 1886 404 1914 panem
417 1879 692 1906 manducavimus.»
707 1880 739 1906 Et
754 1880 887 1914 sequitur
899 1889 905 1906 :
916 1880 965 1907 «Si

193 1925 259 1959 quis
281 1932 342 1951 non
363 1924 426 1951 vult
441 1925 568 1960 operari,
584 1933 644 1952 non
663 1925 831 1952 manducet.
849 1935 861 1950 »
880 1926 966 1958 Quod

192 1977 263 1997 vero
278 1970 369 1997 Judaei
383 1978 443 1997 non
462 1972 620 1997 coutuntur
634 1971 838 2005 samaritanis,
855 1973 966 2006 myste-

193 2016 270 2042 rium
281 2017 333 2049 est,
344 2016 426 2051 quod
441 2016 575 2043 fidelium
588 2025 648 2044 non
663 2020 704 2044 est
716 2018 883 2044 conversari
898 2025 966 2044 cum

193 2063 378 2096 infidelibus,
400 2071 453 2090 nec
473 2064 551 2091 couti
567 2064 679 2091 actibus
695 2072 808 2092 eorum.
824 2066 834 2081 ⁹
852 2074 865 2090 ιι
880 2068 967 2100 Egre-

194 2110 296 2137 dimini
311 2110 347 2137 de
361 2110 460 2137 medio
476 2111 547 2144 eJus.
565 2121 577 2135 »
594 2112 626 2138 Et
643 2111 678 2137 ¹⁰:
696 2120 709 2136 ιι
722 2112 789 2144 Quae
803 2119 871 2147 pars
885 2111 966 2138 fideli

194 2163 262 2183 eum
280 2156 415 2183 infideli?
430 2167 442 2182 n
461 2158 493 2183 Et
511 2156 660 2191 sequitur:
682 2166 694 2182 «
710 2157 788 2184 Exite
809 2157 844 2184 de
867 2157 966 2185 medio

195 2210 298 2230 eorum
312 2204 339 2229 et
353 2203 542 2238 separamini.
558 2214 570 2228 »

230 2250 262 2276 Et
276 2249 406 2283 sequitur
423 2249 554 2276 secunda
568 2249 711 2284 particula
727 2249 756 2275 in
773 2257 832 2284 qua
847 2256 968 2285 respon-

195 2294 237 2321 sio
253 2294 423 2329 Salvatoris,
439 2297 466 2322 et
481 2295 517 2322 de
538 2295 725 2330 inquisitione
740 2295 888 2329 mulieris,
905 2295 945 2322 ibi
959 2304 965 2322 :

194 2340 340 2374 Respondit
356 2342 450 2368 Jesus:
467 2342 497 2369 Si
517 2343 596 2368 scires
610 2341 723 2376 domim,
743 2343 808 2374 etc.,
825 2340 907 2376 quod
927 2343 968 2368 est

227 2400 234 2414 ¹
253 2398 392 2429 Chrysost„
413 2399 456 2422 uhi
471 2407 538 2430 sup„
556 2407 582 2423 11.
600 2402 623 2424 4.
639 2413 669 2418 —-
688 2400 698 2416 ²
718 2400 779 2424 lbid.
798 2413 828 2417 —
842 2401 850 2414 ³
866 2400 967 2429 Malll1.,

194 2440 237 2463 xv,
254 2435 290 2457 11.
303 2447 332 2451 -
343 2434 352 2450 ⁶
365 2435 440 2464 Aug,
452 2435 494 2458 ubi
506 2443 572 2465 sup.,
588 2442 613 2460 n.
630 2438 665 2459 10.
678 2449 709 2453 —
722 2437 732 2452 ⁵
745 2436 843 2465 Amhr.‚
858 2435 887 2459 cle
899 2436 967 2458 Isaac

194 2471 217 2493 et
234 2470 329 2497 Anim.,
350 2475 384 2498 w,
401 2471 438 2492 21.
458 2483 483 2486 ψ
503 2471 511 2483 ⁰
527 2470 620 2501 Eccita,
638 2477 688 2501 vn,
708 2473 745 2495 23,
762 2485 792 2488 —
809 2471 819 2487 ⁷
837 2471 920 2500 Prota,
942 2476 966 2500 v,

195 2506 232 2528 16.
250 2517 274 2521 —-
294 2504 304 2520 Β
320 2505 338 2527 11
357 2504 447 2534 Thess„
469 2511 515 2534 111,
535 2506 564 2534 8,
586 2508 622 2529 10.
641 2519 666 2522 —
685 2507 693 2520 ‘³
709 2507 808 2534 dei-em„
828 2511 867 2535 Li,
884 2508 922 2530 45.
938 2519 964 2522 —

194 2540 213 2555 ¹⁰
230 2540 246 2562 11
267 2539 334 2567 Cor„
356 2544 394 2568 vi,
413 2540 449 2567 113,
468 2540 504 2562 17.
520 2553 548 2557 —
568 2541 585 2556 ¹1
601 2542 676 2571 Aug,
695 2541 736 2564 ubi
752 2548 818 2571 sup.‚
839 2548 863 2565 n.
880 2542 918 2564 12.
936 2554 961 2557 -—

198 2574 215 2590 ¹2
232 2574 293 2599 thid.
307 2587 337 2591 —
352 2574 370 2590 ¹³
386 2574 527 2604 Chrysost.,
540 2575 582 2598 ubi
596 2582 663 2606 sup„
678 2583 702 2599 11.
719 2578 740 2600 4.
755 2589 784 2593 -
798 2577 816 2592 ¹⁸
829 2577 903 2606 Aug„
919 2576 961 2599 ubi

706 154 918 186 EVANGELH
942 154 1080 186 SANCTI
1102 154 1264 186 JOANNIS

1013 221 1134 257 Spiritus
1143 223 1272 256 sanctus,
1283 223 1324 250 ait
1333 224 1509 258 Augustinus
1521 227 1536 241 ¹¹
1547 233 1573 251 ιι(
1583 226 1614 253 Ε1
1625 226 1691 261 quis
1700 229 1752 262 est,
1765 239 1778 252 n

1013 267 1122 294 scilicet
1135 270 1278 303 quantus;
1293 271 1321 296 et
1335 270 1405 305 quia
1420 271 1462 297 est
1482 269 1567 298 dator
1581 271 1716 307 spiritus,
1735 275 1782 308 qui

1013 314 1081 341 dicit
1095 315 1160 348 tibi,
1175 316 1206 342 ut
1221 323 1238 343 a
1252 317 1278 342 te
1288 318 1366 351 petat
1373 316 1464 343 fidem
1475 326 1482 342 :
1494 318 1533 343 Τα
1541 319 1662 352 petisses,
1674 320 1728 346 etc.
1738 319 1783 347 Ad

1013 359 1153 394 litteram,
1172 360 1212 387 ait
1231 362 1406 396 Augustinus
1421 363 1440 378 ¹²
1457 372 1463 389 z
1487 372 1500 387 «
1521 366 1604 398 Aqua
1620 364 1689 392 viva
1710 364 1783 392 dioi-

1013 407 1068 440 tur,
1086 414 1150 441 quae
1166 414 1201 433 ex
1216 406 1293 434 fonte
1310 415 1433 434 manans
1450 409 1607 445 excipitur,
1628 417 1694 445 quoe
1712 418 1783 438 vero

1014 453 1055 478 est
1076 452 1106 478 in
1129 452 1254 485 lacunis,
1277 455 1304 480 et
1325 453 1469 488 cisternis,
1494 462 1555 482 11011
1578 455 1683 483 dicitur
1706 464 1785 492 aqua

1014 497 1091 524 viva.
1103 508 1116 523 n
1129 498 1184 525 Sed
1197 499 1335 534 quaeritur
1346 507 1437 534 quare
1450 500 1508 528 ait:
1524 502 1652 528 Forsitan
1662 504 1783 537 petisses.

1015 543 1265 579 Respondendum
1283 544 1366 580 qnod
1384 545 1440 572 1100
1455 545 1494 573 ait
1512 546 1551 573 ob
1572 547 1736 576 libertatem
1750 548 1785 576 li-

1015 590 1077 617 beri
1092 591 1219 625 arbitrii,
1233 592 1315 627 quod
1330 594 1424 627 potest
1439 594 1549 629 petere,
1565 596 1593 622 et
1603 602 1663 622 non
1673 598 1783 630 petere.

1015 638 1050 663 Et
1070 637 1185 664 (ledisset
1206 638 1257 664 tibi
1274 646 1370 672 aquam
1389 640 1494 673 vivam,
1517 639 1622 668 merito
1641 640 1728 674 fidei,
1746 641 1787 669 ait

1016 683 1126 710 Glossa.

1051 731 1094 757 11.
1110 730 1213 758 Mulier
1233 732 1348 764 tamen,
1369 730 1523 758 carnaliter
1538 731 1572 766 (b)
1595 731 1723 767 sapiens,
1744 733 1789 760 111-

1016 775 1162 809 telligebat
1188 775 1224 803 de
1251 784 1330 811 aqua
1354 776 1496 804 materiali
1505 787 1513 812 3
1541 777 1609 805 ideo
1635 777 1786 813 sequitur:

1017 824 1090 849 Dicit
1102 825 1127 850 ei
1141 824 1255 850 mulier:
1270 825 1388 851 Domine.
1403 826 1434 851 Et
1448 824 1479 851 in
1493 825 1549 852 hoc
1562 827 1640 860 patet
1653 825 1787 853 mulieris

1016 868 1189 903 prudentia:
1210 869 1340 896 tribuens
1360 870 1486 897 multum
1506 870 1665 905 honorem,
1690 873 1717 898 et
1734 879 1788 899 vo-

1017 922 1086 941 cans
1106 922 1173 942 eum
1192 917 1346 947 Dominum,
1365 924 1462 951 neque
1481 916 1596 950 derisit,
1615 924 1712 952 neque
1727 919 1788 944 1111·-

1017 960 1085 987 bata
1100 962 1158 994 est,
1174 961 1227 988 sed
1240 962 1424 995 greverentius
1439 961 1495 989 ait:
1515 962 1607 996 Neque
1622 963 1790 990 haustorium

1017 1006 1094 1033 habes
1103 1015 1111 1040 3
1139 1009 1163 1033 ec
1175 999 1279 1040 *puteus
1305 1008 1377 1034 altus
1406 1010 1460 1041 est,
1486 1007 1526 1034 ad
1553 1006 1688 1035 litteram.
1717 1008 1790 1035 Unde

1017 1060 1077 1085 erqo
1086 1072 1095 1086 ‚
1120 1054 1172 1079 ete.
1202 1053 1288 1085 Quasi
1314 1053 1446 1080 diceret:
1475 1054 1538 1080 Non
1566 1055 1650 1089 potes
1678 1053 1788 1081 habere

1017 1106 1141 1133 aquam,
1156 1099 1285 1126 maxime
1300 1100 1346 1133 (v.
1362 1100 1413 1132 12)
1431 1107 1499 1126 cum
1513 1107 1574 1126 non
1588 1099 1627 1126 sis
1642 1099 1789 1135 potentior

1018 1146 1045 1171 et
1062 1144 1167 1171 melior
1184 1144 1274 1171 Jacob
1281 1154 1289 1179 3
1307 1145 1391 1180 quasi
1407 1145 1502 1178 dicat,
1515 1146 1547 1171 ut
1561 1145 1600 1172 ait
1621 1145 1792 1180 Chrysosto-

1017 1198 1083 1217 mus
1098 1191 1155 1217 ¹³2«
1168 1190 1258 1218 Jacob
1274 1190 1354 1218 dedit
1368 1192 1490 1226 puteum
1505 1191 1607 1225 nobis,
1623 1192 1651 1218 et
1665 1198 1735 1218 usus
1749 1192 1792 1218 est

1018 1244 1053 1263 eo
1068 1236 1216 1269 bibendo,
1236 1238 1262 1263 et
1281 1237 1325 1264 sui
1345 1236 1486 1264 similiter.
1503 1236 1574 1270 Sed,
1594 1236 1619 1263 si
1639 1236 1792 1264 habuisset

1018 1282 1186 1315 meliorem,
1199 1290 1259 1310 non
1273 1282 1410 1316 bibisset,
1429 1285 1456 1309 et
1469 1282 1510 1309 ita
1523 1290 1620 1318 neque
1637 1284 1667 1310 tu
1680 1282 1792 1318 poteris

1019 1328 1089 1355 dare
1110 1328 1276 1355 meliorem.
1299 1338 1312 1353 >›
1335 1330 1398 1355 11100
1419 1328 1478 1356 ille.
1501 1328 1558 1356 Sed
1578 1328 1733 1363 quaeritur,
1754 1336 1791 1356 ex

1018 1382 1078 1410 quo
1092 1377 1152 1401 erat
1166 1374 1270 1401 mulier
1284 1374 1475 1408 Samaritana,
1488 1376 1515 1401 et
1529 1374 1705 1409 alienigena,
1718 1382 1791 1410 qua-

1017 1420 1082 1447 liter
1095 1422 1182 1447 vocat
1196 1420 1286 1447 Jacob
1304 1422 1417 1456 patrem
1436 1420 1544 1447 suum?
1558 1421 1589 1447 Et
1607 1420 1646 1447 ad
1661 1420 1718 1448 hoc
1732 1428 1791 1448 res-

1018 1466 1130 1501 pondet
1154 1466 1273 1500 Glossa,
1297 1466 1380 1502 quod
1406 1467 1470 1501 ipsa
1497 1466 1527 1501 (c)
1553 1468 1614 1493 erat
1642 1466 1697 1493 sub
1723 1466 1789 1501 lege

1019 1514 1163 1547 quantum
1181 1512 1220 1538 ad
1237 1512 1309 1545 hoc,
1331 1511 1413 1546 quod
1433 1512 1524 1539 libros
1544 1511 1650 1547 Moysis
1667 1511 1790 1547 accipie-

1019 1558 1090 1585 bant
1113 1558 1294 1585 Samaritani.
1317 1558 1349 1584 Ut
1375 1557 1414 1584 ait
1436 1557 1615 1592 Augustinus
1634 1556 1654 1574 ¹¹*
1673 1566 1679 1584 :
1698 1566 1712 1583 «
1734 1558 1792 1585 Sua

1019 1604 1097 1631 enim
1120 1603 1257 1639 pulsabat
1284 1603 1468 1638 ignorantia,
1494 1603 1629 1630 nondum
1651 1603 1790 1631 instructa

1019 1658 1115 1685 neque
1129 1649 1226 1677 studio
1241 1649 1363 1683 nutrita,
1381 1651 1408 1676 01
1422 1648 1606 1683 intelligebat
1621 1656 1731 1684 aquam
1744 1649 1790 1676 vi-

1019 1704 1098 1729 vam,
1115 1704 1180 1731 quoe
1193 1697 1254 1722 erat
1268 1695 1297 1722 in
1312 1694 1363 1722 illo
1378 1694 1468 1722 fonte.
1484 1704 1497 1720 n
1516 1694 1572 1722 Sed
1587 1695 1738 1730 quaeritur,
1754 1703 1791 1722 ex

1020 1749 1080 1777 quo
1100 1741 1205 1768 mulier
1226 1743 1287 1768 erat
1310 1741 1414 1775 ignara
1432 1740 1656 1775 mysteriorum,
1676 1740 1792 1768 videtur

1020 1787 1103 1823 quod
1130 1795 1191 1814 11011
1214 1787 1364 1814 debuisset
1389 1786 1415 1813 ei
1440 1786 1523 1821 loqui
1553 1786 1608 1813 sub
1638 1787 1790 1822 mysterio.

1020 1836 1090 1862 ltem
1104 1834 1237 1861 doctrina
1252 1833 1339 1860 debet
1361 1840 1421 1860 esse
1441 1832 1605 1859 secundum
1623 1832 1793 1860 auditorum

1021 1881 1227 1916 capacitatem,
1257 1879 1296 1906 ait
1325 1878 1479 1913 Gregorius
1503 1878 1522 1894 ¹⁵
1547 1886 1697 1913 exponens
1717 1878 1794 1905 illud

1019 1927 1066 1953 Job
1082 1927 1118 1952 16;
1138 1936 1150 1951 ιι
1161 1925 1215 1958 Qui
1229 1925 1301 1959 ligat
1315 1933 1408 1960 aquas
1424 1925 1453 1951 in
1468 1924 1608 1951 nubibus.
1624 1934 1637 1950 n
1654 1924 1734 1952 Unde
1749 1924 1794 1951 in—

1019 1972 1064 1999 sra
1080 1974 1114 1998 ¹⁷:
1129 1981 1142 1997 ιι
1157 1971 1256 1999 Habeo
1266 1970 1352 1998 vobis
1366 1970 1460 1998 multa
1474 1970 1582 2003 dicere,
1599 1970 1652 1997 sed
1668 1977 1729 1998 11011
1742 1978 1794 2005 po-

1021 2018 1097 2046 testis
1117 2020 1235 2053 portare
1256 2016 1359 2044 modo.
1379 2027 1391 2042 n
1416 2018 1491 2051 Ergo
1507 2024 1567 2043 non
1588 2016 1690 2043 debuit
1710 2016 1794 2052 loqui

1020 2063 1137 2091 mulieri
1148 2063 1184 2090 de
1199 2063 1313 2090 arcanis
1323 2062 1542 2098 mysteriorum.
1556 2063 1626 2089 ltem
1638 2062 1794 2097 Apostolus

1021 2110 1061 2137 ait
1082 2110 1118 2136 ¹⁸:
1140 2119 1152 2134 «
1171 2111 1234 2136 Non
1249 2108 1331 2144 potui
1346 2108 1429 2143 loqui
1448 2107 1534 2135 vobis
1556 2108 1639 2143 quasi
1659 2107 1794 2142 spiritua-

1021 2156 1104 2184 libus.
1127 2157 1181 2183 Lac
1195 2155 1282 2182 vobis
1303 2156 1407 2190 potum
1429 2154 1499 2181 dedi
1520 2161 1581 2181 non
1603 2161 1711 2180 escam.
1731 2163 1744 2179 1)
1762 2154 1794 2181 Et

1021 2202 1060 2230 ad
1087 2202 1164 2229 istud
1188 2200 1448 2236 respondendum,
1473 2199 1637 2226 secundum
1658 2199 1794 2234 Augusti-

1020 2256 1103 2282 num,
1119 2247 1201 2283 quod
1220 2257 1234 2272 «
1249 2248 1320 2274 tecte
1341 2246 1380 2281 (d)
1395 2246 1524 2281 loquitur
1537 2245 1665 2279 mulieri,
1680 2248 1708 2273 et
1723 2253 1794 2280 pau-

1020 2294 1102 2321 latim
1125 2294 1211 2321 intrat
1231 2293 1261 2320 in
1285 2300 1336 2319 eor
1361 2292 1431 2326 ejus.
1458 2302 1472 2317 »
1497 2293 1529 2318 Et
1551 2291 1635 2326 quasi
1659 2291 1740 2332 idem
1762 2290 1793 2319 in

1021 2341 1130 2369 Glossa.
1155 2339 1228 2373 Quia
1251 2346 1321 2373 ergo
1343 2338 1448 2365 mulier
1471 2337 1525 2364 fuit
1548 2337 1587 2365 ad
1611 2337 1792 2365 audiendum

1022 2429 1088 2452 sup.,
1109 2429 1134 2445 11.
1156 2422 1194 2445 13.
1217 2433 1245 2438 -
1268 2420 1285 2437 ¹¹⁵
1305 2421 1390 2450 Greg.‚
1411 2418 1513 2448 Mor-al„
1528 2418 1572 2442 lib.
1593 2418 1676 2448 xvn,
1694 2424 1718 2441 c.
1737 2422 1790 2447 xm,

1021 2457 1052 2480 al.
1067 2463 1136 2486 xxm,
1150 2463 1175 2479 11.
1191 2458 1230 2479 36.
1243 2468 1272 2473 -
1287 2455 1306 2471 ¹⁶
1318 2454 1372 2484 lob,
1389 2460 1459 2483 xxvx,
1474 2455 1497 2478 8.
1510 2467 1541 2472 —
1555 2454 1573 2470 ¹⁷
1585 2454 1666 2483 Joam,
1682 2458 1734 2482 xvi,
1750 2454 1789 2476 12.

1020 2505 1050 2509 —
1066 2492 1085 2508 ¹⁸
1102 2493 1107 2515 Ι
1127 2492 1193 2520 Corn,
1212 2497 1247 2521 111,
1268 2491 1302 2514 12.
1317 2503 1347 2508 —-
1362 2490 1381 2506 Ν
1396 2492 1471 2520 Aug,
1488 2489 1529 2513 ubi
1544 2496 1611 2519 sup„
1646 2505 1651 2511 .
1670 2489 1706 2512 12,

1054 2540 1086 2569 (a)
1105 2540 1163 2564 Caet.
1185 2540 1245 2563 edit.
1267 2539 1413 2563 schismate.
1433 2551 1463 2556 —
1485 2537 1520 2567 (ὁ)
1544 2537 1603 2560 uem
1623 2536 1738 2561 earnalis.
1760 2548 1790 2554 —

1019 2576 1050 2606 (c)
1068 2575 1128 2600 Coet.
1146 2575 1206 2599 edit.
1222 2575 1286 2606 ipse.
1302 2587 1331 2592 -—
1346 2574 1384 2604 (d)
1401 2574 1461 2598 Item
1474 2573 1552 2596 recte.

1819 1519 1912 1540 Samari-

1805 1550 1850 1571 tani
1855 1549 1911 1570 acci·

1814 1581 1903 1608 piabant

1823 1611 1892 1631 libros

1806 1641 1898 1667 Moysis.
