1987 3032
180 235 239 264 436

216 295 344 335 Ait'ergo
360 308 366 327 :
383 301 418 327 Et
441 301 519 334 coepit
542 301 632 326 lavare
654 297 741 332 pedes.
765 299 796 325 Et
818 296 950 332 sequitur

181 347 220 382 (v.
237 347 263 381 6)
281 354 287 373 :
312 347 392 373 Venit
413 354 474 380 erqo
493 346 528 372 ad
546 345 690 371 Simonem.
710 345 750 371 Ex
765 343 811 370 his
824 343 950 374 videtur,

182 392 265 427 quod
278 392 427 428 aliquibus
438 392 500 426 jam
510 391 635 418 lavasset
650 390 685 425 (α)
699 389 789 425 pedes
813 398 820 415 :
843 390 882 415 sie
898 388 951 416 ob-

180 439 241 474 jicit
255 439 431 474 Augustinus
441 438 457 465 ¹.
481 440 513 466 Et
534 437 572 464 ad
595 438 651 464 hoc
672 435 848 471 respondet,
870 434 952 470 quod

182 493 243 513 non
265 488 308 513 est
328 484 561 519 intelligendum,
586 482 668 519 quod
693 484 761 517 post
783 481 899 516 aliquos
915 480 953 508 ad

182 531 267 558 illum
283 532 402 562 venerit,
415 530 467 558 sed
480 529 563 565 quod
573 528 670 557 abillo
683 527 812 563 coeperit.
829 526 953 560 Quando

184 586 253 613 ergo
274 578 361 613 coepit
374 577 484 610 lavare,
500 576 580 604 venit
594 575 633 603 ad
648 582 728 607 eum,
744 582 761 601 a
780 582 840 609 quo
856 572 952 608 coepit.

184 624 228 651 Ait
243 626 339 651 tamen
359 620 621 658 Chrysostomus²t
641 631 654 646 ι(
677 620 752 654 Mihi,
776 619 888 655 inquit,
912 618 955 645 vi-

185 670 268 697 detur
282 669 374 705 pedes
396 668 431 704 (b)
450 668 609 704 proditoris
634 667 730 703 primo
747 666 860 693 lavasse
879 674 884 692 :
911 665 955 692 in—

185 717 272 752 coepit
292 716 371 744 enim
393 715 430 742 ab
453 714 577 748 ultimiS,
603 716 630 740 et
654 716 721 740 tunc
743 712 823 738 venit
846 711 884 738 ad
905 712 956 738 Pe-

185 765 272 790 trum.
289 772 302 789 »
321 762 456 797 Sequitur
470 769 540 789 vero
554 770 560 788 z
580 770 593 786 ι(
609 762 715 787 Deeeus
740 760 801 785 erat
823 757 956 793 prodito-

183 812 258 844 rem,
274 809 396 836 stultum
411 808 593 840 existentem,
609 808 674 834 ante
689 805 828 833 verticem
842 806 956 840 aposto-

186 856 297 890 lorum,
318 855 349 882 id
375 857 417 882 est
444 856 559 882 Petrum
587 852 796 880 recubuisse.»
820 853 852 879 Et
873 853 955 884 tunc,

186 905 343 939 postquam
354 903 424 930 lavit
434 902 526 937 pedes
537 902 610 936 eJus,
618 901 691 927 venit
701 900 736 926 act
749 900 865 926 Petrum.
881 899 958 925 Dz'aez't

185 958 246 984 erqo
271 951 296 976 et
316 951 410 976 Petrus
432 957 438 975 :
464 949 503 975 Tu
521 948 588 974 mihi
612 948 685 973 larus
706 946 786 980 pedes
795 948 808 971 ζ)
836 944 958 979 Expavit

187 999 297 1030 PetruS,
310 996 394 1032 quasi
419 995 549 1022 diceret:
575 993 651 1026 Quid
673 994 736 1019 est?
762 993 817 1018 Tit!
835 993 861 1018 et
885 990 958 1026 quid

187 1046 248 1071 est?
264 1044 351 1070 Mihi!
369 1051 402 1070 ac
418 1043 441 1069 si
458 1042 567 1068 diceret
584 1049 589 1067 :
611 1042 651 1068 Tu
666 1048 696 1066 es
710 1038 796 1065 Filius
811 1037 860 1064 Dei
874 1038 957 1064 zeter-

187 1097 253 1123 nus,
269 1091 296 1117 et
312 1097 368 1124 ego
392 1088 532 1116 mortalis.
554 1086 633 1114 Unde
653 1085 878 1120 chrysostomus
896 1083 959 1118 pla-

188 1136 254 1163 nius
266 1136 275 1152 '³
292 1145 299 1161 .·
311 1144 323 1160 t(
337 1137 377 1163 Tu
391 1135 473 1162 lavas
487 1134 578 1170 pedes
593 1141 675 1160 meos
691 1131 839 1164 manibus
852 1130 959 1166 quibus

187 1182 288 1210 oeulos
311 1182 377 1209 coeci
401 1180 548 1217 aperuisti,
580 1180 712 1215 leprosos
741 1177 906 1211 mundasti,
933 1179 960 1204 et

187 1230 320 1256 mortuos
335 1227 499 1255 suscitasti?
514 1237 526 1253 »

223 1278 250 1302 7.
267 1276 298 1302 Et
308 1274 443 1301 subditur
453 1273 605 1308 responsio
622 1271 779 1299 Salvatoris
793 1280 798 1297 :
812 1271 959 1305 Respondit

188 1323 213 1349 ei
226 1323 300 1348 Jesus
316 1331 324 1347 :
338 1321 413 1354 Quod
425 1329 469 1354 eqo
478 1321 560 1354 facio,
575 1323 604 1346 tu
616 1320 698 1346 nescis
712 1318 799 1351 morlo,
816 1318 960 1352 quantum

189 1367 228 1395 ad
251 1367 382 1403 mysterii
403 1366 607 1397 altitudinem,
629 1364 792 1392 secundum
817 1363 959 1391 Glossam.

188 1415 259 1442 Scies
274 1416 362 1441 autem
375 1415 476 1448 postea,
493 1412 540 1440 vel
553 1412 591 1440 ad
612 1412 756 1444 litteram,
777 1409 825 1437 vel
845 1409 960 1436 revela-

190 1461 268 1489 tione
282 1461 419 1496 Spiritus,
440 1460 536 1487 int'ra'*
559 1468 565 1486 :
593 1468 606 1484 ι(
624 1457 746 1493 Spiritus
767 1455 885 1483 docebit
907 1463 961 1482 vos

191 1508 300 1536 omnia.
313 1518 326 1533 »
339 1507 420 1534 Unde
434 1506 676 1542 Chrysostomus³
692 1514 698 1532 ς
712 1514 724 1529 «
735 1504 812 1531 Scies
826 1502 961 1538 posthac,

191 1562 258 1581 cum
273 1554 303 1581 in
321 1554 442 1582 homine
457 1552 603 1580 daemonia
618 1552 726 1586 ejicies,
740 1558 806 1577 eum
822 1557 839 1576 a
855 1548 962 1584 Spiritu

192 1600 341 1634 didiceris,
354 1599 497 1635 quoniam
517 1607 534 1626 a
549 1598 658 1626 dextris
673 1597 761 1625 sedeo
777 1595 877 1623 Patris.
899 1604 912 1620 »
931 1596 964 1621 Et

191 1646 259 1674 lieet
281 1647 320 1673 sie
349 1646 458 1673 diceret
479 1645 626 1678 Salvator,
652 1646 751 1670 tamen
777 1653 790 1667 (ι
821 1641 964 1668 humilem

192 1693 336 1721 Christum
350 1700 445 1728 usque
461 1691 500 1719 ad
514 1691 605 1727 pedes
623 1698 684 1718 non
698 1689 761 1716 vult
776 1688 888 1722 videre,
903 1695 965 1714 non

192 1741 288 1774 potest
301 1739 442 1766 sustinere
456 1740 565 1771 Petrus,
581 1748 593 1763 n
614 1736 653 1764 ait
665 1735 841 1770 Augustinus
852 1736 872 1761 ⁶.
897 1734 965 1761 ldeo

194 1785 264 1812 dicit
283 1786 321 1820 (v.
342 1785 367 1820 8)
383 1795 390 1812 :
415 1786 475 1813 Non
492 1785 592 1811 lavabis
609 1783 676 1810 mihi
691 1782 769 1817 pedes
784 1783 814 1808 in
828 1783 964 1814 (eternum,

194 1831 226 1858 id
241 1833 293 1865 est,
309 1839 473 1867 nunquam,
495 1830 534 1858 ait
548 1830 657 1857 Glossa.
675 1831 706 1856 Et
727 1828 805 1862 ideo,
827 1829 858 1853 ut
878 1829 966 1854 terre-

195 1880 239 1905 ret
253 1886 332 1913 eum,
346 1878 386 1905 ait
404 1878 555 1905 Salvator:
571 1877 602 1904 St
616 1884 667 1902 non
686 1877 773 1902 lavero
793 1878 828 1908 te,
846 1882 897 1900 non
918 1874 967 1900 lta·

196 1925 266 1952 bebis
281 1927 384 1958 partem
397 1932 515 1951 meeum:
533 1931 568 1950 eo
583 1922 665 1958 quod
681 1921 736 1948 soli
751 1920 905 1954 mundi,et
917 1920 968 1947 loti

197 1971 308 1998 auxilio
324 1970 384 2004 Dei,
395 1970 546 1997 intrabunt
560 1969 589 1996 in
600 1968 746 2003 regnu1n⁷
763 1976 769 1994 z
786 1976 799 1992 a
812 1968 874 1994 Non
890 1966 968 1993 enim

198 2017 318 2045 intrabit
332 2025 408 2050 eam,
419 2026 432 2042 ›>
450 2016 481 2044 id
506 2019 561 2049 est,
585 2016 614 2042 in
640 2015 785 2042 civitatem
811 2013 967 2046 eoelestem,

203 2073 216 2089 ι(
230 2063 343 2099 aliquid
357 2063 544 2099 inquinatum
565 2062 608 2098 (e).
634 2073 646 2087 η
671 2061 757 2094 Quod
776 2060 899 2088 audiens
917 2061 969 2086 Pe-

200 2112 260 2137 trus
275 2109 399 2143 territus,
416 2110 454 2144 (v.
471 2110 496 2144 9)
513 2110 582 2136 elicit
597 2110 622 2135 ei
638 2117 644 2135 ι
669 2109 788 2141 Domtne,
813 2115 866 2133 non
887 2107 971 2133 solum

198 2157 291 2191 pedeS,
321 2158 374 2183 ete.
399 2155 479 2182 Unde
498 2155 697 2189 Augustinus⁸
716 2163 722 2181 z
746 2163 759 2178 «
781 2151 972 2186 Quandoqui-

201 2201 270 2229 dem
287 2202 322 2237 (d)
346 2201 386 2228 sic
408 2201 545 2235 minaris,
565 2200 665 2228 omnia
683 2199 819 2226 membra
843 2197 972 2225 lavanda

201 2255 261 2275 non
277 2249 458 2276 subtraham.
475 2258 488 2273 n
506 2249 538 2274 Ut
553 2247 631 2274 enim
646 2246 686 2274 ait
700 2246 924 2281 Chrysostomus
938 2245 948 2259 ⁹
964 2252 970 2270 ε

206 2303 218 2318 «
239 2294 334 2321 Semel
353 2294 535 2329 increpatus,
551 2292 672 2328 quando
689 2292 799 2319 dietum
821 2293 863 2318 est
887 2290 913 2317 ei
928 2290 948 2306 ²⁰
964 2298 972 2317 z

207 2339 280 2367 Vade
287 2343 369 2374 retro,
377 2344 483 2371 satana,
499 2340 538 2367 ita
554 2341 596 2366 est
610 2340 772 2374 correptus,
786 2339 817 2364 ut
831 2338 904 2364 esset
919 2338 973 2363 tre-

203 2394 287 2414 mens
301 2387 392 2414 t'aetus
408 2396 414 2414 z
433 2387 512 2414 unde
535 2389 561 2414 et
580 2387 610 2413 in
623 2385 796 2413 refutatione
819 2383 873 2411 tuit
887 2382 974 2410 vehe-

237 2460 244 2475 ¹
260 2460 336 2489 Aug„
356 2459 381 2482 in
400 2459 481 2487 Joan„
503 2460 574 2482 tract.
597 2464 651 2488 LVI,
674 2465 699 2481 n.
721 2459 743 2481 1.
759 2469 788 2474 —
805 2456 814 2471 ²
833 2454 974 2485 Chrysost.,

205 2494 247 2518 ubi
267 2501 323 2524 sup.
340 2500 414 2523 prox.
428 2507 458 2510 —
473 2494 480 2507 ³
497 2494 570 2522 ibid.‚
591 2493 665 2523 paulo
685 2494 753 2516 ante.
772 2504 802 2509 —
820 2491 829 2506 δ
850 2489 907 2518 1ns.‚
921 2494 973 2518 Xiv,

205 2531 243 2553 26.
258 2542 289 2547 —
302 2529 310 2543 ⁵
326 2529 468 2559 Chrysost.,
482 2529 525 2552 ubi
539 2536 595 2559 sup.
606 2542 636 2545 —
651 2530 660 2545 ὅ
676 2529 749 2558 Aug„
765 2527 808 2550 ubi
827 2532 892 2556 sup„
908 2532 934 2548 u.
951 2526 974 2548 2.

204 2566 256 2582 —7
275 2565 358 2595 Apoc„
379 2570 439 2594 xxi,
456 2566 495 2587 27.
509 2577 541 2581 —
560 2564 570 2580 θ
589 2566 662 2595 Aug„
682 2564 742 2587 ibid.
762 2576 788 2580 -
808 2563 816 2575 '³
833 2562 975 2592 Chrysost„

205 2601 248 2625 ubi
265 2607 320 2631 sup.
341 2613 372 2618 —
394 2601 413 2616 ¹⁰
433 2600 535 2629 Matth.‚
555 2606 611 2628 xV1,
627 2602 666 2623 23,
685 2611 716 2616 -
738 2600 755 2616 ¹¹
772 2599 913 2629 chrysost..
933 2595 975 2619 ubi

206 2643 262 2666 sup.
277 2649 307 2653 —
326 2636 342 2650 ¹²
357 2636 432 2666 Aug„
448 2635 490 2659 ubi
504 2642 570 2664 sup„
587 2642 612 2658 u.
627 2637 649 2659 si.
666 2648 695 2652 —
714 2634 731 2650 '³
748 2635 753 2657 1
770 2635 851 2663 doun.¹
869 2638 892 2661 1,
907 2633 929 2655 8.
945 2643 976 2648 —

207 2671 226 2686 ¹⁵
242 2671 342 2700 Mami„
355 2677 389 2700 Vl,
409 2672 444 2694 12.
461 2684 486 2687 -
502 2671 522 2687 ¹⁵
538 2670 611 2698 ibid„
627 2676 652 2697 x,
665 2672 702 2694 14.
718 2682 747 2686 -—
764 2670 781 2685 ’ὅ
795 2669 847 2695 .1οὸ,
864 2672 937 2695 xxix,
951 2667 972 2689 ὓ.

700 229 911 262 EVANGELII
933 228 1071 260 SANCTI
1093 228 1259 260 JOANNIS

1005 304 1103 330 mens,
1126 298 1153 324 et
1176 296 1205 323 in
1230 295 1417 323 concessione
1439 294 1650 322 vehementior.
1678 303 1692 320 »t
1717 293 1775 322 Sed

1005 342 1094 369 Judas
1109 342 1246 369 continue
1267 341 1457 376 redargutus,
1479 348 1540 369 non
1563 340 1720 374 sentiebat,
1743 342 1775 368 ut

1007 389 1045 416 ait
1060 389 1283 424 Chrysostomus
1293 388 1323 412 ¹¹.

1045 436 1086 462 10,
1112 436 1144 462 Et
1166 433 1297 469 sequitur
1315 432 1366 460 illa
1389 441 1470 468 pars,
1495 433 1526 460 in
1547 441 1607 468 qua
1626 433 1776 461 instructio

1008 481 1082 508 Petri
1097 481 1132 508 de
1148 481 1211 516 ipsa
1224 480 1343 508 veritate
1360 489 1366 506 ε
1393 481 1463 507 Dicit
1477 482 1502 507 ei
1515 481 1590 507 Jesus
1604 488 1614 507 .·
1638 480 1691 512 Qut
1709 481 1776 506 lotus

1009 530 1056 559 est,
1070 535 1121 554 non
1135 528 1252 561 indiget,
1263 528 1316 555 etc.
1334 526 1390 554 Sed
1405 527 1543 562 quaeritur
1557 527 1594 554 de
1617 526 1709 554 modo
1732 526 1777 554 lo-

1010 573 1120 608 quendi
1137 582 1143 600 :
1156 573 1178 600 si
1195 573 1273 600 enim
1284 573 1413 600 mundus
1426 574 1467 600 est
1481 574 1568 607 totus,
1581 581 1641 601 non
1655 573 1777 608 indiget,

1009 621 1040 646 ut
1054 619 1145 654 pedes
1160 619 1237 646 lavet
1243 629 1250 653 ;
1267 622 1295 646 et
1311 619 1335 646 si
1350 626 1410 645 non
1430 618 1552 653 indiget,
1569 626 1630 646 non
1643 621 1685 646 est
1702 620 1779 646 totus

1011 665 1148 692 mundus.
1167 665 1194 693 Si
1212 673 1283 692 vero
1309 664 1542 700 respondeatur,
1565 664 1648 700 quod
1674 664 1779 692 inteni-

1011 713 1140 745 gendum
1155 714 1207 746 est,
1221 711 1303 746 quod
1317 712 1369 747 qui
1394 714 1436 739 est
1459 711 1588 738 mundus
1606 713 1712 747 praeter
1725 718 1779 746 pe-

1012 758 1073 792 des,
1089 759 1137 786 ille
1152 758 1263 792 indiget
1275 760 1307 786 ut
1321 758 1398 786 lavet
1417 758 1521 794 pedes3
1539 760 1607 786 tunc
1633 757 1780 792 objicitur,

1011 806 1094 841 quod
1108 806 1149 832 sic
1168 808 1266 841 posset
1285 805 1342 832 diei
1367 805 1403 832 de
1424 805 1558 840 quolibet
1580 804 1726 832 membro.
1751 805 1782 831 Et

1012 851 1051 878 ad
1079 852 1156 879 istud
1179 851 1423 887 respondendum
1454 851 1618 879 secundum
1649 850 1782 886 Augusti-

1012 898 1125 932 numffl,
1141 898 1224 933 quod
1245 898 1364 925 «homo
1386 898 1414 924 in
1441 905 1523 925 sacro
1539 897 1686 933 baptismo
1707 900 1783 924 totus

1012 945 1151 978 abluitur,
1165 947 1261 972 tamen
1276 945 1306 972 in
1320 945 1409 973 rebus
1432 945 1568 972 humanis
1586 946 1689 980 postea
1710 944 1783 971 vivi-

1012 992 1070 1024 tur,
1088 991 1189 1027 utique
1209 993 1285 1018 terra
1305 991 1442 1018 calcatur.
1465 991 1589 1018 Affectus
1605 992 1704 1018 autem
1728 989 1784 1017 hu-

1012 1037 1094 1064 mani
1108 1039 1174 1064 sunt
1189 1037 1273 1073 quasi
1283 1037 1385 1072 pedes
1401 1037 1452 1072 qui
1474 1037 1563 1064 rebus
1583 1036 1721 1064 humanis
1740 1036 1783 1064 af-

1013 1084 1151 1110 ficiuntur
1163 1092 1168 1110 :
1184 1084 1223 1111 ita
1233 1084 1345 1119 quod¹³⁵
1360 1085 1384 1111 sz'
1393 1084 1553 1117 dia-erimus,
1567 1082 1639 1118 quod
1646 1085 1785 1118 peccatum

1013 1138 1065 1157 ηοη
1080 1131 1212 1164 habemus,
1226 1132 1324 1157 veritas
1338 1138 1390 1157 non
1406 1132 1442 1157 est
1456 1131 1485 1157 in
1505 1130 1591 1157 nobis.
1608 1131 1640 1156 Et
1653 1129 1694 1156 sic
1711 1136 1785 1164 quo-

1014 1177 1084 1204 tidie
1100 1177 1245 1203 habemus
1256 1184 1341 1211 opuS,
1356 1178 1388 1203 ut
1408 1175 1502 1211 pedes
1516 1175 1660 1210 lavemus,
1680 1175 1712 1202 id
1733 1177 1785 1209 est,

1015 1223 1077 1251 vias
1101 1223 1298 1259 spiritualium
1318 1231 1473 1257 gressuum
1495 1222 1667 1257 dirigamus.
1690 1232 1703 1247 n
1723 1222 1786 1248 Haec

1016 1270 1074 1297 ille.
1091 1270 1160 1297 Ideo
1176 1269 1301 1296 dicimus
1316 1269 1345 1296 in
1360 1269 1496 1297 Oratione
1519 1269 1669 1296 Dominica
1689 1267 1786 1303 quoti-

1017 1316 1064 1344 die
1076 1316 1095 1332 ¹'⁴
1111 1326 1138 1342 :«
1151 1316 1262 1342 Dimitte
1271 1315 1358 1342 nobis
1368 1315 1468 1342 debita
1475 1317 1584 1342 nostra.
1594 1315 1650 1340 »¹⁵«
1658 1313 1787 1342 Excutite

1017 1363 1169 1398 pulverem
1183 1362 1219 1388 de
1231 1361 1357 1397 pedibus
1370 1362 1483 1389 vestris.
1500 1372 1513 1387 u
1522 1361 1557 1387 ¹⁶«
1569 1361 1694 1395 Quando
1709 1360 1788 1388 lava-

1017 1409 1089 1436 bant
1100 1409 1190 1444 pedes
1204 1416 1287 1436 meos
1296 1408 1413 1444 butyro.
1426 1418 1438 1434 i)
1450 1408 1492 1435 lbi
1507 1407 1663 1443 Gregorius
1673 1408 1704 1442 ¹⁷,
1711 1405 1789 1434 istud

1018 1463 1180 1491 exponens,
1203 1455 1256 1489 ait,
1286 1455 1369 1490 quod
1390 1454 1481 1490 pedes
1506 1454 1642 1482 lavantur
1663 1453 1788 1489 butyro,

1019 1504 1090 1539 quia
1110 1503 1290 1539 pinguedine
1313 1503 1387 1530 boni
1407 1502 1504 1538 operis
1524 1502 1687 1530 infunditur
1701 1503 1788 1537 atque

1019 1550 1178 1577 mundatur
1199 1549 1297 1584 pulvis
1312 1549 1451 1577 collectus
1473 1549 1508 1576 de
1533 1548 1629 1583 gloria
1648 1547 1790 1583 praedica-

1020 1597 1116 1625 tionis.
1141 1596 1265 1624 Affectus
1283 1598 1350 1623 sunt
1372 1595 1496 1623 multum
1518 1594 1702 1628 insectibiles,
1721 1594 1790 1622 ideo

1021 1644 1057 1670 de
1073 1643 1199 1678 pedibus
1215 1643 1262 1669 ait.
1280 1654 1292 1666 »
1308 1644 1340 1669 Et
1354 1642 1396 1669 ibi
1411 1642 1487 1669 bene
1503 1641 1540 1669 de
1558 1641 1626 1668 hoe.
1642 1643 1675 1668 Et
1689 1640 1791 1668 dehac

1021 1688 1130 1716 lotione
1141 1689 1169 1715 in
1181 1688 1340 1716 Collatione
1352 1687 1545 1723 praedicabili.
1554 1688 1574 1706 ¹⁸
1582 1686 1691 1722 thuia
1705 1686 1789 1714 dixit:

1023 1736 1076 1768 Qut·
1092 1736 1159 1762 lotus
1176 1737 1223 1766 est,
1237 1736 1303 1768 etc„
1323 1733 1423 1761 subdit
1438 1743 1444 1760 :
1463 1735 1515 1760 Vos
1535 1733 1630 1760 mundi
1650 1734 1731 1768 estis,
1746 1732 1793 1760 sed

1022 1790 1074 1808 ozon
1089 1789 1187 1808 omnes.
1209 1780 1265 1808 Sed
1289 1779 1413 1815 opponit
1432 1779 1693 1815 Chrysostomus¹⁹‚
1709 1777 1793 1814 quod

1023 1827 1159 1855 nondum
1175 1829 1257 1854 erant
1271 1826 1378 1861 Spiritu
1394 1825 1488 1860 digni,
1508 1832 1561 1852 nec
1577 1825 1684 1860 Spiritu
1697 1823 1793 1859 bapti-

1024 1874 1078 1902 zati
1092 1874 1113 1891 ‘²⁰
1135 1883 1141 1901 :
1165 1884 1178 1899 «
1195 1875 1251 1900 Vos
1275 1871 1497 1908 baptizabimini
1516 1879 1578 1898 nou
1599 1872 1666 1906 post
1687 1869 1794 1898 multos

1025 1920 1096 1948 dies.
1127 1930 1140 1945 >v
1168 1919 1297 1947 Necdum
1326 1921 1387 1946 erat
1413 1918 1533 1945 victima
1555 1917 1657 1944 Christi
1679 1916 1794 1950 oblata,

1026 1969 1053 1994 et
1067 1966 1163 1994 adhue
1179 1965 1319 1993 manebat
1337 1964 1505 1992 maledictio
1522 1963 1709 1998 chirographi
1721 1963 1753 1996 ²¹,
1769 1964 1797 1990 et

1026 2013 1065 2040 ita
1091 2020 1152 2040 non
1174 2014 1257 2039 erant
1280 2011 1393 2038 mundi.
1419 2012 1451 2038 Et
1467 2010 1506 2038 ad
1529 2009 1607 2037 istud
1625 2008 1796 2045 respondet,

1028 2059 1109 2094 quod
1131 2059 1169 2086 ab
1195 2065 1293 2085 errore
1314 2059 1396 2084 erant
1420 2056 1546 2091 liberati,
1572 2058 1599 2083 et
1617 2055 1797 2091 iniquitatem

1026 2106 1211 2140 projecerant
1230 2104 1268 2131 ab
1287 2103 1458 2137 animabus,
1485 2104 1513 2129 et
1535 2102 1636 2130 lumen
1659 2108 1796 2137 suscepe-

1028 2154 1103 2185 rant,
1119 2154 1145 2179 et
1160 2159 1228 2178 eum
1243 2150 1406 2177 sinceritate
1427 2149 1532 2175 mentis
1552 2149 1644 2175 erant.
1660 2147 1738 2175 Intra
1750 2146 1772 2162 ²²
1788 2154 1795 2173 τ

1032 2208 1045 2223 «
1059 2197 1158 2225 Mundi
1173 2196 1239 2224 estis
1252 2197 1372 2231 propter
1387 2202 1554 2222 sermonem
1569 2201 1678 2221 meum.
1694 2203 1707 2218 »
1725 2193 1798 2219 Vera

1029 2244 1184 2276 munditia,
1201 2243 1237 2269 de
1261 2250 1322 2277 qua
1344 2241 1383 2268 ait
1407 2241 1549 2276 Propheta
1557 2240 1580 2258 ²³
1594 2249 1621 2267 :«
1636 2238 1796 2272 Lavamini,

1030 2290 1134 2318 mundi
1150 2291 1248 2317 estote.
1272 2299 1284 2312 »
1310 2286 1442 2323 Amplius
1464 2294 1535 2314 vero
1559 2287 1662 2321 postea
1682 2285 1799 2313 fuerunt

1030 2335 1179 2364 sublimati
1193 2333 1300 2370 Spiritu
1321 2333 1462 2361 elevante.
1484 2333 1516 2360 Et
1539 2333 1619 2368 patet
1642 2330 1798 2359 obstinatio

1029 2383 1110 2410 Judae
1127 2392 1133 2410 :
1151 2382 1220 2418 quia
1233 2388 1287 2408 nec
1297 2381 1418 2415 propter
1432 2379 1485 2407 ista
1499 2379 1600 2412 verba,
1614 2385 1667 2406 uec
1679 2378 1798 2413 propter

1031 2461 1060 2466 -
1074 2449 1091 2464 ¹⁷
1107 2448 1193 2477 Greg„
1211 2445 1315 2475 Marah,
1330 2445 1374 2468 lib.
1390 2445 1456 2474 xlx,
1473 2452 1496 2467 c.
1511 2449 1537 2474 x,
1552 2443 1584 2467 al.
1600 2447 1653 2472 inv,
1668 2448 1694 2464 u.
1713 2441 1752 2465 22.
1768 2453 1798 2458 —-

1032 2485 1051 2500 ²⁹
1076 2484 1133 2508 Vid.
1159 2481 1263 2510 Collat„
1284 2486 1338 2505 Lxx.
1361 2492 1391 2498 —
1418 2481 1434 2493 ¹³
1458 2479 1600 2510 Chrysost.‚
1623 2477 1667 2500 ubi
1689 2483 1745 2507 sup.
1768 2489 1798 2494 —-

1034 2519 1053 2532 ²·
1068 2519 1132 2547 Act,
1146 2524 1165 2548 1,
1180 2519 1203 2540 5.
1219 2530 1249 2534 —
1263 2516 1279 2530 ²¹
1296 2515 1401 2544 Coloss„
1418 2520 1445 2545 ιι,
1463 2516 1498 2538 14.
1514 2527 1544 2532 -
1559 2513 1576 2527 ²²
1592 2512 1651 2542 lus„
1671 2517 1713 2542 w,
1731 2514 1753 2535 3.
1769 2524 1799 2528 —

1031 2554 1052 2570 ²³
1065 2555 1155 2583 Isa.,1,
1174 2556 1209 2577 16.

1064 2596 1097 2625 (ιι)
1119 2596 1159 2620 ΑΙ.
1179 2594 1291 2618 lavisset.
1313 2606 1337 2610 -
1364 2592 1396 2622 (b)
1420 2591 1480 2615 Caet.
1500 2590 1559 2614 edit.
1580 2590 1647 2613 deest
1668 2589 1755 2620 pedes.
1770 2601 1800 2606 —·

1034 2631 1065 2661 (c)
1097 2631 1168 2661 ifnlq.
1192 2628 1294 2659 aliquod
1317 2626 1516 2656 coinquinatum.
1537 2638 1568 2642 —
1591 2625 1629 2656 (cl)
1656 2624 1717 2648 Coet.
1739 2622 1798 2647 edit.

1034 2666 1148 2694 Quando.
1378 2670 1382 2674 ·
