1987 3032
698 198 902 232 EXPOSITIO
924 199 964 230 IN
985 199 1069 231 CAP.
1089 199 1196 231 xxm.

154 271 238 303 Beda
252 271 294 302 ait
307 271 316 287 ¹
335 281 342 301 :
364 280 379 300 α
389 269 504 301 Videns
519 268 602 308 quod
615 268 659 298 ita
672 266 803 297 haberet
817 267 919 305 potes-

154 326 251 355 tatem
268 321 428 354 emittendi
443 321 591 361 spiritum
610 320 712 360 (quod
733 328 799 350 non
818 319 919 358 potest

154 377 216 407 nisi
231 375 375 407 Conditor
388 373 584 412 animarum)
605 373 671 413 ipse
683 372 740 412 qui
752 372 917 402 crucifixe·

154 432 202 461 rat
216 437 301 466 eum,
317 428 350 457 in
364 428 432 467 ipso
445 427 600 467 passionis
614 425 772 463 scandalo,
787 425 917 455 confite-

153 485 205 513 tur
218 481 270 511 Dei
285 480 398 516 filium,
410 488 506 519 quem
521 479 536 510 J
540 479 622 510 udaei
633 480 701 518 post
711 477 864 508 miracula
876 477 916 516 (a)

153 533 277 565 credere
285 533 466 563 noluerunt.
475 543 490 560 n
505 532 564 563 Sed
572 532 646 571 quia
656 531 811 571 principes
819 538 919 561 sacer-

152 587 279 624 dotum,
299 594 373 615 cum
388 585 457 615 haec
479 584 649 622 vidissent,
673 592 738 614 non
756 582 917 622 glorifica·

151 640 267 670 verunt
288 638 404 676 Deum,
432 638 502 668 ideo
525 636 673 668 excaecati
694 637 786 673 sunt,
806 644 919 666 secun-

151 691 228 722 dum
238 690 317 721 illud
329 691 339 707 ²
352 700 359 721 t
374 700 388 719 ει
400 689 479 727 Quia
490 699 563 720 cum
577 688 796 728 cognovissent
804 687 917 726 Deum,

150 752 215 774 non
230 743 311 773 sicut
325 743 426 773 Deum
443 742 714 781 glorificaverunt,
730 734 786 771 aut
800 739 919 779 gratias

150 798 305 835 egerunt;
327 795 382 826 sed
399 797 599 826 evanuerunt
620 795 655 825 in
674 792 919 832 cogitationibus

151 849 231 887 suiS,
257 850 287 879 et
305 848 510 878 obscuratum
544 849 591 878 est
613 846 765 886 insipiens
788 854 841 876 eor
865 854 918 876 eo·

150 908 235 930 rum.
252 909 266 927 n

191 951 326 989 Quarto,
343 952 500 990 quantum
515 950 554 981 ad
567 945 812 981 tremebundam
831 957 918 980 com-

151 1005 357 1044 punctionem
381 1003 500 1043 plebis,
523 1002 691 1042 subjungit
712 1002 753 1041 (v.
777 1003 827 1039 48)
852 1001 921 1033 :El

152 1058 256 1087 onmz's
278 1056 371 1086 turba
393 1065 504 1086 eorum
522 1056 581 1095 qui
598 1054 696 1086 simul
717 1054 853 1085 aderant
877 1054 924 1084 ad

151 1109 368 1150 spectaculum
379 1108 466 1139 istud
474 1132 481 1146 ,
498 1112 527 1139 et
538 1108 686 1139 videbam
699 1116 773 1147 quae
784 1107 917 1146 fiebant,

147 1163 361 1203 percutz'entes
370 1165 500 1201 pectora
510 1170 568 1192 sua
582 1160 831 1192 revertebantur.
849 1160 922 1192 Per·

154 1215 256 1246 cussio
269 1223 408 1254 namque
420 1214 554 1254 pectoris
564 1216 611 1245 est
625 1214 755 1253 signum
769 1214 921 1253 poeniten-

153 1269 205 1299 tiae
220 1270 250 1299 et
264 1267 517 1307 compunctionis
529 1290 537 1304 ‚
555 1267 636 1298 sicut
650 1275 747 1306 supra
761 1266 800 1297 de
814 1266 919 1306 publi-

153 1329 246 1359 cano,
273 1321 330 1360 qui
349 1321 359 1337 ³
382 1332 396 1349 a
407 1319 602 1359 percutiebat
620 1320 729 1359 pectus
742 1328 855 1358 suum,
872 1319 920 1350 di-

153 1382 226 1404 cens
241 1383 248 1404 z
266 1373 358 1411 Deus,
375 1373 530 1412 propitius
544 1374 610 1403 esto
627 1372 706 1402 mihi
721 1372 886 1412 peccatori.
902 1383 917 1401 ι)

154 1425 347 1464 Intelligitur
359 1427 467 1456 autem
478 1434 533 1465 per
547 1425 629 1456 hanc
643 1424 770 1456 turbam
784 1424 922 1464 populus

152 1478 359 1516 Judaeorum,
390 1478 445 1517 qui
470 1478 528 1508 etsi
553 1477 720 1509 veritatem
744 1477 865 1509 videret
886 1480 922 1509 ut

155 1530 324 1569 Centurio,
350 1530 454 1561 solum
476 1532 585 1570 pectus
607 1530 778 1570 percussit,
807 1530 862 1561 sed
889 1530 922 1561 in

154 1593 263 1614 vocem
279 1583 482 1614 confessionis
496 1592 560 1614 non
569 1583 724 1623 prorupit.
737 1582 824 1614 Unde
834 1582 921 1614 Glos-

155 1637 205 1667 sa‘
217 1647 224 1668 :
237 1637 428 1668 «Videamus
442 1637 622 1667 distantiam
639 1636 745 1675 gentis
759 1637 790 1667 et
802 1636 919 1676 gentiS.

156 1689 291 1720 Gentiles
298 1690 450 1720 moriente
460 1689 583 1720 Christo
593 1691 710 1729 apertae
720 1689 924 1720 confessionis

155 1751 231 1773 voce
254 1743 353 1773 Deum
375 1742 573 1782 glorificant3
594 1742 610 1773 J
614 1741 697 1772 udaei
713 1742 924 1781 percutientes

156 1800 282 1837 pectora
298 1798 401 1828 solum
414 1821 422 1834 ‚
447 1797 573 1828 silentes
592 1797 723 1827 domum
745 1796 889 1827 redeunt.
905 1807 919 1825 ι)

158 1850 245 1882 Unde
260 1851 404 1881 redibant
424 1850 555 1880 domum
567 1873 576 1887 ,
602 1850 678 1889 quia
693 1850 750 1880 etsi
764 1849 924 1880 videretur

157 1903 201 1933 eis
220 1903 334 1941 injuste
357 1904 462 1933 actum
487 1905 595 1933 contra
621 1903 794 1941 Christum,
817 1905 924 1934 tamen

158 1956 195 1985 ad
209 1965 282 1986 eum
297 1955 457 1986 modicum
468 1956 518 1986 vel
528 1956 654 1986 nullum
664 1956 823 1986 habebant
835 1955 924 1986 affec-

159 2010 238 2038 tum.
256 2007 317 2038 Nec
333 2008 466 2045 mirum,
484 2008 559 2047 quia
572 2009 637 2039 noti
653 2009 721 2047 ejus
736 2008 925 2048 reputabant

159 2070 233 2091 eum
259 2062 409 2099 tanquam
430 2061 588 2098 alienum,
612 2061 684 2092 licet
709 2070 774 2092 non
795 2062 924 2092 omnino

158 2113 365 2153 perdidissent
387 2113 546 2144 affectum.
571 2114 642 2145 ldeo
660 2114 764 2145 subdit
786 2114 828 2153 (v.
849 2115 895 2153 49)
915 2126 921 2144 :

158 2167 296 2199 Stabant
309 2171 415 2197 autem
431 2176 538 2197 omnes
554 2168 623 2197 noti
635 2167 702 2206 ejus
722 2176 741 2197 (ι
764 2167 872 2206 lonae,
897 2171 926 2198 et

157 2220 304 2251 mulieres
319 2229 392 2259 quoe
406 2224 520 2250 seeuloe
533 2229 605 2250 eum
622 2223 713 2252 erant
727 2229 746 2250 cz
768 2220 903 2252 Galilaea
912 2244 922 2258 ‚

158 2273 224 2304 hoee
246 2273 395 2303 videntes.
418 2273 456 2303 Et
480 2273 524 2303 sic
542 2273 708 2313 impletum
729 2275 776 2304 est
798 2273 876 2304 illud
892 2277 921 2304 ⁶:

163 2337 177 2355 <i
192 2326 352 2365 Elongasti
368 2335 387 2356 a
401 2334 452 2356 me
472 2326 610 2356 amicum
626 2328 656 2357 et
671 2326 853 2366 proximum
865 2350 873 2364 ,
895 2328 925 2357 et

158 2382 248 2410 notos
264 2388 350 2409 meos
364 2388 382 2408 a
396 2378 533 2409 miseria.
550 2390 564 2406 2)
588 2379 626 2409 Et
639 2379 697 2410 Job
712 2380 722 2396 ⁶
740 2390 746 2410 z
772 2391 785 2407 «
800 2379 925 2410 Fratres

159 2441 246 2463 meos
266 2432 362 2471 longe
384 2432 456 2462 lectt
475 2441 493 2461 a
515 2441 586 2469 mc,
612 2434 643 2462 et
665 2433 731 2463 noti
751 2433 813 2462 mei
835 2434 925 2472 quasi

160 2485 252 2516 alieni
276 2487 474 2517 recesserunt
495 2495 514 2516 a
538 2494 599 2516 me.
622 2496 636 2514 n
663 2486 701 2517 Et
727 2486 807 2516 ratio
827 2486 925 2526 huJus

191 2584 198 2599 ¹
215 2584 285 2613 Bed.‚
305 2585 329 2606 in
349 2583 450 2613 Manlz„
471 2583 514 2606 lib.
535 2584 576 2613 lv,
599 2585 623 2608 et
641 2585 667 2607 in
686 2584 751 2612 Luc„
775 2584 818 2608 lib.
835 2585 883 2615 Vl,
899 2585 924 2609 in

161 2619 228 2641 hunc
247 2619 294 2643 loc.
312 2631 342 2635 —
360 2619 368 2632 ²
388 2619 464 2647 Rom„
489 2625 511 2649 1,
530 2620 568 2642 21.
588 2632 618 2637 —
633 2620 640 2633 ³
660 2620 732 2650 Sup.‚
748 2622 879 2646 xv111.13.
895 2634 924 2638 -

164 2654 168 2665 ‘
185 2654 219 2677 Ex
237 2654 308 2683 Bed„
321 2655 345 2677 in
359 2654 426 2684 Luc„
438 2654 482 2677 ubi
493 2661 549 2684 sup.
563 2667 591 2672 --
607 2655 616 2671 ὗ
631 2654 699 2678 Psal.
713 2660 827 2685 Lxxxvu,
843 2657 879 2679 19.
895 2668 925 2673 —

1683 201 1740 229 217

973 268 1060 305 erat,
1076 267 1151 307 quia
1161 267 1231 306 J'am
1245 264 1467 306 pauperrimus
1481 266 1558 303 erat,
1575 266 1606 295 et
1619 265 1741 304 despec-

973 321 1024 350 tus
1035 344 1042 358 ‚
1058 322 1089 351 et
1107 320 1309 351 interfectus⁷
1325 326 1334 348 ι
1353 329 1368 347 «
1382 318 1508 348 Fratres
1527 326 1637 348 omnes
1661 327 1739 358 pau-

973 373 1057 412 peris
1072 373 1206 404 oderunt
1221 381 1311 410 eum,
1328 371 1457 410 insuper
1477 372 1507 400 et
1522 370 1615 401 amici
1632 371 1742 410 procul

972 428 1168 456 recesserunt
1183 426 1222 456 ab
1237 433 1307 455 eo.»
1317 423 1544 455 Verumtamen
1558 423 1659 462 Virgo
1675 423 1741 462 glo-

973 478 1055 508 riosa
1069 480 1099 509 et
1113 478 1245 509 Domina
1258 478 1365 508 nostra
1379 478 1486 506 sancta
1501 475 1599 506 Maria
1608 476 1742 506 nonfuit

972 531 1122 570 elongata
1135 540 1193 562 nec
1204 531 1330 568 affectu,
1343 538 1400 560 nec
1411 529 1483 559 situ.
1496 528 1575 559 Nam
1589 528 1739 559 dicitur⁸z

978 594 992 612 «ι
1006 583 1137 614 Stabant
1150 585 1256 614 autem
1267 583 1363 622 Juxta
1381 589 1508 612 crucem
1526 579 1619 618 Jesu,
1640 582 1742 611 mater

975 637 1045 675 ejus
1059 637 1089 666 et
1104 644 1193 666 soror
1208 635 1319 665 matris
1334 635 1414 674 eJus.
1425 644 1439 662 n
1459 633 1497 664 Et
1510 633 1740 673 propinquissi-

974 698 1024 719 ma
1037 689 1096 718 fuit
1109 688 1234 718 aflectu.
1247 687 1336 717 Unde
1347 695 1444 726 supra
1455 689 1465 705 ⁹
1480 696 1487 716 ι
1503 696 1516 714 c<
1526 685 1628 716 Tuam
1642 686 1742 725 ipsius

973 742 1113 773 animam
1133 740 1337 781 pertransibit
1354 739 1490 778 gladius,
1503 749 1517 767 n
1538 738 1625 769 Unde
1647 748 1742 778 quem

974 795 1007 825 in
1018 794 1182 825 nativitate
1193 802 1266 824 cum
1279 792 1397 831 gaudio
1407 792 1540 830 peperit,
1554 791 1587 821 in
1598 791 1743 831 passione

974 855 1048 878 cum
1062 846 1224 877 doloribus
1237 845 1422 884 ingentibus
1435 844 1616 884 parturivit.

1015 902 1064 930 50.
1080 899 1125 931 Et
1140 908 1207 930 ecce
1219 899 1270 929 vir
1284 898 1412 928 nomine
1426 896 1558 936 Joseph‚
1576 898 1634 927 etc.
1653 895 1741 927 Post-

974 962 1071 993 quam
1085 953 1172 984 Evan
1177 952 1291 991 gelista
1304 951 1467 990 descripsit
1476 950 1590 981 Christi
1603 958 1744 989 compre-

974 1005 1179 1043 hensionem,
1196 1004 1387 1042 illusionem,
1403 1003 1653 1041 accusationem,
1674 1011 1745 1032 con-

975 1058 1220 1095 demnationem,
1237 1057 1477 1088 crucifixionem
1492 1058 1522 1086 et
1530 1058 1676 1093 mortem,
1692 1054 1745 1085 hic

974 1110 1102 1141 tandem
1125 1110 1272 1141 describit
1291 1110 1360 1149 ejus
1379 1109 1642 1146 tumulationem3
1663 1108 1745 1138 circa

976 1163 1024 1203 cuj
1030 1171 1067 1194 us
1083 1163 1325 1203 descriptionem
1339 1164 1476 1202 quatuor
1486 1161 1743 1199 introducuntur,

976 1216 1093 1247 scilicet
1118 1215 1258 1255 dignitas
1281 1214 1461 1255 sepelientis
1477 1238 1485 1252 ‚
1505 1213 1746 1245 honorificentia

976 1269 1165 1308 sepulturae‚
1185 1268 1404 1308 opportunitas
1419 1267 1592 1306 temporis,
1608 1268 1639 1297 et
1652 1274 1748 1299 reve-

976 1322 1078 1353 rentia
1093 1321 1265 1352 mulierum
1281 1320 1314 1350 in
1330 1320 1549 1351 tumulatione.

1017 1374 1123 1406 Primo
1137 1374 1247 1413 igitur,
1264 1375 1420 1414 quantum
1435 1372 1474 1404 ad
1492 1373 1682 1412 dignitatem
1696 1382 1745 1405 se-

977 1427 1132 1468 pelientis,
1144 1427 1218 1458 dicit
1232 1438 1239 1458 :
1254 1427 1300 1458 Et
1311 1436 1378 1457 ecce
1387 1427 1447 1457 vir.
1461 1426 1660 1457 Demonstrat
1671 1435 1746 1457 eum

977 1482 1129 1520 tanquam
1142 1480 1279 1519 dignum
1299 1483 1329 1510 et
1351 1479 1503 1510 idoneum
1528 1479 1566 1509 ad
1588 1479 1747 1509 Christum

978 1533 1209 1573 sepeliendum;
1226 1534 1354 1572 propter
1369 1531 1454 1571 quod
1475 1531 1622 1561 describit
1640 1531 1746 1571 ipsum

978 1594 1019 1617 ex
1032 1585 1160 1616 nomine
1170 1609 1179 1623 ,
1196 1594 1271 1616 cum
1285 1585 1381 1616 dicit:
1399 1585 1538 1617 Nomine
1553 1583 1667 1624 Joseph
1683 1594 1690 1614 ε
1710 1585 1747 1615 ut

979 1639 1060 1670 sieut
1069 1638 1184 1678 Joseph
1192 1638 1352 1669 Christum
1363 1638 1530 1676 nutrierat,
1543 1639 1579 1668 ut
1588 1637 1729 1668 dicitur¹⁰
1739 1647 1746 1667 z

984 1702 998 1721 (ι
1010 1691 1126 1731 Joseph
1141 1692 1186 1722 fili
1200 1691 1311 1728 David,
1326 1691 1391 1721 noli
1406 1691 1517 1721 timere
1533 1690 1674 1729 accipere
1686 1689 1748 1720 Ma-

979 1744 1061 1774 riam
1076 1744 1248 1783 conjugem
1265 1746 1369 1781 tuam,
1386 1753 1400 1771 n
1419 1745 1497 1780 etc.;
1520 1744 1550 1773 et
1569 1743 1684 1773 iterum
1701 1743 1719 1758 ¹¹
1737 1751 1746 1772 ε

985 1808 999 1827 α
1014 1798 1127 1837 Accipe
1142 1806 1278 1837 puerum
1288 1798 1318 1827 et
1332 1798 1466 1827 matrem
1480 1797 1507 1835 ej
1514 1804 1550 1826 us
1563 1806 1570 1826 :
1584 1806 1598 1823 1>
1614 1795 1659 1825 sic
1671 1795 1749 1825 alter

980 1851 1096 1890 Joseph
1117 1851 1261 1890 sepeliret
1275 1859 1368 1887 eum,
1390 1851 1421 1880 et
1435 1852 1588 1889 tanquam
1609 1857 1749 1888 granum

981 1904 1131 1934 frumenti
1146 1904 1179 1933 in
1194 1913 1251 1934 suo
1272 1903 1387 1933 horreo
1402 1902 1566 1933 collocaret
1577 1925 1586 1940 ,
1602 1902 1683 1932 sicut
1698 1901 1751 1932 ille

983 1957 1099 1996 Joseph
1114 1957 1170 1996 qui
1193 1956 1368 1987 reservavit
1391 1956 1550 1986 frumenta
1569 1955 1696 1995 populis
1718 1955 1751 1984 in

981 2010 1130 2050 AEgypto.
1151 2009 1300 2040 Describit
1320 2018 1394 2040 eum
1411 2009 1502 2039 etiam
1518 2017 1557 2038 ex
1572 2007 1727 2047 dignitate
1739 2030 1749 2044 ,

980 2063 1086 2094 dicens
1101 2073 1108 2093 t
1127 2062 1192 2101 Qui
1205 2066 1273 2092 erat
1287 2061 1425 2092 decurio.
1445 2061 1551 2091 Glossa
1566 2061 1588 2080 ¹²
1606 2071 1611 2090 ε
1628 2071 1642 2088 α
1658 2060 1751 2089 Decu-

981 2116 1029 2147 rio
1044 2117 1100 2153 est,
1117 2115 1170 2155 qui
1183 2115 1220 2145 de
1236 2115 1346 2145 ordine
1359 2114 1457 2144 curiae
1468 2113 1685 2149 administrat;
1700 2112 1751 2142 vel

981 2169 1109 2200 decurio
1128 2168 1243 2199 dicitur
1259 2168 1313 2207 qui
1338 2168 1445 2198 decem
1462 2168 1613 2205 praeerat,
1630 2176 1645 2193 υ
1668 2165 1750 2195 sicut

982 2221 1140 2259 Centurio,
1156 2221 1286 2261 quierat
1299 2229 1394 2260 super
1409 2221 1537 2250 centum
1548 2242 1557 2255 ‚
1574 2217 1750 2248 secundum

983 2274 1061 2305 illud
1074 2274 1095 2293 ¹³
1106 2285 1137 2304 :a
1148 2274 1231 2304 Dixit
1245 2275 1329 2304 Jetro
1346 2273 1385 2303 ad
1399 2272 1525 2311 Moysen
1539 2281 1545 2301 z
1566 2270 1700 2301 Provide
1712 2270 1751 2300 de

982 2327 1068 2358 omni
1082 2327 1172 2367 plebe
1186 2327 1272 2357 viros
1288 2327 1429 2365 potentes
1440 2326 1470 2355 ct
1479 2324 1625 2354 timentes
1637 2322 1748 2360 Deum,

982 2382 1016 2411 in
1040 2380 1157 2420 quibus
1179 2380 1219 2410 sit
1242 2379 1375 2415 veritas,
1400 2380 1430 2408 et
1451 2377 1505 2417 qui
1526 2376 1650 2407 oderint
1672 2385 1752 2407 ava-

981 2434 1103 2471 ritiam;
1120 2435 1149 2463 et
1162 2432 1315 2463 constitue
1330 2440 1370 2462 ex
1384 2431 1429 2461 eis
1442 2430 1586 2461 tribunos
1601 2432 1631 2460 et
1644 2431 1751 2460 centu-

982 2504 1222 2533 <³an‚x1x‚13.-
1235 2504 1242 2517 ⁷
1254 2503 1336 2531 Prou,
1347 2508 1400 2532 xix,
1410 2503 1434 2525 7.
1451 2503 1494 2519 -“
1505 2502 1750 2530 Jor1⁷1.‚x1x,25,—

982 2542 991 2557 8
1006 2541 1168 2570 Sup.‚11‚.'35.
1185 2552 1214 2556 -
1233 2540 1250 2555 ¹⁰
1265 2538 1364 2568 Mumz.⁷
1384 2544 1399 2568 ι,
1415 2537 1618 2565 20.--1¹1bi‹l.,
1637 2542 1664 2565 ιι,
1682 2538 1751 2559 13.—

982 2574 1001 2592 ¹¹
1016 2576 1097 2600 Closs.
1112 2575 1222 2599 interlin.
1240 2575 1266 2598 in
1281 2575 1349 2598 hune
1366 2574 1413 2597 loc.
1429 2586 1460 2591 —-
1478 2574 1495 2590 ¹³
1510 2573 1600 2602 Exod„
1617 2578 1690 2602 xvm,
1709 2574 1750 2595 Ἧι·

982 2613 1020 2636 22.

1015 2656 1048 2685 (a)
1063 2655 1131 2679 Edit.
1148 2654 1225 2678 Vatis.
1235 2655 1258 2677 et
1273 2654 1329 2677 Ven.
1344 2655 1409 2684 post,
1425 2652 1556 2678 miraculo.
