1987 3032
205 204 264 234 510
729 196 939 229 EVANGELll
963 195 1102 227 SANCTI
1125 195 1287 228 JOANNIS

204 270 248 295 tas
262 267 394 302 ejusdem
410 266 598 301 Evangelistae
622 274 629 292 :
650 266 716 292 licet
740 265 865 292 venisset
893 263 974 299 prius

205 313 244 340 ad
263 315 497 347 monumentum,
525 320 584 338 non
611 313 709 339 tamen
735 310 862 344 intravit,
880 310 973 337 donec

204 361 302 386 Petrus
317 359 463 393 introivit;
480 361 505 385 et
520 359 588 384 tunc
603 359 669 393 post
680 357 764 384 illum
778 357 888 384 intrans
901 355 975 383 vidit

204 405 386 438 linteamina,
413 407 440 431 et
468 404 535 431 alia.
561 403 726 431 Veridicum
754 411 825 437 crgo
851 402 973 429 modum

206 451 354 485 clarificat,
366 452 393 477 et
402 450 581 477 intumidvim
591 457 621 477 se
633 449 771 483 ostendit,
782 449 822 476 ait
835 448 974 484 chrysos-

205 502 302 527 tomus
318 500 335 526 ¹.
354 501 390 525 De
405 498 550 533 mysteriis
567 506 637 525 vero
657 497 780 525 istorum
800 497 975 524 sufficienter

205 545 360 580 Gregorius
374 546 384 560 ²
401 553 407 571 ε
436 555 448 569 «
473 546 524 571 Per
539 546 681 572 loannem
697 544 854 579 Synagoga
875 543 972 578 signa-

205 595 262 627 tur,
276 601 329 628 per
343 595 457 620 Petrum
476 592 604 620 Ecclesia
621 600 627 618 :
646 602 658 617 n
683 594 710 619 et
732 591 796 627 ipsa
817 592 975 627 Synagoga

204 640 286 675 prius
311 639 423 666 audivit
448 638 589 666 mandata
605 659 612 672 ,
633 640 660 665 et
685 638 760 665 vidit
786 637 973 670 linteamina,

205 685 356 720 Scripturce
371 686 563 718 sacramenta,
580 685 608 711 ct
627 683 780 711 sudarium
799 683 975 716 involutum,

205 739 258 766 per
277 730 358 766 quod
383 730 514 765 signatur
541 730 684 757 celsitudo
713 729 881 762 divinitatis,
909 737 975 764 quae

206 785 261 804 nec
274 785 327 812 per
342 776 456 803 initium
470 777 607 811 nascitur,
626 784 678 803 nec
693 776 818 803 termino
833 782 977 809 coangus-

207 825 293 853 tatur.
309 823 378 850 Ideo
395 822 500 850 dieitur
522 822 675 849 sudarium
697 821 873 850 involutum.
898 823 932 848 Et
947 823 976 848 in

206 878 287 897 unum
303 871 396 903 locum,
416 868 486 904 quia
509 870 582 895 Deus
603 868 632 895 iu
654 868 761 895 unitate
788 869 839 902 est,
862 875 923 895 non
946 868 976 894 in

206 915 331 943 scissura
346 915 499 942 mentium.
523 914 572 941 Vcl
594 922 647 949 pcr
666 914 837 941 linteamina
859 914 977 942 labores

206 961 318 995 Christi,
339 969 392 997 per
415 960 567 988 sudarium
595 969 648 988 sua
673 961 780 996 passio.
804 960 879 988 Licet
907 968 976 995 ergo

206 1009 363 1044 Synagoga
381 1007 463 1042 prius
481 1007 642 1042 prophetas
671 1006 797 1033 audierit
821 1008 848 1033 et
861 1006 977 1040 viderit,

207 1054 333 1082 Ecclesia
346 1055 444 1080 tamen
458 1053 539 1088 prius
552 1053 670 1080 intravit
682 1060 733 1088 per
748 1052 837 1080 fidem
851 1053 861 1069 ³
878 1061 884 1079 z
901 1063 913 1077 u
924 1054 978 1079 Do-

206 1108 260 1128 nec
274 1099 428 1135 plenitudo
445 1099 575 1133 gentium
590 1099 709 1126 intraret
721 1099 768 1133 (a),
784 1101 812 1126 et
826 1099 866 1125 sic
881 1099 977 1126 omnis

205 1147 293 1174 lsrael
308 1146 407 1173 salvus
421 1146 483 1173 erit.
501 1156 513 1170 η
532 1147 563 1172 Et
577 1145 613 1172 de
631 1144 676 1172 his
697 1145 852 1179 Gregorius
872 1144 882 1159 ⁴
896 1145 976 1171 suffi-

206 1193 325 1220 cienter.
337 1192 388 1219 Vel
403 1191 486 1219 aliter
501 1200 553 1227 per
568 1191 637 1219 istos
648 1191 723 1218 duos
734 1191 896 1226 discipulos
911 1192 977 1218 dure

206 1240 271 1267 vitae
285 1239 450 1274 figurantur
466 1247 472 1264 :
489 1247 541 1274 per
555 1240 709 1272 loannem,
722 1238 782 1265 vita
795 1238 977 1273 contempla-

207 1286 279 1320 tiva3
294 1293 347 1321 per
362 1287 490 1319 Petrum,
505 1285 563 1312 vita
579 1284 683 1312 activa.
706 1286 738 1311 Et
761 1284 832 1319 quia
854 1284 979 1319 quilibet

207 1332 308 1359 vivens
322 1332 352 1358 in
367 1331 462 1358 activa
474 1331 533 1358 vita
556 1331 645 1358 habet
660 1330 775 1366 aliquid
794 1330 830 1357 de
850 1332 978 1357 contem-

207 1377 347 1413 platione,
358 1377 459 1404 saltem
474 1377 575 1412 quoad
590 1377 788 1411 cognitionem
799 1384 902 1403 eorum
913 1384 979 1412 quas

207 1424 355 1451 credenda
369 1426 445 1457 sunt,
462 1423 530 1451 ideo
552 1423 582 1450 in
602 1423 690 1458 hujus
710 1423 836 1457 figuram
861 1422 976 1457 dicitur,

206 1470 289 1505 quod
303 1472 429 1497 Joannes
444 1470 604 1497 cucurrerit
623 1469 706 1496 citius
723 1471 822 1503 Petr03
839 1468 976 1504 simplici-

207 1519 249 1543 ter
263 1518 361 1543 tamen
376 1518 418 1543 est
433 1516 493 1542 vita
507 1515 602 1542 activa
616 1515 707 1550 prior,
725 1514 832 1541 deinde
847 1516 977 1541 contem-

206 1562 326 1597 plativa.
342 1564 374 1589 Et
388 1562 425 1589 de
448 1561 493 1588 his
508 1561 625 1588 duabus
640 1560 705 1587 vitis
719 1560 850 1595 figurafis
870 1568 923 1596 per
937 1560 975 1586 is-

205 1610 250 1635 tos
266 1608 341 1635 duos
356 1608 527 1643 discipulos,
539 1607 615 1634 infra
629 1607 666 1634 ab
680 1606 840 1641 Augustino
855 1607 874 1633 5.

242 1656 285 1681 11.
302 1656 333 1681 Et
346 1654 478 1689 sequitur
492 1654 542 1681 illa
558 1661 636 1689 pars,
648 1654 679 1680 in
695 1661 754 1688 qua
768 1652 978 1680 manifestatio-

206 1701 252 1727 nis
266 1700 369 1728 Christi
383 1702 449 1736 post
463 1700 706 1727 resurrectionem
722 1698 889 1734 descriptio,
911 1698 952 1725 ibi
969 1707 975 1725 :

207 1748 297 1773 Maria
314 1749 402 1773 autem
417 1747 516 1780 stabat,
531 1748 586 1773 etc.
604 1747 635 1773 Et
657 1745 709 1772 illa
723 1745 754 1772 in
769 1745 842 1772 duas
857 1747 954 1780 partes
970 1753 976 1772 :

207 1793 303 1828 primo
320 1794 453 1820 narratur
468 1801 520 1819 sua
542 1791 735 1819 manifestatio
752 1790 878 1825 mulieri,
900 1791 978 1818 scili—

208 1842 251 1866 cet
258 1840 351 1867 Mariae
362 1839 554 1874 Magdalenae3
569 1839 710 1872 secundo,
728 1838 798 1873 ipsis
816 1837 977 1872 discipulis,

207 1885 281 1913 infra
297 1885 403 1912 eodem
413 1884 423 1900 ⁶
439 1895 445 1912 z
461 1886 525 1912 Cum
540 1893 600 1918 erqo
612 1893 669 1911 sero
682 1887 759 1918 esset,
771 1886 824 1911 etc.
837 1885 867 1910 ln
882 1883 978 1918 prima

207 1934 334 1967 quatuor
350 1940 356 1958 ;
373 1931 469 1967 primo
486 1933 620 1958 narratur
635 1931 728 1958 Mariae
742 1930 850 1957 flebilis
862 1929 977 1957 desola-

207 1979 261 2014 tio,
277 1979 419 2012 secundo,
434 1979 490 2014 ipsi
505 1978 643 2005 desolatae
661 1976 813 2011 revelatio,
828 1976 870 2003 ihi
886 1985 891 2003 :
913 1978 978 2003 Dum

208 2033 268 2059 ergo
282 2028 365 2059 fleret,
381 2027 451 2058 cte.;
481 2024 573 2058 tertie,
589 2024 686 2051 eidem
711 2023 813 2051 Christi
842 2022 978 2050 manifes-

207 2072 288 2105 tatio,
306 2074 333 2098 et
357 2071 488 2106 ejusdem
511 2071 684 2104 admonitio,
706 2070 748 2097 ibi
771 2070 781 2087 ⁷
808 2079 814 2096 z
837 2070 900 2096 Haec
920 2077 978 2096 cum

208 2120 323 2145 dixisset
338 2139 347 2151 ‚
376 2120 447 2152 ete.;
480 2118 585 2152 quarto
601 2138 609 2151 ,
638 2115 848 2143 admonitionis
876 2115 979 2143 Christi

208 2164 391 2200 adimpletio,
407 2166 433 2191 ct
447 2162 666 2191 resurrectionis
680 2161 842 2197 publicatio
853 2162 863 2177 ⁸
875 2169 881 2187 :
901 2162 980 2188 Venit

208 2211 309 2243 Maria,
324 2212 377 2237 etc.

245 2256 288 2283 Ait
303 2264 372 2290 ergo
389 2264 396 2282 :
413 2257 504 2282 Maria
518 2258 605 2282 antem
621 2255 711 2281 stabul
731 2254 767 2281 ad
782 2256 979 2281 monumentum

206 2304 328 2336 plorans.
344 2302 497 2335 Quaerssur,
517 2309 607 2337 quare
629 2301 666 2327 de
687 2301 751 2336 ipsa
771 2299 878 2335 legitur
895 2299 978 2335 quod

210 2350 270 2375 erat
292 2348 423 2383 plorans,
444 2349 471 2375 et
490 2355 550 2374 non
569 2347 606 2374 de
628 2347 728 2382 aliquo
753 2345 977 2381 discipulorum.

210 2396 242 2422 Et
269 2395 308 2422 ad
332 2395 388 2421 hoc
411 2393 570 2429 respondet
597 2393 822 2428 chrysostomus
849 2392 870 2426 ⁹,
896 2392 978 2427 quod

213 2450 226 2466 «
253 2440 459 2476 compassibile
484 2439 618 2475 quodam
645 2439 737 2467 modo
764 2440 807 2466 est
833 2437 979 2466 muliebre

243 2528 248 2540 ¹
264 2525 404 2556 Chiysost„
419 2523 479 2546 hom
497 2529 603 2553 Lxxxiv,
619 2530 644 2547 n.
660 2525 683 2547 4.
698 2536 729 2540 —
741 2523 749 2536 ²
765 2523 851 2553 Greg.‚
865 2522 907 2545 ubi
922 2528 978 2552 sup.

210 2575 240 2579 -
254 2561 264 2578 ³
281 2561 357 2590 Itoni„
373 2565 413 2589 ³11,
429 2560 468 2587 25,
484 2560 522 2582 26.
537 2571 566 2575 —
581 2559 588 2572 ¹
605 2560 671 2589 Greg
683 2577 690 2589 ‚
706 2557 748 2581 ubi
765 2565 821 2588 sup.
841 2571 864 2576 —
879 2558 889 2575 Β
905 2558 980 2587 Aug„

209 2597 291 2621 Tract.
306 2601 392 2620 cxxiw
405 2601 431 2618 n.
445 2595 468 2617 5.
480 2606 509 2610 —
524 2593 534 2609 ⁶
546 2593 603 2622 int„
618 2595 655 2617 19.
667 2607 697 2611 —
711 2593 719 2609 7
735 2593 793 2623 lut„
812 2594 846 2616 14.
857 2605 887 2611 —
899 2592 909 2609 ⁸
921 2593 979 2622 lnt'.,

214 2637 248 2655 lo.
265 2644 294 2648 —
310 2634 317 2644 ³
337 2630 477 2660 chrysost„
493 2628 562 2651 hom.
578 2634 673 2657 mlxxv,
691 2628 723 2651 al.
740 2634 788 2651 Lxx
812 2634 848 2658 vi,
864 2636 889 2651 n.
910 2631 929 2651 l.
949 2640 980 2644 —

1028 270 1121 297 genus
1143 270 1150 288 :
1171 265 1212 290 est
1236 263 1314 291 enim
1329 264 1436 292 mulier
1459 265 1565 292 natura
1584 264 1691 292 flebilis
1712 273 1719 291 :
1744 271 1798 292 nec

1028 310 1151 336 noverat
1185 317 1352 338 sermonem
1387 310 1424 338 de
1461 311 1673 338 resurrectione
1689 331 1696 343 ‚
1723 310 1799 338 sicut

1028 354 1164 390 discipuli
1197 355 1415 384 considerantes
1446 357 1617 384 linteamina
1630 378 1638 391 ‚
1667 359 1695 384 et
1734 364 1798 384 cre-

1028 400 1138 428 dentes.
1157 411 1168 426 »
1189 402 1220 428 Et
1240 401 1307 428 ideo
1334 402 1406 429 nihil
1421 402 1478 430 talc
1494 406 1535 430 est
1563 405 1660 430 Petrus
1684 410 1797 439 passus.

1028 446 1194 474 Secundum
1207 447 1402 482 Augustinum
1418 449 1440 465 ¹⁰
1453 457 1523 476 vcro
1541 459 1554 473 ι(
1565 448 1633 476 viris
1647 448 1798 476 redeunti-

1027 492 1095 526 bus,
1112 492 1304 520 infirmiorem
1320 501 1423 520 sexum
1438 493 1468 520 in
1483 494 1589 522 eodem
1610 494 1677 522 loco
1697 494 1800 522 sortior

1028 538 1139 573 figebat
1151 538 1281 566 affectus.
1307 549 1320 565 »
1337 541 1368 566 Et
1385 539 1453 568 ideo
1470 548 1476 566 z
1493 541 1588 568 Stabat
1602 542 1721 575 plorans.
1740 551 1753 565 ιι
1768 541 1800 568 Et

1029 584 1107 612 oculi
1128 584 1162 620 (¹1)
1190 585 1241 620 qui
1269 585 1425 612 Dominum
1454 586 1635 621 quaerebant,
1661 586 1800 622 lacrymis

1029 630 1184 664 vacabant,
1196 631 1329 658 dolentes
1343 632 1471 668 amplius
1486 632 1569 668 quod
1580 632 1674 660 suerat
1685 633 1801 660 ablatus

1030 676 1066 703 de
1082 679 1287 711 monumento,
1302 686 1393 713 quam
1407 678 1490 713 quod
1511 678 1564 705 fuit
1583 677 1698 706 occisus
1714 678 1745 706 in
1763 678 1800 706 li-

1029 730 1098 757 gno.
1115 733 1128 748 »
1144 724 1209 750 llaec
1223 724 1411 758 Augustinus.
1428 726 1459 751 Et
1473 723 1510 752 de
1521 724 1578 752 hoc
1591 723 1724 752 similiter
1737 725 1803 753 Gre-

1030 769 1131 804 gorius
1146 770 1164 786 ¹¹
1184 778 1190 796 :
1210 780 1223 794 «
1235 770 1369 805 Contigit,
1386 773 1416 797 ut
1431 778 1498 798 eum
1518 770 1583 798 sola
1595 770 1719 805 videret,
1736 778 1803 806 quae

1030 815 1169 842 remansit
1189 817 1220 842 ut
1235 818 1387 851 quaereret.
1403 826 1416 842 »
1440 818 1472 844 Et
1489 816 1531 844 ibi
1554 816 1710 852 Gregorius
1725 817 1802 844 hene

1031 860 1067 888 de
1087 861 1199 889 fervore
1219 862 1327 889 animae
1348 861 1459 890 devotae
1479 863 1634 898 quaerentis
1652 864 1754 898 Deum,
1776 864 1804 890 et

1033 907 1068 934 de
1084 908 1164 935 bono
1180 909 1414 943 perseverantiae.
1428 911 1459 936 Et
1473 909 1605 944 sequitur
1619 909 1783 937 secundum
1795 919 1802 937 :

1035 955 1100 980 Dum
1115 962 1174 988 erqo
1189 956 1274 989 fleret,
1289 954 1328 990 (v.
1348 955 1389 990 12)
1405 955 1477 982 vidit
1492 955 1558 982 duos
1572 956 1687 990 Angelos
1698 964 1707 982 :
1720 956 1748 982 et
1762 954 1804 983 ibi

1031 1000 1096 1034 tria,
1112 1000 1222 1028 scilicet
1235 1001 1410 1036 angelorum
1424 1001 1509 1035 visio,
1523 1009 1627 1029 eorum
1641 1001 1803 1037 inquisitio,

1031 1046 1125 1074 Mariae
1153 1047 1306 1082 responsio
1321 1068 1330 1081 ‚
1358 1049 1389 1074 ut
1415 1047 1446 1074 in
1470 1047 1564 1074 littera
1593 1049 1680 1083 patet.
1707 1048 1740 1074 Ut
1765 1047 1806 1075 ait

1032 1092 1256 1128 chrysostomus
1272 1094 1293 1110 ¹2
1315 1102 1321 1119 :
1342 1093 1454 1126 «Quod
1473 1101 1534 1121 non
1557 1093 1696 1121 viderunt
1718 1093 1803 1121 disci-

1031 1139 1105 1173 puli,
1122 1139 1179 1166 hoc
1195 1139 1268 1166 vidit
1281 1139 1387 1167 mulier
1401 1139 1508 1175 prima,
1524 1139 1655 1174 angelos,
1671 1140 1750 1167 hunc
1765 1140 1803 1167 ad

1031 1186 1134 1221 pedes,
1149 1185 1241 1213 alium
1261 1185 1299 1212 ad
1314 1188 1410 1221 caput.
1427 1196 1440 1211 ι)
1461 1186 1518 1213 Sed
1539 1186 1688 1221 quaeritur,
1711 1194 1804 1222 quare

1032 1231 1167 1267 discipuli
1180 1231 1316 1259 viderunt
1330 1232 1502 1259 linteamina
1517 1233 1545 1259 et
1555 1232 1718 1266 sudarium,
1738 1240 1805 1259 mu-

1031 1277 1086 1304 lier
1100 1279 1199 1305 autem
1211 1277 1284 1305 vidit
1296 1277 1440 1312 angelos?
1452 1279 1483 1305 Et
1502 1277 1541 1304 ad
1555 1277 1633 1305 istud
1647 1277 1806 1313 respondet

1033 1324 1259 1359 Chrysostomus
1274 1324 1294 1344 ¹³
1309 1333 1315 1350 ε
1336 1333 1349 1349 ιι
1362 1326 1424 1352 Non
1440 1326 1501 1351 erat
1510 1324 1626 1351 excelsa
1641 1331 1724 1351 mens
1739 1331 1805 1351 mu-

1032 1369 1121 1404 lieris,
1135 1372 1198 1397 uta
1221 1370 1346 1397 sudariis
1370 1370 1529 1405 susciperet
1549 1370 1803 1404 resurrectionem,

1032 1415 1064 1442 id
1079 1417 1121 1443 est
1136 1416 1266 1444 crederet
1282 1425 1288 1443 :
1312 1416 1379 1444 ideo
1395 1415 1428 1443 fit
1443 1415 1469 1443 ei
1485 1416 1558 1452 quid
1572 1415 1639 1451 plus
1660 1425 1666 1443 z
1683 1415 1805 1451 angelos

1033 1463 1112 1490 enim
1128 1463 1304 1496 considerat,
1315 1466 1347 1490 ut
1360 1463 1424 1498 ipsa
1434 1464 1619 1490 resuscitetur
1628 1471 1646 1491 a
1657 1463 1804 1499 passione,

1033 1512 1060 1536 et
1074 1510 1231 1544 mitigetur.
1248 1520 1261 1534 η
1280 1511 1343 1536 Haec
1369 1509 1428 1536 ille.
1457 1511 1489 1536 Ut
1515 1510 1593 1537 enim
1613 1511 1652 1538 ait
1671 1510 1805 1545 Augusti-

1034 1563 1088 1582 nus
1106 1557 1125 1572 “5
1139 1565 1145 1582 :
1157 1566 1169 1581 «
1185 1555 1337 1583 lnclinavit
1351 1563 1392 1589 se,
1408 1555 1490 1591 quod
1505 1556 1606 1584 divino
1625 1556 1762 1584 instinctu
1774 1556 1805 1583 in

1033 1602 1134 1630 animo
1152 1603 1214 1637 ejus
1238 1602 1374 1630 effectum
1399 1604 1455 1636 est,
1477 1612 1490 1627 »ι
1513 1602 1621 1630 scilicet
1641 1604 1674 1630 ut
1695 1602 1807 1631 videret

1033 1648 1165 1683 angelos.

1071 1696 1112 1722 13.
1140 1696 1235 1721 Dicunt
1266 1697 1291 1721 ei
1322 1704 1330 1721 ι
1351 1695 1462 1727 Mulier,
1484 1695 1551 1729 quid
1570 1695 1684 1730 ploras?
1708 1696 1740 1722 Ut
1767 1694 1807 1723 ait

1034 1740 1257 1776 Chrysostomus
1283 1749 1289 1767 ι
1310 1752 1323 1765 «
1344 1741 1428 1768 Velut
1454 1741 1528 1769 ostio
1550 1744 1666 1777 aperto,
1684 1741 1808 1770 intrave-

1033 1790 1078 1814 rat
1096 1787 1128 1822 (ε)
1140 1787 1170 1814 in
1185 1795 1353 1815 sermonem
1368 1788 1404 1815 de
1420 1788 1644 1822 resurrectione;
1667 1790 1695 1815 et
1713 1788 1806 1816 modo

1034 1834 1181 1868 sessionis,
1198 1836 1225 1861 et
1238 1834 1469 1869 interrogatione
1484 1835 1596 1862 ducunt
1610 1843 1677 1862 eam
1691 1834 1722 1862 in
1733 1834 1807 1863 allo-

1034 1880 1182 1906 cutionem
1196 1888 1202 1906 z
1219 1879 1288 1908 ideo
1303 1882 1330 1907 et
1345 1880 1484 1908 distantes
1499 1881 1536 1908 ab
1552 1881 1680 1908 invicem
1694 1881 1807 1915 sedent,

1034 1928 1066 1953 ut
1080 1926 1188 1953 scilicet
1197 1926 1336 1954 audacter
1350 1927 1544 1962 interrogaret
1560 1935 1620 1955 eos.
1635 1937 1648 1953 »
1667 1928 1731 1955 flaec
1745 1927 1804 1955 ille.

1037 1972 1114 1999 Dcaez‘t
1127 1974 1164 1999 eis
1179 1980 1185 1998 :
1205 1974 1332 2000 Tulerunc
1348 1975 1490 2000 Dominum
1508 1981 1603 2008 meum,
1620 1976 1645 2001 et
1660 1975 1745 2001 nescio
1759 1974 1808 2000 ubi

1032 2021 1179 2053 posuerunt
1194 2027 1262 2046 eum.
1279 2029 1292 2045 ιε
1304 2020 1458 2047 Ferventer
1472 2019 1551 2047 enim
1565 2019 1663 2054 valde,
1678 2022 1706 2048 et
1719 2021 1750 2047 ut.
1763 2019 1807 2047 di-

1035 2064 1191 2092 lectionem
1219 2067 1280 2092 erat
1310 2073 1499 2099 conservans,
1526 2076 1539 2091 »
1571 2065 1610 2094 ait
1636 2066 1807 2102 chrysosto-

1035 2119 1100 2138 mus
1126 2112 1156 2138 ¹³.
1189 2121 1202 2136 ιι
1220 2111 1277 2138 Sed
1304 2112 1401 2139 adhuc
1432 2114 1530 2139 tamen
1556 2120 1617 2139 non
1640 2114 1808 2148 susceperat

1035 2157 1146 2192 dogma
1159 2157 1195 2185 de
1210 2158 1421 2185 resurrectione
1438 2168 1444 2185 :
1461 2167 1497 2185 ex
1512 2166 1572 2193 quo
1585 2158 1807 2194 imaginabatur

1034 2203 1131 2238 ipsum
1145 2203 1217 2238 poni
1231 2204 1288 2237 sic,
1303 2214 1316 2229 ι)
1333 2207 1364 2232 ut
1379 2205 1418 2231 ait
1431 2204 1511 2231 idem
1528 2205 1559 2231 ¹⁶.
1576 2197 1681 2238 Quaerit
1693 2206 1807 2239 Augus-

1035 2251 1112 2277 tinus
1124 2250 1145 2267 ¹⁷
1159 2260 1166 2278 :
1182 2260 1195 2276 »
1208 2250 1284 2284 Quid
1294 2254 1345 2286 est,
1360 2251 1442 2286 quod
1456 2259 1553 2287 neque
1568 2253 1690 2287 uterque
1705 2252 1745 2279 ad
1761 2259 1808 2280 ca-

1034 2299 1098 2332 put,
1113 2304 1210 2332 neque
1224 2299 1347 2332 uterque
1363 2297 1401 2324 ad
1415 2297 1518 2332 pedes,
1534 2297 1587 2325 sed
1602 2305 1679 2325 unus
1701 2298 1740 2325 ad
1761 2305 1807 2326 ca-

1034 2345 1097 2378 put,
1114 2343 1186 2371 alter
1207 2343 1246 2371 ad
1268 2343 1360 2379 pedes
1374 2351 1436 2370 esse
1461 2343 1590 2371 dicitur?
1604 2353 1617 2370 n
1640 2346 1672 2372 Et
1685 2351 1807 2379 respon-

1036 2389 1084 2417 det
1098 2390 1181 2426 quod
1205 2400 1218 2414 «
1231 2389 1329 2425 angeli
1342 2398 1446 2424 graece,
1470 2390 1559 2418 latine
1586 2390 1679 2418 nuntii
1704 2389 1806 2417 dicun—

1037 2485 1055 2500 ¹⁰
1076 2486 1150 2515 Aug.¹
1169 2486 1253 2509 Tract.
1273 2491 1348 2516 cxxi,
1368 2492 1394 2509 n.
1421 2488 1487 2509 1.-
1509 2486 1525 2501 ¹¹
1545 2485 1630 2515 Greg.,
1652 2484 1677 2507 in
1699 2483 1806 2515 Evanq„

1036 2519 1106 2544 hom.
1124 2526 1184 2550 mv,
1203 2528 1230 2544 n.
1249 2523 1273 2544 1.
1289 2534 1319 2538 —
1339 2523 1357 2536 ¹²
1375 2520 1517 2551 chrysost„
1532 2519 1574 2543 ubi
1588 2525 1644 2549 sup.
1660 2532 1691 2537 —
1709 2519 1728 2536 '³
1744 2520 1807 2544 lbid.

1036 2569 1064 2572 —
1078 2555 1096 2571 ¹⁸
1109 2556 1184 2586 Aug,
1197 2556 1240 2579 ubi
1250 2563 1306 2586 sup.
1317 2569 1348 2573 --
1363 2557 1381 2572 ²⁵
1395 2555 1536 2586 chrysost„
1549 2554 1591 2578 ubi
1601 2561 1657 2585 sup.
1668 2568 1699 2572 -
1711 2556 1730 2571 ¹⁸
1743 2555 1807 2579 lbid.

1036 2603 1066 2607 —
1083 2591 1102 2607 ¹⁷
1117 2593 1192 2622 Aug„
1208 2591 1251 2615 ubi
1262 2598 1350 2622 sup.-
1367 2592 1397 2621 (a)
1411 2591 1470 2614 Caet.
1482 2590 1542 2613 emt.
1557 2589 1699 2613 inu-avit.—-
1716 2590 1748 2622 (ὁ)
1761 2591 1807 2615 illi.

1036 2639 1065 2642 —
1079 2628 1108 2655 (c)
1124 2626 1179 2656 Ley.
1193 2627 1342 2656 ducebatur,
1353 2623 1428 2657 qfroec.
1441 2626 1522 2655 ἤγετο.

1968 2279 1983 2414 1--u-
