1987 3032
209 225 248 254 94
756 216 969 248 EVANGELll
992 215 1132 247 SANCTI
1152 215 1264 247 LUCAE

209 290 337 327 nerent,
368 289 622 319 resurrecturum
648 295 712 317 non
738 283 928 315 dubitarent.
959 293 974 311 υ

210 341 358 373 Praedicit
368 344 474 372 autem
484 341 566 371 hanc
575 341 714 370 tuturam
722 338 752 368 in
763 335 975 373 Hierusalem

209 404 301 433 nam,
318 396 399 426 sicut
420 404 516 434 supra
535 394 654 424 dictum
671 392 738 423 est*
757 401 763 420 ς
785 401 800 419 «
814 389 883 420 Non
898 389 980 428 capit

209 449 395 489 prophetam
418 448 520 488 perire
544 448 634 477 extra
652 443 838 476 Jerusalem.
855 453 870 470 n
890 441 978 472 ilatio

211 505 317 532 autem
346 502 445 541 hujts
477 503 538 538 est,
566 500 640 539 quia
670 496 888 536 Hierosolyma
913 497 980 525 erat

209 556 312 593 locus,
329 556 361 585 in
376 563 439 594 quo
460 556 526 584 erat
543 553 631 583 sedes
652 550 766 589 regni,
793 548 976 585 sacerdotii,

210 608 405 647 magisterii,
432 610 462 637 et
482 606 608 645 judicii3
635 607 666 635 et
687 604 757 634 ideo
780 602 824 632 ibi
848 601 980 632 debebat

210 663 273 702 pati
294 662 345 692 ille
362 661 416 701 qui
432 663 477 691 est
499 669 571 697 rex,
594 658 753 694 sacerdos,
770 656 934 695 magister,
949 657 980 685 et

206 716 324 755 judex,
341 717 376 745 ut
393 716 436 745 sic
458 724 498 745 ex
516 712 689 745 Jerusalem
707 715 735 741 1.
756 710 855 741 exiret
884 711 915 739 et
930 708 979 738 in-

209 770 326 810 ciperet
340 769 453 800 Christi
474 777 630 807 regnum,
653 764 828 796 secundum
848 761 925 792 illud
940 763 950 779 ²
970 772 976 791 ;

215 835 229 851 a
243 822 376 861 Virgam
398 822 524 852 virtutis
539 824 603 851 tuae
625 819 746 850 emittet
765 815 921 847 Dominus
939 823 979 845 ex

210 875 286 906 Sion
297 899 304 912 ‚
320 886 335 903 n
354 878 431 912 etc.;
448 877 478 905 2.
494 874 595 905 exiret
614 872 698 903 salus
714 873 744 901 et
758 868 975 900 remedium-“³2

214 940 228 957 α
244 928 376 967 Propter
398 928 472 958 Sion
496 936 560 957 non
576 925 701 961 tacebo,
722 925 753 954 et
775 923 904 960 propter
927 920 979 951 Je-

209 981 348 1011 rusalem
373 990 437 1011 non
459 980 635 1019 quiescam,
661 977 760 1008 donec
781 974 976 1013 egrediatur,

208 1037 244 1064 ut
259 1034 417 1074 splendor,
437 1035 545 1073 Justus
564 1033 651 1071 ejus;
671 1042 684 1059 ι)
709 1032 739 1060 3.
765 1028 867 1059 exiret
883 1027 978 1057 etiam

209 1088 260 1118 lex
276 1090 306 1118 et
322 1087 480 1127 judicium
497 1090 507 1105 ⁸
525 1098 531 1117 :
553 1098 567 1116 «
582 1085 708 1121 Venite,
730 1086 761 1114 et
774 1081 980 1112 ascendamus

209 1140 249 1170 ad
268 1142 409 1170 montem
432 1139 571 1174 Domini;
588 1150 603 1167 »
630 1140 660 1168 et
682 1139 752 1176 post
774 1146 781 1166 :
810 1146 824 1164 α
843 1134 923 1171 Quia
941 1133 979 1163 de

209 1193 285 1224 Sion
299 1193 397 1223 exibit
410 1193 474 1230 lex,
489 1195 519 1222 ct
531 1192 665 1224 verbum
678 1188 802 1220 Domini
817 1187 855 1218 de
870 1187 980 1217 Ilieru-

210 1246 318 1277 salem.
348 1257 361 1273 n
395 1246 467 1276 Ideo
495 1246 527 1275 in
558 1243 811 1282 Hierosolymam
840 1240 980 1271 ascendit

211 1299 368 1336 Christus,
385 1301 420 1328 ut
436 1298 470 1328 in
485 1307 577 1328 cruce
595 1297 737 1336 patiens,
758 1302 897 1333 regnum
913 1293 978 1323 vir-

209 1343 297 1389 tutis,
312 1351 523 1381 sacerdotium
538 1349 721 1386 sanctitatis7
740 1349 770 1377 et
782 1347 886 1385 legem
897 1345 980 1385 judi-

210 1405 248 1435 cii
264 1407 295 1435 et
317 1404 460 1435 veritatis
483 1404 523 1442 (a)
549 1403 698 1441 gentibus
722 1401 821 1432 daret.
849 1399 980 1438 Propter

210 1458 295 1498 quod
312 1460 343 1487 et
358 1457 425 1496 ipsa
439 1456 636 1487 Hierusalem
652 1458 766 1494 typum
780 1453 863 1492 gerit
880 1452 980 1483 Eccle-

210 1511 276 1548 siae,
293 1510 408 1540 animae
423 1513 550 1547 sanctae⁷
567 1512 597 1539 et
609 1508 807 1539 Hierusalem
819 1514 978 1545 supernae.

210 1564 297 1595 Unde
313 1565 415 1595 lsaias
429 1564 439 1580 ⁵
457 1575 464 1594 ε
483 1575 497 1592 α
511 1563 619 1594 Omnis
629 1562 684 1602 qui
695 1561 822 1592 relictus
837 1559 931 1590 tuerit
946 1559 979 1589 in

209 1616 301 1655 Sion,
328 1619 359 1647 et
381 1617 527 1647 residuus
552 1616 584 1646 in
608 1614 825 1651 Hierusalem,
851 1614 980 1643 sanctus

208 1670 386 1706 vocabitur,
403 1670 508 1700 omnis
528 1669 583 1708 qui
598 1669 735 1708 scriptus
753 1669 801 1698 est
820 1667 853 1696 in
869 1666 934 1697 vita
946 1666 979 1695 in

210 1723 421 1761 Hierusalem,
439 1733 453 1750 υ
472 1725 530 1752 etc.

249 1776 407 1814 Secundo,
420 1778 575 1815 quantum
586 1775 623 1805 ad
638 1774 884 1814 profunditatem
895 1781 980 1812 mys-

209 1829 292 1866 terii,
305 1828 451 1859 subditur
465 1839 471 1858 :
486 1828 530 1859 Et
540 1827 847 1858 consummabuntur
858 1826 978 1863 onmia,

209 1891 282 1921 (μία)
296 1882 414 1921 scripta
428 1885 502 1912 sunt
512 1890 572 1920 per
585 1880 755 1920 prophetas
770 1879 808 1910 de
824 1879 908 1910 Filio
923 1879 980 1909 ho-

209 1935 316 1965 minis.
330 1934 364 1965 ln
375 1944 438 1974 quo
453 1936 582 1973 apparet
592 1933 673 1963 mira
687 1932 884 1972 profunditas
898 1941 980 1971 mys-

209 1987 278 2017 terii
302 1987 455 2026 passionis
477 1986 661 2023 dominicae,
688 1994 746 2024 pro
768 1994 805 2015 eo
835 1985 920 2024 quod
946 1985 980 2015 in

211 2040 279 2080 ipso
292 2042 338 2070 est
347 2039 578 2070 consummatio
588 2039 685 2069 totius
695 2037 896 2069 revelationis
909 2047 980 2077 pro-

210 2093 339 2132 phetiae.
356 2092 472 2123 Omnes
487 2092 572 2122 enim
587 2092 750 2131 prophetae
772 2091 979 2130 principalem

210 2147 372 2185 aspectum
386 2145 569 2175 habuerunt
583 2144 623 2174 ad
636 2144 836 2183 praesentiam
853 2143 978 2182 Christi,

211 2199 385 2229 secundum
423 2198 579 2238 triplicem
618 2197 805 2235 dignitatem
816 2221 824 2234 ‚
864 2197 980 2227 scilicet

210 2253 313 2291 regni,
331 2252 508 2291 magisterii
524 2254 554 2282 et
564 2250 739 2288 sacerdotii,
757 2252 788 2280 et
803 2250 979 2280 secundum

210 2305 364 2344 triplicem
380 2305 619 2344 perfectionem,
634 2304 762 2334 virtutis
776 2303 891 2333 scilicet
903 2326 910 2340 ‚
928 2313 980 2333 ve-

212 2357 314 2387 ritatis
334 2361 364 2387 et
379 2358 544 2395 bonitatis,
561 2357 737 2388 secundum
758 2356 843 2396 quod
866 2356 979 2387 dicitur

210 2410 248 2441 de
269 2409 390 2440 Christo
405 2411 414 2426 a
432 2420 440 2440 ε
461 2422 475 2438 «
492 2411 642 2441 Dominus
658 2410 759 2449 Judex
777 2411 894 2447 noster,
918 2409 976 2440 Do-

210 2463 318 2494 minus
332 2463 444 2502 legifer
463 2467 581 2500 noster,
608 2463 760 2494 Dominus
781 2472 839 2493 rex
859 2465 977 2499 noster,

242 2543 250 2559 ¹
265 2543 337 2573 sup„
352 2548 413 2571 xm,
430 2543 467 2565 33.
483 2556 513 2560 -
527 2543 537 2558 ²
551 2543 618 2566 Psal.
635 2549 686 2573 mx,
702 2545 725 2566 2.
737 2556 763 2560 —
780 2543 788 2556 ³
800 2543 860 2570 isa..
875 2548 940 2572 an,
956 2546 977 2569 1.

209 2591 240 2595 —
251 2577 262 2594 ¹·
274 2577 347 2607 ibid,
364 2583 395 2608 11,
411 2578 434 2600 3.
449 2591 480 2595 —
493 2578 587 2607 ⁵1bid.‚
605 2584 639 2603 iv,
655 2579 677 2601 3.
691 2591 720 2595 -
733 2579 741 2592 ⁵
754 2579 922 2608 Isa.‚xxx111,
939 2579 977 2603 22.

209 2626 239 2631 —
254 2613 280 2636 ⁷1
297 2613 440 2643 Tim.‚1,5.
456 2626 482 2630 -—
497 2614 505 2626 ¹·
520 2612 585 2636 Psal.
600 2618 692 2642 cxvm,
706 2614 743 2636 96.
759 2626 789 2630 -
802 2614 810 2627 ⁹
824 2614 884 2643 Isth,
898 2618 924 2642 x,
940 2615 977 2636 22.

209 2648 363 2679 -101bid.‚
377 2654 474 2677 xxvm,
490 2649 528 2672 22.
543 2661 574 2666 ·--
591 2648 612 2664 ¹¹
626 2648 709 2679 apoc„
725 2654 756 2678 x,
775 2650 798 2672 7.
815 2661 841 2665 —
863 2649 882 2664 ¹¹
894 2648 978 2679 Hebr„

210 2689 245 2712 n,
268 2685 306 2707 10.
325 2696 357 2702 —
380 2683 399 2700 ¹⁸
414 2683 487 2714 thid„
509 2689 539 2714 x,
560 2685 597 2707 14.
616 2695 646 2701 —
667 2683 825 2712 ¹⁴11Macl1„
848 2689 869 2713 1,
892 2684 931 2707 23.
949 2697 978 2702 —

1036 281 1189 313 Dominus
1198 283 1330 313 salvabit
1339 293 1408 314 nos.
1415 294 1430 312 ι)
1441 284 1622 315 Secundum
1631 285 1715 324 quod
1726 285 1803 324 Rex,

1035 336 1119 375 regit
1133 344 1190 365 nos
1204 344 1260 375 per
1275 338 1430 376 praecepta
1441 339 1471 367 et
1482 336 1618 376 judicia;
1631 337 1806 368 secundnm

1035 389 1121 429 quod
1146 388 1308 428 Magister,
1331 389 1434 420 erudit
1457 398 1514 420 nos
1534 398 1590 429 per
1611 390 1762 429 mysteria
1775 393 1807 421 et

1035 441 1195 481 exempla3
1213 442 1388 472 secundum
1404 442 1488 481 quod
1506 442 1672 479 Sacerdos,
1689 443 1804 474 sancti-

1036 495 1109 525 ficat
1121 504 1179 525 nos
1195 504 1249 534 per
1273 496 1425 526 sacrificia
1444 498 1475 526 et
1497 499 1704 527 sacramenta.
1721 496 1804 534 Quo-

1036 548 1123 578 niam
1143 557 1222 586 ergo
1238 548 1269 577 in
1285 557 1377 579 cruce
1398 551 1473 579 sunt
1489 549 1558 580 haec
1581 559 1637 580 sex
1657 559 1804 581 consum-

1036 603 1132 638 mata,
1142 600 1212 631 ideo
1222 600 1370 631 dicuntur
1384 606 1604 634 consummata
1613 604 1722 633 omnia
1732 612 1806 643 quae

1036 654 1120 684 clt'eta
1129 658 1203 683 sunt
1212 662 1273 693 per
1282 653 1464 693 prophetas.
1482 654 1707 686 Consummata
1719 665 1807 686 nam-

1036 717 1098 748 que
1121 709 1195 737 sunt
1218 710 1375 747 praecepta
1395 710 1524 747 propter
1545 709 1679 739 nimiam
1699 709 1805 740 chari-

1035 763 1142 798 tatem,
1160 760 1234 800 quia
1248 764 1258 779 ⁷
1279 772 1292 788 «
1309 761 1380 791 finis
1394 762 1542 801 praecepti
1558 765 1606 792 est
1617 763 1772 801 charitas,
1789 773 1804 791 n

1035 815 1073 845 de
1087 814 1191 854 quain
1208 814 1337 844 Psalmo
1352 814 1362 829 ⁸
1380 824 1387 844 :
1404 826 1418 843 <s
1434 814 1542 846 Omnis
1557 816 1805 847 consummatio-

1035 868 1086 897 nis
1101 867 1164 897 vidi
1185 868 1297 904 finc1n;
1315 867 1414 897 latum
1433 868 1621 899 mandatum
1640 872 1733 900 tuum
1754 869 1803 900 ni-

1036 921 1106 950 mis.
1125 931 1140 948 »
1159 920 1384 950 Consummata
1398 923 1471 951 sunt
1482 921 1604 960 judicia
1618 924 1746 962 propter
1759 922 1806 953 ni-

1036 974 1134 1004 miam
1159 973 1359 1003 severitatem
1381 982 1478 1013 quam
1504 973 1616 1004 habuit
1643 974 1682 1005 ad
1705 984 1739 1006 se
1759 975 1770 991 ⁹
1795 985 1803 1005 :

1040 1039 1054 1055 «
1068 1026 1305 1058 Consummatio
1325 1026 1509 1057 abbreviata
1524 1027 1690 1059 inundabit
1707 1028 1804 1068 justi-

1035 1081 1131 1118 tiam;
1157 1092 1170 1108 »
1195 1083 1225 1110 et
1244 1080 1360 1110 iterum
1378 1084 1399 1099 ¹⁰
1418 1091 1424 1111 z
1448 1092 1462 1109 «
1478 1081 1804 1119 Consummationem,

1035 1135 1066 1164 et
1084 1133 1354 1164 abbreviationem
1374 1134 1482 1164 audivi
1503 1144 1521 1164 a
1546 1134 1693 1172 Domino,
1712 1146 1726 1162 υ
1745 1137 1805 1166 etc.

1036 1186 1263 1217 Consummata
1283 1187 1433 1226 mysteria
1448 1187 1465 1203 ¹¹
1484 1198 1519 1216 :«
1536 1187 1573 1217 ln
1587 1186 1699 1217 diebus
1719 1187 1806 1218 vocis

1036 1239 1161 1279 septimi
1181 1239 1295 1278 Angeli
1322 1240 1597 1270 consummabitur
1617 1239 1806 1279 mysterium

1037 1292 1106 1330 Dei,
1123 1292 1204 1322 sicut
1219 1292 1450 1331 evangelizavit
1463 1301 1517 1332 per
1527 1301 1635 1323 servos
1649 1301 1723 1323 suos
1733 1301 1807 1332 pro-

1036 1346 1184 1385 phetas.»
1200 1346 1424 1376 Consummata
1434 1346 1581 1386 exempla
1593 1347 1615 1365 ¹²
1629 1357 1659 1376 :a
1672 1345 1804 1377 Decebat

1036 1399 1122 1430 enim
1151 1408 1241 1437 eum,
1272 1401 1400 1438 propter
1424 1408 1520 1438 quem
1545 1399 1670 1437 omnia,
1697 1401 1728 1430 et
1751 1408 1808 1439 per

1035 1461 1131 1491 quem
1151 1452 1260 1482 omnia
1273 1475 1281 1489 ,
1303 1452 1358 1491 qui
1382 1452 1499 1483 multos
1514 1452 1595 1483 filios
1610 1453 1643 1482 in
1667 1453 1806 1492 gloriam

1035 1505 1225 1542 adduxerat,
1258 1507 1420 1535 auctorem
1453 1506 1564 1536 salutis
1592 1514 1719 1543 eorum,
1751 1515 1807 1545 per

1035 1558 1215 1598 passionem
1232 1567 1454 1589 consummare
1471 1559 1520 1598 lbi,
1539 1570 1553 1587 »
1573 1562 1632 1589 etc.
1649 1559 1806 1590 Consum-

1035 1615 1120 1643 mata
1135 1614 1209 1642 sunt
1229 1612 1398 1650 sacrificia3
1415 1613 1500 1643 unde
1514 1613 1628 1644 dicitur
1644 1616 1666 1632 ¹³
1681 1623 1688 1643 :
1708 1625 1723 1642 <x
1740 1613 1809 1644 Una

1035 1665 1120 1695 enim
1134 1665 1166 1703 [ci
1182 1665 1340 1695 oblatione
1352 1667 1587 1696 consummavit
1600 1666 1634 1696 in
1647 1666 1809 1706 sempiter-

1036 1728 1115 1749 num
1131 1719 1353 1749 sanctificatos.
1371 1730 1385 1747 »
1413 1719 1450 1749 Et
1464 1721 1486 1737 ¹⁸
1503 1730 1510 1750 ε
1532 1732 1546 1747 «
1562 1720 1743 1751 Orationem
1762 1720 1807 1751 fa-

1036 1771 1161 1802 ciehant
1175 1781 1286 1802 omnes
1302 1772 1477 1802 sacerdotes
1487 1796 1494 1809 ‚
1511 1772 1589 1802 dum
1604 1781 1807 1804 consumma-

1036 1826 1124 1854 retur
1139 1824 1345 1861 sacrificium,
1370 1835 1385 1852 »
1405 1826 1462 1854 etc.
1487 1824 1711 1856 Consummata
1734 1828 1808 1856 sunt

1035 1879 1233 1908 sacramenta
1243 1878 1263 1893 ¹¹
1276 1888 1282 1907 z
1299 1889 1313 1906 (ι
1324 1877 1557 1908 Consummabo
1571 1887 1667 1918 super
1677 1879 1808 1910 domum

1036 1929 1147 1968 Israel,
1163 1933 1194 1961 et
1213 1939 1309 1969 super
1331 1931 1461 1961 domum
1482 1931 1497 1962 J
1502 1931 1563 1962 uda
1583 1934 1808 1963 testamentum

1035 1992 1156 2014 novum
1175 1992 1182 2013 :
1198 1994 1212 2011 »
1231 1985 1262 2013 et
1281 1983 1341 2014 hoc
1363 1985 1588 2014 testamentum
1604 1993 1807 2016 consumma-

1035 2038 1104 2067 tum
1119 2036 1212 2066 estin
1226 2036 1383 2075 sanguine
1395 2036 1507 2067 Christi
1524 2037 1546 2055 ¹⁶
1561 2047 1591 2067 z«
1605 2037 1662 2068 Hic
1679 2037 1725 2077 (d)
1739 2046 1808 2068 san-

1035 2089 1108 2128 guis
1123 2089 1317 2127 testamenti,
1336 2090 1420 2128 quod
1442 2090 1625 2128 mandavit,
1647 2101 1661 2118 n
1689 2092 1749 2121 etc.
1770 2089 1810 2120 Et

1034 2152 1075 2173 ex
1090 2143 1150 2173 hoc
1164 2142 1332 2182 impletum
1346 2145 1392 2172 est
1407 2145 1632 2174 testamentum
1647 2146 1740 2174 vetus
1750 2166 1758 2180 ‚
1777 2146 1809 2174 et

1035 2196 1142 2226 omnia
1156 2197 1386 2226 consummata.
1406 2195 1443 2225 Et
1466 2195 1535 2226 ideo
1551 2195 1583 2225 in
1598 2195 1698 2235 hujus
1719 2197 1806 2236 figu-

1034 2258 1103 2279 ram
1120 2249 1234 2279 dicitur
1248 2258 1344 2288 supra
1362 2248 1381 2264 ¹⁷
1400 2259 1406 2278 :
1420 2260 1434 2276 «
1449 2248 1528 2279 Ecce
1545 2248 1694 2279 sanitates
1710 2249 1805 2288 perfi-

1035 2302 1081 2332 cio
1096 2302 1190 2332 hodie
1204 2304 1234 2332 et
1249 2311 1335 2339 craS,
1347 2304 1378 2332 et
1389 2302 1482 2331 tertia
1496 2301 1546 2332 die
1559 2310 1776 2332 consummor.
1787 2313 1802 2330 »

1035 2354 1073 2384 Et
1082 2354 1294 2385 ideoJoanues
1306 2355 1349 2384 ait
1360 2356 1380 2373 ¹⁸
1397 2365 1403 2384 z
1415 2366 1430 2383 «
1440 2353 1548 2384 Sciens
1555 2354 1647 2385 Jesus
1657 2355 1732 2394 quia
1741 2363 1806 2385 om-

1034 2407 1086 2437 nia
1102 2410 1322 2438 consummata
1335 2409 1440 2444 sunt,›)
1459 2409 1534 2444 etc„
1553 2407 1665 2437 «dicitz
1682 2406 1803 2444 Siti0;»

1037 2460 1184 2490 subditur
1201 2469 1208 2490 :
1230 2472 1244 2488 «
1259 2460 1337 2490 Cum
1352 2469 1430 2499 ergo
1444 2459 1614 2499 accepisset
1627 2459 1718 2490 Jesus
1734 2468 1804 2490 ace-

1036 2534 1054 2550 ¹⁵
1073 2533 1160 2564 Helm,
1180 2539 1241 2563 vin,
1257 2534 1279 2557 8.
1294 2547 1325 2551 -
1345 2534 1364 2550 ¹⁵
1381 2533 1452 2563 thid,
1469 2538 1508 2562 ix,
1523 2533 1561 2556 20.
1577 2545 1607 2550 —
1628 2532 1645 2549 ¹⁷
1660 2532 1733 2563 Sup.‚
1748 2538 1806 2562 xm,

1034 2570 1073 2593 32.
1088 2583 1114 2586 -
1132 2570 1149 2582 ¹³¹
1163 2570 1243 2597 Joan„
1261 2575 1314 2599 x1x,
1330 2570 1367 2598 28,
1382 2570 1420 2592 30.

1068 2614 1097 2643 (α)
1119 2613 1191 2636 Forte
1210 2613 1341 2643 leyendum
1356 2614 1382 2636 et
1395 2612 1536 2636 doctrinam
1558 2611 1670 2635 veritatis
1684 2614 1709 2636 et
1722 2612 1805 2643 legem

1032 2647 1126 2678 judicii.
1139 2661 1165 2664 —
1185 2647 1215 2677 (b)
1231 2648 1291 2672 Caee.
1303 2647 1362 2671 edit.
1377 2646 1559 2671 consummari.
1570 2658 1600 2664 -
1613 2646 1644 2676 (c)
1660 2648 1720 2671 Item
1731 2647 1806 2671 in.—

1034 2696 1063 2701 —
1075 2683 1113 2714 (11)
1129 2684 1191 2708 Coet.
1206 2683 1266 2707 ertit.
1279 2683 1339 2707 add.
1353 2682 1403 2707 ille.
