<?xml version="1.0" encoding="UTF-8"?>
<!DOCTYPE html PUBLIC "-//W3C//DTD XHTML 1.0 Transitional//EN"
    "http://www.w3.org/TR/xhtml1/DTD/xhtml1-transitional.dtd">
<html xmlns="http://www.w3.org/1999/xhtml" xml:lang="en" lang="en">
 <head>
  <title>
</title>
<meta http-equiv="Content-Type" content="text/html;charset=utf-8" />
  <meta name='ocr-system' content='tesseract 3.04.00' />
  <meta name='ocr-capabilities' content='ocr_page ocr_carea ocr_par ocr_line ocrx_word'/>
</head>
<body>
  <div class='ocr_page' id='page_1' title='image "./operaomniasixtiv11bonauoft/operaomniasixtiv11bonauoft_0288.png"; bbox 0 0 1987 3032; ppageno 0'>
   <div class='ocr_carea' id='block_1_1' title="bbox 92 262 194 320">
    <p class='ocr_par' dir='ltr' id='par_1_1' title="bbox 92 262 194 320">
     <span class='ocr_line' id='line_1_1' title="bbox 106 262 193 283; baseline -0.011 0"><span class='ocrx_word' id='word_1_1' title='bbox 106 262 193 283; x_wconf 73' lang='lat' dir='ltr'>Utilitas</span> 
     </span>
     <span class='ocr_line' id='line_1_2' title="bbox 92 293 194 320; baseline 0 -7"><span class='ocrx_word' id='word_1_2' title='bbox 92 293 194 320; x_wconf 76' lang='lat' dir='ltr'>baptismi</span> 
     </span>
    </p>
   </div>
   <div class='ocr_carea' id='block_1_2' title="bbox 83 2169 188 2285">
    <p class='ocr_par' dir='ltr' id='par_1_2' title="bbox 89 2169 188 2251">
     <span class='ocr_line' id='line_1_3' title="bbox 89 2169 188 2189; baseline -0.01 0"><span class='ocrx_word' id='word_1_3' title='bbox 89 2169 188 2189; x_wconf 74' lang='lat' dir='ltr'>clu-istus</span> 
     </span>
     <span class='ocr_line' id='line_1_4' title="bbox 95 2200 176 2219; baseline -0.012 0"><span class='ocrx_word' id='word_1_4' title='bbox 95 2200 176 2219; x_wconf 71' lang='lat' dir='ltr'>media-</span> 
     </span>
     <span class='ocr_line' id='line_1_5' title="bbox 98 2231 175 2251; baseline 0 -2"><span class='ocrx_word' id='word_1_5' title='bbox 98 2232 139 2251; x_wconf 81' lang='lat' dir='ltr'>tor.</span> <span class='ocrx_word' id='word_1_6' title='bbox 154 2231 175 2249; x_wconf 82' lang='lat' dir='ltr'>et</span> 
     </span>
    </p>

    <p class='ocr_par' dir='ltr' id='par_1_3' title="bbox 83 2259 184 2285">
     <span class='ocr_line' id='line_1_6' title="bbox 83 2259 184 2285; baseline 0 -6"><span class='ocrx_word' id='word_1_7' title='bbox 83 2259 184 2285; x_wconf 80' lang='lat' dir='ltr'>qualiter.</span> 
     </span>
    </p>
   </div>
   <div class='ocr_carea' id='block_1_3' title="bbox 95 2390 191 2415">
    <p class='ocr_par' dir='ltr' id='par_1_4' title="bbox 95 2390 191 2415">
     <span class='ocr_line' id='line_1_7' title="bbox 95 2390 191 2415; baseline -0.01 -4"><span class='ocrx_word' id='word_1_8' title='bbox 95 2390 191 2415; x_wconf 67' lang='lat' dir='ltr'>Quaestio</span> 
     </span>
    </p>
   </div>
   <div class='ocr_carea' id='block_1_4' title="bbox 209 194 267 222">
    <p class='ocr_par' dir='ltr' id='par_1_5' title="bbox 209 194 267 222">
     <span class='ocr_line' id='line_1_8' title="bbox 209 194 267 222; baseline 0 0"><span class='ocrx_word' id='word_1_9' title='bbox 209 194 267 222; x_wconf 75' lang='lat'>270</span> 
     </span>
    </p>
   </div>
   <div class='ocr_carea' id='block_1_5' title="bbox 202 257 975 2581">
    <p class='ocr_par' dir='ltr' id='par_1_6' title="bbox 202 257 975 2420">
     <span class='ocr_line' id='line_1_9' title="bbox 207 257 974 294; baseline 0 -8"><span class='ocrx_word' id='word_1_10' title='bbox 207 257 351 291; x_wconf 77' lang='lat' dir='ltr'>Quaeritur</span> <span class='ocrx_word' id='word_1_11' title='bbox 365 258 402 286; x_wconf 85' lang='lat' dir='ltr'>de</span> <span class='ocrx_word' id='word_1_12' title='bbox 414 258 480 293; x_wconf 85' lang='lat' dir='ltr'>hoc,</span> <span class='ocrx_word' id='word_1_13' title='bbox 491 258 573 294; x_wconf 87' lang='lat' dir='ltr'>quod</span> <span class='ocrx_word' id='word_1_14' title='bbox 587 259 641 286; x_wconf 85' lang='lat' dir='ltr'>ait:</span> <span class='ocrx_word' id='word_1_15' title='bbox 652 258 708 293; x_wconf 73' lang='grc' dir='ltr'>Εςιο</span> <span class='ocrx_word' id='word_1_16' title='bbox 725 258 833 293; x_wconf 75' lang='lat' dir='ltr'>baptizo</span> <span class='ocrx_word' id='word_1_17' title='bbox 847 261 877 286; x_wconf 84' lang='lat' dir='ltr'>in</span> <span class='ocrx_word' id='word_1_18' title='bbox 892 267 974 294; x_wconf 75' lang='lat' dir='ltr'>aqua,</span> 
     </span>
     <span class='ocr_line' id='line_1_10' title="bbox 208 304 974 340; baseline 0 -8"><span class='ocrx_word' id='word_1_19' title='bbox 208 305 290 339; x_wconf 89' lang='lat' dir='ltr'>cujus</span> <span class='ocrx_word' id='word_1_20' title='bbox 305 304 359 332; x_wconf 82' lang='lat' dir='ltr'>fuit</span> <span class='ocrx_word' id='word_1_21' title='bbox 372 304 501 332; x_wconf 79' lang='lat' dir='ltr'>utilitatis</span> <span class='ocrx_word' id='word_1_22' title='bbox 515 305 679 340; x_wconf 80' lang='lat' dir='ltr'>baptismus</span> <span class='ocrx_word' id='word_1_23' title='bbox 694 305 832 332; x_wconf 76' lang='lat' dir='ltr'>Joannis‘?</span> <span class='ocrx_word' id='word_1_24' title='bbox 845 305 974 340; x_wconf 90' lang='lat' dir='ltr'>Videtur,</span> 
     </span>
     <span class='ocr_line' id='line_1_11' title="bbox 207 350 973 386; baseline 0 -8"><span class='ocrx_word' id='word_1_25' title='bbox 207 351 290 386; x_wconf 92' lang='lat' dir='ltr'>quod</span> <span class='ocrx_word' id='word_1_26' title='bbox 306 351 430 384; x_wconf 65' lang='lat' dir='ltr'>numm,</span> <span class='ocrx_word' id='word_1_27' title='bbox 442 351 525 386; x_wconf 86' lang='lat' dir='ltr'>quia,</span> <span class='ocrx_word' id='word_1_28' title='bbox 542 354 571 378; x_wconf 91' lang='lat' dir='ltr'>ut</span> <span class='ocrx_word' id='word_1_29' title='bbox 585 350 857 386; x_wconf 83' lang='lat' dir='ltr'>aitChrysostomus</span> <span class='ocrx_word' id='word_1_30' title='bbox 869 359 973 386; x_wconf 87' lang='lat' dir='ltr'>supra,</span> 
     </span>
     <span class='ocr_line' id='line_1_12' title="bbox 207 397 975 432; baseline 0 -8"><span class='ocrx_word' id='word_1_31' title='bbox 207 399 268 424; x_wconf 86' lang='lat' dir='ltr'>erat</span> <span class='ocrx_word' id='word_1_32' title='bbox 281 405 407 432; x_wconf 77' lang='lat' dir='ltr'>parmm</span> <span class='ocrx_word' id='word_1_33' title='bbox 421 400 447 424; x_wconf 89' lang='lat' dir='ltr'>ct</span> <span class='ocrx_word' id='word_1_34' title='bbox 461 397 516 424; x_wconf 84' lang='lat' dir='ltr'>vile</span> <span class='ocrx_word' id='word_1_35' title='bbox 526 418 533 430; x_wconf 91' lang='lat'>,</span> <span class='ocrx_word' id='word_1_36' title='bbox 549 399 576 424; x_wconf 92' lang='lat' dir='ltr'>et</span> <span class='ocrx_word' id='word_1_37' title='bbox 591 397 675 432; x_wconf 78' lang='lat' dir='ltr'>quasi</span> <span class='ocrx_word' id='word_1_38' title='bbox 688 397 754 432; x_wconf 91' lang='lat' dir='ltr'>plus</span> <span class='ocrx_word' id='word_1_39' title='bbox 769 398 843 424; x_wconf 90' lang='lat' dir='ltr'>nihil</span> <span class='ocrx_word' id='word_1_40' title='bbox 863 397 975 425; x_wconf 86' lang='lat' dir='ltr'>habens</span> 
     </span>
     <span class='ocr_line' id='line_1_13' title="bbox 206 443 975 478; baseline 0.001 -8"><span class='ocrx_word' id='word_1_41' title='bbox 206 450 301 478; x_wconf 85' lang='lat' dir='ltr'>aqua,</span> <span class='ocrx_word' id='word_1_42' title='bbox 318 445 345 470; x_wconf 88' lang='lat' dir='ltr'>et</span> <span class='ocrx_word' id='word_1_43' title='bbox 363 444 403 470; x_wconf 84' lang='lat' dir='ltr'>sic</span> <span class='ocrx_word' id='word_1_44' title='bbox 423 443 539 470; x_wconf 83' lang='lat' dir='ltr'>videtur</span> <span class='ocrx_word' id='word_1_45' title='bbox 562 451 623 470; x_wconf 86' lang='lat' dir='ltr'>esse</span> <span class='ocrx_word' id='word_1_46' title='bbox 647 443 755 470; x_wconf 88' lang='lat' dir='ltr'>nullius</span> <span class='ocrx_word' id='word_1_47' title='bbox 776 443 914 471; x_wconf 80' lang='lat' dir='ltr'>utilitatis.</span> <span class='ocrx_word' id='word_1_48' title='bbox 931 444 975 471; x_wconf 81' lang='lat' dir='ltr'>Ad</span> 
     </span>
     <span class='ocr_line' id='line_1_14' title="bbox 206 489 975 526; baseline 0.003 -10"><span class='ocrx_word' id='word_1_49' title='bbox 206 489 382 516; x_wconf 87' lang='lat' dir='ltr'>contrarium</span> <span class='ocrx_word' id='word_1_50' title='bbox 398 490 548 524; x_wconf 69' lang='lat' dir='ltr'>quaeritur,</span> <span class='ocrx_word' id='word_1_51' title='bbox 565 489 666 524; x_wconf 80' lang='lat' dir='ltr'>quod¹</span> <span class='ocrx_word' id='word_1_52' title='bbox 684 499 697 514; x_wconf 87' lang='lat'>«</span> <span class='ocrx_word' id='word_1_53' title='bbox 714 489 762 516; x_wconf 77' lang='lat' dir='ltr'>lex</span> <span class='ocrx_word' id='word_1_54' title='bbox 779 492 806 516; x_wconf 87' lang='lat' dir='ltr'>et</span> <span class='ocrx_word' id='word_1_55' title='bbox 825 490 975 526; x_wconf 66' lang='lat' dir='ltr'>prophetae</span> 
     </span>
     <span class='ocr_line' id='line_1_15' title="bbox 205 535 974 570; baseline 0.003 -8"><span class='ocrx_word' id='word_1_56' title='bbox 205 542 298 570; x_wconf 89' lang='lat' dir='ltr'>usque</span> <span class='ocrx_word' id='word_1_57' title='bbox 327 535 365 562; x_wconf 86' lang='lat' dir='ltr'>ad</span> <span class='ocrx_word' id='word_1_58' title='bbox 391 537 534 562; x_wconf 74' lang='lat' dir='ltr'>loannem</span> <span class='ocrx_word' id='word_1_59' title='bbox 549 545 562 561; x_wconf 86' lang='lat'>»</span> <span class='ocrx_word' id='word_1_60' title='bbox 585 544 591 562; x_wconf 90' lang='lat'>:</span> <span class='ocrx_word' id='word_1_61' title='bbox 610 535 634 562; x_wconf 88' lang='lat' dir='ltr'>si</span> <span class='ocrx_word' id='word_1_62' title='bbox 662 543 732 570; x_wconf 90' lang='lat' dir='ltr'>ergo</span> <span class='ocrx_word' id='word_1_63' title='bbox 760 539 974 564; x_wconf 85' lang='lat' dir='ltr'>sacramentum</span> 
     </span>
     <span class='ocr_line' id='line_1_16' title="bbox 206 581 974 617; baseline 0.003 -9"><span class='ocrx_word' id='word_1_64' title='bbox 206 581 447 616; x_wconf 77' lang='lat' dir='ltr'>circumcisionis,</span> <span class='ocrx_word' id='word_1_65' title='bbox 463 582 546 617; x_wconf 86' lang='lat' dir='ltr'>quod</span> <span class='ocrx_word' id='word_1_66' title='bbox 564 582 594 609; x_wconf 92' lang='lat' dir='ltr'>in</span> <span class='ocrx_word' id='word_1_67' title='bbox 614 582 679 617; x_wconf 87' lang='lat' dir='ltr'>lege</span> <span class='ocrx_word' id='word_1_68' title='bbox 701 583 872 610; x_wconf 87' lang='lat' dir='ltr'>servabatur</span> <span class='ocrx_word' id='word_1_69' title='bbox 883 604 890 617; x_wconf 94' lang='lat'>,</span> <span class='ocrx_word' id='word_1_70' title='bbox 907 591 974 610; x_wconf 88' lang='lat' dir='ltr'>con-</span> 
     </span>
     <span class='ocr_line' id='line_1_17' title="bbox 205 626 974 664; baseline 0.004 -11"><span class='ocrx_word' id='word_1_71' title='bbox 205 626 317 654; x_wconf 78' lang='lat' dir='ltr'>serebat</span> <span class='ocrx_word' id='word_1_72' title='bbox 331 627 471 662; x_wconf 80' lang='lat' dir='ltr'>gratiam,</span> <span class='ocrx_word' id='word_1_73' title='bbox 488 628 580 655; x_wconf 89' lang='lat' dir='ltr'>multo</span> <span class='ocrx_word' id='word_1_74' title='bbox 596 629 688 663; x_wconf 84' lang='lat' dir='ltr'>magis</span> <span class='ocrx_word' id='word_1_75' title='bbox 705 629 868 664; x_wconf 79' lang='lat' dir='ltr'>baptismus</span> <span class='ocrx_word' id='word_1_76' title='bbox 886 631 974 656; x_wconf 86' lang='lat' dir='ltr'>Joan-</span> 
     </span>
     <span class='ocr_line' id='line_1_18' title="bbox 205 673 975 709; baseline 0.005 -10"><span class='ocrx_word' id='word_1_77' title='bbox 205 673 259 700; x_wconf 80' lang='lat' dir='ltr'>niS.</span> <span class='ocrx_word' id='word_1_78' title='bbox 275 674 307 700; x_wconf 89' lang='lat' dir='ltr'>Et</span> <span class='ocrx_word' id='word_1_79' title='bbox 322 673 361 700; x_wconf 88' lang='lat' dir='ltr'>ad</span> <span class='ocrx_word' id='word_1_80' title='bbox 375 673 453 700; x_wconf 87' lang='lat' dir='ltr'>istud</span> <span class='ocrx_word' id='word_1_81' title='bbox 472 674 715 709; x_wconf 88' lang='lat' dir='ltr'>respondendum</span> <span class='ocrx_word' id='word_1_82' title='bbox 734 675 897 702; x_wconf 89' lang='lat' dir='ltr'>secundum</span> <span class='ocrx_word' id='word_1_83' title='bbox 912 677 975 703; x_wconf 89' lang='lat' dir='ltr'>Gre-</span> 
     </span>
     <span class='ocr_line' id='line_1_19' title="bbox 205 719 975 757; baseline 0.003 -11"><span class='ocrx_word' id='word_1_84' title='bbox 205 719 323 753; x_wconf 87' lang='lat' dir='ltr'>gorium</span> <span class='ocrx_word' id='word_1_85' title='bbox 336 720 346 735; x_wconf 68' lang='lat'>2</span> <span class='ocrx_word' id='word_1_86' title='bbox 356 740 365 754; x_wconf 95' lang='lat'>,</span> <span class='ocrx_word' id='word_1_87' title='bbox 380 720 462 755; x_wconf 90' lang='lat' dir='ltr'>quod</span> <span class='ocrx_word' id='word_1_88' title='bbox 475 721 601 747; x_wconf 73' lang='lat' dir='ltr'>loannes</span> <span class='ocrx_word' id='word_1_89' title='bbox 614 728 676 748; x_wconf 89' lang='lat' dir='ltr'>non</span> <span class='ocrx_word' id='word_1_90' title='bbox 690 721 793 756; x_wconf 88' lang='lat' dir='ltr'>spiritu</span> <span class='ocrx_word' id='word_1_91' title='bbox 802 742 810 755; x_wconf 92' lang='lat'>,</span> <span class='ocrx_word' id='word_1_92' title='bbox 829 721 882 748; x_wconf 85' lang='lat' dir='ltr'>sed</span> <span class='ocrx_word' id='word_1_93' title='bbox 897 729 975 757; x_wconf 84' lang='lat' dir='ltr'>aqua</span> 
     </span>
     <span class='ocr_line' id='line_1_20' title="bbox 205 764 975 802; baseline 0.004 -11"><span class='ocrx_word' id='word_1_94' title='bbox 205 764 310 792; x_wconf 88' lang='lat' dir='ltr'>dicitur</span> <span class='ocrx_word' id='word_1_95' title='bbox 336 765 502 801; x_wconf 85' lang='lat' dir='ltr'>baptizare,</span> <span class='ocrx_word' id='word_1_96' title='bbox 527 766 597 802; x_wconf 84' lang='lat' dir='ltr'>quia</span> <span class='ocrx_word' id='word_1_97' title='bbox 620 768 741 802; x_wconf 84' lang='lat' dir='ltr'>peccata</span> <span class='ocrx_word' id='word_1_98' title='bbox 770 767 884 794; x_wconf 91' lang='lat' dir='ltr'>solvere</span> <span class='ocrx_word' id='word_1_99' title='bbox 914 775 975 794; x_wconf 84' lang='lat' dir='ltr'>non</span> 
     </span>
     <span class='ocr_line' id='line_1_21' title="bbox 203 810 975 848; baseline 0.003 -10"><span class='ocrx_word' id='word_1_100' title='bbox 203 810 321 846; x_wconf 79' lang='lat' dir='ltr'>valens,</span> <span class='ocrx_word' id='word_1_101' title='bbox 343 819 468 847; x_wconf 90' lang='lat' dir='ltr'>corpora</span> <span class='ocrx_word' id='word_1_102' title='bbox 492 820 545 846; x_wconf 91' lang='lat' dir='ltr'>per</span> <span class='ocrx_word' id='word_1_103' title='bbox 569 820 679 848; x_wconf 84' lang='lat' dir='ltr'>aquam</span> <span class='ocrx_word' id='word_1_104' title='bbox 697 813 791 847; x_wconf 85' lang='lat' dir='ltr'>lavat,</span> <span class='ocrx_word' id='word_1_105' title='bbox 807 815 835 840; x_wconf 91' lang='lat' dir='ltr'>et</span> <span class='ocrx_word' id='word_1_106' title='bbox 856 821 975 840; x_wconf 89' lang='lat' dir='ltr'>servans</span> 
     </span>
     <span class='ocr_line' id='line_1_22' title="bbox 205 858 974 895; baseline 0.001 -10"><span class='ocrx_word' id='word_1_107' title='bbox 205 858 341 886; x_wconf 87' lang='lat' dir='ltr'>ordinem</span> <span class='ocrx_word' id='word_1_108' title='bbox 368 867 427 886; x_wconf 77' lang='lat' dir='ltr'>suae</span> <span class='ocrx_word' id='word_1_109' title='bbox 454 860 675 894; x_wconf 77' lang='lat' dir='ltr'>praecursionis,</span> <span class='ocrx_word' id='word_1_110' title='bbox 700 860 856 886; x_wconf 91' lang='lat' dir='ltr'>Dominum</span> <span class='ocrx_word' id='word_1_111' title='bbox 879 860 974 895; x_wconf 85' lang='lat' dir='ltr'>bapti-</span> 
     </span>
     <span class='ocr_line' id='line_1_23' title="bbox 204 905 972 941; baseline 0 -9"><span class='ocrx_word' id='word_1_112' title='bbox 204 905 299 932; x_wconf 89' lang='lat' dir='ltr'>zando</span> <span class='ocrx_word' id='word_1_113' title='bbox 314 905 465 940; x_wconf 76' lang='lat' dir='ltr'>praevenit.</span> <span class='ocrx_word' id='word_1_114' title='bbox 476 906 555 932; x_wconf 85' lang='lat' dir='ltr'><strong>Unde</strong></span> <span class='ocrx_word' id='word_1_115' title='bbox 568 908 629 932; x_wconf 88' lang='lat' dir='ltr'>erat</span> <span class='ocrx_word' id='word_1_116' title='bbox 638 906 668 932; x_wconf 90' lang='lat' dir='ltr'>in</span> <span class='ocrx_word' id='word_1_117' title='bbox 681 905 927 941; x_wconf 62' lang='lat' dir='ltr'>praeparationem</span> <span class='ocrx_word' id='word_1_118' title='bbox 937 906 972 940; x_wconf 79' lang='grc' dir='ltr'>(α)</span> 
     </span>
     <span class='ocr_line' id='line_1_24' title="bbox 204 951 974 986; baseline 0.003 -9"><span class='ocrx_word' id='word_1_119' title='bbox 204 951 243 977; x_wconf 87' lang='lat' dir='ltr'>ad</span> <span class='ocrx_word' id='word_1_120' title='bbox 255 951 435 986; x_wconf 87' lang='lat' dir='ltr'>baptismum</span> <span class='ocrx_word' id='word_1_121' title='bbox 443 952 556 983; x_wconf 78' lang='lat' dir='ltr'>Christi,</span> <span class='ocrx_word' id='word_1_122' title='bbox 567 952 669 979; x_wconf 91' lang='lat' dir='ltr'>nonin</span> <span class='ocrx_word' id='word_1_123' title='bbox 680 952 854 980; x_wconf 89' lang='lat' dir='ltr'>remedium.</span> <span class='ocrx_word' id='word_1_124' title='bbox 866 963 878 978; x_wconf 87' lang='lat'>»</span> <span class='ocrx_word' id='word_1_125' title='bbox 892 954 923 979; x_wconf 89' lang='lat' dir='ltr'>Et</span> <span class='ocrx_word' id='word_1_126' title='bbox 939 952 974 979; x_wconf 90' lang='lat' dir='ltr'>de</span> 
     </span>
     <span class='ocr_line' id='line_1_25' title="bbox 203 996 974 1034; baseline 0.001 -10"><span class='ocrx_word' id='word_1_127' title='bbox 203 996 259 1024; x_wconf 82' lang='lat' dir='ltr'>hoe</span> <span class='ocrx_word' id='word_1_128' title='bbox 284 997 360 1024; x_wconf 87' lang='lat' dir='ltr'>bene</span> <span class='ocrx_word' id='word_1_129' title='bbox 380 999 476 1032; x_wconf 79' lang='lat' dir='ltr'>Ilugo,</span> <span class='ocrx_word' id='word_1_130' title='bbox 497 998 547 1025; x_wconf 80' lang='lat' dir='ltr'>uhi</span> <span class='ocrx_word' id='word_1_131' title='bbox 572 998 611 1025; x_wconf 88' lang='lat' dir='ltr'>ait</span> <span class='ocrx_word' id='word_1_132' title='bbox 626 1000 636 1015; x_wconf 85' lang='lat'>³</span> <span class='ocrx_word' id='word_1_133' title='bbox 650 1019 659 1033; x_wconf 91' lang='lat'><em>‚</em></span> <span class='ocrx_word' id='word_1_134' title='bbox 675 998 757 1034; x_wconf 87' lang='lat' dir='ltr'>quod</span> <span class='ocrx_word' id='word_1_135' title='bbox 776 999 806 1025; x_wconf 91' lang='lat' dir='ltr'>in</span> <span class='ocrx_word' id='word_1_136' title='bbox 826 999 974 1034; x_wconf 86' lang='lat' dir='ltr'>baptismo</span> 
     </span>
     <span class='ocr_line' id='line_1_26' title="bbox 202 1043 974 1079; baseline 0.003 -9"><span class='ocrx_word' id='word_1_137' title='bbox 202 1043 322 1070; x_wconf 69' lang='lat' dir='ltr'>loannis</span> <span class='ocrx_word' id='word_1_138' title='bbox 343 1052 396 1078; x_wconf 88' lang='lat' dir='ltr'>per</span> <span class='ocrx_word' id='word_1_139' title='bbox 414 1044 615 1071; x_wconf 82' lang='lat' dir='ltr'>intinctionem</span> <span class='ocrx_word' id='word_1_140' title='bbox 643 1052 727 1079; x_wconf 78' lang='lat' dir='ltr'>aquae</span> <span class='ocrx_word' id='word_1_141' title='bbox 755 1045 851 1072; x_wconf 88' lang='lat' dir='ltr'>solum</span> <span class='ocrx_word' id='word_1_142' title='bbox 872 1053 974 1075; x_wconf 63' lang='lat' dir='ltr'>‚sacra-</span> 
     </span>
     <span class='ocr_line' id='line_1_27' title="bbox 203 1090 975 1125; baseline 0.003 -9"><span class='ocrx_word' id='word_1_143' title='bbox 203 1091 335 1116; x_wconf 90' lang='lat' dir='ltr'>mentum</span> <span class='ocrx_word' id='word_1_144' title='bbox 351 1090 496 1122; x_wconf 88' lang='lat' dir='ltr'>dabatur;</span> <span class='ocrx_word' id='word_1_145' title='bbox 512 1090 542 1116; x_wconf 87' lang='lat' dir='ltr'>in</span> <span class='ocrx_word' id='word_1_146' title='bbox 555 1090 703 1125; x_wconf 87' lang='lat' dir='ltr'>baptismo</span> <span class='ocrx_word' id='word_1_147' title='bbox 718 1090 834 1125; x_wconf 77' lang='lat' dir='ltr'>Christi,</span> <span class='ocrx_word' id='word_1_148' title='bbox 846 1099 892 1118; x_wconf 91' lang='lat' dir='ltr'>res</span> <span class='ocrx_word' id='word_1_149' title='bbox 907 1100 975 1118; x_wconf 90' lang='lat' dir='ltr'>cum</span> 
     </span>
     <span class='ocr_line' id='line_1_28' title="bbox 203 1136 971 1171; baseline 0.003 -9"><span class='ocrx_word' id='word_1_150' title='bbox 203 1138 386 1163; x_wconf 84' lang='lat' dir='ltr'>sacramento</span> <span class='ocrx_word' id='word_1_151' title='bbox 408 1136 576 1171; x_wconf 78' lang='lat' dir='ltr'>percipitur.</span> <span class='ocrx_word' id='word_1_152' title='bbox 600 1146 613 1161; x_wconf 75' lang='lat' dir='ltr'>n</span> <span class='ocrx_word' id='word_1_153' title='bbox 632 1138 664 1163; x_wconf 90' lang='lat' dir='ltr'>Et</span> <span class='ocrx_word' id='word_1_154' title='bbox 685 1136 726 1163; x_wconf 91' lang='lat' dir='ltr'>ibi</span> <span class='ocrx_word' id='word_1_155' title='bbox 748 1136 824 1163; x_wconf 88' lang='lat' dir='ltr'>bene</span> <span class='ocrx_word' id='word_1_156' title='bbox 845 1137 882 1164; x_wconf 88' lang='lat' dir='ltr'>de</span> <span class='ocrx_word' id='word_1_157' title='bbox 905 1137 971 1164; x_wconf 89' lang='lat' dir='ltr'>hoc.</span> 
     </span>
     <span class='ocr_line' id='line_1_29' title="bbox 203 1182 971 1217; baseline 0.003 -8"><span class='ocrx_word' id='word_1_158' title='bbox 203 1182 339 1209; x_wconf 82' lang='lat' dir='ltr'>Similiter</span> <span class='ocrx_word' id='word_1_159' title='bbox 348 1182 384 1209; x_wconf 86' lang='lat' dir='ltr'>dc</span> <span class='ocrx_word' id='word_1_160' title='bbox 397 1182 452 1209; x_wconf 85' lang='lat' dir='ltr'>hoc</span> <span class='ocrx_word' id='word_1_161' title='bbox 461 1183 618 1217; x_wconf 84' lang='lat' dir='ltr'>baptismo,</span> <span class='ocrx_word' id='word_1_162' title='bbox 631 1185 736 1217; x_wconf 90' lang='lat' dir='ltr'>quarto</span> <span class='ocrx_word' id='word_1_163' title='bbox 746 1184 943 1210; x_wconf 74' lang='lat' dir='ltr'>Sententiarum</span> <span class='ocrx_word' id='word_1_164' title='bbox 952 1184 971 1211; x_wconf 67' lang='lat'>².</span> 
     </span>
     <span class='ocr_line' id='line_1_30' title="bbox 203 1228 974 1263; baseline 0.001 -8"><span class='ocrx_word' id='word_1_165' title='bbox 203 1228 273 1255; x_wconf 84' lang='lat' dir='ltr'>Item</span> <span class='ocrx_word' id='word_1_166' title='bbox 297 1229 435 1263; x_wconf 82' lang='lat' dir='ltr'>quaeritur</span> <span class='ocrx_word' id='word_1_167' title='bbox 458 1229 494 1255; x_wconf 85' lang='lat' dir='ltr'>de</span> <span class='ocrx_word' id='word_1_168' title='bbox 510 1229 581 1262; x_wconf 89' lang='lat' dir='ltr'>hoc,</span> <span class='ocrx_word' id='word_1_169' title='bbox 597 1228 679 1263; x_wconf 90' lang='lat' dir='ltr'>quod</span> <span class='ocrx_word' id='word_1_170' title='bbox 705 1229 745 1255; x_wconf 92' lang='lat' dir='ltr'>ait</span> <span class='ocrx_word' id='word_1_171' title='bbox 767 1238 773 1256; x_wconf 78' lang='grc' dir='ltr'>ε</span> <span class='ocrx_word' id='word_1_172' title='bbox 791 1230 896 1256; x_wconf 68' lang='lat' dir='ltr'>Medius</span> <span class='ocrx_word' id='word_1_173' title='bbox 919 1238 974 1256; x_wconf 75' lang='lat' dir='ltr'>res-</span> 
     </span>
     <span class='ocr_line' id='line_1_31' title="bbox 204 1274 974 1310; baseline 0.004 -10"><span class='ocrx_word' id='word_1_174' title='bbox 204 1277 275 1301; x_wconf 83' lang='lat' dir='ltr'>trum</span> <span class='ocrx_word' id='word_1_175' title='bbox 297 1276 388 1306; x_wconf 84' lang='lat' dir='ltr'>stetit,</span> <span class='ocrx_word' id='word_1_176' title='bbox 408 1274 533 1308; x_wconf 87' lang='lat' dir='ltr'>videtur,</span> <span class='ocrx_word' id='word_1_177' title='bbox 556 1274 638 1310; x_wconf 88' lang='lat' dir='ltr'>quod</span> <span class='ocrx_word' id='word_1_178' title='bbox 663 1283 730 1301; x_wconf 88' lang='lat' dir='ltr'>cum</span> <span class='ocrx_word' id='word_1_179' title='bbox 753 1275 880 1302; x_wconf 86' lang='lat' dir='ltr'>Christus</span> <span class='ocrx_word' id='word_1_180' title='bbox 901 1278 974 1304; x_wconf 89' lang='lat' dir='ltr'>esset</span> 
     </span>
     <span class='ocr_line' id='line_1_32' title="bbox 204 1320 972 1357; baseline 0.003 -11"><span class='ocrx_word' id='word_1_181' title='bbox 204 1322 305 1355; x_wconf 89' lang='lat' dir='ltr'>caput,</span> <span class='ocrx_word' id='word_1_182' title='bbox 318 1320 400 1355; x_wconf 88' lang='lat' dir='ltr'>quod</span> <span class='ocrx_word' id='word_1_183' title='bbox 416 1320 565 1347; x_wconf 81' lang='lat' dir='ltr'>debuisset</span> <span class='ocrx_word' id='word_1_184' title='bbox 580 1320 689 1348; x_wconf 76' lang='lat' dir='ltr'>dixisse</span> <span class='ocrx_word' id='word_1_185' title='bbox 704 1321 789 1348; x_wconf 90' lang='lat' dir='ltr'>illum</span> <span class='ocrx_word' id='word_1_186' title='bbox 807 1329 868 1348; x_wconf 83' lang='lat' dir='ltr'>esse</span> <span class='ocrx_word' id='word_1_187' title='bbox 883 1330 972 1357; x_wconf 85' lang='lat' dir='ltr'>supra</span> 
     </span>
     <span class='ocr_line' id='line_1_33' title="bbox 204 1366 974 1404; baseline 0.001 -10"><span class='ocrx_word' id='word_1_188' title='bbox 204 1374 269 1400; x_wconf 66' lang='grc' dir='ltr'>θος,</span> <span class='ocrx_word' id='word_1_189' title='bbox 284 1374 345 1394; x_wconf 87' lang='lat' dir='ltr'>non</span> <span class='ocrx_word' id='word_1_190' title='bbox 360 1366 389 1393; x_wconf 94' lang='lat' dir='ltr'>in</span> <span class='ocrx_word' id='word_1_191' title='bbox 404 1367 517 1401; x_wconf 88' lang='lat' dir='ltr'>medio,</span> <span class='ocrx_word' id='word_1_192' title='bbox 539 1367 611 1394; x_wconf 83' lang='lat' dir='ltr'>sicut</span> <span class='ocrx_word' id='word_1_193' title='bbox 634 1368 662 1394; x_wconf 85' lang='lat' dir='ltr'>et</span> <span class='ocrx_word' id='word_1_194' title='bbox 683 1367 735 1402; x_wconf 73' lang='lat' dir='ltr'>ait,</span> <span class='ocrx_word' id='word_1_195' title='bbox 752 1368 834 1403; x_wconf 86' lang='lat' dir='ltr'>quod</span> <span class='ocrx_word' id='word_1_196' title='bbox 850 1370 915 1395; x_wconf 85' lang='lat' dir='ltr'>ante</span> <span class='ocrx_word' id='word_1_197' title='bbox 930 1369 974 1404; x_wconf 91' lang='lat' dir='ltr'>ip-</span> 
     </span>
     <span class='ocr_line' id='line_1_34' title="bbox 204 1414 974 1450; baseline 0.003 -10"><span class='ocrx_word' id='word_1_198' title='bbox 204 1421 269 1440; x_wconf 87' lang='lat' dir='ltr'>sum</span> <span class='ocrx_word' id='word_1_199' title='bbox 286 1415 359 1447; x_wconf 83' lang='lat' dir='ltr'>erat,</span> <span class='ocrx_word' id='word_1_200' title='bbox 376 1414 446 1448; x_wconf 88' lang='lat' dir='ltr'>quia</span> <span class='ocrx_word' id='word_1_201' title='bbox 460 1414 515 1441; x_wconf 88' lang='lat' dir='ltr'>sibi</span> <span class='ocrx_word' id='word_1_202' title='bbox 530 1414 681 1449; x_wconf 81' lang='lat' dir='ltr'>praelatus,</span> <span class='ocrx_word' id='word_1_203' title='bbox 696 1416 727 1441; x_wconf 89' lang='lat' dir='ltr'>ut</span> <span class='ocrx_word' id='word_1_204' title='bbox 752 1416 794 1441; x_wconf 87' lang='lat' dir='ltr'>est</span> <span class='ocrx_word' id='word_1_205' title='bbox 808 1415 974 1450; x_wconf 76' lang='lat' dir='ltr'>expositum</span> 
     </span>
     <span class='ocr_line' id='line_1_35' title="bbox 204 1460 974 1496; baseline 0.003 -9"><span class='ocrx_word' id='word_1_206' title='bbox 204 1460 365 1488; x_wconf 90' lang='lat' dir='ltr'>secundum</span> <span class='ocrx_word' id='word_1_207' title='bbox 381 1461 561 1495; x_wconf 86' lang='lat' dir='ltr'>Gregorium.</span> <span class='ocrx_word' id='word_1_208' title='bbox 577 1461 621 1488; x_wconf 81' lang='lat' dir='ltr'>Ad</span> <span class='ocrx_word' id='word_1_209' title='bbox 636 1461 713 1488; x_wconf 88' lang='lat' dir='ltr'>istud</span> <span class='ocrx_word' id='word_1_210' title='bbox 732 1462 974 1496; x_wconf 86' lang='lat' dir='ltr'>respondendum</span> 
     </span>
     <span class='ocr_line' id='line_1_36' title="bbox 203 1506 973 1542; baseline 0.001 -8"><span class='ocrx_word' id='word_1_211' title='bbox 203 1506 383 1541; x_wconf 86' lang='lat' dir='ltr'>litteraliter,</span> <span class='ocrx_word' id='word_1_212' title='bbox 406 1507 488 1542; x_wconf 89' lang='lat' dir='ltr'>quod</span> <span class='ocrx_word' id='word_1_213' title='bbox 510 1507 577 1534; x_wconf 89' lang='lat' dir='ltr'>ideo</span> <span class='ocrx_word' id='word_1_214' title='bbox 601 1507 641 1534; x_wconf 84' lang='lat' dir='ltr'>ait</span> <span class='ocrx_word' id='word_1_215' title='bbox 666 1507 708 1534; x_wconf 89' lang='lat' dir='ltr'>ibi</span> <span class='ocrx_word' id='word_1_216' title='bbox 731 1515 799 1534; x_wconf 88' lang='lat' dir='ltr'>eum</span> <span class='ocrx_word' id='word_1_217' title='bbox 820 1508 973 1542; x_wconf 87' lang='lat' dir='ltr'>medium,</span> 
     </span>
     <span class='ocr_line' id='line_1_37' title="bbox 205 1553 972 1589; baseline 0.001 -9"><span class='ocrx_word' id='word_1_218' title='bbox 205 1553 275 1588; x_wconf 90' lang='lat' dir='ltr'>quia</span> <span class='ocrx_word' id='word_1_219' title='bbox 289 1561 416 1588; x_wconf 62' lang='lat' dir='ltr'>praesens</span> <span class='ocrx_word' id='word_1_220' title='bbox 431 1553 471 1580; x_wconf 91' lang='lat' dir='ltr'>eis</span> <span class='ocrx_word' id='word_1_221' title='bbox 491 1553 661 1588; x_wconf 84' lang='lat' dir='ltr'>apparebat.</span> <span class='ocrx_word' id='word_1_222' title='bbox 676 1554 844 1580; x_wconf 75' lang='lat' dir='ltr'>Secundum</span> <span class='ocrx_word' id='word_1_223' title='bbox 862 1555 972 1589; x_wconf 86' lang='lat' dir='ltr'>Grego-</span> 
     </span>
     <span class='ocr_line' id='line_1_38' title="bbox 204 1600 974 1636; baseline 0.001 -9"><span class='ocrx_word' id='word_1_224' title='bbox 204 1600 282 1627; x_wconf 89' lang='lat' dir='ltr'>rium</span> <span class='ocrx_word' id='word_1_225' title='bbox 305 1601 314 1616; x_wconf 61' lang='lat' dir='ltr'><strong>a</strong></span> <span class='ocrx_word' id='word_1_226' title='bbox 333 1609 339 1627; x_wconf 91' lang='lat'>:</span> <span class='ocrx_word' id='word_1_227' title='bbox 362 1610 376 1625; x_wconf 90' lang='lat'>«</span> <span class='ocrx_word' id='word_1_228' title='bbox 399 1602 496 1636; x_wconf 87' lang='lat' dir='ltr'>Ipsum</span> <span class='ocrx_word' id='word_1_229' title='bbox 520 1601 549 1627; x_wconf 92' lang='lat' dir='ltr'>in</span> <span class='ocrx_word' id='word_1_230' title='bbox 571 1601 670 1628; x_wconf 85' lang='lat' dir='ltr'>medio</span> <span class='ocrx_word' id='word_1_231' title='bbox 690 1601 845 1628; x_wconf 91' lang='lat' dir='ltr'>hominum</span> <span class='ocrx_word' id='word_1_232' title='bbox 864 1602 974 1629; x_wconf 86' lang='lat' dir='ltr'>stetisse</span> 
     </span>
     <span class='ocr_line' id='line_1_39' title="bbox 205 1646 973 1682; baseline 0.001 -9"><span class='ocrx_word' id='word_1_233' title='bbox 205 1646 306 1673; x_wconf 88' lang='lat' dir='ltr'>asserit</span> <span class='ocrx_word' id='word_1_234' title='bbox 319 1646 460 1680; x_wconf 77' lang='lat' dir='ltr'>loannes,</span> <span class='ocrx_word' id='word_1_235' title='bbox 478 1648 505 1674; x_wconf 86' lang='lat' dir='ltr'>et</span> <span class='ocrx_word' id='word_1_236' title='bbox 519 1647 622 1674; x_wconf 85' lang='lat' dir='ltr'>nesciri</span> <span class='ocrx_word' id='word_1_237' title='bbox 637 1647 684 1682; x_wconf 80' lang='lat' dir='ltr'>(b),</span> <span class='ocrx_word' id='word_1_238' title='bbox 700 1647 769 1682; x_wconf 87' lang='lat' dir='ltr'>quia</span> <span class='ocrx_word' id='word_1_239' title='bbox 783 1655 836 1682; x_wconf 85' lang='lat' dir='ltr'>per</span> <span class='ocrx_word' id='word_1_240' title='bbox 854 1655 973 1674; x_wconf 86' lang='lat' dir='ltr'>carnem</span> 
     </span>
     <span class='ocr_line' id='line_1_40' title="bbox 204 1692 974 1729; baseline 0.001 -10"><span class='ocrx_word' id='word_1_241' title='bbox 204 1692 345 1720; x_wconf 89' lang='lat' dir='ltr'>Dominus</span> <span class='ocrx_word' id='word_1_242' title='bbox 361 1700 521 1728; x_wconf 88' lang='lat' dir='ltr'>apparens,</span> <span class='ocrx_word' id='word_1_243' title='bbox 536 1695 563 1720; x_wconf 91' lang='lat' dir='ltr'>et</span> <span class='ocrx_word' id='word_1_244' title='bbox 586 1693 710 1720; x_wconf 85' lang='lat' dir='ltr'>visibilis</span> <span class='ocrx_word' id='word_1_245' title='bbox 731 1693 822 1720; x_wconf 73' lang='lat' dir='ltr'>extitit</span> <span class='ocrx_word' id='word_1_246' title='bbox 835 1701 974 1729; x_wconf 87' lang='lat' dir='ltr'>corpore,</span> 
     </span>
     <span class='ocr_line' id='line_1_41' title="bbox 205 1738 975 1773; baseline 0.001 -8"><span class='ocrx_word' id='word_1_247' title='bbox 205 1740 232 1766; x_wconf 87' lang='lat' dir='ltr'>et</span> <span class='ocrx_word' id='word_1_248' title='bbox 245 1738 400 1766; x_wconf 87' lang='lat' dir='ltr'>invisibilis</span> <span class='ocrx_word' id='word_1_249' title='bbox 421 1739 581 1773; x_wconf 84' lang='lat' dir='ltr'>majestate.</span> <span class='ocrx_word' id='word_1_250' title='bbox 598 1750 610 1763; x_wconf 72' lang='lat'>&gt;1</span> <span class='ocrx_word' id='word_1_251' title='bbox 629 1739 756 1772; x_wconf 84' lang='lat' dir='ltr'>Qualiter</span> <span class='ocrx_word' id='word_1_252' title='bbox 778 1741 876 1766; x_wconf 81' lang='lat' dir='ltr'>autem</span> <span class='ocrx_word' id='word_1_253' title='bbox 896 1740 975 1767; x_wconf 89' lang='lat' dir='ltr'>Chri-</span> 
     </span>
     <span class='ocr_line' id='line_1_42' title="bbox 204 1785 974 1818; baseline 0.003 -7"><span class='ocrx_word' id='word_1_254' title='bbox 204 1786 264 1812; x_wconf 84' lang='lat' dir='ltr'>stus</span> <span class='ocrx_word' id='word_1_255' title='bbox 284 1788 326 1812; x_wconf 86' lang='lat' dir='ltr'>est</span> <span class='ocrx_word' id='word_1_256' title='bbox 347 1785 481 1818; x_wconf 81' lang='lat' dir='ltr'>medius,</span> <span class='ocrx_word' id='word_1_257' title='bbox 503 1785 534 1812; x_wconf 91' lang='lat' dir='ltr'>id</span> <span class='ocrx_word' id='word_1_258' title='bbox 558 1787 601 1812; x_wconf 89' lang='lat' dir='ltr'>cst</span> <span class='ocrx_word' id='word_1_259' title='bbox 620 1785 765 1813; x_wconf 86' lang='lat' dir='ltr'>mediator</span> <span class='ocrx_word' id='word_1_260' title='bbox 782 1785 974 1813; x_wconf 89' lang='lat' dir='ltr'>reconcilians</span> 
     </span>
     <span class='ocr_line' id='line_1_43' title="bbox 204 1830 974 1866; baseline 0.001 -8"><span class='ocrx_word' id='word_1_261' title='bbox 204 1830 278 1858; x_wconf 88' lang='lat' dir='ltr'>inter</span> <span class='ocrx_word' id='word_1_262' title='bbox 302 1832 392 1858; x_wconf 92' lang='lat' dir='ltr'>Deum</span> <span class='ocrx_word' id='word_1_263' title='bbox 420 1833 447 1858; x_wconf 91' lang='lat' dir='ltr'>et</span> <span class='ocrx_word' id='word_1_264' title='bbox 473 1839 566 1866; x_wconf 86' lang='lat' dir='ltr'>genus</span> <span class='ocrx_word' id='word_1_265' title='bbox 591 1831 774 1865; x_wconf 84' lang='lat' dir='ltr'>humanum,</span> <span class='ocrx_word' id='word_1_266' title='bbox 797 1832 974 1866; x_wconf 84' lang='lat' dir='ltr'>Augustinus</span> 
     </span>
     <span class='ocr_line' id='line_1_44' title="bbox 203 1876 974 1913; baseline 0.003 -9"><span class='ocrx_word' id='word_1_267' title='bbox 203 1877 279 1904; x_wconf 87' lang='lat' dir='ltr'>bene</span> <span class='ocrx_word' id='word_1_268' title='bbox 289 1877 299 1893; x_wconf 79' lang='lat'><strong>⁶</strong></span> <span class='ocrx_word' id='word_1_269' title='bbox 314 1898 323 1911; x_wconf 94' lang='lat'>,</span> <span class='ocrx_word' id='word_1_270' title='bbox 338 1877 390 1904; x_wconf 86' lang='lat' dir='ltr'>ubi</span> <span class='ocrx_word' id='word_1_271' title='bbox 404 1877 444 1904; x_wconf 87' lang='lat' dir='ltr'>ait</span> <span class='ocrx_word' id='word_1_272' title='bbox 463 1886 468 1904; x_wconf 93' lang='lat'>:</span> <span class='ocrx_word' id='word_1_273' title='bbox 486 1876 630 1910; x_wconf 86' lang='lat' dir='ltr'>Proinde,</span> <span class='ocrx_word' id='word_1_274' title='bbox 644 1877 739 1913; x_wconf 90' lang='lat' dir='ltr'>inquit</span> <span class='ocrx_word' id='word_1_275' title='bbox 751 1898 760 1910; x_wconf 94' lang='lat'>,</span> <span class='ocrx_word' id='word_1_276' title='bbox 780 1878 974 1906; x_wconf 85' lang='lat' dir='ltr'>mediatorem</span> 
     </span>
     <span class='ocr_line' id='line_1_45' title="bbox 203 1923 973 1957; baseline 0.003 -7"><span class='ocrx_word' id='word_1_277' title='bbox 203 1923 277 1951; x_wconf 89' lang='lat' dir='ltr'>inter</span> <span class='ocrx_word' id='word_1_278' title='bbox 303 1931 358 1951; x_wconf 91' lang='lat' dir='ltr'>nos</span> <span class='ocrx_word' id='word_1_279' title='bbox 385 1926 412 1951; x_wconf 93' lang='lat' dir='ltr'>et</span> <span class='ocrx_word' id='word_1_280' title='bbox 440 1925 548 1957; x_wconf 89' lang='lat' dir='ltr'>Deum,</span> <span class='ocrx_word' id='word_1_281' title='bbox 574 1926 602 1951; x_wconf 89' lang='lat' dir='ltr'>et</span> <span class='ocrx_word' id='word_1_282' title='bbox 626 1924 834 1951; x_wconf 78' lang='lat' dir='ltr'>mortalitatem</span> <span class='ocrx_word' id='word_1_283' title='bbox 863 1924 973 1952; x_wconf 85' lang='lat' dir='ltr'>habere</span> 
     </span>
     <span class='ocr_line' id='line_1_46' title="bbox 204 1969 973 2006; baseline 0.003 -10"><span class='ocrx_word' id='word_1_284' title='bbox 204 1969 333 2004; x_wconf 88' lang='lat' dir='ltr'>oportuit</span> <span class='ocrx_word' id='word_1_285' title='bbox 346 1971 560 2004; x_wconf 78' lang='lat' dir='ltr'>transeuntem,</span> <span class='ocrx_word' id='word_1_286' title='bbox 577 1972 604 1997; x_wconf 91' lang='lat' dir='ltr'>et</span> <span class='ocrx_word' id='word_1_287' title='bbox 624 1970 838 1997; x_wconf 84' lang='lat' dir='ltr'>beatitudinem</span> <span class='ocrx_word' id='word_1_288' title='bbox 859 1978 973 2006; x_wconf 83' lang='lat' dir='ltr'>perma-</span> 
     </span>
     <span class='ocr_line' id='line_1_47' title="bbox 202 2016 974 2051; baseline 0.001 -8"><span class='ocrx_word' id='word_1_289' title='bbox 202 2018 333 2050; x_wconf 86' lang='lat' dir='ltr'>nentem,</span> <span class='ocrx_word' id='word_1_290' title='bbox 355 2018 386 2042; x_wconf 82' lang='lat' dir='ltr'>ut</span> <span class='ocrx_word' id='word_1_291' title='bbox 405 2024 457 2051; x_wconf 90' lang='lat' dir='ltr'>per</span> <span class='ocrx_word' id='word_1_292' title='bbox 485 2016 515 2042; x_wconf 89' lang='lat' dir='ltr'>id</span> <span class='ocrx_word' id='word_1_293' title='bbox 544 2016 627 2051; x_wconf 88' lang='lat' dir='ltr'>quod</span> <span class='ocrx_word' id='word_1_294' title='bbox 652 2016 773 2049; x_wconf 84' lang='lat' dir='ltr'>transit,</span> <span class='ocrx_word' id='word_1_295' title='bbox 798 2018 974 2051; x_wconf 82' lang='lat' dir='ltr'>congrueret</span> 
     </span>
     <span class='ocr_line' id='line_1_48' title="bbox 202 2062 974 2097; baseline 0.001 -8"><span class='ocrx_word' id='word_1_296' title='bbox 202 2062 361 2096; x_wconf 76' lang='lat' dir='ltr'>morituriS,</span> <span class='ocrx_word' id='word_1_297' title='bbox 379 2063 406 2089; x_wconf 88' lang='lat' dir='ltr'>et</span> <span class='ocrx_word' id='word_1_298' title='bbox 421 2062 460 2089; x_wconf 85' lang='lat' dir='ltr'>ad</span> <span class='ocrx_word' id='word_1_299' title='bbox 478 2062 509 2088; x_wconf 90' lang='lat' dir='ltr'>id</span> <span class='ocrx_word' id='word_1_300' title='bbox 526 2062 607 2097; x_wconf 88' lang='lat' dir='ltr'>quod</span> <span class='ocrx_word' id='word_1_301' title='bbox 622 2063 791 2097; x_wconf 85' lang='lat' dir='ltr'>permanet,</span> <span class='ocrx_word' id='word_1_302' title='bbox 807 2062 974 2090; x_wconf 78' lang='lat' dir='ltr'>transferret</span> 
     </span>
     <span class='ocr_line' id='line_1_49' title="bbox 203 2108 974 2142; baseline 0.001 -7"><span class='ocrx_word' id='word_1_303' title='bbox 203 2117 238 2135; x_wconf 77' lang='lat' dir='ltr'>ex</span> <span class='ocrx_word' id='word_1_304' title='bbox 253 2109 385 2136; x_wconf 85' lang='lat' dir='ltr'>mortuis.</span> <span class='ocrx_word' id='word_1_305' title='bbox 402 2117 415 2134; x_wconf 80' lang='lat'>»</span> <span class='ocrx_word' id='word_1_306' title='bbox 433 2110 466 2135; x_wconf 89' lang='lat' dir='ltr'>Et</span> <span class='ocrx_word' id='word_1_307' title='bbox 488 2108 529 2135; x_wconf 92' lang='lat' dir='ltr'>ibi</span> <span class='ocrx_word' id='word_1_308' title='bbox 553 2108 629 2135; x_wconf 88' lang='lat' dir='ltr'>bene</span> <span class='ocrx_word' id='word_1_309' title='bbox 645 2108 681 2135; x_wconf 88' lang='lat' dir='ltr'>de</span> <span class='ocrx_word' id='word_1_310' title='bbox 695 2109 762 2136; x_wconf 88' lang='lat' dir='ltr'>hoc.</span> <span class='ocrx_word' id='word_1_311' title='bbox 783 2109 911 2142; x_wconf 80' lang='lat' dir='ltr'>Qualiter</span> <span class='ocrx_word' id='word_1_312' title='bbox 923 2117 974 2136; x_wconf 86' lang='lat' dir='ltr'>au-</span> 
     </span>
     <span class='ocr_line' id='line_1_50' title="bbox 202 2154 973 2190; baseline 0 -8"><span class='ocrx_word' id='word_1_313' title='bbox 202 2156 261 2182; x_wconf 87' lang='lat' dir='ltr'>tem</span> <span class='ocrx_word' id='word_1_314' title='bbox 281 2155 335 2182; x_wconf 82' lang='lat' dir='ltr'>fuit</span> <span class='ocrx_word' id='word_1_315' title='bbox 358 2155 388 2182; x_wconf 91' lang='lat' dir='ltr'>in</span> <span class='ocrx_word' id='word_1_316' title='bbox 402 2154 501 2182; x_wconf 87' lang='lat' dir='ltr'>medio</span> <span class='ocrx_word' id='word_1_317' title='bbox 527 2156 720 2188; x_wconf 86' lang='lat' dir='ltr'>monstratus,</span> <span class='ocrx_word' id='word_1_318' title='bbox 735 2154 812 2182; x_wconf 83' lang='lat' dir='ltr'>infra</span> <span class='ocrx_word' id='word_1_319' title='bbox 825 2155 938 2190; x_wconf 81' lang='lat' dir='ltr'>patebit</span> <span class='ocrx_word' id='word_1_320' title='bbox 952 2156 973 2190; x_wconf 87' lang='lat'>⁷,</span> 
     </span>
     <span class='ocr_line' id='line_1_51' title="bbox 203 2200 970 2235; baseline -0.001 -8"><span class='ocrx_word' id='word_1_321' title='bbox 203 2200 254 2227; x_wconf 91' lang='lat' dir='ltr'>ubi</span> <span class='ocrx_word' id='word_1_322' title='bbox 275 2201 380 2228; x_wconf 81' lang='lat' dir='ltr'>dicitur</span> <span class='ocrx_word' id='word_1_323' title='bbox 396 2210 402 2228; x_wconf 92' lang='lat'>:</span> <span class='ocrx_word' id='word_1_324' title='bbox 421 2210 433 2226; x_wconf 88' lang='lat'>«</span> <span class='ocrx_word' id='word_1_325' title='bbox 449 2200 527 2228; x_wconf 88' lang='lat' dir='ltr'>Stetit</span> <span class='ocrx_word' id='word_1_326' title='bbox 544 2200 573 2227; x_wconf 89' lang='lat' dir='ltr'>in</span> <span class='ocrx_word' id='word_1_327' title='bbox 594 2200 694 2227; x_wconf 90' lang='lat' dir='ltr'>medio</span> <span class='ocrx_word' id='word_1_328' title='bbox 717 2200 941 2235; x_wconf 86' lang='lat' dir='ltr'>discipulorum.</span> <span class='ocrx_word' id='word_1_329' title='bbox 957 2212 970 2227; x_wconf 84' lang='lat'>»</span> 
     </span>
     <span class='ocr_line' id='line_1_52' title="bbox 203 2246 970 2274; baseline 0 -2"><span class='ocrx_word' id='word_1_330' title='bbox 203 2248 213 2263; x_wconf 76' lang='lat'>⁸</span> <span class='ocrx_word' id='word_1_331' title='bbox 231 2256 244 2272; x_wconf 71' lang='grc' dir='ltr'><strong>κ</strong></span> <span class='ocrx_word' id='word_1_332' title='bbox 259 2248 336 2274; x_wconf 91' lang='lat' dir='ltr'>Unus</span> <span class='ocrx_word' id='word_1_333' title='bbox 351 2247 429 2274; x_wconf 89' lang='lat' dir='ltr'>enim</span> <span class='ocrx_word' id='word_1_334' title='bbox 446 2249 487 2274; x_wconf 86' lang='lat' dir='ltr'>est</span> <span class='ocrx_word' id='word_1_335' title='bbox 509 2246 654 2273; x_wconf 73' lang='lat' dir='ltr'>mediator</span> <span class='ocrx_word' id='word_1_336' title='bbox 669 2246 718 2272; x_wconf 89' lang='lat' dir='ltr'>Dei</span> <span class='ocrx_word' id='word_1_337' title='bbox 733 2248 761 2273; x_wconf 88' lang='lat' dir='ltr'>et</span> <span class='ocrx_word' id='word_1_338' title='bbox 774 2246 938 2274; x_wconf 89' lang='lat' dir='ltr'>hominum.</span> <span class='ocrx_word' id='word_1_339' title='bbox 956 2257 970 2273; x_wconf 86' lang='lat'>»</span> 
     </span>
     <span class='ocr_line' id='line_1_53' title="bbox 204 2292 972 2328; baseline -0.001 -8"><span class='ocrx_word' id='word_1_340' title='bbox 204 2294 274 2320; x_wconf 86' lang='lat' dir='ltr'>Item</span> <span class='ocrx_word' id='word_1_341' title='bbox 290 2294 426 2328; x_wconf 82' lang='lat' dir='ltr'>quaeritur</span> <span class='ocrx_word' id='word_1_342' title='bbox 441 2293 478 2320; x_wconf 92' lang='lat' dir='ltr'>de</span> <span class='ocrx_word' id='word_1_343' title='bbox 493 2292 549 2320; x_wconf 88' lang='lat' dir='ltr'>hoc</span> <span class='ocrx_word' id='word_1_344' title='bbox 561 2313 569 2326; x_wconf 92' lang='lat'>,</span> <span class='ocrx_word' id='word_1_345' title='bbox 586 2292 669 2327; x_wconf 90' lang='lat' dir='ltr'>quod</span> <span class='ocrx_word' id='word_1_346' title='bbox 684 2292 723 2319; x_wconf 85' lang='lat' dir='ltr'>ait</span> <span class='ocrx_word' id='word_1_347' title='bbox 738 2301 746 2318; x_wconf 74' lang='grc' dir='ltr'><em>ι</em></span> <span class='ocrx_word' id='word_1_348' title='bbox 762 2293 823 2320; x_wconf 80' lang='lat' dir='ltr'>Non</span> <span class='ocrx_word' id='word_1_349' title='bbox 847 2300 905 2319; x_wconf 83' lang='lat' dir='ltr'>sum</span> <span class='ocrx_word' id='word_1_350' title='bbox 929 2293 972 2319; x_wconf 85' lang='lat' dir='ltr'>cli-</span> 
     </span>
     <span class='ocr_line' id='line_1_54' title="bbox 205 2339 972 2373; baseline 0.001 -8"><span class='ocrx_word' id='word_1_351' title='bbox 205 2346 272 2373; x_wconf 69' lang='lat' dir='ltr'>qnus</span> <span class='ocrx_word' id='word_1_352' title='bbox 282 2341 312 2365; x_wconf 86' lang='lat' dir='ltr'>ut</span> <span class='ocrx_word' id='word_1_353' title='bbox 323 2340 423 2366; x_wconf 79' lang='lat' dir='ltr'>solvam</span> <span class='ocrx_word' id='word_1_354' title='bbox 441 2340 583 2372; x_wconf 56' lang='lat' dir='ltr'>corrigiam</span> <span class='ocrx_word' id='word_1_355' title='bbox 604 2339 790 2372; x_wconf 73' lang='lat' dir='ltr'>calceamenti,</span> <span class='ocrx_word' id='word_1_356' title='bbox 807 2340 858 2365; x_wconf 85' lang='lat' dir='ltr'>etc.</span> <span class='ocrx_word' id='word_1_357' title='bbox 878 2347 884 2365; x_wconf 75' lang='grc' dir='ltr'>ε</span> <span class='ocrx_word' id='word_1_358' title='bbox 902 2346 972 2373; x_wconf 84' lang='lat' dir='ltr'>ergo</span> 
     </span>
     <span class='ocr_line' id='line_1_55' title="bbox 206 2384 971 2420; baseline 0.001 -9"><span class='ocrx_word' id='word_1_359' title='bbox 206 2392 242 2412; x_wconf 79' lang='lat' dir='ltr'>ex</span> <span class='ocrx_word' id='word_1_360' title='bbox 252 2384 308 2412; x_wconf 90' lang='lat' dir='ltr'>hoc</span> <span class='ocrx_word' id='word_1_361' title='bbox 323 2385 453 2420; x_wconf 89' lang='lat' dir='ltr'>implicat</span> <span class='ocrx_word' id='word_1_362' title='bbox 468 2385 612 2412; x_wconf 87' lang='lat' dir='ltr'>Christum</span> <span class='ocrx_word' id='word_1_363' title='bbox 624 2386 755 2419; x_wconf 84' lang='lat' dir='ltr'>portasse</span> <span class='ocrx_word' id='word_1_364' title='bbox 764 2384 971 2419; x_wconf 85' lang='lat' dir='ltr'>calceamenta,</span> 
     </span>
    </p>

    <p class='ocr_par' dir='ltr' id='par_1_7' title="bbox 205 2444 973 2581">
     <span class='ocr_line' id='line_1_56' title="bbox 236 2444 971 2475; baseline -0.001 -8"><span class='ocrx_word' id='word_1_365' title='bbox 236 2445 244 2460; x_wconf 92' lang='lat'>¹</span> <span class='ocrx_word' id='word_1_366' title='bbox 257 2444 358 2474; x_wconf 67' lang='lat' dir='ltr'>mmm,</span> <span class='ocrx_word' id='word_1_367' title='bbox 372 2450 408 2473; x_wconf 80' lang='lat' dir='ltr'>xi,</span> <span class='ocrx_word' id='word_1_368' title='bbox 425 2446 459 2468; x_wconf 78' lang='lat'>13.</span> <span class='ocrx_word' id='word_1_369' title='bbox 471 2457 500 2461; x_wconf 91' lang='lat'>—</span> <span class='ocrx_word' id='word_1_370' title='bbox 515 2446 523 2458; x_wconf 72' lang='lat'><strong>²</strong></span> <span class='ocrx_word' id='word_1_371' title='bbox 535 2446 621 2474; x_wconf 84' lang='lat' dir='ltr'>Greg.‚</span> <span class='ocrx_word' id='word_1_372' title='bbox 634 2444 676 2467; x_wconf 88' lang='lat' dir='ltr'>ubi</span> <span class='ocrx_word' id='word_1_373' title='bbox 687 2451 754 2474; x_wconf 87' lang='lat' dir='ltr'>sup.,</span> <span class='ocrx_word' id='word_1_374' title='bbox 764 2451 789 2467; x_wconf 93' lang='lat' dir='ltr'>n.</span> <span class='ocrx_word' id='word_1_375' title='bbox 804 2445 827 2467; x_wconf 88' lang='grc'>3.</span> <span class='ocrx_word' id='word_1_376' title='bbox 837 2457 864 2461; x_wconf 85' lang='grc'>-</span> <span class='ocrx_word' id='word_1_377' title='bbox 876 2444 886 2460; x_wconf 81' lang='lat'><strong>³</strong></span> <span class='ocrx_word' id='word_1_378' title='bbox 897 2445 971 2475; x_wconf 41' lang='grc' dir='ltr'>Ηυξ,</span> 
     </span>
     <span class='ocr_line' id='line_1_57' title="bbox 205 2479 971 2509; baseline 0 -7"><span class='ocrx_word' id='word_1_379' title='bbox 205 2479 235 2502; x_wconf 74' lang='lat' dir='ltr'>de</span> <span class='ocrx_word' id='word_1_380' title='bbox 255 2479 377 2507; x_wconf 61' lang='lat' dir='ltr'>Sacram„</span> <span class='ocrx_word' id='word_1_381' title='bbox 396 2479 438 2502; x_wconf 88' lang='lat' dir='ltr'>lib.</span> <span class='ocrx_word' id='word_1_382' title='bbox 463 2480 496 2508; x_wconf 83' lang='lat' dir='ltr'>ll,</span> <span class='ocrx_word' id='word_1_383' title='bbox 516 2481 581 2508; x_wconf 87' lang='lat' dir='ltr'>part.</span> <span class='ocrx_word' id='word_1_384' title='bbox 605 2479 653 2508; x_wconf 76' lang='lat' dir='ltr'>Vt,</span> <span class='ocrx_word' id='word_1_385' title='bbox 669 2485 691 2502; x_wconf 90' lang='lat' dir='ltr'>c.</span> <span class='ocrx_word' id='word_1_386' title='bbox 713 2484 748 2502; x_wconf 80' lang='lat' dir='ltr'>vl.</span> <span class='ocrx_word' id='word_1_387' title='bbox 761 2492 792 2496; x_wconf 93' lang='lat'>—</span> <span class='ocrx_word' id='word_1_388' title='bbox 812 2479 823 2495; x_wconf 75' lang='lat'><strong>⁴</strong></span> <span class='ocrx_word' id='word_1_389' title='bbox 842 2480 872 2503; x_wconf 83' lang='lat' dir='ltr'>lv</span> <span class='ocrx_word' id='word_1_390' title='bbox 893 2480 971 2509; x_wconf 74' lang='lat' dir='ltr'>Seri!¹⁷</span> 
     </span>
     <span class='ocr_line' id='line_1_58' title="bbox 205 2514 973 2546; baseline 0 -8"><span class='ocrx_word' id='word_1_391' title='bbox 205 2515 262 2539; x_wconf 86' lang='lat' dir='ltr'>dist..</span> <span class='ocrx_word' id='word_1_392' title='bbox 275 2520 303 2544; x_wconf 83' lang='lat'>11,</span> <span class='ocrx_word' id='word_1_393' title='bbox 314 2514 367 2544; x_wconf 89' lang='lat' dir='ltr'>huj.</span> <span class='ocrx_word' id='word_1_394' title='bbox 380 2517 474 2538; x_wconf 77' lang='lat' dir='ltr'>nostrae</span> <span class='ocrx_word' id='word_1_395' title='bbox 487 2514 546 2537; x_wconf 84' lang='lat' dir='ltr'>edit.</span> <span class='ocrx_word' id='word_1_396' title='bbox 561 2516 623 2537; x_wconf 85' lang='lat' dir='ltr'>tom.</span> <span class='ocrx_word' id='word_1_397' title='bbox 636 2514 667 2543; x_wconf 78' lang='lat' dir='ltr'>V,</span> <span class='ocrx_word' id='word_1_398' title='bbox 680 2521 738 2544; x_wconf 82' lang='lat' dir='ltr'>pag.</span> <span class='ocrx_word' id='word_1_399' title='bbox 755 2515 808 2537; x_wconf 77' lang='lat'>282.</span> <span class='ocrx_word' id='word_1_400' title='bbox 819 2527 849 2531; x_wconf 89' lang='lat'>—</span> <span class='ocrx_word' id='word_1_401' title='bbox 861 2515 872 2532; x_wconf 83' lang='lat'>⁵</span> <span class='ocrx_word' id='word_1_402' title='bbox 886 2516 973 2546; x_wconf 82' lang='lat' dir='ltr'>Greg.,</span> 
     </span>
     <span class='ocr_line' id='line_1_59' title="bbox 205 2549 971 2581; baseline -0.003 -7"><span class='ocrx_word' id='word_1_403' title='bbox 205 2550 249 2574; x_wconf 89' lang='lat' dir='ltr'>ubi</span> <span class='ocrx_word' id='word_1_404' title='bbox 267 2557 323 2581; x_wconf 89' lang='lat' dir='ltr'>sup.</span> <span class='ocrx_word' id='word_1_405' title='bbox 340 2563 372 2568; x_wconf 89' lang='lat'><em>-</em></span> <span class='ocrx_word' id='word_1_406' title='bbox 392 2550 402 2566; x_wconf 70' lang='grc' dir='ltr'>θ</span> <span class='ocrx_word' id='word_1_407' title='bbox 424 2551 498 2579; x_wconf 63' lang='lat' dir='ltr'>Aug„</span> <span class='ocrx_word' id='word_1_408' title='bbox 518 2549 547 2572; x_wconf 82' lang='lat' dir='ltr'>dc</span> <span class='ocrx_word' id='word_1_409' title='bbox 569 2549 646 2572; x_wconf 74' lang='lat' dir='ltr'>Cn&#39;vit.</span> <span class='ocrx_word' id='word_1_410' title='bbox 666 2550 729 2577; x_wconf 81' lang='lat' dir='ltr'>Dei,</span> <span class='ocrx_word' id='word_1_411' title='bbox 748 2549 790 2573; x_wconf 84' lang='lat' dir='ltr'>lib.</span> <span class='ocrx_word' id='word_1_412' title='bbox 815 2550 861 2580; x_wconf 80' lang='lat' dir='ltr'>lx,</span> <span class='ocrx_word' id='word_1_413' title='bbox 884 2557 906 2573; x_wconf 93' lang='lat' dir='ltr'>c.</span> <span class='ocrx_word' id='word_1_414' title='bbox 930 2556 971 2579; x_wconf 78' lang='lat' dir='ltr'>xv,</span> 
     </span>
    </p>
   </div>
   <div class='ocr_carea' id='block_1_6' title="bbox 205 2584 972 2651">
    <p class='ocr_par' dir='ltr' id='par_1_8' title="bbox 205 2584 972 2651">
     <span class='ocr_line' id='line_1_60' title="bbox 205 2584 971 2614; baseline -0.001 -5"><span class='ocrx_word' id='word_1_415' title='bbox 205 2587 263 2609; x_wconf 83' lang='lat' dir='ltr'>unte</span> <span class='ocrx_word' id='word_1_416' title='bbox 282 2585 348 2609; x_wconf 86' lang='lat' dir='ltr'>med.</span> <span class='ocrx_word' id='word_1_417' title='bbox 369 2597 398 2603; x_wconf 95' lang='lat'><em>-</em></span> <span class='ocrx_word' id='word_1_418' title='bbox 419 2584 428 2600; x_wconf 94' lang='lat'>⁷</span> <span class='ocrx_word' id='word_1_419' title='bbox 452 2584 509 2614; x_wconf 68' lang='lat' dir='ltr'>lus„</span> <span class='ocrx_word' id='word_1_420' title='bbox 528 2590 576 2613; x_wconf 82' lang='lat' dir='ltr'>xx,</span> <span class='ocrx_word' id='word_1_421' title='bbox 601 2586 638 2607; x_wconf 81' lang='lat'>19.</span> <span class='ocrx_word' id='word_1_422' title='bbox 653 2596 683 2602; x_wconf 84' lang='lat'>--</span> <span class='ocrx_word' id='word_1_423' title='bbox 701 2584 709 2597; x_wconf 80' lang='lat'>⁸</span> <span class='ocrx_word' id='word_1_424' title='bbox 729 2584 736 2607; x_wconf 90' lang='grc' dir='ltr'>Ι</span> <span class='ocrx_word' id='word_1_425' title='bbox 761 2584 832 2612; x_wconf 79' lang='lat' dir='ltr'>Tim.⁷</span> <span class='ocrx_word' id='word_1_426' title='bbox 855 2590 884 2613; x_wconf 80' lang='lat'>11,</span> <span class='ocrx_word' id='word_1_427' title='bbox 904 2586 927 2608; x_wconf 87' lang='lat'>5.</span> <span class='ocrx_word' id='word_1_428' title='bbox 944 2597 971 2602; x_wconf 85' lang='lat'>—</span> 
     </span>
     <span class='ocr_line' id='line_1_61' title="bbox 205 2618 972 2651; baseline 0 -7"><span class='ocrx_word' id='word_1_429' title='bbox 205 2620 215 2636; x_wconf 80' lang='lat'><strong>⁹</strong></span> <span class='ocrx_word' id='word_1_430' title='bbox 230 2620 345 2651; x_wconf 65' lang='lat' dir='ltr'>Hieron„</span> <span class='ocrx_word' id='word_1_431' title='bbox 364 2620 397 2644; x_wconf 78' lang='lat' dir='ltr'>ud</span> <span class='ocrx_word' id='word_1_432' title='bbox 409 2619 534 2648; x_wconf 68' lang='lat' dir='ltr'>Eustocli„</span> <span class='ocrx_word' id='word_1_433' title='bbox 549 2618 624 2649; x_wconf 88' lang='lat' dir='ltr'>epist.</span> <span class='ocrx_word' id='word_1_434' title='bbox 642 2624 712 2648; x_wconf 80' lang='lat' dir='ltr'>xxu,</span> <span class='ocrx_word' id='word_1_435' title='bbox 727 2618 777 2643; x_wconf 88' lang='lat' dir='ltr'>col.</span> <span class='ocrx_word' id='word_1_436' title='bbox 791 2619 853 2643; x_wconf 85' lang='lat' dir='ltr'>mihi</span> <span class='ocrx_word' id='word_1_437' title='bbox 873 2621 925 2644; x_wconf 75' lang='lat'>178.</span> <span class='ocrx_word' id='word_1_438' title='bbox 942 2632 972 2637; x_wconf 97' lang='lat'><strong>—</strong></span> 
     </span>
    </p>
   </div>
   <div class='ocr_carea' id='block_1_7' title="bbox 727 191 1284 225">
    <p class='ocr_par' dir='ltr' id='par_1_9' title="bbox 727 191 1284 225">
     <span class='ocr_line' id='line_1_62' title="bbox 727 191 1284 225; baseline 0.005 -3"><span class='ocrx_word' id='word_1_439' title='bbox 727 191 939 223; x_wconf 85' lang='lat' dir='ltr'>EVANGELll</span> <span class='ocrx_word' id='word_1_440' title='bbox 962 192 1103 224; x_wconf 89' lang='lat' dir='ltr'>SANCTI</span> <span class='ocrx_word' id='word_1_441' title='bbox 1124 193 1284 225; x_wconf 81' lang='lat' dir='ltr'><strong>JOANNIS</strong></span> 
     </span>
    </p>
   </div>
   <div class='ocr_carea' id='block_1_8' title="bbox 1033 260 1917 320">
    <p class='ocr_par' dir='ltr' id='par_1_10' title="bbox 1033 260 1917 320">
     <span class='ocr_line' id='line_1_63' title="bbox 1033 260 1906 297; baseline 0.001 -10"><span class='ocrx_word' id='word_1_442' title='bbox 1033 260 1114 294; x_wconf 76' lang='lat' dir='ltr'>quus</span> <span class='ocrx_word' id='word_1_443' title='bbox 1129 260 1308 288; x_wconf 84' lang='lat' dir='ltr'>eontrarium</span> <span class='ocrx_word' id='word_1_444' title='bbox 1323 260 1363 288; x_wconf 89' lang='lat' dir='ltr'>ait</span> <span class='ocrx_word' id='word_1_445' title='bbox 1372 260 1578 297; x_wconf 70' lang='lat' dir='ltr'>Hieronymus,</span> <span class='ocrx_word' id='word_1_446' title='bbox 1594 263 1626 289; x_wconf 93' lang='lat' dir='ltr'>ut</span> <span class='ocrx_word' id='word_1_447' title='bbox 1639 262 1756 290; x_wconf 83' lang='lat' dir='ltr'>videtur</span> <span class='ocrx_word' id='word_1_448' title='bbox 1768 264 1797 290; x_wconf 77' lang='lat'>⁸:</span> <span class='ocrx_word' id='word_1_449' title='bbox 1824 267 1851 288; x_wconf 74' lang='lat' dir='ltr'>de</span> <span class='ocrx_word' id='word_1_450' title='bbox 1861 267 1906 288; x_wconf 70' lang='grc' dir='ltr'>ω-</span> 
     </span>
     <span class='ocr_line' id='line_1_64' title="bbox 1814 305 1917 320; baseline 0 0"><span class='ocrx_word' id='word_1_451' title='bbox 1814 305 1917 320; x_wconf 65' lang='lat' dir='ltr'>men·</span> 
     </span>
    </p>
   </div>
   <div class='ocr_carea' id='block_1_9' title="bbox 1027 307 1802 2375">
    <p class='ocr_par' dir='ltr' id='par_1_11' title="bbox 1027 307 1802 2375">
     <span class='ocr_line' id='line_1_65' title="bbox 1035 307 1798 343; baseline 0.004 -10"><span class='ocrx_word' id='word_1_452' title='bbox 1035 317 1048 332; x_wconf 86' lang='lat'>«</span> <span class='ocrx_word' id='word_1_453' title='bbox 1063 307 1200 342; x_wconf 81' lang='lat' dir='ltr'>Discipuli</span> <span class='ocrx_word' id='word_1_454' title='bbox 1214 307 1275 334; x_wconf 88' lang='lat' dir='ltr'>sine</span> <span class='ocrx_word' id='word_1_455' title='bbox 1290 308 1555 335; x_wconf 81' lang='lat' dir='ltr'>calceamentorum</span> <span class='ocrx_word' id='word_1_456' title='bbox 1577 316 1677 343; x_wconf 85' lang='lat' dir='ltr'>onere,</span> <span class='ocrx_word' id='word_1_457' title='bbox 1692 311 1720 337; x_wconf 86' lang='lat' dir='ltr'>et</span> <span class='ocrx_word' id='word_1_458' title='bbox 1733 309 1798 336; x_wconf 84' lang='lat' dir='ltr'>vin-</span> 
     </span>
     <span class='ocr_line' id='line_1_66' title="bbox 1033 353 1800 390; baseline 0.004 -11"><span class='ocrx_word' id='word_1_459' title='bbox 1033 353 1105 380; x_wconf 86' lang='lat' dir='ltr'>culis</span> <span class='ocrx_word' id='word_1_460' title='bbox 1118 353 1240 388; x_wconf 89' lang='lat' dir='ltr'>pellium</span> <span class='ocrx_word' id='word_1_461' title='bbox 1255 353 1293 381; x_wconf 86' lang='lat' dir='ltr'>ad</span> <span class='ocrx_word' id='word_1_462' title='bbox 1307 354 1545 389; x_wconf 78' lang='lat' dir='ltr'>praedicationem</span> <span class='ocrx_word' id='word_1_463' title='bbox 1560 355 1630 382; x_wconf 85' lang='lat' dir='ltr'>novi</span> <span class='ocrx_word' id='word_1_464' title='bbox 1650 355 1800 390; x_wconf 78' lang='lat' dir='ltr'>Evangelii</span> 
     </span>
     <span class='ocr_line' id='line_1_67' title="bbox 1033 399 1800 429; baseline 0.003 -3"><span class='ocrx_word' id='word_1_465' title='bbox 1033 399 1223 426; x_wconf 88' lang='lat' dir='ltr'>destinantur.</span> <span class='ocrx_word' id='word_1_466' title='bbox 1239 411 1252 424; x_wconf 80' lang='grc' dir='ltr'><strong>υ</strong></span> <span class='ocrx_word' id='word_1_467' title='bbox 1272 401 1303 427; x_wconf 88' lang='lat' dir='ltr'>Et</span> <span class='ocrx_word' id='word_1_468' title='bbox 1317 400 1428 427; x_wconf 89' lang='lat' dir='ltr'>ibidem</span> <span class='ocrx_word' id='word_1_469' title='bbox 1443 409 1450 427; x_wconf 90' lang='lat'>:</span> <span class='ocrx_word' id='word_1_470' title='bbox 1470 410 1484 426; x_wconf 84' lang='lat'>«</span> <span class='ocrx_word' id='word_1_471' title='bbox 1499 401 1599 429; x_wconf 75' lang='lat' dir='ltr'>Milites</span> <span class='ocrx_word' id='word_1_472' title='bbox 1622 401 1800 428; x_wconf 88' lang='lat' dir='ltr'>vestimentis</span> 
     </span>
     <span class='ocr_line' id='line_1_68' title="bbox 1031 445 1800 483; baseline 0.004 -11"><span class='ocrx_word' id='word_1_473' title='bbox 1031 446 1098 472; x_wconf 86' lang='lat' dir='ltr'>Jesu</span> <span class='ocrx_word' id='word_1_474' title='bbox 1112 446 1185 473; x_wconf 84' lang='lat' dir='ltr'>forte</span> <span class='ocrx_word' id='word_1_475' title='bbox 1200 445 1320 479; x_wconf 84' lang='lat' dir='ltr'>divisis,</span> <span class='ocrx_word' id='word_1_476' title='bbox 1337 445 1445 481; x_wconf 79' lang='lat' dir='ltr'>caligas</span> <span class='ocrx_word' id='word_1_477' title='bbox 1466 454 1527 474; x_wconf 92' lang='lat' dir='ltr'>non</span> <span class='ocrx_word' id='word_1_478' title='bbox 1549 447 1708 481; x_wconf 85' lang='lat' dir='ltr'>habebant,</span> <span class='ocrx_word' id='word_1_479' title='bbox 1726 455 1800 483; x_wconf 84' lang='lat' dir='ltr'>quas</span> 
     </span>
     <span class='ocr_line' id='line_1_69' title="bbox 1032 491 1799 527; baseline 0.004 -9"><span class='ocrx_word' id='word_1_480' title='bbox 1032 491 1167 518; x_wconf 90' lang='lat' dir='ltr'>tollerent</span> <span class='ocrx_word' id='word_1_481' title='bbox 1183 499 1188 517; x_wconf 91' lang='lat'>:</span> <span class='ocrx_word' id='word_1_482' title='bbox 1205 499 1266 519; x_wconf 88' lang='lat' dir='ltr'>nou</span> <span class='ocrx_word' id='word_1_483' title='bbox 1288 491 1366 518; x_wconf 90' lang='lat' dir='ltr'>enim</span> <span class='ocrx_word' id='word_1_484' title='bbox 1384 493 1497 527; x_wconf 88' lang='lat' dir='ltr'>poterat</span> <span class='ocrx_word' id='word_1_485' title='bbox 1516 493 1655 520; x_wconf 90' lang='lat' dir='ltr'>Dominus</span> <span class='ocrx_word' id='word_1_486' title='bbox 1679 493 1799 527; x_wconf 86' lang='lat' dir='ltr'>habere,</span> 
     </span>
     <span class='ocr_line' id='line_1_70' title="bbox 1032 537 1801 573; baseline 0.003 -9"><span class='ocrx_word' id='word_1_487' title='bbox 1032 537 1115 572; x_wconf 86' lang='lat' dir='ltr'>quod</span> <span class='ocrx_word' id='word_1_488' title='bbox 1143 537 1335 573; x_wconf 86' lang='lat' dir='ltr'>prohihuerat</span> <span class='ocrx_word' id='word_1_489' title='bbox 1363 537 1393 564; x_wconf 90' lang='lat' dir='ltr'>in</span> <span class='ocrx_word' id='word_1_490' title='bbox 1419 539 1520 566; x_wconf 84' lang='lat' dir='ltr'>servis.</span> <span class='ocrx_word' id='word_1_491' title='bbox 1535 549 1548 564; x_wconf 74' lang='lat' dir='ltr'>u</span> <span class='ocrx_word' id='word_1_492' title='bbox 1575 541 1638 567; x_wconf 80' lang='lat' dir='ltr'>lloec</span> <span class='ocrx_word' id='word_1_493' title='bbox 1658 539 1718 567; x_wconf 88' lang='lat' dir='ltr'>ille.</span> <span class='ocrx_word' id='word_1_494' title='bbox 1744 539 1801 567; x_wconf 91' lang='lat' dir='ltr'>Sed</span> 
     </span>
     <span class='ocr_line' id='line_1_71' title="bbox 1032 584 1799 621; baseline 0.005 -11"><span class='ocrx_word' id='word_1_495' title='bbox 1032 586 1148 618; x_wconf 87' lang='lat' dir='ltr'>portare</span> <span class='ocrx_word' id='word_1_496' title='bbox 1163 584 1360 611; x_wconf 83' lang='lat' dir='ltr'>calceamenta</span> <span class='ocrx_word' id='word_1_497' title='bbox 1374 584 1526 619; x_wconf 86' lang='lat' dir='ltr'>prohibuit</span> <span class='ocrx_word' id='word_1_498' title='bbox 1535 584 1686 621; x_wconf 88' lang='lat' dir='ltr'>discipulis</span> <span class='ocrx_word' id='word_1_499' title='bbox 1701 595 1708 613; x_wconf 71' lang='grc' dir='ltr'>ε</span> <span class='ocrx_word' id='word_1_500' title='bbox 1726 593 1799 621; x_wconf 88' lang='lat' dir='ltr'>ergo</span> 
     </span>
     <span class='ocr_line' id='line_1_72' title="bbox 1032 629 1801 665; baseline 0.003 -9"><span class='ocrx_word' id='word_1_501' title='bbox 1032 629 1093 664; x_wconf 88' lang='lat' dir='ltr'>ipse</span> <span class='ocrx_word' id='word_1_502' title='bbox 1115 637 1176 657; x_wconf 91' lang='lat' dir='ltr'>non</span> <span class='ocrx_word' id='word_1_503' title='bbox 1196 630 1308 657; x_wconf 87' lang='lat' dir='ltr'>habuit.</span> <span class='ocrx_word' id='word_1_504' title='bbox 1325 631 1394 657; x_wconf 89' lang='lat' dir='ltr'>ltem</span> <span class='ocrx_word' id='word_1_505' title='bbox 1415 631 1638 665; x_wconf 86' lang='lat' dir='ltr'>Chrysostomus</span> <span class='ocrx_word' id='word_1_506' title='bbox 1650 632 1670 650; x_wconf 79' lang='lat'>¹⁰</span> <span class='ocrx_word' id='word_1_507' title='bbox 1686 641 1693 659; x_wconf 84' lang='lat' dir='ltr'>z</span> <span class='ocrx_word' id='word_1_508' title='bbox 1709 641 1723 657; x_wconf 71' lang='lat' dir='ltr'>a</span> <span class='ocrx_word' id='word_1_509' title='bbox 1738 633 1801 659; x_wconf 86' lang='lat' dir='ltr'>Non</span> 
     </span>
     <span class='ocr_line' id='line_1_73' title="bbox 1032 676 1801 712; baseline 0.003 -10"><span class='ocrx_word' id='word_1_510' title='bbox 1032 676 1172 703; x_wconf 80' lang='lat' dir='ltr'>concessit</span> <span class='ocrx_word' id='word_1_511' title='bbox 1181 676 1332 711; x_wconf 86' lang='lat' dir='ltr'>discipulis</span> <span class='ocrx_word' id='word_1_512' title='bbox 1342 677 1549 710; x_wconf 81' lang='lat' dir='ltr'>calceamenta,</span> <span class='ocrx_word' id='word_1_513' title='bbox 1561 687 1574 703; x_wconf 85' lang='lat'>»</span> <span class='ocrx_word' id='word_1_514' title='bbox 1591 677 1706 712; x_wconf 89' lang='lat' dir='ltr'>etquod</span> <span class='ocrx_word' id='word_1_515' title='bbox 1722 686 1736 702; x_wconf 74' lang='lat' dir='ltr'>a</span> <span class='ocrx_word' id='word_1_516' title='bbox 1745 677 1801 704; x_wconf 87' lang='lat' dir='ltr'>dis-</span> 
     </span>
     <span class='ocr_line' id='line_1_74' title="bbox 1033 722 1800 758; baseline 0.001 -9"><span class='ocrx_word' id='word_1_517' title='bbox 1033 722 1122 757; x_wconf 87' lang='lat' dir='ltr'>cipuli</span> <span class='ocrx_word' id='word_1_518' title='bbox 1137 729 1197 750; x_wconf 89' lang='lat' dir='ltr'>non</span> <span class='ocrx_word' id='word_1_519' title='bbox 1217 722 1368 750; x_wconf 88' lang='lat' dir='ltr'>habebant</span> <span class='ocrx_word' id='word_1_520' title='bbox 1389 722 1587 750; x_wconf 77' lang='lat' dir='ltr'>calceamenta</span> <span class='ocrx_word' id='word_1_521' title='bbox 1597 744 1606 757; x_wconf 94' lang='lat'>,</span> <span class='ocrx_word' id='word_1_522' title='bbox 1621 725 1649 751; x_wconf 90' lang='lat' dir='ltr'>et</span> <span class='ocrx_word' id='word_1_523' title='bbox 1664 722 1800 758; x_wconf 86' lang='lat' dir='ltr'>discipuli</span> 
     </span>
     <span class='ocr_line' id='line_1_75' title="bbox 1033 768 1802 804; baseline 0.001 -9"><span class='ocrx_word' id='word_1_524' title='bbox 1033 768 1198 796; x_wconf 82' lang='lat' dir='ltr'>discalceati</span> <span class='ocrx_word' id='word_1_525' title='bbox 1207 769 1406 796; x_wconf 86' lang='lat' dir='ltr'>circuierunt.»</span> <span class='ocrx_word' id='word_1_526' title='bbox 1419 771 1449 796; x_wconf 81' lang='lat' dir='ltr'>Et</span> <span class='ocrx_word' id='word_1_527' title='bbox 1459 769 1499 797; x_wconf 86' lang='lat' dir='ltr'>ita</span> <span class='ocrx_word' id='word_1_528' title='bbox 1508 771 1540 796; x_wconf 92' lang='lat' dir='ltr'>ut</span> <span class='ocrx_word' id='word_1_529' title='bbox 1553 769 1644 804; x_wconf 81' lang='lat' dir='ltr'>prius.</span> <span class='ocrx_word' id='word_1_530' title='bbox 1660 770 1729 796; x_wconf 85' lang='lat' dir='ltr'>Item</span> <span class='ocrx_word' id='word_1_531' title='bbox 1738 776 1802 804; x_wconf 87' lang='lat' dir='ltr'>per—</span> 
     </span>
     <span class='ocr_line' id='line_1_76' title="bbox 1030 814 1799 851; baseline 0.001 -10"><span class='ocrx_word' id='word_1_532' title='bbox 1030 814 1133 842; x_wconf 79' lang='lat' dir='ltr'>sectius</span> <span class='ocrx_word' id='word_1_533' title='bbox 1148 815 1317 851; x_wconf 80' lang='lat' dir='ltr'>exemplum</span> <span class='ocrx_word' id='word_1_534' title='bbox 1333 815 1420 843; x_wconf 86' lang='lat' dir='ltr'>debet</span> <span class='ocrx_word' id='word_1_535' title='bbox 1435 823 1495 843; x_wconf 88' lang='lat' dir='ltr'>esse</span> <span class='ocrx_word' id='word_1_536' title='bbox 1509 816 1540 843; x_wconf 94' lang='lat' dir='ltr'>in</span> <span class='ocrx_word' id='word_1_537' title='bbox 1555 815 1696 850; x_wconf 87' lang='lat' dir='ltr'>magistro</span> <span class='ocrx_word' id='word_1_538' title='bbox 1709 822 1799 851; x_wconf 87' lang='lat' dir='ltr'>quam</span> 
     </span>
     <span class='ocr_line' id='line_1_77' title="bbox 1031 861 1801 898; baseline 0.001 -10"><span class='ocrx_word' id='word_1_539' title='bbox 1031 861 1062 888; x_wconf 89' lang='lat' dir='ltr'>in</span> <span class='ocrx_word' id='word_1_540' title='bbox 1077 861 1247 896; x_wconf 84' lang='lat' dir='ltr'>discipulis:</span> <span class='ocrx_word' id='word_1_541' title='bbox 1264 862 1287 888; x_wconf 86' lang='lat' dir='ltr'>si</span> <span class='ocrx_word' id='word_1_542' title='bbox 1304 870 1374 896; x_wconf 83' lang='lat' dir='ltr'>ergo</span> <span class='ocrx_word' id='word_1_543' title='bbox 1389 862 1467 889; x_wconf 89' lang='lat' dir='ltr'>misit</span> <span class='ocrx_word' id='word_1_544' title='bbox 1489 862 1647 898; x_wconf 87' lang='lat' dir='ltr'>discipulos</span> <span class='ocrx_word' id='word_1_545' title='bbox 1661 862 1723 889; x_wconf 87' lang='lat' dir='ltr'>sine</span> <span class='ocrx_word' id='word_1_546' title='bbox 1740 861 1801 889; x_wconf 84' lang='lat' dir='ltr'>cal-</span> 
     </span>
     <span class='ocr_line' id='line_1_78' title="bbox 1032 907 1800 943; baseline 0 -9"><span class='ocrx_word' id='word_1_547' title='bbox 1032 908 1198 941; x_wconf 84' lang='lat' dir='ltr'>ceamentis,</span> <span class='ocrx_word' id='word_1_548' title='bbox 1211 915 1265 935; x_wconf 87' lang='lat' dir='ltr'>nee</span> <span class='ocrx_word' id='word_1_549' title='bbox 1280 908 1341 943; x_wconf 87' lang='lat' dir='ltr'>ipse</span> <span class='ocrx_word' id='word_1_550' title='bbox 1354 909 1489 943; x_wconf 81' lang='lat' dir='ltr'>portavit.</span> <span class='ocrx_word' id='word_1_551' title='bbox 1509 909 1578 936; x_wconf 89' lang='lat' dir='ltr'>ltem</span> <span class='ocrx_word' id='word_1_552' title='bbox 1593 907 1721 943; x_wconf 89' lang='lat' dir='ltr'>amplior</span> <span class='ocrx_word' id='word_1_553' title='bbox 1732 915 1800 943; x_wconf 86' lang='lat' dir='ltr'>per-</span> 
     </span>
     <span class='ocr_line' id='line_1_79' title="bbox 1031 953 1802 990; baseline 0 -10"><span class='ocrx_word' id='word_1_554' title='bbox 1031 953 1115 981; x_wconf 87' lang='lat' dir='ltr'>fectio</span> <span class='ocrx_word' id='word_1_555' title='bbox 1130 961 1191 981; x_wconf 91' lang='lat' dir='ltr'>non</span> <span class='ocrx_word' id='word_1_556' title='bbox 1205 954 1362 989; x_wconf 83' lang='lat' dir='ltr'>requiritur</span> <span class='ocrx_word' id='word_1_557' title='bbox 1376 955 1406 981; x_wconf 93' lang='lat' dir='ltr'>in</span> <span class='ocrx_word' id='word_1_558' title='bbox 1421 954 1577 990; x_wconf 86' lang='lat' dir='ltr'>discipulo,</span> <span class='ocrx_word' id='word_1_559' title='bbox 1592 962 1682 989; x_wconf 91' lang='lat' dir='ltr'>quam</span> <span class='ocrx_word' id='word_1_560' title='bbox 1695 953 1727 981; x_wconf 81' lang='lat' dir='ltr'>in</span> <span class='ocrx_word' id='word_1_561' title='bbox 1740 960 1802 981; x_wconf 87' lang='lat' dir='ltr'>ma-</span> 
     </span>
     <span class='ocr_line' id='line_1_80' title="bbox 1031 1000 1800 1036; baseline 0 -9"><span class='ocrx_word' id='word_1_562' title='bbox 1031 1000 1120 1034; x_wconf 82' lang='lat' dir='ltr'>gistro</span> <span class='ocrx_word' id='word_1_563' title='bbox 1138 1003 1154 1017; x_wconf 85' lang='lat'>&#39;¹</span> <span class='ocrx_word' id='word_1_564' title='bbox 1168 1010 1174 1027; x_wconf 88' lang='lat'>:</span> <span class='ocrx_word' id='word_1_565' title='bbox 1191 1011 1204 1026; x_wconf 86' lang='lat'>«</span> <span class='ocrx_word' id='word_1_566' title='bbox 1220 1001 1329 1028; x_wconf 80' lang='lat' dir='ltr'>Sufficit</span> <span class='ocrx_word' id='word_1_567' title='bbox 1351 1001 1430 1028; x_wconf 89' lang='lat' dir='ltr'>enim</span> <span class='ocrx_word' id='word_1_568' title='bbox 1446 1001 1592 1036; x_wconf 89' lang='lat' dir='ltr'>discipulo</span> <span class='ocrx_word' id='word_1_569' title='bbox 1603 1022 1611 1035; x_wconf 93' lang='lat'>,</span> <span class='ocrx_word' id='word_1_570' title='bbox 1635 1001 1659 1028; x_wconf 86' lang='lat' dir='ltr'>si</span> <span class='ocrx_word' id='word_1_571' title='bbox 1678 1001 1714 1027; x_wconf 92' lang='lat' dir='ltr'>sit</span> <span class='ocrx_word' id='word_1_572' title='bbox 1726 1000 1800 1028; x_wconf 91' lang='lat' dir='ltr'>sicut</span> 
     </span>
     <span class='ocr_line' id='line_1_81' title="bbox 1031 1046 1800 1082; baseline 0.001 -9"><span class='ocrx_word' id='word_1_573' title='bbox 1031 1047 1178 1081; x_wconf 82' lang='lat' dir='ltr'>magister.</span> <span class='ocrx_word' id='word_1_574' title='bbox 1195 1058 1207 1073; x_wconf 88' lang='lat'>»</span> <span class='ocrx_word' id='word_1_575' title='bbox 1225 1047 1252 1075; x_wconf 89' lang='lat' dir='ltr'>Si</span> <span class='ocrx_word' id='word_1_576' title='bbox 1268 1055 1337 1082; x_wconf 82' lang='lat' dir='ltr'>ergo</span> <span class='ocrx_word' id='word_1_577' title='bbox 1351 1048 1478 1075; x_wconf 87' lang='lat' dir='ltr'>Christus</span> <span class='ocrx_word' id='word_1_578' title='bbox 1492 1047 1648 1074; x_wconf 83' lang='lat' dir='ltr'>incesserat</span> <span class='ocrx_word' id='word_1_579' title='bbox 1661 1054 1728 1074; x_wconf 88' lang='lat' dir='ltr'>cum</span> <span class='ocrx_word' id='word_1_580' title='bbox 1739 1046 1800 1074; x_wconf 87' lang='lat' dir='ltr'>cal-</span> 
     </span>
     <span class='ocr_line' id='line_1_82' title="bbox 1031 1094 1799 1130; baseline 0.001 -9"><span class='ocrx_word' id='word_1_581' title='bbox 1031 1095 1205 1128; x_wconf 79' lang='lat' dir='ltr'>ceamentis,</span> <span class='ocrx_word' id='word_1_582' title='bbox 1233 1103 1294 1122; x_wconf 90' lang='lat' dir='ltr'>non</span> <span class='ocrx_word' id='word_1_583' title='bbox 1323 1095 1469 1122; x_wconf 83' lang='lat' dir='ltr'>debuisset</span> <span class='ocrx_word' id='word_1_584' title='bbox 1503 1095 1610 1122; x_wconf 79' lang='lat' dir='ltr'>dixisse</span> <span class='ocrx_word' id='word_1_585' title='bbox 1638 1094 1799 1130; x_wconf 83' lang='lat' dir='ltr'>discipulis,</span> 
     </span>
     <span class='ocr_line' id='line_1_83' title="bbox 1031 1140 1798 1175; baseline 0.001 -8"><span class='ocrx_word' id='word_1_586' title='bbox 1031 1141 1193 1175; x_wconf 86' lang='lat' dir='ltr'>quodirent</span> <span class='ocrx_word' id='word_1_587' title='bbox 1205 1141 1266 1168; x_wconf 89' lang='lat' dir='ltr'>sine</span> <span class='ocrx_word' id='word_1_588' title='bbox 1281 1141 1348 1168; x_wconf 88' lang='lat' dir='ltr'>illis.</span> <span class='ocrx_word' id='word_1_589' title='bbox 1363 1141 1406 1168; x_wconf 72' lang='lat' dir='ltr'>Ad</span> <span class='ocrx_word' id='word_1_590' title='bbox 1419 1141 1597 1169; x_wconf 90' lang='lat' dir='ltr'>contrarium</span> <span class='ocrx_word' id='word_1_591' title='bbox 1610 1140 1747 1175; x_wconf 82' lang='lat' dir='ltr'>objicitur</span> <span class='ocrx_word' id='word_1_592' title='bbox 1759 1141 1776 1157; x_wconf 71' lang='lat'>&#39;²</span> <span class='ocrx_word' id='word_1_593' title='bbox 1791 1150 1798 1168; x_wconf 74' lang='grc' dir='ltr'><strong><em>ε</em></strong></span> 
     </span>
     <span class='ocr_line' id='line_1_84' title="bbox 1033 1187 1797 1222; baseline 0.001 -9"><span class='ocrx_word' id='word_1_594' title='bbox 1033 1197 1047 1212; x_wconf 85' lang='lat'>«</span> <span class='ocrx_word' id='word_1_595' title='bbox 1062 1187 1135 1214; x_wconf 83' lang='lat' dir='ltr'>Dixit</span> <span class='ocrx_word' id='word_1_596' title='bbox 1148 1187 1274 1221; x_wconf 74' lang='lat' dir='ltr'>Angelus</span> <span class='ocrx_word' id='word_1_597' title='bbox 1294 1189 1374 1214; x_wconf 80' lang='lat' dir='ltr'>Petro</span> <span class='ocrx_word' id='word_1_598' title='bbox 1390 1197 1398 1213; x_wconf 75' lang='grc' dir='ltr'><strong><em>ε</em></strong></span> <span class='ocrx_word' id='word_1_599' title='bbox 1415 1187 1517 1214; x_wconf 86' lang='lat' dir='ltr'>Calcea</span> <span class='ocrx_word' id='word_1_600' title='bbox 1531 1190 1557 1215; x_wconf 88' lang='lat' dir='ltr'>te</span> <span class='ocrx_word' id='word_1_601' title='bbox 1573 1187 1682 1222; x_wconf 80' lang='lat' dir='ltr'>caligas</span> <span class='ocrx_word' id='word_1_602' title='bbox 1696 1189 1774 1214; x_wconf 87' lang='lat' dir='ltr'>tuas:</span> <span class='ocrx_word' id='word_1_603' title='bbox 1784 1198 1797 1210; x_wconf 74' lang='grc' dir='ltr'>υ</span> 
     </span>
     <span class='ocr_line' id='line_1_85' title="bbox 1030 1232 1800 1268; baseline 0 -9"><span class='ocrx_word' id='word_1_604' title='bbox 1030 1232 1071 1259; x_wconf 86' lang='lat' dir='ltr'>ibi</span> <span class='ocrx_word' id='word_1_605' title='bbox 1086 1233 1187 1260; x_wconf 85' lang='lat' dir='ltr'>Glossa</span> <span class='ocrx_word' id='word_1_606' title='bbox 1206 1243 1212 1258; x_wconf 90' lang='lat'>:</span> <span class='ocrx_word' id='word_1_607' title='bbox 1230 1233 1433 1268; x_wconf 80' lang='lat' dir='ltr'>«Exemplum</span> <span class='ocrx_word' id='word_1_608' title='bbox 1463 1233 1549 1260; x_wconf 86' lang='lat' dir='ltr'>datur</span> <span class='ocrx_word' id='word_1_609' title='bbox 1571 1233 1717 1268; x_wconf 60' lang='lat' dir='ltr'>apostolis</span> <span class='ocrx_word' id='word_1_610' title='bbox 1738 1239 1800 1260; x_wconf 90' lang='lat' dir='ltr'>non</span> 
     </span>
     <span class='ocr_line' id='line_1_86' title="bbox 1030 1278 1800 1314; baseline 0.001 -9"><span class='ocrx_word' id='word_1_611' title='bbox 1030 1279 1203 1306; x_wconf 85' lang='lat' dir='ltr'>ambulandi</span> <span class='ocrx_word' id='word_1_612' title='bbox 1223 1279 1284 1306; x_wconf 82' lang='lat' dir='ltr'>sine</span> <span class='ocrx_word' id='word_1_613' title='bbox 1300 1279 1522 1314; x_wconf 78' lang='lat' dir='ltr'>calceamentis,</span> <span class='ocrx_word' id='word_1_614' title='bbox 1544 1279 1656 1314; x_wconf 85' lang='lat' dir='ltr'>Angelo</span> <span class='ocrx_word' id='word_1_615' title='bbox 1678 1278 1800 1314; x_wconf 88' lang='lat' dir='ltr'>jubente</span> 
     </span>
     <span class='ocr_line' id='line_1_87' title="bbox 1030 1325 1800 1361; baseline 0 -9"><span class='ocrx_word' id='word_1_616' title='bbox 1030 1327 1058 1352; x_wconf 87' lang='lat' dir='ltr'>et</span> <span class='ocrx_word' id='word_1_617' title='bbox 1085 1325 1225 1360; x_wconf 81' lang='lat' dir='ltr'>Apostolo</span> <span class='ocrx_word' id='word_1_618' title='bbox 1253 1325 1428 1361; x_wconf 89' lang='lat' dir='ltr'>complente.</span> <span class='ocrx_word' id='word_1_619' title='bbox 1456 1337 1469 1351; x_wconf 64' lang='lat' dir='ltr'>n</span> <span class='ocrx_word' id='word_1_620' title='bbox 1495 1327 1559 1353; x_wconf 80' lang='lat' dir='ltr'>flaec</span> <span class='ocrx_word' id='word_1_621' title='bbox 1587 1325 1695 1353; x_wconf 90' lang='lat' dir='ltr'>Glossa.</span> <span class='ocrx_word' id='word_1_622' title='bbox 1725 1326 1800 1360; x_wconf 88' lang='lat' dir='ltr'>Ergo</span> 
     </span>
     <span class='ocr_line' id='line_1_88' title="bbox 1030 1370 1800 1407; baseline 0 -9"><span class='ocrx_word' id='word_1_623' title='bbox 1030 1379 1090 1399; x_wconf 85' lang='lat' dir='ltr'>non</span> <span class='ocrx_word' id='word_1_624' title='bbox 1104 1371 1185 1399; x_wconf 88' lang='lat' dir='ltr'>licuit</span> <span class='ocrx_word' id='word_1_625' title='bbox 1199 1372 1343 1407; x_wconf 79' lang='lat' dir='ltr'>Apostolis</span> <span class='ocrx_word' id='word_1_626' title='bbox 1357 1372 1399 1399; x_wconf 92' lang='lat' dir='ltr'>ire</span> <span class='ocrx_word' id='word_1_627' title='bbox 1413 1372 1474 1399; x_wconf 90' lang='lat' dir='ltr'>sine</span> <span class='ocrx_word' id='word_1_628' title='bbox 1490 1371 1703 1400; x_wconf 63' lang='lat' dir='ltr'>calceamentis</span> <span class='ocrx_word' id='word_1_629' title='bbox 1715 1373 1748 1399; x_wconf 89' lang='lat' dir='ltr'>Et</span> <span class='ocrx_word' id='word_1_630' title='bbox 1761 1370 1800 1399; x_wconf 86' lang='lat' dir='ltr'>ad</span> 
     </span>
     <span class='ocr_line' id='line_1_89' title="bbox 1029 1418 1800 1454; baseline 0 -9"><span class='ocrx_word' id='word_1_631' title='bbox 1029 1418 1106 1445; x_wconf 90' lang='lat' dir='ltr'>istud</span> <span class='ocrx_word' id='word_1_632' title='bbox 1123 1418 1381 1454; x_wconf 86' lang='lat' dir='ltr'>respondendum,</span> <span class='ocrx_word' id='word_1_633' title='bbox 1406 1418 1507 1454; x_wconf 87' lang='lat' dir='ltr'>quod,</span> <span class='ocrx_word' id='word_1_634' title='bbox 1525 1420 1555 1445; x_wconf 90' lang='lat' dir='ltr'>ut</span> <span class='ocrx_word' id='word_1_635' title='bbox 1575 1420 1655 1453; x_wconf 88' lang='lat' dir='ltr'>patet</span> <span class='ocrx_word' id='word_1_636' title='bbox 1673 1426 1710 1445; x_wconf 80' lang='lat' dir='ltr'>ex</span> <span class='ocrx_word' id='word_1_637' title='bbox 1724 1425 1800 1453; x_wconf 81' lang='lat' dir='ltr'>prae-</span> 
     </span>
     <span class='ocr_line' id='line_1_90' title="bbox 1030 1463 1798 1499; baseline 0.001 -9"><span class='ocrx_word' id='word_1_638' title='bbox 1030 1464 1113 1491; x_wconf 87' lang='lat' dir='ltr'>dictis</span> <span class='ocrx_word' id='word_1_639' title='bbox 1134 1464 1355 1492; x_wconf 89' lang='lat' dir='ltr'>auctoritatibus</span> <span class='ocrx_word' id='word_1_640' title='bbox 1378 1465 1564 1499; x_wconf 86' lang='lat' dir='ltr'>Sanctorum,</span> <span class='ocrx_word' id='word_1_641' title='bbox 1591 1464 1718 1492; x_wconf 88' lang='lat' dir='ltr'>Christus</span> <span class='ocrx_word' id='word_1_642' title='bbox 1739 1463 1798 1491; x_wconf 86' lang='lat' dir='ltr'>cal-</span> 
     </span>
     <span class='ocr_line' id='line_1_91' title="bbox 1030 1510 1799 1546; baseline 0 -9"><span class='ocrx_word' id='word_1_643' title='bbox 1030 1513 1127 1538; x_wconf 84' lang='lat' dir='ltr'>ceatus</span> <span class='ocrx_word' id='word_1_644' title='bbox 1142 1518 1201 1538; x_wconf 90' lang='lat' dir='ltr'>non</span> <span class='ocrx_word' id='word_1_645' title='bbox 1216 1511 1345 1545; x_wconf 83' lang='lat' dir='ltr'>incessit,</span> <span class='ocrx_word' id='word_1_646' title='bbox 1362 1519 1415 1538; x_wconf 91' lang='lat' dir='ltr'>nec</span> <span class='ocrx_word' id='word_1_647' title='bbox 1428 1511 1583 1546; x_wconf 75' lang='lat' dir='ltr'>Apostolos</span> <span class='ocrx_word' id='word_1_648' title='bbox 1598 1510 1742 1538; x_wconf 85' lang='lat' dir='ltr'>calceatos</span> <span class='ocrx_word' id='word_1_649' title='bbox 1756 1510 1799 1538; x_wconf 89' lang='lat' dir='ltr'>ire</span> 
     </span>
     <span class='ocr_line' id='line_1_92' title="bbox 1029 1556 1798 1591; baseline 0.001 -8"><span class='ocrx_word' id='word_1_650' title='bbox 1029 1557 1170 1591; x_wconf 87' lang='lat' dir='ltr'>permisit.</span> <span class='ocrx_word' id='word_1_651' title='bbox 1186 1556 1266 1583; x_wconf 79' lang='lat' dir='ltr'>L‘ndc</span> <span class='ocrx_word' id='word_1_652' title='bbox 1286 1557 1457 1584; x_wconf 80' lang='lat' dir='ltr'>Ambrosius</span> <span class='ocrx_word' id='word_1_653' title='bbox 1470 1558 1489 1574; x_wconf 75' lang='lat'>¹³</span> <span class='ocrx_word' id='word_1_654' title='bbox 1509 1566 1514 1584; x_wconf 93' lang='lat'>:</span> <span class='ocrx_word' id='word_1_655' title='bbox 1534 1567 1547 1582; x_wconf 61' lang='grc' dir='ltr'>κ</span> <span class='ocrx_word' id='word_1_656' title='bbox 1562 1558 1643 1584; x_wconf 87' lang='lat' dir='ltr'>Jesus</span> <span class='ocrx_word' id='word_1_657' title='bbox 1661 1557 1723 1584; x_wconf 87' lang='lat' dir='ltr'>sine</span> <span class='ocrx_word' id='word_1_658' title='bbox 1738 1556 1798 1584; x_wconf 86' lang='lat' dir='ltr'>cal-</span> 
     </span>
     <span class='ocr_line' id='line_1_93' title="bbox 1030 1603 1799 1638; baseline 0.001 -9"><span class='ocrx_word' id='word_1_659' title='bbox 1030 1605 1181 1630; x_wconf 90' lang='lat' dir='ltr'>ceamento</span> <span class='ocrx_word' id='word_1_660' title='bbox 1204 1605 1231 1629; x_wconf 89' lang='lat' dir='ltr'>et</span> <span class='ocrx_word' id='word_1_661' title='bbox 1245 1603 1370 1637; x_wconf 88' lang='lat' dir='ltr'>pecunia</span> <span class='ocrx_word' id='word_1_662' title='bbox 1386 1603 1546 1638; x_wconf 89' lang='lat' dir='ltr'>discipulos</span> <span class='ocrx_word' id='word_1_663' title='bbox 1570 1611 1639 1630; x_wconf 90' lang='lat' dir='ltr'>suos</span> <span class='ocrx_word' id='word_1_664' title='bbox 1651 1603 1746 1637; x_wconf 88' lang='lat' dir='ltr'>misit,</span> <span class='ocrx_word' id='word_1_665' title='bbox 1761 1610 1799 1630; x_wconf 88' lang='lat' dir='ltr'>ne</span> 
     </span>
     <span class='ocr_line' id='line_1_94' title="bbox 1029 1646 1799 1682; baseline 0 -9"><span class='ocrx_word' id='word_1_666' title='bbox 1029 1654 1129 1674; x_wconf 90' lang='lat' dir='ltr'>secum</span> <span class='ocrx_word' id='word_1_667' title='bbox 1149 1649 1264 1674; x_wconf 82' lang='lat' dir='ltr'>terrena</span> <span class='ocrx_word' id='word_1_668' title='bbox 1288 1649 1448 1682; x_wconf 88' lang='lat' dir='ltr'>portarent.</span> <span class='ocrx_word' id='word_1_669' title='bbox 1466 1658 1479 1673; x_wconf 85' lang='lat'>»</span> <span class='ocrx_word' id='word_1_670' title='bbox 1496 1648 1566 1674; x_wconf 88' lang='lat' dir='ltr'>ltem</span> <span class='ocrx_word' id='word_1_671' title='bbox 1586 1647 1691 1674; x_wconf 88' lang='lat' dir='ltr'>dicitur</span> <span class='ocrx_word' id='word_1_672' title='bbox 1706 1646 1726 1664; x_wconf 74' lang='lat'>¹⁴</span> <span class='ocrx_word' id='word_1_673' title='bbox 1741 1646 1799 1674; x_wconf 91' lang='lat' dir='ltr'>dis-</span> 
     </span>
     <span class='ocr_line' id='line_1_95' title="bbox 1030 1693 1799 1729; baseline 0.003 -10"><span class='ocrx_word' id='word_1_674' title='bbox 1030 1693 1144 1728; x_wconf 87' lang='lat' dir='ltr'>cipulos</span> <span class='ocrx_word' id='word_1_675' title='bbox 1157 1693 1199 1720; x_wconf 89' lang='lat' dir='ltr'>ire</span> <span class='ocrx_word' id='word_1_676' title='bbox 1214 1695 1342 1720; x_wconf 81' lang='lat' dir='ltr'>calceatos</span> <span class='ocrx_word' id='word_1_677' title='bbox 1355 1695 1504 1729; x_wconf 72' lang='lat' dir='ltr'>sandaliz&#39;53</span> <span class='ocrx_word' id='word_1_678' title='bbox 1521 1702 1576 1721; x_wconf 89' lang='lat' dir='ltr'>nec</span> <span class='ocrx_word' id='word_1_679' title='bbox 1590 1694 1661 1721; x_wconf 89' lang='lat' dir='ltr'>alibi</span> <span class='ocrx_word' id='word_1_680' title='bbox 1669 1694 1700 1721; x_wconf 90' lang='lat' dir='ltr'>in</span> <span class='ocrx_word' id='word_1_681' title='bbox 1708 1695 1799 1721; x_wconf 85' lang='lat' dir='ltr'>Evan-</span> 
     </span>
     <span class='ocr_line' id='line_1_96' title="bbox 1029 1739 1798 1775; baseline 0.001 -9"><span class='ocrx_word' id='word_1_682' title='bbox 1029 1739 1106 1774; x_wconf 84' lang='lat' dir='ltr'>gelio</span> <span class='ocrx_word' id='word_1_683' title='bbox 1128 1739 1253 1774; x_wconf 86' lang='lat' dir='ltr'>legitur,</span> <span class='ocrx_word' id='word_1_684' title='bbox 1269 1739 1316 1766; x_wconf 82' lang='lat' dir='ltr'>vel</span> <span class='ocrx_word' id='word_1_685' title='bbox 1334 1741 1364 1766; x_wconf 89' lang='lat' dir='ltr'>in</span> <span class='ocrx_word' id='word_1_686' title='bbox 1387 1741 1495 1767; x_wconf 73' lang='lat' dir='ltr'>Actibus</span> <span class='ocrx_word' id='word_1_687' title='bbox 1524 1741 1731 1775; x_wconf 80' lang='lat' dir='ltr'>Apostolorum,</span> <span class='ocrx_word' id='word_1_688' title='bbox 1747 1747 1798 1767; x_wconf 89' lang='lat' dir='ltr'>eos</span> 
     </span>
     <span class='ocr_line' id='line_1_97' title="bbox 1029 1785 1798 1820; baseline 0.001 -8"><span class='ocrx_word' id='word_1_689' title='bbox 1029 1787 1145 1820; x_wconf 86' lang='lat' dir='ltr'>portare</span> <span class='ocrx_word' id='word_1_690' title='bbox 1161 1785 1243 1812; x_wconf 88' lang='lat' dir='ltr'>aliud</span> <span class='ocrx_word' id='word_1_691' title='bbox 1258 1793 1350 1820; x_wconf 90' lang='lat' dir='ltr'>genus</span> <span class='ocrx_word' id='word_1_692' title='bbox 1370 1785 1569 1813; x_wconf 83' lang='lat' dir='ltr'>calceamenti.</span> <span class='ocrx_word' id='word_1_693' title='bbox 1585 1788 1655 1814; x_wconf 88' lang='lat' dir='ltr'>ltem</span> <span class='ocrx_word' id='word_1_694' title='bbox 1671 1786 1798 1814; x_wconf 83' lang='lat' dir='ltr'>Ecclesia</span> 
     </span>
     <span class='ocr_line' id='line_1_98' title="bbox 1029 1831 1798 1868; baseline 0.001 -10"><span class='ocrx_word' id='word_1_695' title='bbox 1029 1839 1089 1859; x_wconf 92' lang='lat' dir='ltr'>non</span> <span class='ocrx_word' id='word_1_696' title='bbox 1105 1831 1269 1867; x_wconf 86' lang='lat' dir='ltr'>decipitur,</span> <span class='ocrx_word' id='word_1_697' title='bbox 1296 1832 1327 1858; x_wconf 92' lang='lat' dir='ltr'>in</span> <span class='ocrx_word' id='word_1_698' title='bbox 1352 1840 1412 1867; x_wconf 86' lang='lat' dir='ltr'>qua</span> <span class='ocrx_word' id='word_1_699' title='bbox 1435 1832 1634 1868; x_wconf 88' lang='lat' dir='ltr'>depinguntur</span> <span class='ocrx_word' id='word_1_700' title='bbox 1656 1832 1798 1867; x_wconf 82' lang='lat' dir='ltr'>imagines</span> 
     </span>
     <span class='ocr_line' id='line_1_99' title="bbox 1029 1877 1800 1913; baseline 0.001 -9"><span class='ocrx_word' id='word_1_701' title='bbox 1029 1877 1185 1905; x_wconf 83' lang='lat' dir='ltr'>salvatoris</span> <span class='ocrx_word' id='word_1_702' title='bbox 1207 1880 1234 1905; x_wconf 88' lang='lat' dir='ltr'>et</span> <span class='ocrx_word' id='word_1_703' title='bbox 1257 1878 1472 1913; x_wconf 88' lang='lat' dir='ltr'>discipulorum</span> <span class='ocrx_word' id='word_1_704' title='bbox 1496 1886 1564 1905; x_wconf 90' lang='lat' dir='ltr'>cum</span> <span class='ocrx_word' id='word_1_705' title='bbox 1591 1878 1747 1911; x_wconf 85' lang='lat' dir='ltr'>sandaliis,</span> <span class='ocrx_word' id='word_1_706' title='bbox 1771 1879 1800 1905; x_wconf 83' lang='lat' dir='ltr'>et</span> 
     </span>
     <span class='ocr_line' id='line_1_100' title="bbox 1029 1923 1796 1960; baseline 0.003 -11"><span class='ocrx_word' id='word_1_707' title='bbox 1029 1923 1069 1950; x_wconf 89' lang='lat' dir='ltr'>sic</span> <span class='ocrx_word' id='word_1_708' title='bbox 1080 1923 1166 1950; x_wconf 88' lang='lat' dir='ltr'>etiam</span> <span class='ocrx_word' id='word_1_709' title='bbox 1181 1923 1379 1958; x_wconf 87' lang='lat' dir='ltr'>depinguntur</span> <span class='ocrx_word' id='word_1_710' title='bbox 1395 1924 1425 1951; x_wconf 87' lang='lat' dir='ltr'>in</span> <span class='ocrx_word' id='word_1_711' title='bbox 1437 1924 1564 1951; x_wconf 86' lang='lat' dir='ltr'>ecelesiis</span> <span class='ocrx_word' id='word_1_712' title='bbox 1579 1923 1796 1960; x_wconf 85' lang='lat' dir='ltr'>antiquissimis.</span> 
     </span>
     <span class='ocr_line' id='line_1_101' title="bbox 1028 1969 1799 2005; baseline 0.001 -9"><span class='ocrx_word' id='word_1_713' title='bbox 1028 1971 1060 1996; x_wconf 89' lang='lat' dir='ltr'>Et</span> <span class='ocrx_word' id='word_1_714' title='bbox 1073 1969 1114 1996; x_wconf 87' lang='lat' dir='ltr'>ita</span> <span class='ocrx_word' id='word_1_715' title='bbox 1129 1972 1239 1997; x_wconf 87' lang='lat' dir='ltr'>certum</span> <span class='ocrx_word' id='word_1_716' title='bbox 1259 1972 1302 1997; x_wconf 90' lang='lat' dir='ltr'>est</span> <span class='ocrx_word' id='word_1_717' title='bbox 1319 1978 1369 1997; x_wconf 89' lang='lat' dir='ltr'>eos</span> <span class='ocrx_word' id='word_1_718' title='bbox 1383 1970 1423 1997; x_wconf 91' lang='lat' dir='ltr'>sic</span> <span class='ocrx_word' id='word_1_719' title='bbox 1442 1970 1602 1998; x_wconf 85' lang='lat' dir='ltr'>incessisse.</span> <span class='ocrx_word' id='word_1_720' title='bbox 1623 1971 1655 1997; x_wconf 89' lang='lat' dir='ltr'>Et</span> <span class='ocrx_word' id='word_1_721' title='bbox 1666 1970 1698 1997; x_wconf 88' lang='lat' dir='ltr'>in</span> <span class='ocrx_word' id='word_1_722' title='bbox 1711 1970 1799 2005; x_wconf 89' lang='lat' dir='ltr'>hujus</span> 
     </span>
     <span class='ocr_line' id='line_1_102' title="bbox 1028 2015 1796 2052; baseline 0.003 -10"><span class='ocrx_word' id='word_1_723' title='bbox 1028 2015 1155 2050; x_wconf 83' lang='lat' dir='ltr'>figuram</span> <span class='ocrx_word' id='word_1_724' title='bbox 1183 2016 1293 2043; x_wconf 88' lang='lat' dir='ltr'>dictum</span> <span class='ocrx_word' id='word_1_725' title='bbox 1317 2019 1358 2044; x_wconf 88' lang='lat' dir='ltr'>est</span> <span class='ocrx_word' id='word_1_726' title='bbox 1384 2017 1475 2052; x_wconf 81' lang='lat' dir='ltr'>Moysi</span> <span class='ocrx_word' id='word_1_727' title='bbox 1491 2017 1533 2044; x_wconf 83' lang='lat'>¹⁵:</span> <span class='ocrx_word' id='word_1_728' title='bbox 1551 2027 1565 2042; x_wconf 72' lang='grc' dir='ltr'>ιι</span> <span class='ocrx_word' id='word_1_729' title='bbox 1579 2016 1664 2044; x_wconf 85' lang='lat' dir='ltr'>Solve</span> <span class='ocrx_word' id='word_1_730' title='bbox 1687 2016 1796 2044; x_wconf 84' lang='lat' dir='ltr'>calcea-</span> 
     </span>
     <span class='ocr_line' id='line_1_103' title="bbox 1030 2062 1798 2097; baseline 0.003 -9"><span class='ocrx_word' id='word_1_731' title='bbox 1030 2064 1128 2089; x_wconf 84' lang='lat' dir='ltr'>menta</span> <span class='ocrx_word' id='word_1_732' title='bbox 1143 2062 1179 2089; x_wconf 89' lang='lat' dir='ltr'>de</span> <span class='ocrx_word' id='word_1_733' title='bbox 1194 2062 1322 2097; x_wconf 86' lang='lat' dir='ltr'>pedibus</span> <span class='ocrx_word' id='word_1_734' title='bbox 1336 2063 1404 2096; x_wconf 88' lang='lat' dir='ltr'>tuis,</span> <span class='ocrx_word' id='word_1_735' title='bbox 1413 2063 1443 2097; x_wconf 87' lang='lat' dir='ltr'>(c)</span> <span class='ocrx_word' id='word_1_736' title='bbox 1457 2064 1543 2090; x_wconf 85' lang='lat' dir='ltr'>Josue</span> <span class='ocrx_word' id='word_1_737' title='bbox 1556 2064 1587 2096; x_wconf 81' lang='lat'>¹⁶,</span> <span class='ocrx_word' id='word_1_738' title='bbox 1602 2064 1634 2090; x_wconf 87' lang='lat' dir='ltr'>ut</span> <span class='ocrx_word' id='word_1_739' title='bbox 1647 2062 1688 2090; x_wconf 87' lang='lat' dir='ltr'>ait</span> <span class='ocrx_word' id='word_1_740' title='bbox 1699 2063 1798 2090; x_wconf 84' lang='lat' dir='ltr'>Hiero-</span> 
     </span>
     <span class='ocr_line' id='line_1_104' title="bbox 1028 2108 1798 2144; baseline 0 -9"><span class='ocrx_word' id='word_1_741' title='bbox 1028 2116 1135 2143; x_wconf 88' lang='lat' dir='ltr'>nymus</span> <span class='ocrx_word' id='word_1_742' title='bbox 1151 2108 1274 2143; x_wconf 86' lang='lat' dir='ltr'>epistola</span> <span class='ocrx_word' id='word_1_743' title='bbox 1297 2109 1473 2144; x_wconf 83' lang='lat' dir='ltr'>supradicta.</span> <span class='ocrx_word' id='word_1_744' title='bbox 1496 2110 1529 2136; x_wconf 87' lang='lat' dir='ltr'>Et</span> <span class='ocrx_word' id='word_1_745' title='bbox 1551 2108 1590 2136; x_wconf 91' lang='lat' dir='ltr'>ad</span> <span class='ocrx_word' id='word_1_746' title='bbox 1606 2108 1701 2143; x_wconf 87' lang='lat' dir='ltr'>illud,</span> <span class='ocrx_word' id='word_1_747' title='bbox 1715 2108 1798 2143; x_wconf 87' lang='lat' dir='ltr'>quod</span> 
     </span>
     <span class='ocr_line' id='line_1_105' title="bbox 1029 2154 1798 2189; baseline -0.001 -7"><span class='ocrx_word' id='word_1_748' title='bbox 1029 2155 1164 2189; x_wconf 90' lang='lat' dir='ltr'>objicitur</span> <span class='ocrx_word' id='word_1_749' title='bbox 1178 2155 1209 2182; x_wconf 92' lang='lat' dir='ltr'>in</span> <span class='ocrx_word' id='word_1_750' title='bbox 1223 2155 1402 2182; x_wconf 87' lang='lat' dir='ltr'>contrarium</span> <span class='ocrx_word' id='word_1_751' title='bbox 1413 2175 1422 2189; x_wconf 92' lang='lat'>,</span> <span class='ocrx_word' id='word_1_752' title='bbox 1442 2154 1683 2189; x_wconf 89' lang='lat' dir='ltr'>respondendum</span> <span class='ocrx_word' id='word_1_753' title='bbox 1697 2161 1798 2181; x_wconf 85' lang='lat' dir='ltr'>secun-</span> 
     </span>
     <span class='ocr_line' id='line_1_106' title="bbox 1029 2199 1797 2236; baseline -0.003 -8"><span class='ocrx_word' id='word_1_754' title='bbox 1029 2200 1101 2228; x_wconf 89' lang='lat' dir='ltr'>dum</span> <span class='ocrx_word' id='word_1_755' title='bbox 1119 2201 1227 2228; x_wconf 89' lang='lat' dir='ltr'>Bedam</span> <span class='ocrx_word' id='word_1_756' title='bbox 1249 2209 1336 2236; x_wconf 89' lang='lat' dir='ltr'>super</span> <span class='ocrx_word' id='word_1_757' title='bbox 1350 2201 1425 2228; x_wconf 89' lang='lat' dir='ltr'>illud</span> <span class='ocrx_word' id='word_1_758' title='bbox 1440 2201 1459 2217; x_wconf 73' lang='lat'>¹²</span> <span class='ocrx_word' id='word_1_759' title='bbox 1476 2210 1482 2227; x_wconf 90' lang='lat'>:</span> <span class='ocrx_word' id='word_1_760' title='bbox 1502 2210 1514 2226; x_wconf 70' lang='grc' dir='ltr'><strong>κ</strong></span> <span class='ocrx_word' id='word_1_761' title='bbox 1530 2202 1583 2228; x_wconf 89' lang='lat' dir='ltr'>Pro</span> <span class='ocrx_word' id='word_1_762' title='bbox 1604 2200 1706 2235; x_wconf 85' lang='lat' dir='ltr'>caligis</span> <span class='ocrx_word' id='word_1_763' title='bbox 1716 2220 1725 2234; x_wconf 90' lang='lat'>,</span> <span class='ocrx_word' id='word_1_764' title='bbox 1749 2199 1797 2226; x_wconf 92' lang='lat' dir='ltr'>in-</span> 
     </span>
     <span class='ocr_line' id='line_1_107' title="bbox 1028 2245 1795 2282; baseline 0 -9"><span class='ocrx_word' id='word_1_765' title='bbox 1028 2247 1101 2281; x_wconf 85' lang='lat' dir='ltr'>quit,</span> <span class='ocrx_word' id='word_1_766' title='bbox 1110 2247 1131 2264; x_wconf 90' lang='lat'>¹⁷</span> <span class='ocrx_word' id='word_1_767' title='bbox 1143 2247 1188 2275; x_wconf 84' lang='lat' dir='ltr'>vel</span> <span class='ocrx_word' id='word_1_768' title='bbox 1204 2247 1346 2281; x_wconf 80' lang='lat' dir='ltr'>caligulis,</span> <span class='ocrx_word' id='word_1_769' title='bbox 1361 2249 1393 2274; x_wconf 90' lang='lat' dir='ltr'>ut</span> <span class='ocrx_word' id='word_1_770' title='bbox 1407 2247 1530 2282; x_wconf 88' lang='lat' dir='ltr'>quidam</span> <span class='ocrx_word' id='word_1_771' title='bbox 1540 2246 1661 2274; x_wconf 89' lang='lat' dir='ltr'>Codices</span> <span class='ocrx_word' id='word_1_772' title='bbox 1674 2245 1795 2280; x_wconf 86' lang='lat' dir='ltr'>habent,</span> 
     </span>
     <span class='ocr_line' id='line_1_108' title="bbox 1027 2291 1796 2327; baseline -0.001 -7"><span class='ocrx_word' id='word_1_773' title='bbox 1027 2301 1138 2327; x_wconf 64' lang='lat' dir='ltr'>graecus</span> <span class='ocrx_word' id='word_1_774' title='bbox 1149 2293 1238 2320; x_wconf 85' lang='lat' dir='ltr'>habet</span> <span class='ocrx_word' id='word_1_775' title='bbox 1257 2294 1389 2320; x_wconf 80' lang='lat' dir='ltr'>sandalis.</span> <span class='ocrx_word' id='word_1_776' title='bbox 1407 2294 1471 2320; x_wconf 88' lang='lat' dir='ltr'>Hoc·</span> <span class='ocrx_word' id='word_1_777' title='bbox 1489 2293 1566 2320; x_wconf 85' lang='lat' dir='ltr'>enim</span> <span class='ocrx_word' id='word_1_778' title='bbox 1581 2300 1673 2327; x_wconf 88' lang='lat' dir='ltr'>genus</span> <span class='ocrx_word' id='word_1_779' title='bbox 1686 2291 1796 2320; x_wconf 86' lang='lat' dir='ltr'>calcea-</span> 
     </span>
     <span class='ocr_line' id='line_1_109' title="bbox 1027 2338 1797 2375; baseline -0.001 -9"><span class='ocrx_word' id='word_1_780' title='bbox 1027 2340 1118 2366; x_wconf 87' lang='lat' dir='ltr'>menti</span> <span class='ocrx_word' id='word_1_781' title='bbox 1132 2339 1163 2366; x_wconf 90' lang='lat' dir='ltr'>in</span> <span class='ocrx_word' id='word_1_782' title='bbox 1178 2339 1336 2374; x_wconf 85' lang='lat' dir='ltr'>Evangelio</span> <span class='ocrx_word' id='word_1_783' title='bbox 1351 2339 1498 2375; x_wconf 83' lang='lat' dir='ltr'>Apostolis</span> <span class='ocrx_word' id='word_1_784' title='bbox 1511 2339 1619 2374; x_wconf 84' lang='lat' dir='ltr'>legitur</span> <span class='ocrx_word' id='word_1_785' title='bbox 1631 2338 1718 2366; x_wconf 80' lang='lat' dir='ltr'>fuisse</span> <span class='ocrx_word' id='word_1_786' title='bbox 1733 2345 1797 2365; x_wconf 85' lang='lat' dir='ltr'>cou-</span> 
     </span>
    </p>
   </div>
   <div class='ocr_carea' id='block_1_10' title="bbox 1027 2432 1796 2568">
    <p class='ocr_par' dir='ltr' id='par_1_12' title="bbox 1027 2432 1796 2568">
     <span class='ocr_line' id='line_1_110' title="bbox 1030 2432 1793 2463; baseline 0.001 -8"><span class='ocrx_word' id='word_1_787' title='bbox 1030 2433 1051 2449; x_wconf 89' lang='lat'>¹⁰</span> <span class='ocrx_word' id='word_1_788' title='bbox 1064 2432 1203 2463; x_wconf 68' lang='lat' dir='ltr'>Chrysost„</span> <span class='ocrx_word' id='word_1_789' title='bbox 1223 2433 1249 2456; x_wconf 83' lang='lat' dir='ltr'>in</span> <span class='ocrx_word' id='word_1_790' title='bbox 1271 2433 1372 2461; x_wconf 63' lang='lat' dir='ltr'>Mami,</span> <span class='ocrx_word' id='word_1_791' title='bbox 1391 2433 1461 2457; x_wconf 86' lang='lat' dir='ltr'>hom.</span> <span class='ocrx_word' id='word_1_792' title='bbox 1482 2439 1509 2463; x_wconf 80' lang='lat' dir='ltr'>L,</span> <span class='ocrx_word' id='word_1_793' title='bbox 1532 2433 1563 2457; x_wconf 79' lang='lat' dir='ltr'>al.</span> <span class='ocrx_word' id='word_1_794' title='bbox 1581 2438 1656 2462; x_wconf 60' lang='grc' dir='ltr'>ειη,</span> <span class='ocrx_word' id='word_1_795' title='bbox 1676 2439 1703 2456; x_wconf 88' lang='lat' dir='ltr'>n.</span> <span class='ocrx_word' id='word_1_796' title='bbox 1721 2434 1744 2456; x_wconf 81' lang='grc'>5.</span> <span class='ocrx_word' id='word_1_797' title='bbox 1767 2445 1793 2449; x_wconf 87' lang='grc'>-</span> 
     </span>
     <span class='ocr_line' id='line_1_111' title="bbox 1030 2467 1796 2499; baseline 0.001 -10"><span class='ocrx_word' id='word_1_798' title='bbox 1030 2467 1046 2482; x_wconf 89' lang='lat'>¹¹</span> <span class='ocrx_word' id='word_1_799' title='bbox 1065 2468 1169 2496; x_wconf 60' lang='lat' dir='ltr'>Mutila„</span> <span class='ocrx_word' id='word_1_800' title='bbox 1185 2474 1210 2498; x_wconf 80' lang='lat' dir='ltr'>x,</span> <span class='ocrx_word' id='word_1_801' title='bbox 1228 2469 1266 2491; x_wconf 80' lang='lat'>15.</span> <span class='ocrx_word' id='word_1_802' title='bbox 1281 2481 1311 2485; x_wconf 95' lang='lat'><strong>—</strong></span> <span class='ocrx_word' id='word_1_803' title='bbox 1327 2469 1346 2484; x_wconf 79' lang='lat'>¹²</span> <span class='ocrx_word' id='word_1_804' title='bbox 1358 2469 1421 2497; x_wconf 59' lang='lat' dir='ltr'>Act„</span> <span class='ocrx_word' id='word_1_805' title='bbox 1438 2475 1484 2499; x_wconf 83' lang='lat' dir='ltr'>xu,</span> <span class='ocrx_word' id='word_1_806' title='bbox 1504 2469 1528 2492; x_wconf 88' lang='lat'>8.</span> <span class='ocrx_word' id='word_1_807' title='bbox 1545 2481 1575 2486; x_wconf 86' lang='lat'>—</span> <span class='ocrx_word' id='word_1_808' title='bbox 1591 2469 1610 2484; x_wconf 79' lang='lat'>¹³</span> <span class='ocrx_word' id='word_1_809' title='bbox 1624 2468 1752 2497; x_wconf 76' lang='lat' dir='ltr'>Ambros.‚</span> <span class='ocrx_word' id='word_1_810' title='bbox 1766 2468 1796 2490; x_wconf 80' lang='lat' dir='ltr'>de</span> 
     </span>
     <span class='ocr_line' id='line_1_112' title="bbox 1027 2501 1794 2532; baseline 0 -7"><span class='ocrx_word' id='word_1_811' title='bbox 1027 2501 1090 2532; x_wconf 70' lang='lat' dir='ltr'>Fuq.</span> <span class='ocrx_word' id='word_1_812' title='bbox 1108 2503 1170 2532; x_wconf 60' lang='lat' dir='ltr'>Sec„</span> <span class='ocrx_word' id='word_1_813' title='bbox 1185 2510 1206 2526; x_wconf 82' lang='lat' dir='ltr'>c.</span> <span class='ocrx_word' id='word_1_814' title='bbox 1223 2509 1247 2532; x_wconf 86' lang='lat' dir='ltr'>v,</span> <span class='ocrx_word' id='word_1_815' title='bbox 1262 2509 1288 2526; x_wconf 90' lang='lat' dir='ltr'>n.</span> <span class='ocrx_word' id='word_1_816' title='bbox 1305 2504 1344 2527; x_wconf 76' lang='lat'>25.</span> <span class='ocrx_word' id='word_1_817' title='bbox 1357 2516 1386 2521; x_wconf 90' lang='lat'>—</span> <span class='ocrx_word' id='word_1_818' title='bbox 1403 2503 1418 2517; x_wconf 81' lang='lat'>¹⁴</span> <span class='ocrx_word' id='word_1_819' title='bbox 1433 2504 1523 2530; x_wconf 70' lang='lat' dir='ltr'>Marc„</span> <span class='ocrx_word' id='word_1_820' title='bbox 1537 2508 1571 2532; x_wconf 79' lang='lat' dir='ltr'>vi,</span> <span class='ocrx_word' id='word_1_821' title='bbox 1587 2504 1610 2526; x_wconf 82' lang='grc'>9.</span> <span class='ocrx_word' id='word_1_822' title='bbox 1625 2515 1655 2519; x_wconf 93' lang='lat'>—-</span> <span class='ocrx_word' id='word_1_823' title='bbox 1669 2502 1688 2519; x_wconf 77' lang='lat'>¹⁵</span> <span class='ocrx_word' id='word_1_824' title='bbox 1700 2502 1794 2532; x_wconf 67' lang='lat' dir='ltr'>Ezod„</span> 
     </span>
     <span class='ocr_line' id='line_1_113' title="bbox 1029 2537 1700 2568; baseline 0.001 -8"><span class='ocrx_word' id='word_1_825' title='bbox 1029 2542 1074 2567; x_wconf 88' lang='lat'>111,</span> <span class='ocrx_word' id='word_1_826' title='bbox 1089 2539 1111 2561; x_wconf 88' lang='lat'>5.</span> <span class='ocrx_word' id='word_1_827' title='bbox 1130 2550 1156 2554; x_wconf 90' lang='lat'>—-</span> <span class='ocrx_word' id='word_1_828' title='bbox 1174 2538 1193 2553; x_wconf 79' lang='lat'>¹⁶</span> <span class='ocrx_word' id='word_1_829' title='bbox 1209 2538 1268 2567; x_wconf 70' lang='lat' dir='ltr'>Jos.¹</span> <span class='ocrx_word' id='word_1_830' title='bbox 1285 2543 1308 2568; x_wconf 78' lang='grc' dir='ltr'>ν,</span> <span class='ocrx_word' id='word_1_831' title='bbox 1328 2539 1364 2562; x_wconf 81' lang='lat'>¹6.</span> <span class='ocrx_word' id='word_1_832' title='bbox 1382 2551 1408 2555; x_wconf 91' lang='lat'>—</span> <span class='ocrx_word' id='word_1_833' title='bbox 1424 2538 1442 2554; x_wconf 82' lang='lat'>¹⁷</span> <span class='ocrx_word' id='word_1_834' title='bbox 1458 2537 1519 2561; x_wconf 88' lang='lat' dir='ltr'>Bed.</span> <span class='ocrx_word' id='word_1_835' title='bbox 1536 2538 1562 2561; x_wconf 91' lang='lat' dir='ltr'>in</span> <span class='ocrx_word' id='word_1_836' title='bbox 1576 2537 1700 2567; x_wconf 81' lang='lat' dir='ltr'>originali.</span> 
     </span>
    </p>
   </div>
   <div class='ocr_carea' id='block_1_11' title="bbox 1027 2585 1794 2653">
    <p class='ocr_par' dir='ltr' id='par_1_13' title="bbox 1027 2585 1794 2653">
     <span class='ocr_line' id='line_1_114' title="bbox 1061 2585 1794 2618; baseline 0.001 -10"><span class='ocrx_word' id='word_1_837' title='bbox 1061 2585 1093 2615; x_wconf 83' lang='lat' dir='ltr'>(a)</span> <span class='ocrx_word' id='word_1_838' title='bbox 1108 2585 1168 2610; x_wconf 86' lang='lat' dir='ltr'>Coet.</span> <span class='ocrx_word' id='word_1_839' title='bbox 1188 2585 1248 2609; x_wconf 76' lang='lat' dir='ltr'>edit.</span> <span class='ocrx_word' id='word_1_840' title='bbox 1262 2586 1456 2618; x_wconf 75' lang='lat' dir='ltr'>praeparatione.</span> <span class='ocrx_word' id='word_1_841' title='bbox 1472 2598 1502 2604; x_wconf 95' lang='lat'>—</span> <span class='ocrx_word' id='word_1_842' title='bbox 1517 2586 1550 2617; x_wconf 83' lang='lat' dir='ltr'>(b)</span> <span class='ocrx_word' id='word_1_843' title='bbox 1567 2586 1654 2610; x_wconf 81' lang='lat' dir='ltr'>dicens</span> <span class='ocrx_word' id='word_1_844' title='bbox 1669 2593 1674 2608; x_wconf 95' lang='lat'>:</span> <span class='ocrx_word' id='word_1_845' title='bbox 1692 2586 1726 2610; x_wconf 73' lang='lat' dir='ltr'>Et</span> <span class='ocrx_word' id='word_1_846' title='bbox 1743 2592 1794 2610; x_wconf 60' lang='lat' dir='ltr'>nes-</span> 
     </span>
     <span class='ocr_line' id='line_1_115' title="bbox 1027 2620 1331 2653; baseline 0.013 -10"><span class='ocrx_word' id='word_1_847' title='bbox 1027 2620 1084 2644; x_wconf 77' lang='lat' dir='ltr'>ciri.</span> <span class='ocrx_word' id='word_1_848' title='bbox 1101 2634 1127 2638; x_wconf 89' lang='lat'>—</span> <span class='ocrx_word' id='word_1_849' title='bbox 1145 2622 1175 2652; x_wconf 86' lang='lat' dir='ltr'>(e)</span> <span class='ocrx_word' id='word_1_850' title='bbox 1190 2621 1278 2653; x_wconf 77' lang='lat' dir='ltr'>Suppe.</span> <span class='ocrx_word' id='word_1_851' title='bbox 1298 2625 1331 2647; x_wconf 80' lang='lat' dir='ltr'>et.</span> 
     </span>
    </p>
   </div>
  </div>
 </body>
</html>
