1987 3032
39 1764 144 1785 Doctrina

40 1797 144 1822 Evange-

40 1827 90 1847 lica.

838 213 1074 245 PROOEMIUM.

163 285 239 312 trina
254 286 296 312 est
315 284 351 311 de
369 283 450 310 bono
472 282 499 308 et
522 280 558 307 de
581 279 713 307 difficili:
737 280 832 308 omnis
851 280 929 307 enim

163 339 210 359 ars
225 331 301 358 eirca
315 330 444 362 bonum,
460 330 491 355 ut
506 327 610 355 dicitur
625 327 654 354 in
668 328 772 354 Etltz'cz's
795 329 803 344 ¹
830 337 836 354 :
860 335 929 361 ergo

163 385 224 405 non
234 377 320 404 debet
328 374 511 410 appropriari
518 374 586 400 huic
602 373 750 400 doctrinae.
760 375 840 406 Item,
848 375 881 400 ut
891 373 930 400 ait

163 422 338 457 Augustinus
346 420 366 454 Ξ,
379 430 392 446 «
404 428 470 447 cum
481 419 594 454 aliquid
605 419 718 446 bonum
729 419 929 452 annuntiatur,

162 469 257 503 potest
276 467 333 494 dici
353 466 564 500 Evangelium:
585 475 597 490 11
619 465 671 492 sed
689 465 729 492 sic
748 465 832 492 estin
848 464 929 491 omni

163 513 280 542 salutari
293 513 439 546 doctrina;
455 511 535 538 unde
550 510 705 546 Apostolus
722 518 805 537 suam
820 510 929 537 doctri-

162 568 231 588 nam
245 562 332 587 vocat
345 558 536 593 Evangelium
551 558 561 574 ³
575 567 581 583 :
600 566 614 583 «
629 559 735 584 Notum
749 557 825 584 facio
844 556 930 584 vobis

161 606 388 640 Evangelium,»
414 606 467 631 etc.
491 605 565 638 Ergo
585 604 618 630 ut
637 603 728 638 priua
744 604 777 630 Et
791 602 830 630 ad
845 603 930 629 istam

162 652 356 688 quaestionem
379 650 536 685 respondet
558 649 782 685 Chrysostomus
802 649 813 665 '⁴
833 648 908 675 bene
921 669 928 680 ‚

161 698 213 726 ubi
228 698 267 725 ait
280 706 287 724 :
305 707 318 722 (ι
331 696 521 731 Evangelium
533 696 590 722 hoe
603 703 677 730 opus
692 695 828 722 decenter
841 702 929 721 voca-

161 745 215 778 vit;
237 743 343 772 etenim
362 742 496 778 supplicii
518 741 758 774 destructionem,
780 742 807 767 et
827 748 930 775 pecca-

161 792 258 818 torum
275 789 467 822 solutionem,
492 790 519 815 et
538 787 693 822 justitiam,
717 789 745 814 et
767 786 930 813 sanctifica-

161 836 287 869 tionem,
309 837 336 862 et
358 834 610 870 redemptionem,
635 835 662 860 et
678 832 886 868 adoptionem,
903 835 930 860 et

160 882 358 910 haereditatem
381 881 540 914 coelorum,
561 881 589 907 et
608 879 813 914 cognationem
832 879 870 906 ad
886 878 930 905 Fi-

160 928 234 956 lium
252 928 301 955 Dei
317 927 455 955 omnibus
474 926 555 954 venit
576 925 765 959 annuntiare,
786 925 931 958 inimiciS,

161 973 294 1009 ingratis,
309 976 336 1001 et
350 973 394 1000 his
411 973 461 1008 qui
475 973 506 999 in
523 972 651 999 tenebris
666 971 817 999 sedebant.
834 981 847 996 »
865 972 929 998 11ωο

160 1020 220 1049 ille.
241 1020 283 1049 Ob
308 1027 378 1054 ergo
398 1018 615 1046 multitudinem
637 1018 786 1045 bonorum
810 1017 930 1044 collato-

158 1073 225 1092 rum
240 1073 257 1092 a
272 1065 343 1092 Filio
355 1064 418 1098 Dei,
431 1066 458 1091 et
473 1064 686 1099 promissorum
701 1071 766 1098 quae
781 1063 931 1090 continen-

159 1114 204 1139 tur
218 1112 249 1138 in
268 1111 401 1138 doctrina
420 1110 537 1143 Christi,
559 1109 664 1137 merito
689 1109 794 1136 dicitur
812 1111 930 1143 Evanqe-

159 1159 234 1185 lium.
251 1157 331 1184 Unde
345 1157 571 1191 Chrysostomus
581 1155 591 1171 ⁵
607 1164 613 1182 z
633 1164 646 1180 «
656 1156 723 1188 Quae
735 1156 834 1182 autem
845 1163 862 1182 a
872 1155 931 1190 pis-

159 1203 306 1231 catoribus
333 1202 504 1230 annuntiata
532 1203 614 1235 sunt,
644 1201 732 1228 etiam
757 1201 877 1236 proprie
903 1203 931 1228 et

157 1249 356 1284 principaliter
383 1248 534 1281 Evangelia
555 1248 715 1279 vocantur,
740 1255 802 1274 non
830 1249 928 1274 tamen

159 1295 229 1331 quia
250 1297 327 1322 certa
346 1296 373 1321 et
393 1293 559 1321 immobilia
583 1293 681 1320 solum
705 1294 772 1320 sunt
792 1293 887 1327 bona,
904 1294 931 1320 et

159 1349 248 1376 supra
266 1340 438 1375 dignitatem
457 1341 602 1373 nostram,
623 1338 676 1366 sed
699 1338 842 1373 quoniam
863 1346 931 1365 cum

158 1386 294 1414 facilitate
309 1385 390 1413 omni
404 1385 491 1412 nobis
513 1385 622 1412 donata
638 1386 721 1411 sunt:
740 1392 837 1419 neque
853 1384 930 1411 enim

159 1433 229 1468 quia
247 1432 447 1459 laboravimus
469 1432 495 1458 et
515 1430 626 1465 fatigati
650 1438 771 1464 sumus,
793 1430 844 1457 sed
860 1431 931 1466 quia

159 1479 256 1506 dilecti
269 1478 391 1510 suimus,
407 1486 425 1505 a
440 1479 496 1505 Deo
512 1477 609 1504 solum
623 1478 814 1513 suscepimus
832 1488 846 1503 »
865 1479 928 1505 Haec

157 1525 219 1552 ille.
242 1526 274 1551 Et
300 1524 336 1551 de
359 1524 416 1551 hoc
437 1523 613 1558 Augustinus
631 1523 641 1540 ⁶
667 1532 673 1550 :
702 1533 716 1548 «
737 1525 811 1551 Inter
826 1531 929 1550 omnes

158 1570 272 1598 divinas
287 1570 481 1604 auctoritates,
490 1578 555 1605 quae
563 1569 651 1596 sacris
659 1569 760 1596 litteris
775 1569 928 1597 continen-

159 1619 214 1650 tur,
227 1616 418 1651 Evangelium
431 1616 535 1643 merito
549 1615 689 1651 proecellit
703 1625 708 1643 :
725 1615 808 1650 quod
824 1616 859 1651 (a)
873 1617 929 1643 Lex

158 1665 185 1690 et
199 1663 348 1698 Prophetae
362 1662 492 1690 futurum
507 1661 788 1697 pronuntiaverunt,
808 1661 864 1689 hoc
882 1670 927 1689 re-

158 1708 286 1736 velatum
300 1711 387 1744 atque
403 1708 582 1743 completum
596 1708 627 1734 in
640 1708 797 1741 Evangelio
809 1707 929 1734 demon-

158 1757 302 1782 stratur.»
319 1756 381 1782 Haec
404 1754 463 1781 ille.
490 1754 566 1781 Licet
587 1761 658 1788 ergo
678 1754 773 1780 omnis
794 1753 928 1781 doctrina

159 1801 293 1828 salutaris
313 1801 349 1828 sit
369 1800 441 1828 boni
456 1799 669 1833 annuntiativa,
681 1800 780 1826 tamen
795 1799 929 1826 doctrina

159 1847 329 1881 evangelica
350 1845 579 1873 antonomastice
604 1846 646 1871 est
673 1845 798 1880 amplius
819 1847 846 1872 et
863 1853 929 1880 per-

159 1892 259 1919 fectius
279 1892 426 1926 maj0rum
445 1891 595 1918 bonorum
616 1891 828 1919 annuntiativa.
846 1891 927 1918 Unde

158 1938 380 1973 Chrysostomus
398 1938 430 1964 ⁷:
452 1947 464 1962 ι(
488 1939 539 1964 1510
562 1937 646 1971 liber,
669 1936 778 1964 scilicet
796 1939 926 1972 Evange-

158 1984 231 2011 lium
252 1983 388 2017 Matthaei,
412 1985 453 2010 est
476 1983 618 2018 apotheca
642 1983 801 2017 gratiarum
821 1992 828 2010 ε
855 1983 927 2010 sicut

159 2031 236 2057 enim
248 2030 278 2057 in
293 2030 434 2065 apotheca
448 2029 544 2056 divitis
563 2029 704 2063 alicujus,
722 2030 813 2057 homo
831 2030 926 2057 omnis

159 2076 241 2111 quod
256 2076 402 2103 desiderat
421 2075 545 2109 invenit,
562 2075 602 2101 sie
620 2075 650 2102 in
665 2075 742 2102 libro
761 2075 815 2102 isto
830 2076 926 2103 omnis

158 2123 256 2150 anima
271 2122 353 2157 quod
368 2121 563 2149 necessarium
578 2123 620 2149 est
630 2121 748 2148 invenit.
759 2132 771 2147 11
791 2123 853 2149 Haec
866 2122 924 2157 ille,

157 2171 184 2196 et
197 2177 248 2204 per
263 2169 323 2196 hfec
338 2168 377 2195 ad
388 2168 502 2202 objecta
516 2176 522 2194 :
538 2167 693 2194 1100100101
708 2167 772 2194 aliae
787 2168 925 2196 doctrinae

156 2215 203 2242 vel
218 2214 343 2243 scientiae
358 2214 414 2241 sint
428 2214 464 2240 de
480 2214 578 2247 bono,
594 2215 621 2240 et
636 2213 723 2240 etiam
741 2213 779 2240 ad
794 2214 923 2249 bonum,

155 2260 318 2288 secundum
337 2260 430 2294 magis
452 2261 479 2286 et
497 2259 608 2292 11110115,
623 2260 704 2294 prius
719 2262 746 2286 et
764 2260 922 2295 posterius,

155 2309 253 2334 tamen
263 2314 344 2334 saera
358 2306 492 2333 doctrina
506 2307 674 2341 evangelica
689 2314 742 2342 per
756 2308 882 2342 amplius
897 2311 924 2336 et

155 2352 308 2389 perfectius
323 2354 365 2379 est
383 2352 420 2379 de
434 2353 534 2386 11000,
553 2355 580 2379 01
600 2353 749 2380 bonorum
768 2354 923 2382 annuntia-

155 2399 215 2426 tiva
229 2401 256 2426 et
269 2399 435 2426 futurorum
452 2398 601 2425 bonorum
623 2399 814 2434 promissiva,
832 2408 923 2436 quam

188 2459 193 2471 ¹
209 2458 294 2486 Arist„
311 2457 405 2486 Ethic.‚
420 2457 463 2480 lib.
481 2459 503 2487 Ι,
517 2464 539 2481 c.
557 2464 573 2481 1.
588 2469 618 2474 —
629 2457 640 2473 2
656 2458 731 2487 Aug„
743 2460 807 2481 cont.
823 2459 922 2490 Faust„

156 2493 241 2523 11011,
254 2499 357 2518 0.11.-
373 2493 382 2509 ³
398 2493 464 2522 Gal„
482 2499 499 2523 1,
517 2495 592 2516 11.—
607 2494 614 2506 ⁴
627 2493 805 2523 (3111315050,ιή
822 2495 920 2523 Mutila..

156 2528 225 2552 110111,
246 2534 268 2557 1,
288 2535 314 2552 n.
335 2529 357 2552 2.
377 2540 407 2546 —
427 2529 437 2545 ⁵
456 2528 530 2558 lbid.,
549 2527 624 2558 paulo
644 2530 708 2558 post.
724 2541 754 2546 —
773 2528 782 2544 θ
798 2530 871 2559 Aug„
891 2531 922 2554 (Ie

157 2563 229 2586 Cone.
252 2563 356 2594 Euanq..
379 2563 422 2587 lib.
448 2564 471 2592 1,
495 2571 516 2586 0.
538 2569 555 2586 1.
580 2575 609 2580 -
631 2563 638 2577 ⁷
665 2564 715 2586 1100
737 2565 824 2588 auctor
848 2566 919 2596 Oper.

157 2597 255 2627 imperf.
270 2599 295 2621 in
312 2598 411 2627 Monta,
427 2598 496 2623 11001,
513 2604 530 2628 1,
545 2597 569 2621 111
586 2598 665 2628 princ.
678 2611 704 2614 —
720 2598 730 2614 ⁸
744 2599 821 2629 Rom„
838 2605 865 2630 11,
882 2603 919 2625 16.

157 2645 186 2650 -
206 2633 215 2646 ⁰
231 2633 304 2662 Aug„
323 2633 351 2656 cle
369 2634 439 2658 conc.
458 2634 566 2663 Evauq„
584 2633 627 2657 lib.
644 2633 668 2663 1,
686 2639 708 2657 c.
724 2639 773 2664 vu,
792 2640 818 2659 n.
838 2637 873 2659 11.
889 2649 919 2655 -

1695 214 1753 242 ⁶245

987 279 1050 307 aliae
1067 279 1201 306 scientiae.
1221 280 1290 305 Vere
1305 278 1383 305 enim
1401 278 1593 313 Evangelium
1608 280 1649 306 est
1663 278 1753 305 virtus

987 325 1067 353 omni
1088 325 1216 352 credenti
1233 333 1239 352 :
1262 325 1419 360 Apostolus
1433 332 1505 351 vero
1519 325 1605 351 vocat
1618 325 1628 340 ὃ
1644 324 1753 351 doctri-

986 379 1056 398 nam
1068 379 1151 397 suam
1166 372 1341 404 Evangelz'um
1351 370 1471 402 merito,
1487 370 1557 405 quia
1571 370 1702 397 derivata
1713 371 1755 396 est

987 424 1022 443 ex
1038 416 1195 450 Evangelio
1208 416 1238 443 in
1251 415 1333 443 nullo
1349 416 1387 442 ab
1397 424 1432 443 eo
1446 415 1628 442 discordans.

1022 463 1239 497 consequenter
1260 462 1399 497 quaeritur
1422 453 1504 489 tertio
1524 461 1560 488 de
1583 461 1670 495 hujus
1686 461 1756 488 doc-

986 508 1067 535 trinae
1095 510 1227 540 auctore,
1251 507 1316 543 quis
1344 507 1446 534 debuit
1474 515 1540 534 eam
1566 507 1681 534 tradere
1707 507 1755 534 vel

986 554 1144 589 scripsisse.
1160 555 1192 581 Et
1206 553 1322 581 videtur
1336 553 1418 589 quod
1432 553 1518 580 Filius
1534 553 1601 586 Dei,
1615 553 1688 580 sicut
1702 553 1756 580 ob-

983 601 1087 636 jiciunt
1111 600 1236 635 pagani,
1257 601 1307 635 qui
1331 601 1462 627 tribuunt
1484 599 1756 627 excellentissimam

986 647 1160 682 sapientiam
1175 646 1286 673 Christo
1296 666 1304 680 ,
1320 648 1418 673 tamen
1433 646 1507 673 sicut
1516 646 1629 673 homini
1644 646 1757 681 sapien-

986 693 1113 725 tissimo,
1142 695 1230 728 prout
1254 692 1354 719 recitat
1371 692 1548 727 Augustinus
1571 693 1581 708 9
1601 701 1607 719 :
1634 700 1669 719 ex
1696 700 1756 727 quo

987 739 1065 766 enim
1082 739 1135 766 fuit
1150 747 1263 766 summe
1279 738 1413 773 sapiens,
1428 738 1490 773 ipse
1502 738 1650 765 debuisset
1668 738 1758 773 scrip-

986 786 1057 812 sisse
1072 785 1280 819 Evangelium,
1296 786 1327 812 ut
1342 786 1415 811 esset
1430 784 1551 818 majoris
1563 784 1757 817 auctoritatis,

986 832 1059 859 510111
1075 831 1227 866 objiciunt.
1248 832 1318 858 Item
1334 830 1493 865 objiciunt,
1508 830 1606 865 ipsum
1622 830 1757 857 tribuisse

986 878 1114 914 amplius
1129 877 1294 912 discipulis,
1315 877 1366 912 qui
1385 877 1562 911 scripserunt
1584 877 1756 911 Evangelia,

987 933 1077 960 quam
1091 924 1146 951 sibi
1160 924 1216 959 ipsi
1230 923 1380 958 magistro.
1396 924 1466 950 Item
1475 923 1540 950 laus
1555 922 1694 957 sapientis
1705 924 1757 956 est,

987 969 1199 998 communicari
1227 977 1312 997 suam
1335 969 1523 1004 sapientiam,
1553 970 1581 995 et
1609 969 1703 1003 dicto,
1731 972 1759 997 et

987 1017 1093 1051 scripto
1114 1017 1135 1033 ¹⁰
1151 1025 1157 1042 :
1176 1026 1188 1041 a
1203 1017 1296 1048 Quam
1313 1015 1374 1042 sine
1395 1015 1506 1042 invidia
1527 1015 1725 1042 communico.
1741 1025 1755 1041 »

988 1065 1019 1091 Et
1033 1063 1051 1079 ¹¹
1071 1072 1076 1089 :
1096 1062 1244 1097 «Sapiens
1264 1062 1299 1096 (b)
1318 1061 1416 1088 verbis
1435 1069 1464 1088 se
1488 1061 1635 1096 producit.
1651 1071 1664 1087 »
1683 1063 1758 1096 Ergo

987 1110 1011 1136 si
1026 1109 1153 1136 Christus
1174 1108 1334 1144 scripsisset
1352 1107 1525 1142 Evangelia,
1542 1106 1670 1142 amplior
1685 1109 1759 1135 esset

987 1154 1222 1189 commendatio,
1244 1155 1276 1181 ut
1302 1153 1428 1181 videtur.
1460 1155 1529 1180 ltem
1552 1153 1575 1179 si
1600 1153 1688 1180 Filius
1710 1153 1758 1180 Dei

986 1201 1178 1236 Evangelium
1201 1200 1377 1235 scripsisset,
1404 1199 1502 1226 minor
1536 1200 1610 1226 esset
1642 1199 1758 1226 occasio

987 1257 1130 1282 errorum,
1142 1248 1221 1283 quia,
1233 1250 1264 1275 ut
1275 1247 1374 1274 recitat
1384 1246 1560 1281 Augustinus
1569 1246 1600 1279 ¹²,
1609 1245 1693 1272 multi
1708 1245 1758 1272 alii

986 1295 1163 1330 scripserunt
1177 1293 1344 1328 Evangelia,
1365 1292 1472 1328 quibus
1487 1300 1548 1319 non
1571 1294 1612 1318 est
1635 1291 1758 1318 creden-

987 1341 1079 1368 dum:
1096 1342 1123 1367 et
1144 1340 1248 1368 eadem
1264 1339 1377 1367 ratione
1392 1347 1452 1366 non
1473 1338 1661 1365 crediderunt
1673 1337 1758 1365 multi

986 1387 1150 1421 Evangeliis
1173 1387 1286 1422 scriptis
1309 1395 1327 1414 a
1350 1386 1510 1421 discipulis.
1526 1385 1570 1413 Ad
1594 1385 1671 1412 istud
1696 1393 1756 1412 res-

984 1433 1096 1469 pondet
1109 1433 1286 1467 Augustinus
1299 1432 1330 1467 ¹³,
1345 1432 1396 1459 ubi
1411 1432 1450 1459 ait
1466 1441 1472 1459 ε
1493 1431 1655 1459 «Omnibus
1671 1431 1756 1458 disci-

984 1479 1061 1514 pulis
1075 1487 1127 1514 per
1140 1479 1301 1512 hominem,
1315 1486 1404 1513 quem
1419 1478 1600 1513 asssumpsit,
1616 1479 1757 1512 tanquam

984 1525 1125 1553 membris
1139 1526 1183 1552 sui
1199 1525 1331 1560 corporis
1345 1526 1432 1559 caput
1451 1526 1501 1551 est.
1518 1525 1617 1559 Itaque
1631 1531 1698 1550 cum
1713 1523 1756 1550 illi

984 1571 1160 1607 scripserunt
1181 1579 1246 1606 quae
1270 1570 1319 1598 ille
1341 1570 1477 1604 ostendit,
1496 1577 1687 1605 nequaquam
1712 1569 1757 1596 di-

985 1619 1112 1646 cendum
1141 1618 1223 1654 quod
1250 1617 1312 1653 ipse
1340 1626 1400 1645 non
1426 1617 1589 1652 scripserit,
1617 1616 1757 1651 quando-

984 1665 1105 1700 quidem
1126 1664 1260 1691 membra
1275 1664 1337 1699 ejus
1352 1664 1387 1690 id‘
1398 1663 1430 1699 (c)
1447 1665 1567 1698 operata
1581 1664 1656 1697 sunt,
1673 1662 1756 1698 quod

985 1711 1110 1738 dictante
1139 1711 1231 1746 capite
1254 1712 1465 1745 cognoverunt.
1486 1709 1635 1744 Quidquid
1658 1710 1756 1736 autem

983 1757 1031 1784 ille
1048 1757 1085 1784 de
1101 1757 1160 1783 suis
1171 1756 1253 1783 factis
1266 1758 1293 1783 et
1305 1756 1389 1783 dictis
1403 1764 1457 1783 005
1471 1755 1568 1790 legere
1579 1755 1683 1789 voluit,
1698 1755 1755 1782 1100

984 1811 1045 1831 0550
1068 1803 1257 1830 scribendum
1283 1802 1339 1829 illis
1361 1804 1503 1837 tanquam
1531 1801 1668 1828 manibus
1696 1801 1756 1828 suis

983 1849 1145 1884 imperavit.
1161 1859 1174 1875 »
1198 1850 1260 1875 Haec
1280 1848 1338 1875 ille.
1355 1848 1399 1875 Sic
1419 1856 1488 1882 ergo
1505 1847 1648 1882 disposuit
1669 1847 1755 1874 Filius

982 1895 1042 1929 Dei,
1062 1895 1113 1930 qui
1134 1897 1174 1922 est
1197 1895 1339 1930 sapientia
1358 1894 1457 1928 PatriS,
1478 1894 1560 1929 qnod
1580 1893 1641 1929 ipse
1663 1895 1755 1920 Evan-

981 1942 1090 1976 gelium
1104 1941 1287 1977 praedicaret,
1301 1944 1328 1968 et
1338 1940 1491 1974 miracula,
1503 1948 1568 1975 quae
1578 1940 1607 1966 in
1623 1947 1658 1967 eo
1673 1947 1754 1967 enar-

981 1989 1092 2021 rantur,
1118 1987 1236 2021 saceret,
1256 1990 1284 2014 et
1304 1987 1410 2013 deinde
1432 1994 1486 2021 per
1510 1986 1659 2021 apostolos
1684 1985 1754 2012 doc-

980 2034 1056 2061 trina
1071 2034 1240 2068 evangelica
1256 2032 1464 2068 publiCaretur,
1481 2034 1507 2059 et
1524 2040 1541 2059 a
1556 2032 1644 2058 sacris
1660 2033 1753 2058 Evan-

981 2080 1089 2115 gelistis
1105 2083 1235 2115 tempore
1251 2087 1383 2114 congruo
1394 2079 1425 2105 in
1439 2078 1551 2113 scriptis
1560 2078 1751 2112 redigeretur.

980 2126 1024 2154 Ad
1051 2126 1181 2161 primum
1204 2128 1300 2153 autem
1329 2125 1488 2160 respondet
1516 2126 1694 2158 Augustinus
1716 2124 1752 2158 Ν,

981 2172 1064 2207 quasi
1085 2174 1185 2199 contra
1200 2172 1365 2207 arguendo,
1381 2170 1587 2205 objicientibus
1601 2170 1750 2205 praedicta,

980 2218 1062 2253 quod
1078 2218 1245 2253 Philosophi
1265 2217 1441 2245 nobilissimi
1461 2217 1541 2251 apud
1557 2224 1607 2243 eos
1626 2216 1699 2243 nihil
1714 2216 1750 2243 de

979 2272 1009 2292 se
1024 2265 1209 2300 scripserunt,
1227 2265 1300 2291 sieut
1316 2274 1329 2289 (ι
1345 2263 1533 2298 Pythagoras,
1550 2270 1609 2297 quo
1630 2262 1660 2288 in
1683 2270 1752 2289 con-

979 2311 1148 2346 templativa
1166 2311 1270 2338 virtute
1290 2310 1395 2337 6110010
1409 2309 1481 2336 nihil
1502 2308 1607 2335 clarius
1622 2308 1725 2335 habuit
1741 2318 1747 2336 :

979 2358 1006 2384 et
1021 2359 1118 2384 tamen
1133 2365 1186 2384 000
1202 2357 1238 2383 de
1254 2364 1293 2391 se,
1310 2364 1363 2383 nec
1381 2356 1417 2382 (10
1436 2355 1496 2382 ulla
1510 2362 1540 2382 re
1556 2354 1668 2389 aliquid
1682 2354 1749 2382 scri-

978 2403 1068 2438 psisse
1092 2403 1270 2439 perhibetur.
1292 2402 1427 2430 Similiter
1446 2402 1586 2434 Socrates,
1607 2408 1694 2436 quem
1717 2399 1753 2427 in‘

978 2489 998 2505 ¹⁰
1014 2488 1082 2519 Sap„
1099 2494 1148 2519 vn,
1166 2490 1201 2511 13.
1219 2500 1249 2506 -
1271 2488 1287 2504 ¹¹
1306 2487 1395 2517 Eccli„
1411 2493 1459 2516 xx,
1478 2487 1515 2510 29.
1533 2499 1562 2504 —-
1580 2487 1596 2500 ¹²
1613 2486 1688 2515 Aug„
1704 2486 1746 2508 11111

977 2531 1062 2554 supra.
1078 2536 1108 2541 —
1122 2524 1142 2540 ¹³
1158 2524 1230 2553 111111,
1251 2531 1273 2548 0.
1289 2529 1370 2553 xxxv,
1391 2530 1416 2546 11.
1434 2524 1472 2546 54.
1489 2535 1519 2540 —
1534 2522 1554 2538 ¹⁸
1569 2521 1642 2550 ibid..
1660 2528 1682 2544 c.
1699 2526 1744 2550 v11,

975 2565 1000 2582 n.
1019 2561 1055 2583 12.

1008 2605 1038 2635 (a)
1062 2605 1102 2629 Ac.
1125 2605 1242 2629 excellit:
1266 2606 1333 2636 quod
1356 2606 1463 2631 enim.—-
1481 2603 1517 2635 (b)
1534 2602 1606 2634 Vulq.
1622 2602 1743 2634 praemite-

975 2639 1009 2664 in.
1026 2653 1052 2657 -
1071 2641 1100 2671 (c)
1116 2641 1176 2666 Cret.
1189 2641 1249 2665 edit.
1266 2641 1331 2666 ideo.
