1987 3032
145 572 215 596 Quin-

110 608 152 629 que
179 604 215 623 Ιιο-

121 640 206 654 minum

110 664 213 686 differen-

234 221 293 250 1¹4

232 285 421 317 dictionibus
445 288 476 318 et
491 289 598 318 metet.
621 298 636 316 υ
656 288 758 328 Supra
773 289 779 304 ¹
797 297 804 316 :
826 298 840 316 a
860 287 948 326 Date,
972 290 1003 318 et

231 339 358 371 dabitur
373 341 480 379 vobis;
500 350 686 372 mensuram
701 342 817 372 bonam
827 365 835 379 ‚
851 352 865 369 ι)
881 343 938 372 etc.

270 396 320 423 ⁶27.
344 394 567 425 Verumtamen
583 395 726 424 mimicos
740 403 836 432 meos,
853 396 911 424 etc.
929 393 1002 425 Post

231 447 364 477 sormam
376 447 487 486 judicii
500 449 641 486 respectu
654 448 799 478 omnium
814 449 844 477 et
858 447 1000 477 fidelium

231 502 261 530 et
275 500 524 539 negligentium,
542 500 591 530 hic
604 500 816 539 subjungitur
830 508 923 539 poena
937 508 1001 529 res-

230 555 324 592 pectu
338 552 514 583 rebellium.
533 552 621 583 Unde
636 562 675 583 ex
690 553 749 583 hac
765 552 913 592 parabola
932 561 1001 592 pos-

229 609 303 636 sunt
329 606 471 645 quinque
498 606 684 637 differentia}
715 607 883 637 hominnm
911 606 998 644 elici,

229 668 365 699 quarum
381 659 452 690 dua}
467 659 572 697 bonae,
587 661 618 690 et
632 662 696 690 tres
710 659 815 690 malae.
832 658 910 690 Nam
925 658 1000 689 boni

229 715 303 742 sunt
317 712 449 742 fideliter
463 712 623 750 docentes3
635 713 721 749 boni,
738 712 872 743 fideliter
886 720 999 742 eorum

229 765 380 796 doetrinae
396 765 602 796 adhaerentes.
630 765 703 796 Mali
726 775 801 796 vcro
816 767 890 796 sunt
906 765 1000 804 igno-

228 821 345 856 rantes,
362 821 391 849 et
407 818 618 858 negligentes,
634 821 663 849 et
678 819 904 857 malignantes.
921 818 999 848 Om-

228 880 284 901 nes
299 871 385 901 enim
400 871 474 901 boni
488 874 543 902 aut
558 873 632 902 sunt
650 872 768 902 subditi
788 874 842 902 aut
863 871 997 910 praelati.

228 924 300 954 Mali
315 934 392 955 vero
403 926 458 955 aut
471 933 511 954 ex
526 925 720 963 ignorantia,
733 927 788 955 aut
802 924 997 962 infirmitate,

229 980 284 1008 aut
321 978 439 1008 malitia
476 978 698 1008 universaliter
734 980 873 1018 peccant.
912 977 1000 1008 Unde

228 1030 336 1061 Glossa
351 1031 448 1061 diest:
471 1042 485 1059 «
500 1030 554 1061 uis
576 1031 718 1071 quinque
737 1031 880 1070 personis
905 1039 999 1060 omne

227 1092 328 1122 genus
343 1084 510 1114 hominum
525 1084 559 1114 in
572 1084 680 1114 futuro
692 1084 812 1123 Judicio
832 1083 999 1113 discutien-

226 1136 303 1167 dum
318 1137 465 1176 signat.»
485 1137 520 1167 In
542 1137 601 1167 hac
622 1137 721 1176 igitur
742 1136 891 1176 parabola
916 1136 999 1167 circa

223 1190 381 1228 judicium
396 1189 561 1220 rebellium
576 1189 639 1220 duo
652 1190 869 1227 insinuantur,
881 1189 996 1220 scilicet

225 1242 391 1273 rebellium
408 1252 513 1282 poena,
532 1245 562 1273 et
580 1242 746 1273 rebellium
759 1252 905 1282 persona.

266 1295 374 1326 Primo
389 1296 503 1334 igitur,
521 1298 677 1334 quantum
693 1295 732 1325 ad
746 1295 913 1326 rebellium
927 1304 999 1335 pce-

226 1358 315 1386 nam,
333 1349 449 1379 dicitur
465 1359 471 1378 t
497 1349 722 1380 Verumtamen
738 1348 882 1378 2'122'9722'603
896 1357 996 1386 meos,

226 1411 282 1440 per
309 1410 400 1432 suam
432 1401 649 1440 arrogantiam
664 1424 671 1438 ,
702 1401 876 1431 secundum
905 1401 998 1432 Psal-

226 1456 332 1486 mum²
343 1466 354 1486 .·
367 1466 381 1483 «
394 1454 547 1494 Superbia
563 1463 674 1485 eorum
690 1454 781 1493 quite
792 1454 938 1492 oderunt,
953 1464 1000 1484 as-

227 1508 330 1539 cendit
345 1517 507 1547 semper.»
528 1507 582 1537 Ille
600 1507 686 1537 enim
699 1506 840 1536 maxime
854 1506 1000 1537 inimica-

226 1564 278 1592 tur
302 1561 364 1592 Deo
376 1585 384 1599 ‚
413 1561 467 1600 qui
492 1563 602 1592 contra
625 1569 699 1591 eum
724 1560 820 1598 erigit
843 1559 998 1590 cervicem

226 1624 318 1645 suam
328 1624 384 1654 per
394 1615 574 1654 snperbiam
582 1638 592 1652 ,
605 1613 779 1644 secundum
788 1612 865 1642 illud
874 1612 884 1628 ³
897 1623 903 1642 :
920 1623 933 1640 «
942 1612 999 1642 Cu-

226 1668 327 1698 currit
339 1668 491 1698 adversus
506 1667 607 1697 Deum
621 1668 724 1697 erecto
738 1665 828 1703 collo,
842 1667 873 1695 et
885 1665 999 1704 pingui

226 1721 346 1751 cervice
361 1723 503 1751 armatus
521 1723 578 1751 est.
596 1730 610 1748 n
634 1719 717 1750 Talis
739 1721 784 1748 est
805 1717 860 1757 qui
883 1717 1000 1756 quaerit

227 1774 362 1813 gloriam
378 1774 411 1804 in
425 1774 486 1804 hoc
500 1773 621 1803 mundo
633 1772 643 1789 ⁴
656 1783 662 1802 :
684 1783 697 1800 «
716 1770 849 1801 Nescitis
863 1769 939 1809 qaia
958 1769 997 1808 (a)

227 1827 365 1857 amicitia
378 1827 474 1866 huJ'us
488 1826 600 1856 mundi
616 1824 745 1855 inimica
761 1826 806 1854 est
825 1823 903 1854 Dei?
921 1822 999 1859 Qui-

227 1889 405 1920 cumque‚»
426 1882 484 1910 etc.
502 1879 541 1909 Et
554 1881 563 1897 ⁵
582 1890 589 1909 ι
610 1890 624 1907 (ι
639 1877 672 1908 Si
695 1877 766 1917 quis
786 1876 892 1914 diligit
914 1875 1000 1905 hunc

228 1934 404 1970 mundum,
426 1942 490 1963 non
513 1933 561 1962 est
583 1931 720 1962 charitas
742 1929 845 1960 Patris
865 1929 898 1958 in
920 1937 967 1975 eo.
981 1939 995 1956 »

228 1986 304 2017 Illos
316 1987 374 2026 qui
387 1986 558 2016 noluerunt
567 1994 618 2015 me
630 1993 767 2024 regynm‘e
778 1991 914 2023 superse
922 2005 929 2019 ‚
945 1990 1000 2021 per

229 2039 475 2069 inobedientiam
488 2042 498 2058 ⁶
514 2047 523 2069 :
543 2038 595 2068 «A
609 2037 727 2068 saeculo
741 2035 926 2074 confregisti
943 2036 1000 2074 Ju-

231 2101 312 2130 gum
327 2101 435 2122 meum
444 2115 454 2129 ,
466 2091 580 2131 rupisti
590 2090 716 2122 vincula
726 2098 815 2127 mea,
827 2091 858 2119 et
873 2087 997 2119 dixisti:

230 2145 256 2176 N
258 2155 300 2176 on
310 2146 481 2177 serviam.»
494 2145 532 2176 Et
540 2145 610 2175 haec
620 2144 721 2174 oritur
729 2152 767 2173 ex
777 2140 999 2181 arrogantia72

234 2211 248 2227 «
260 2199 319 2235 Qui
329 2199 474 2229 dicebant
487 2198 568 2228 Deo:
585 2196 704 2227 Recede
715 2205 733 2226 a
743 2195 833 2225 nobis
845 2207 851 2226 2
865 2197 896 2225 ct
910 2194 1001 2234 quasi

230 2251 311 2281 nihil
325 2251 422 2291 possit
436 2251 657 2290 Omnipotens,
674 2248 874 2279 aestimabant
889 2256 975 2277 eum.
986 2258 1000 2276 »

232 2320 272 2326 ·-
286 2303 439 2335 Aclducz'te
452 2304 528 2342 huc,
545 2307 575 2333 ec
595 2302 760 2340 interficite
774 2304 847 2331 (mle
862 2309 928 2338 me,
945 2309 1002 2339 per

233 2366 369 2388 severam
393 2358 584 2393 vindictam,
607 2365 672 2396 qua
695 2355 924 2385 interficientur
946 2363 1002 2393 per

233 2410 377 2449 gladium
394 2410 510 2440 divinre
532 2409 694 2439 sententiae
715 2410 745 2439 et
766 2407 952 2446 dejicientur
967 2407 1001 2437 in

232 2463 338 2494 locum
352 2462 562 2493 damnationis
578 2464 707 2493 aeternae
717 2461 727 2477 ⁸
744 2470 752 2492 :
773 2472 788 2489 «
799 2460 899 2491 Gladii
913 2460 999 2490 anci-

264 2590 271 2606 ¹
287 2590 360 2620 Sap„
376 2594 412 2618 vr,
427 2589 465 2612 38.
480 2600 511 2605 -—
524 2589 534 2604 ²
549 2587 615 2610 Psal.
632 2592 725 2616 Lxxffl,
745 2588 785 2610 23.
804 2599 835 2603 —
853 2585 864 2602 ³
881 2584 934 2615 Job,
958 2589 1001 2614 xv,

232 2626 270 2649 26.
283 2625 333 2643 —⁴
348 2626 411 2654 Aac„
428 2630 461 2654 iv,
477 2625 499 2647 4.
514 2636 544 2640 —
562 2623 572 2639 ὓ
588 2623 594 2645 Ι
613 2623 694 2648 June..
715 2628 744 2651 ιι,
770 2624 805 2645 ¹5.
824 2634 854 2638 —
873 2622 882 2634 ‘⁵
900 2621 1002 2649 Jerenz„

234 2666 263 2689 11,
273 2662 310 2684 20.
323 2660 434 2688 —7Jol1,
445 2664 509 2688 xxli,
528 2657 696 2682 t7.—¹³Psal.
707 2663 794 2687 cxux,
809 2658 833 2681 6.
849 2670 875 2674 —
892 2657 900 2669 s'
916 2656 1000 2686 Apoc.,

234 2702 251 2724 1y
273 2698 309 2719 16.
329 2709 359 2713 -
380 2695 401 2711 ¹·
421 2695 505 2723 Μαι,
529 2699 612 2722 xxxii,
634 2694 671 2716 41.
690 2691 916 2722 —1112‘zecl1.,1x‚
931 2692 953 2714 ὅ.
970 2703 999 2707 -

778 220 991 252 EVANGELII
1014 220 1155 253 SANCTl
1177 221 1289 254 LUCAE

1055 288 1134 327 pites
1148 288 1181 318 in
1197 289 1344 319 manibus
1357 298 1485 327 eorum,
1506 289 1546 320 ad
1565 290 1739 322 faciendam
1753 291 1828 323 vin-

1055 340 1170 371 dictam
1185 341 1217 371 in
1232 342 1449 373 nationibus»
1470 342 1557 373 Unde
1572 342 1707 373 dicitur⁹
1727 354 1733 374 :
1755 355 1771 372 α
1786 343 1829 375 De

1055 402 1108 424 ore
1133 395 1203 433 ejus
1227 395 1353 433 gladius
1377 405 1416 426 cx
1440 399 1574 436 utraque
1600 398 1689 436 parte
1715 400 1828 428 acutus

1054 448 1171 478 exibat.
1184 458 1197 475 n
1216 448 1253 479 Et
1277 449 1337 479 hoc
1351 450 1563 480 comminatur
1579 450 1611 480 in
1628 451 1826 481 Deuterono-

1054 501 1118 530 mio
1130 502 1150 519 ¹⁰
1165 511 1195 530 z«
1205 501 1236 531 Si
1248 510 1362 532 acuero
1378 505 1412 532 nt
1423 502 1532 542 fulgur
1547 503 1690 542 gladium
1704 513 1825 542 meum,

1054 556 1084 582 et
1099 554 1268 592 arripuerit
1280 554 1436 593 judicium
1455 564 1570 585 manus
1585 565 1672 594 mea,
1694 556 1825 587 reddam

1054 605 1208 636 ultionem
1221 607 1365 638 hostibus
1378 608 1467 638 mels.
1479 619 1493 635 n
1506 608 1544 638 Et
1555 608 1593 639 de
1605 609 1708 639 hocin
1720 610 1826 649 figura

1054 658 1197 689 Ezechiel
1210 660 1229 676 ¹¹
1247 670 1277 690 :a
1287 659 1311 690 Τ
1313 660 1430 691 ransite
1446 669 1501 700 per
1515 661 1674 692 civitatem
1687 670 1825 701 sequen-

1052 713 1099 741 tes
1113 721 1188 742 eum
1198 736 1207 750 ,
1225 714 1255 742 et
1269 713 1433 752 percutite.
1446 724 1461 742 »

1093 764 1254 803 Secundo,
1281 768 1437 806 quantum
1461 766 1501 797 ad
1524 766 1693 797 rebellium
1716 775 1825 806 perso-

1053 826 1129 847 nam
1146 818 1387 857 insinuandam,
1413 819 1518 850 subdit
1537 820 1585 859 (ν.
1602 820 1657 859 28)
1679 828 1687 850 ι
1710 819 1756 851 Ec
1779 819 1827 850 his

1054 870 1145 900 dictis
1161 871 1363 910 proececlebat
1381 872 1551 902 ascendens
1573 872 1824 912 lerosolymam,

1054 923 1145 963 quasi
1160 933 1200 954 ex
1215 924 1282 964 ipso
1298 925 1378 955 sacto
1393 925 1575 955 ostendebat
1586 934 1619 955 se
1630 925 1735 955 dicere
1747 933 1825 964 prae-

1053 976 1134 1006 dicta
1153 979 1283 1017 propter
1297 977 1549 1018 Jerosolymitas,
1569 978 1622 1017 qui
1641 979 1732 1008 erant
1750 986 1826 1008 eum

1052 1030 1220 1069 negaturi,
1243 1039 1308 1061 non
1328 1039 1394 1061 esse
1419 1040 1514 1060 suum
1542 1039 1665 1069 regem.
1695 1030 1825 1070 Propter

1053 1092 1150 1121 quam
1157 1083 1251 1113 etiam
1261 1092 1390 1113 causam
1401 1083 1507 1113 statim
1518 1085 1748 1122 consequenter
1756 1083 1826 1122 agit

1053 1137 1088 1165 ut
1102 1144 1159 1166 rex
1172 1136 1211 1176 (b)
1223 1160 1230 1174 ‚
1248 1137 1407 1176 quomodo
1420 1136 1506 1167 venit
1521 1136 1555 1166 in
1567 1135 1758 1174 Jerusalem,
1775 1145 1826 1167 se-

1053 1188 1130 1219 dens
1143 1198 1240 1228 super
1254 1189 1387 1219 asinam.
1404 1188 1465 1219 Sed
1481 1190 1550 1228 post
1566 1188 1653 1218 illam
1673 1198 1827 1228 magnam

1054 1241 1210 1279 gloriam,
1243 1242 1400 1272 sustinere
1426 1241 1558 1272 debebat
1587 1242 1825 1273 contumeliam.

1054 1294 1092 1325 Et
1102 1295 1178 1334 quia
1193 1295 1231 1326 ad
1246 1295 1333 1325 illam
1347 1304 1412 1325 non
1426 1294 1491 1325 ibat
1503 1295 1696 1334 compulsus,
1710 1295 1764 1326 sed
1775 1304 1830 1326 vo-

1053 1347 1212 1378 luntarius
1220 1371 1230 1386 ,
1246 1347 1316 1378 ideo
1332 1348 1495 1386 signanter
1516 1347 1630 1378 dicitur
1644 1347 1730 1387 quod
1746 1356 1828 1387 prae-

1054 1400 1201 1437 cedebat,
1228 1402 1263 1431 ut
1287 1400 1444 1431 animaret
1470 1401 1601 1430 caeteros
1629 1400 1668 1430 ad
1694 1400 1829 1431 toleran-

1054 1455 1132 1484 tiam
1148 1455 1345 1494 passionum,
1359 1453 1534 1484 secundum
1549 1453 1626 1484 illud
1638 1454 1680 1484 ¹²:
1697 1464 1712 1482 (ι
1723 1453 1829 1484 Chris-

1053 1509 1105 1537 tus
1125 1516 1236 1546 passus
1259 1509 1306 1538 est
1325 1516 1382 1546 pro
1402 1506 1511 1544 nobis,
1536 1506 1626 1537 vobis
1647 1506 1829 1546 relinquens

1054 1560 1248 1599 exemplum,
1255 1561 1291 1590 ut
1300 1559 1478 1599 sequamini
1487 1559 1621 1598 vestigia
1631 1560 1710 1599 eJus.
1718 1570 1732 1587 »
1742 1559 1780 1590 Et
1788 1559 1808 1576 ¹³
1819 1570 1825 1590 :

1059 1624 1073 1641 «
1084 1613 1255 1644 Curramus
1272 1613 1312 1644 ad
1326 1613 1525 1652 propositum
1544 1612 1636 1643 nobis
1650 1614 1827 1651 certamen,

1054 1666 1238 1705 aspicientes
1254 1665 1288 1695 in
1303 1667 1464 1696 auctorem
1479 1664 1571 1702 fidei,
1587 1667 1618 1695 et
1631 1673 1830 1696 consumma-

1054 1721 1154 1749 torem
1170 1718 1296 1756 Jesum,
1312 1729 1326 1746 »
1346 1720 1404 1748 etc.
1422 1717 1494 1748 Ideo
1511 1718 1606 1748 etiam
1619 1717 1827 1757 praecedebat,

1055 1774 1091 1802 ut
1104 1772 1240 1802 formam
1263 1771 1352 1801 daret
1373 1770 1511 1811 praelatis
1535 1771 1733 1810 praecedendi
1752 1780 1828 1803 oves

1055 1826 1165 1855 contra
1183 1824 1375 1855 ferocitatem
1390 1824 1532 1864 lupinam
1544 1823 1564 1840 ¹*
1582 1834 1588 1854 :
1610 1835 1624 1852 (ι
1638 1823 1746 1855 Bonus
1759 1833 1830 1864 pas-

1056 1880 1115 1915 tor,
1142 1886 1216 1908 cum
1239 1877 1382 1917 proprias
1405 1885 1480 1907 oves
1504 1877 1658 1915 emiserit,
1681 1879 1755 1908 ante
1777 1886 1830 1908 eas

1056 1930 1161 1968 vadit,
1178 1933 1207 1960 et
1224 1939 1300 1960 oves
1317 1930 1410 1960 illum
1425 1932 1618 1969 sequuntur,
1635 1929 1710 1969 quia
1725 1930 1830 1960 sciunt

1056 1991 1167 2013 vocem
1188 1984 1295 2022 ejus.»
1315 1982 1350 2012 In
1371 1983 1470 2022 huJus
1490 1983 1631 2021 figuram
1652 1982 1768 2014 dicitur
1791 1983 1830 2013 de

1055 2035 1136 2066 Juda
1147 2036 1179 2073 ¹⁵,
1192 2045 1265 2066 cum
1276 2035 1396 2066 videret
1404 2034 1559 2074 populum
1571 2035 1780 2074 trepidantem
1790 2035 1831 2067 ad

1058 2089 1326 2120 transfretandum
1337 2090 1510 2118 torrentem
1522 2097 1528 2117 :
1546 2088 1571 2119 T
1569 2088 1779 2127 ransfretavit
1787 2087 1833 2120 ad

1057 2141 1128 2172 illos
1155 2142 1258 2182 prior.
1287 2141 1392 2180 Hujus
1423 2140 1570 2171 notabilis
1597 2140 1737 2172 imitator
1770 2141 1830 2172 suit

1057 2194 1190 2232 Paulus,
1208 2194 1263 2234 qui
1278 2194 1352 2224 licet
1366 2193 1458 2223 sciret
1473 2193 1557 2232 quod
1572 2193 1699 2223 multaa
1712 2192 1830 2224 Judaeis

1057 2249 1184 2279 deberet
1201 2247 1265 2288 pati
1288 2247 1321 2277 in
1338 2246 1512 2277 Jerusalem
1523 2269 1531 2284 ‚
1554 2248 1671 2277 secrete
1691 2247 1830 2278 ascendit

1057 2302 1096 2333 ad
1110 2301 1312 2343 subditorum
1323 2300 1457 2330 salutem
1469 2300 1489 2316 ¹⁶
1504 2310 1510 2330 :
1527 2298 1689 2338 «Spiritus
1702 2303 1830 2331 sanetus

1057 2364 1113 2394 per
1128 2363 1237 2385 omnes
1252 2354 1395 2384 civitates
1409 2353 1489 2383 mihi
1506 2354 1708 2392 protestatur,
1723 2352 1829 2384 dicens

1057 2408 1209 2447 quoniam
1233 2406 1361 2437 vincula
1384 2408 1414 2436 et
1435 2404 1654 2436 tribulationes
1672 2405 1829 2445 Jerosoly-

1058 2461 1118 2492 mis
1131 2470 1181 2492 me
1190 2462 1330 2498 manent,
1340 2461 1400 2490 etc.
1413 2458 1476 2490 Nec
1485 2458 1564 2489 facio
1575 2457 1715 2488 animam
1722 2467 1828 2489 meam

1058 2575 1076 2591 ¹²
1093 2576 1098 2599 Ι
1115 2576 1191 2604 Petra,
1208 2581 1236 2604 11,
1253 2576 1293 2598 21.
1311 2587 1341 2592 —
1354 2573 1371 2588 ¹³
1386 2571 1472 2602 Helm,
1487 2576 1535 2601 xm,
1552 2573 1573 2594 Ι.
1590 2584 1622 2588 -
1636 2570 1654 2587 ¹⁸
1668 2571 1752 2601 leam,
1766 2577 1792 2603 x,
1804 2573 1826 2597 4.

1057 2624 1087 2628 —
1099 2612 1116 2627 ¹³
1133 2612 1139 2633 Ι
1155 2610 1245 2640 Maca„
1261 2615 1285 2639 v,
1299 2610 1336 2633 43.
1347 2622 1379 2627 —-
1393 2621 1419 2626 --
1434 2608 1455 2624 ¹⁶
1470 2608 1536 2636 Act,
1551 2612 1595 2636 xx,
1611 2607 1692 2631 23-24.

1091 2652 1122 2681 (α)
1139 2650 1200 2674 Caet.
1215 2651 1275 2675 edit.
1291 2649 1355 2674 deest
1371 2648 1440 2680 qnia.
1454 2660 1484 2665 —
1495 2646 1530 2677 (b)
1549 2645 1608 2670 Coet.
1624 2646 1683 2670 edit.
1696 2647 1827 2678 quomodo

1058 2689 1085 2711 ut
1097 2693 1152 2710 rex.
