1987 3032
645 207 851 240 EXPOSITIO
874 208 913 251 IN
935 207 1022 239 CAP.
1046 207 1126 238 Xill.

125 276 177 312 qui
197 276 415 312 concupiscens.
434 285 448 301 »
471 275 552 302 ldem
569 275 745 309 Augustinus
760 277 768 293 ¹
782 284 789 302 :
809 285 822 300 «
836 276 895 302 Hoc

126 322 356 358 dixit,tanquam
365 321 448 357 sequi
458 322 607 357 paratus.»
622 322 654 348 Et
661 322 892 356 responditJesus:

125 368 181 401 Quo
202 376 247 402 eqo
264 369 347 402 vado,
368 376 420 394 non
433 369 526 402 poieS,
541 369 595 394 etc.
611 368 643 394 Ut
663 367 703 394 ait
726 367 894 403 Chrysosto-

124 423 190 443 mus
204 415 234 443 ²:
255 415 406 443 «Christus
426 422 487 442 non
511 414 550 441 ad
563 414 670 448 verba,
690 414 742 441 sed
757 414 796 442 ad
810 422 892 442 men-

123 463 182 489 tem
195 461 356 497 respondjt.
375 471 387 485 »
404 462 464 489 Non
479 463 553 495 potes
568 461 660 493 mod05
675 462 790 494 sequeris
805 463 893 487 autem

120 510 221 542 postea.
237 508 269 534 Ut
282 507 361 534 enim
372 507 412 534 ait
426 507 639 541 Augustinusss:
654 515 667 532 ι(
680 508 743 534 Non
758 506 814 534 ait:
830 508 893 533 Non

121 553 245 588 poteris,
269 553 343 581 sed:
368 554 429 581 Non
452 555 526 587 potes
548 553 624 579 modo
647 552 829 580 :dilationem
847 552 893 579 in-

121 599 199 634 tulit,
220 607 282 627 non
304 599 343 635 (a)
366 607 449 635 spem
467 599 540 626 tulit.
560 609 574 625 n
596 599 664 626 Ideo
685 599 744 626 ait:
769 599 893 634 Sequeris

118 647 220 680 postea.
237 645 293 673 Sed
307 646 364 673 hoc
378 645 502 673 audiens
515 647 613 673 Petrus
627 652 687 672 non
701 645 828 672 destituit
843 645 894 672 de-

119 692 272 726 siderium,
285 700 369 727 spem
381 692 536 727 accipiens.
555 692 596 726 (v.
615 692 657 726 37)
671 692 718 718 Ate
729 692 760 726 (b)
777 692 892 718 Petrus:

120 739 208 772 Quare
222 747 274 766 non
286 746 395 774 possum
416 741 440 765 te
454 740 530 772 sequi
540 741 553 765 ?
567 740 600 765 Ut
613 738 691 766 enim
706 738 746 765 ait
759 738 892 773 Augusti-

118 792 174 812 nus
188 784 197 799 ὗ
211 794 218 812 :
233 795 246 811 α
261 785 336 818 Quid
358 785 388 811 in
412 785 512 812 animo
533 785 595 819 ejus
617 786 690 811 esset
708 784 893 819 cupiditatis,

118 831 258 865 videbat3
291 831 364 866 quid
391 833 488 858 autem
513 830 620 857 virium
631 851 640 864 ,
670 837 732 857 non
759 829 890 857 videbat.

117 876 302 904 Voluntatem
324 884 408 904 suam
421 876 552 911 jactabat
565 876 698 904 infirmus
705 885 713 910 3
733 875 786 903 sed
798 875 890 911 inspi-

117 923 214 950 ciebat
237 923 439 950 valetudinem
463 923 604 950 medicus.
632 932 645 948 »
675 921 744 950 ldeo
772 921 890 950 dicebat

117 970 216 996 Petrus
229 979 236 996 :
255 971 380 996 Animam
393 977 479 996 meam
495 977 594 1004 ponam
609 977 658 1003 pro
675 971 700 996 te
709 988 718 1002 ,
733 967 840 995 scilicet
859 968 889 995 in

115 1017 220 1043 morte.
236 1017 268 1043 Ut
288 1015 365 1042 enim
383 1015 422 1043 ait
437 1015 661 1051 Chrysostomus
675 1016 697 1049 5,
718 1024 730 1040 «
745 1015 858 1042 audivit
872 1023 890 1042 a

115 1061 237 1095 Christo,
252 1062 395 1096 quoniam
409 1061 465 1089 hoc
481 1062 625 1095 majorem
644 1069 776 1089 amorem
801 1069 890 1089 nemo

114 1107 212 1135 habet.
227 1118 241 1134 )>
261 1110 339 1135 Patet
354 1116 425 1142 ergo
444 1116 529 1135 amor
544 1110 571 1135 et
589 1108 754 1135 devotionis
774 1107 888 1142 fervor,

117 1159 144 1181 et
158 1153 316 1181 voluntatis
329 1154 415 1189 vigor
428 1154 458 1181 in
472 1154 559 1182 beato
578 1156 672 1183 Petro,
690 1155 746 1182 Sed
761 1155 889 1182 Christus

117 1200 283 1234 ostendens,
299 1200 441 1236 quoniam
455 1201 517 1235 ejus
531 1201 622 1228 solius
637 1203 679 1229 est
689 1222 698 1235 ,
714 1201 823 1229 scilicet
836 1209 889 1237 po-

116 1254 185 1274 nere
199 1247 329 1274 animam
342 1247 373 1274 in
387 1250 481 1275 morte
492 1268 501 1281 ,
517 1248 563 1282 (v.
575 1248 621 1282 38)
639 1249 805 1282 Respondit.-
821 1248 891 1275 Ληί-

117 1301 187 1320 mam
206 1296 279 1320 tuam
295 1302 345 1328 pro
360 1302 400 1321 me
417 1296 519 1328 pones?
535 1303 548 1319 «
565 1294 640 1327 Quid
654 1296 769 1322 tantum
783 1301 891 1329 przesu—

117 1339 195 1367 mis?
210 1339 284 1375 quid
300 1340 331 1374 (c)
347 1340 384 1368 de
399 1342 425 1367 te
441 1341 552 1368 sentis?
568 1341 640 1376 quid
658 1341 688 1375 (c)
709 1348 770 1368 esse
785 1342 812 1367 te
829 1348 890 1367 cre-

118 1385 185 1413 dis?
209 1386 249 1413 lta
267 1386 356 1414 facies
371 1387 408 1422 (d)
435 1395 490 1423 pro
505 1395 564 1420 mc,
580 1387 663 1422 quod
680 1387 815 1414 nondum
836 1386 891 1414 feci

117 1440 171 1468 pro
191 1434 219 1460 te
230 1434 243 1460 ἲ)
259 1442 272 1458 »
293 1433 332 1460 ait
346 1433 522 1467 Augustinus
537 1434 556 1460 ⁶.
572 1435 604 1460 Et
619 1433 687 1460 ideo
708 1433 746 1460 ait
766 1442 772 1460 ε
790 1433 889 1467 Amen,

118 1486 194 1506 anien
213 1479 271 1506 dico
289 1480 358 1506 tibi:
377 1487 429 1506 non
445 1479 564 1506 cantabit
579 1481 680 1513 qallzts,
698 1480 776 1507 donec
797 1487 836 1506 me
852 1482 892 1506 ter

118 1532 208 1559 71e9053
225 1525 309 1560 quasi
324 1525 447 1560 diceret,
464 1528 496 1552 ut
510 1525 549 1552 ait
562 1526 774 1559 Augustinus72
793 1535 805 1550 α
820 1527 891 1553 Ecce

118 1571 271 1607 quomodo
293 1572 346 1599 tibi
367 1572 424 1599 cito
449 1572 623 1607 apparebis,
647 1572 699 1608 qui
719 1580 829 1607 magna
848 1572 892 1599 10-

119 1618 227 1654 queris,
243 1620 271 1645 et
282 1619 308 1646 te
323 1618 481 1654 parvulum
496 1618 600 1646 nescis.
616 1628 629 1644 »
652 1620 737 1646 Amen
753 1619 810 1645 dico
825 1620 875 1645 tibi
882 1629 890 1653 3

118 1673 170 1693 ποη
189 1666 307 1692 cantabit
327 1666 430 1699 gallus,
454 1665 534 1692 donec
550 1668 589 1691 ter
608 1673 647 1692 me
668 1673 758 1699 neges,
778 1675 791 1690 (ι
807 1665 891 1700 quasi

119 1712 248 1739 diceret:
267 1701 331 1739 Non
351 1711 405 1739 erit
427 1719 568 1746 magnum
589 1711 716 1746 spatium
732 1713 891 1746 antequam

118 1766 166 1786 me
176 1766 275 1793 neges,
288 1768 300 1783 ι)
315 1758 355 1786 ait
369 1759 594 1792 Chrysostomus
604 1758 624 1783 ⁸.
637 1759 689 1784 Per
700 1757 799 1784 omnia
812 1757 891 1784 enim

118 1804 313 1832 humilitatem
329 1806 361 1840 (e)
377 1804 500 1837 docens,
516 1807 543 1831 et
562 1805 724 1832 humanam
738 1806 890 1838 naturam,

120 1850 229 1878 scilicet
243 1851 274 1878 in
292 1851 374 1885 ipso,
389 1850 462 1877 nihil
479 1850 573 1886 ipsam
587 1850 750 1878 secundum
765 1850 892 1886 seipsam

120 1897 308 1924 existentem:
329 1904 390 1924 non
409 1897 487 1924 enim
508 1896 598 1924 semel
615 1898 642 1923 et
657 1897 702 1923 bis
717 1896 773 1924 hoc
788 1904 891 1931 passus

120 1945 176 1977 cst,
192 1943 243 1970 sed
257 1944 296 1970 ita
312 1943 434 1977 destitit,
448 1945 480 1970 ut
496 1943 525 1970 in
545 1943 629 1970 brevi
646 1945 792 1978 tempore,
807 1943 890 1970 tertio

120 1989 229 2016 diceret
242 1988 366 2016 verbum
380 1989 553 2024 negationis.
570 1989 613 2016 Ait
630 1990 727 2016 Petrus
742 1990 752 2005 ⁹
766 1997 771 2015 :
792 1998 805 2013 «
820 1990 851 2016 Et
866 1989 890 2016 si

119 2042 222 2062 omnes
236 2034 424 2062 scandalizati
442 2035 548 2062 fuerint
563 2035 592 2062 in
607 2036 651 2069 te,
668 2043 722 2069 ego
738 2042 891 2070 nunquam

119 2081 351 2109 scandalizabor.
368 2092 382 2106 n
399 2081 451 2108 Cui
467 2081 605 2109 Dominus
621 2081 694 2108 dixit
714 2081 793 2109 idem
808 2082 891 2117 quod

118 2127 176 2155 hic.
192 2129 223 2154 Et
242 2126 309 2154 ideo
331 2127 371 2154 ait
387 2127 526 2154 Dominus
542 2129 562 2144 ¹¹¹
580 2137 586 2154 :
606 2137 619 2153 «
634 2129 694 2162 Ego
714 2128 818 2162 rogavi
837 2136 890 2163 pro

119 2175 160 2207 te,
176 2175 208 2201 ut
221 2181 282 2201 non
297 2173 414 2200 deficiat
428 2173 501 2200 fides
517 2176 579 2207 tua,
595 2183 608 2199 ι)
623 2175 677 2201 etc.
695 2175 752 2202 Sed
766 2175 891 2210 qualiter

119 2219 158 2247 ait
167 2220 228 2247 hic:
243 2221 291 2246 Ter
302 2227 343 2246 me
353 2227 439 2254 neges,
452 2220 518 2253 etc„
530 2227 596 2246 cum
612 2219 724 2247 dicatur
737 2220 755 2236 ¹¹
767 2230 791 2247 z«
800 2220 892 2247 Prius-

120 2275 211 2302 quam
229 2267 275 2294 bis
295 2266 390 2301 gallus
404 2274 510 2294 vocem
527 2266 656 2301 dederit,
679 2269 720 2294 ter
735 2274 781 2294 mc
797 2275 827 2294 cs
840 2263 892 2294 ne'-

120 2315 250 2349 gaturus.
262 2323 275 2339 »
290 2314 322 2340 Et
336 2312 374 2340 ad
390 2312 466 2340 istud
480 2313 722 2348 respondendum
736 2315 778 2340 est
791 2321 891 2341 secun-

121 2360 194 2387 dum
208 2359 401 2394 Augustinum
416 2360 449 2393 ¹²,
463 2359 515 2386 uhi
531 2359 568 2386 de
583 2359 640 2386 hoc
658 2358 772 2394 prolixe
793 2367 892 2394 prose-

120 2406 220 2441 quitur
232 2405 421 2440 Augustinus.
436 2406 468 2432 Et
483 2407 524 2432 cst
537 2413 667 2439 summa,
681 2415 694 2431 «
707 2405 787 2441 quod
803 2406 891 2434 aflec-

152 2501 158 2516 ¹
179 2501 253 2531 Aug„
271 2501 296 2523 in
312 2500 395 2529 loom,
412 2502 483 2523 tract.
500 2506 574 2530 Lxu,
592 2508 617 2524 n.
638 2502 661 2525 1.
677 2514 706 2518 -
723 2501 733 2517 ²
749 2501 890 2533 Chrysost„

122 2535 164 2558 ubi
178 2542 234 2565 sup.
248 2549 279 2553 —
293 2536 302 2549 ³
318 2538 390 2566 Aug„
409 2535 451 2559 ubi
467 2543 522 2566 sup.
539 2548 568 2553 —
579 2536 586 2549 ¹
605 2536 668 2560 lhid.
681 2550 710 2554 —
726 2538 733 2550 ⁵
748 2537 888 2569 Ciirysost.,

122 2569 164 2593 ubi
178 2577 234 2600 sup.
247 2583 275 2587 —
290 2570 299 2587 ὅ
314 2573 388 2601 Aug,
407 2571 448 2594 ubi
461 2578 516 2601 sup.
529 2584 560 2588 —
576 2572 583 2585 ⁷
597 2571 670 2595 ibid..
682 2585 712 2590 —
725 2572 736 2588 ⁸
747 2572 889 2604 Chrysus-t,

122 2604 165 2628 ubi
179 2612 234 2635 sup.
251 2618 275 2621 —
292 2605 302 2621 ⁹
316 2606 414 2631 Mami„
428 2612 498 2636 xva,
514 2607 552 2629 325.
568 2619 598 2624 —
614 2607 632 2622 ¹⁰
643 2607 709 2637 Luc„
727 2613 790 2638 xxm,
808 2610 844 2632 32.
860 2621 888 2626 —

124 2641 139 2656 ¹¹
156 2640 242 2670 Marc„
254 2645 307 2670 xiv,
320 2641 430 2664 3ο.--12
445 2642 517 2672 Aug„
533 2641 564 2665 cle
579 2643 650 2667 Cone.
665 2642 771 2673 Eotmq„
786 2642 830 2667 lib,
846 2644 888 2674 111,

1662 211 1719 239 443

950 275 1029 302 tione
1049 274 1139 302 animi
1161 277 1188 302 et
1208 275 1312 302 timore
1338 276 1397 302 tota
1420 274 1495 301 trina
1510 274 1628 308 negatio
1649 282 1719 301 con-

950 323 1034 357 cepta
1057 323 1112 358 est,
1138 323 1164 348 et
1187 321 1268 348 trinae
1291 320 1440 355 negationi
1464 320 1609 347 sufficiens
1632 320 1719 347 timor

950 374 1017 394 eum
1032 367 1151 401 invasit,
1168 369 1196 394 et
1209 367 1248 394 ita
1264 367 1338 395 trina
1351 366 1468 401 negatio
1484 367 1550 394 ante
1564 365 1634 400 galli
1652 373 1719 392 can-

950 415 1010 440 tum
1030 413 1156 448 incoepta
1175 415 1236 440 est:
1262 414 1314 440 sed
1334 421 1395 440 non
1416 415 1482 440 ante
1504 412 1633 448 primum
1649 411 1719 446 galli

949 461 1067 486 cantum
1089 461 1206 494 peracta
1228 462 1278 487 est.
1299 460 1380 487 Unde
1404 461 1514 488 Marcus
1533 459 1569 486 de
1588 459 1719 494 ipsarum

949 513 1057 532 vocum
1070 505 1230 532 intervallis
1248 506 1364 533 locutus
1384 507 1440 540 est,
1461 507 1488 532 et
1502 505 1542 532 sic
1556 504 1719 532 secundum

948 552 1082 579 affectum
1096 554 1122 579 et
1133 552 1314 580 voluntatem
1326 554 1368 580 ter
1378 552 1496 587 negavit
1509 554 1574 579 ante
1589 551 1719 587 primum

949 598 1017 633 galli
1034 600 1161 625 cantum.
1178 598 1346 626 Secundum
1355 601 1452 626 tamen
1463 598 1616 626 intervalla
1625 597 1717 632 vocis,

948 652 1008 671 non
1036 646 1101 671 ante
1129 645 1293 672 secundum
1324 645 1394 679 galli
1422 647 1549 672 cantum.
1578 646 1610 672 Et
1637 644 1720 680 ponit

949 690 1134 726 exemplum,
1159 693 1300 726 tanquam
1322 691 1346 718 si
1366 691 1453 718 alicui
1477 691 1639 718 diceretur:
1663 692 1719 718 Hac

947 738 1048 770 nocte,
1064 738 1223 772 antequam
1243 737 1338 772 gallus
1357 739 1467 771 cantet,
1486 737 1524 764 ad
1545 745 1592 764 me
1610 737 1719 764 scribes

948 782 1117 818 epistolam,
1133 783 1163 809 in
1186 791 1245 818 qua
1259 783 1331 810 mihi
1350 785 1392 810 ter
1408 783 1619 810 conviciaberis
1636 792 1642 810 :
1658 790 1719 810 non

946 829 1062 864 utique,
1083 829 1106 855 si
1126 836 1191 856 eain
1207 830 1273 856 ante
1293 837 1413 856 omnem
1431 829 1502 864 galli
1517 831 1636 856 cantum
1650 829 1720 856 scri-

947 875 1018 902 bere
1032 874 1186 910 inciperet,
1204 877 1231 902 et
1244 877 1309 910 post
1323 875 1454 911 primum
1468 875 1578 909 finiret,
1593 875 1661 902 ideo
1677 874 1720 902 di-

947 921 1075 948 cendum
1096 923 1157 949 erat
1179 921 1286 949 falsum
1309 922 1396 949 fuisse
1418 921 1599 957 praedictum.
1620 931 1633 947 >)
1656 922 1719 948 Haec

946 967 1006 994 ille.
1022 967 1096 1000 Quia
1112 968 1275 995 secundum
1290 968 1474 996 voluntatem
1494 971 1521 996 et
1534 968 1719 995 affectionem

945 1014 1068 1047 fecerat,
1090 1015 1156 1042 licet
1177 1023 1238 1042 non
1255 1015 1419 1042 secundum
1440 1015 1507 1043 facti
1529 1022 1717 1050 processum:

947 1061 987 1088 ita
1010 1060 1064 1088 fuit
1086 1069 1121 1088 ex
1145 1063 1228 1096 parte
1251 1061 1314 1088 ista.
1339 1062 1479 1095 Quaeritur
1502 1061 1719 1096 magistraliter,

947 1107 1072 1142 qualiter
1091 1107 1149 1134 ait.-
1172 1108 1232 1136 Non
1247 1109 1360 1142 potestis
1374 1109 1480 1142 venire,
1500 1115 1550 1142 quo
1570 1115 1614 1142 eqo
1634 1108 1718 1141 vado,

949 1153 1073 1188 qualiter
1094 1153 1184 1181 habet
1206 1153 1376 1181 veritatem:
1404 1154 1461 1189 ipsi
1485 1153 1564 1181 enim
1588 1155 1670 1181 erant
1689 1153 1719 1180 in

948 1199 1100 1232 charitate,
1117 1202 1144 1226 et
1156 1200 1196 1227 ita
1214 1200 1244 1227 in
1257 1201 1336 1227 recta
1353 1200 1515 1234 voluntate,
1531 1202 1559 1227 et
1573 1199 1718 1233 ordinata,

947 1248 975 1273 et
988 1245 1028 1272 ita
1043 1246 1180 1280 diligente
1196 1248 1286 1273 Deum
1306 1254 1394 1281 super
1414 1246 1524 1273 omnia.
1541 1248 1616 1281 Ergo
1635 1248 1719 1281 pote-

945 1294 1012 1319 rant
1029 1299 1139 1327 poncre
1154 1292 1284 1319 animam
1302 1300 1386 1319 suam
1405 1300 1460 1328 pro
1476 1293 1550 1326 Deo,
1572 1294 1599 1319 et
1615 1292 1655 1319 sic
1669 1300 1720 1320 va-

949 1337 1018 1365 dere
1037 1340 1103 1373 post
1122 1346 1200 1365 eum.
1217 1340 1249 1365 Et
1264 1338 1302 1365 ad
1323 1338 1399 1366 istud
1421 1338 1663 1374 respondendum
1677 1340 1720 1365 est·

947 1385 1110 1413 secundum
1134 1385 1327 1419 Augustinum
1346 1386 1366 1402 ¹²³
1387 1395 1393 1412 :
1411 1395 1424 1410 «
1439 1387 1586 1419 Quantum
1601 1385 1656 1413 sibi
1674 1394 1719 1413 as-

947 1433 1127 1467 sumpserat,
1143 1442 1156 1457 »
1175 1431 1205 1458 id
1220 1433 1276 1465 est,
1297 1434 1538 1467 praesumpserat,
1563 1441 1576 1457 «
1593 1431 1625 1467 (f)
1646 1439 1718 1459 non-

949 1478 1020 1505 dum
1032 1485 1086 1513 pro
1103 1485 1132 1504 se
1147 1478 1242 1513 posita
1253 1478 1352 1505 anima
1364 1478 1478 1513 Christi,
1491 1478 1622 1506 animam
1636 1486 1720 1506 suam

948 1524 1136 1559 polliceretur
1149 1524 1314 1559 positurum
1329 1532 1359 1552 se
1375 1532 1437 1552 esse
1449 1532 1504 1560 pro
1519 1525 1667 1552 Christo.»
1679 1526 1719 1552 Ex

946 1571 1003 1598 hoc
1016 1571 1110 1598 innuit
1120 1571 1297 1605 Augustinus
1310 1579 1315 1597 :
1331 1571 1495 1606 Antequam
1505 1572 1579 1598 esset
1592 1571 1720 1598 Christus

947 1625 1067 1652 passus,
1085 1618 1112 1644 et
1127 1618 1286 1652 antequam
1300 1619 1374 1644 esset
1387 1617 1508 1652 Spiritus
1526 1617 1675 1652 Apostolis
1690 1617 1720 1644 in

947 1663 1131 1690 abundantia
1147 1663 1246 1695 datus,
1262 1664 1290 1690 et
1304 1665 1463 1698 antequam
1478 1663 1552 1690 fides
1567 1665 1718 1698 cresceret,

949 1711 977 1736 et
991 1711 1151 1744 antequam
1173 1709 1353 1736 desiderium
1375 1710 1516 1743 ferveret,
1532 1717 1592 1736 non
1607 1711 1720 1745 poterat

947 1763 1058 1791 ponere
1073 1755 1203 1783 animam
1218 1763 1271 1790 pro
1288 1755 1410 1789 Christo,
1425 1763 1515 1791 quam
1530 1755 1654 1790 gratiam
1669 1756 1719 1782 de-

948 1801 989 1829 dit
1004 1803 1077 1829 Deus
1091 1801 1150 1829 suis
1171 1802 1365 1837 martyribus3
1384 1802 1474 1829 homo
1497 1801 1575 1828 euim
1591 1802 1718 1829 delecta-

946 1849 992 1875 tur
1005 1847 1035 1874 in
1050 1847 1108 1875 vita
1123 1856 1176 1875 sua
1190 1848 1327 1881 naturali,
1339 1850 1366 1875 et
1378 1848 1535 1875 detestatur
1549 1848 1719 1884 oppositum

948 1902 981 1921 ac
998 1895 1097 1922 horret
1112 1896 1151 1922 ¹³:
1172 1905 1185 1920 «
1199 1896 1289 1923 Nemo
1305 1895 1383 1922 enim
1403 1903 1522 1922 carnem
1545 1903 1629 1922 suam
1648 1895 1718 1923 odio

947 1941 1059 1968 habuit.
1080 1950 1093 1966 »
1117 1936 1148 1968 Et
1168 1941 1235 1969 ideo
1260 1942 1325 1968 vitae
1348 1941 1512 1977 appetitus,
1535 1943 1562 1969 et
1581 1941 1719 1970 voluntas

948 1987 1108 2014 sustinendi
1125 1988 1321 2022 contrarium,
1335 1996 1395 2015 non
1407 1989 1473 2015 sunt
1485 1988 1514 2015 in
1524 1988 1644 2016 homine
1657 1988 1719 2016 sine

947 2035 1219 2071 superabundantia
1239 2035 1346 2069 gratiae.
1364 2036 1395 2062 Et
1409 2035 1433 2062 si
1453 2034 1590 2070 objicitur
1609 2035 1646 2062 de
1659 2035 1718 2063 hae-

946 2081 1051 2115 retico,
1072 2082 1123 2117 qui
1146 2081 1265 2108 sustinet
1286 2081 1386 2116 ignem
1400 2089 1454 2116 pro
1475 2089 1527 2109 suo
1548 2077 1664 2116 errore,
1680 2081 1718 2108 ad

946 2127 1003 2155 hoc
1024 2129 1066 2155 est
1087 2127 1347 2163 respondendum,
1365 2127 1447 2163 quod
1463 2135 1524 2154 non
1544 2129 1585 2154 est
1603 2127 1716 2154 simile:

947 2174 1017 2209 quia
1031 2174 1081 2201 ille
1096 2182 1193 2202 errore
1215 2176 1243 2201 et
1257 2176 1371 2201 tumore
1388 2174 1533 2209 superbias
1548 2175 1575 2200 et
1588 2173 1717 2201 obstina-

946 2220 1025 2248 tione
1040 2220 1188 2248 scntentiae
1203 2228 1279 2254 suae,
1295 2219 1408 2247 mavult
1425 2227 1545 2255 poenam
1560 2219 1717 2253 sustinere,

947 2275 1037 2303 quam
1052 2267 1090 2294 ab
1105 2274 1202 2294 errore
1215 2266 1334 2300 resilire,
1347 2267 1419 2293 etex
1431 2273 1484 2293 suo
1495 2267 1615 2301 peccato
1628 2265 1714 2293 cadit.

946 2313 1002 2340 Sed
1016 2315 1048 2340 ut
1060 2314 1151 2340 1101110
1167 2313 1306 2340 sustineat
1321 2314 1447 2339 mortem
1469 2313 1589 2347 propter
1609 2313 1716 2346 Deum,

946 2359 1058 2394 indiget
1081 2359 1186 2395 Spiritu
1207 2359 1339 2386 elevante
1361 2359 1391 2385 in
1413 2366 1546 2385 amorem
1562 2358 1620 2385 Dei.
1636 2358 1718 2385 Unde

946 2406 1139 2441 Augustinus,
1154 2406 1279 2441 loquens
1299 2405 1334 2432 de
1350 2405 1436 2432 beato
1452 2405 1617 2438 Laurentio,
1632 2405 1672 2433 ait
1685 2405 1716 2440 ¹⁵,

947 2496 968 2513 c.
985 2495 1017 2519 1¹,
1032 2496 1057 2512 n.
1073 2490 1126 2512 6-8.
1143 2501 1173 2505 -
1191 2488 1210 2504 ¹³
1225 2489 1300 2518 Aug„
1315 2488 1358 2512 ubi
1372 2495 1438 2518 sup..
1454 2495 1480 2513 n.
1499 2490 1520 2512 1.
1536 2501 1566 2506 —
1582 2489 1598 2503 ¹⁸
1616 2488 1716 2519 Ephes„

947 2530 970 2555 v,
990 2526 1028 2548 29.
1041 2537 1071 2542 -
1087 2524 1106 2540 ¹⁵
1120 2524 1196 2554 Aug„
1212 2523 1238 2546 in
1254 2523 1336 2552 Jeme„
1354 2524 1425 2548 tract.
1441 2529 1526 2554 xxvii,
1542 2530 1569 2547 n.
1588 2525 1622 2548 12.

978 2574 1009 2604 (a)
1032 2573 1092 2597 Cret.
1114 2572 1175 2595 crIil.
1200 2572 1266 2595 deest
1286 2579 1337 2596 non
1368 2585 1399 2590 —-
1419 2572 1453 2603 (b)
1476 2573 1550 2603 Vulg.
1579 2572 1658 2595 Dz'zz'l.
1689 2584 1713 2587 —

945 2610 974 2640 (c)
1001 2609 1060 2632 Caet.
1085 2608 1143 2631 edit.
1169 2607 1246 2638 quod.
1266 2620 1296 2625 —
1317 2607 1358 2638 (d)
1378 2608 1437 2631 Item
1458 2608 1526 2632 fucis.
1548 2621 1578 2625 —
1603 2607 1633 2637 (e)
1654 2607 1715 2630 Item

945 2644 1113 2669 humiliatum.
1129 2655 1158 2660 —
1174 2642 1211 2673 (f)
1229 2642 1315 2673 Suppl.
1332 2644 1366 2666 ut.
