1987 3032
175 175 233 204 490

208 240 254 267 23.
270 239 300 267 Si
314 241 382 267 male
394 241 499 268 locutus
515 249 585 275 sum,
603 240 712 268 scilicet
725 243 828 268 contra
842 241 948 268 verita·

175 287 280 320 tatem,
305 288 487 313 testimonium
510 287 633 321 perhibe,
654 295 714 321 quo
734 286 806 314 illud
820 287 946 323 probes3

174 333 305 360 Stantem
323 333 400 367 bene,
416 333 447 360 id
462 335 517 367 cst,
534 333 627 368 ipsam
644 333 808 367 veritatem,
828 334 895 368 quid
908 342 947 361 me

174 379 276 406 coedz's?
293 378 323 406 id
337 381 393 412 est,
411 387 501 414 quam
521 379 627 413 injusta
643 381 748 406 causa!
766 379 871 414 Objicit
889 382 946 407 Au-

176 424 330 459 gustinus¹
353 434 359 451 :
388 427 471 452 «Cur
492 432 552 452 non
580 424 645 452 fecit
669 425 750 460 quod
777 426 914 461 praecepit
925 425 945 460 ²,

174 471 284 498 scilicet
302 471 472 506 percutienti
494 471 646 499 maxillam
662 471 793 507 praebere
809 472 918 499 aliam?
931 483 943 498 n

175 519 207 545 Et
222 517 260 544 ad
272 517 328 544 hoc
343 517 518 552 respondet,
534 517 616 552 quod
631 518 698 544 hinc
708 518 806 554 potius
821 518 944 545 demon-

174 563 274 591 stravit
296 563 378 598 quod
402 563 667 591 demonstrandum
689 564 756 598 fuit,
772 572 825 592 sua
838 564 946 592 scilicet

174 617 283 643 magna
304 611 449 644 praecepta
476 610 620 645 patieutiae
631 631 640 644 ,
668 618 727 638 non
754 611 946 638 ostentatione

175 655 322 691 corporis,
337 656 389 683 sed
413 656 510 683 cordis
528 656 740 692 praeparatione
754 656 899 684 facienda.
916 659 948 684 Et

175 702 212 729 de
227 702 283 728 hoc
302 701 332 728 in
351 701 460 729 Glossa.
488 704 520 729 Et
538 702 617 730 idem
641 703 816 738 Augustinus
839 704 848 720 ³
871 704 946 731 bene

175 748 212 775 de
235 747 292 775 hoc
316 748 370 781 ait,
392 748 474 783 quod
501 748 551 776 illa
571 752 715 784 praecepta
734 749 770 777 de
787 750 946 785 praebendo

175 795 344 829 maxillam,
361 797 388 822 et
404 795 583 829 consimilia,
606 807 617 820 «
633 796 727 830 magis
747 796 785 823 acl
800 804 946 832 praepara-

174 841 284 868 tionem
299 841 413 875 cordis,
430 849 494 876 quae
509 841 586 869 intus
607 845 663 876 est,
683 843 839 878 pertinent,
855 851 946 878 quam

173 887 213 914 ad
228 895 302 922 opus
322 888 405 923 quod
425 888 454 914 in
476 890 576 923 aperto
592 888 639 922 fit,
657 891 686 915 ut
711 891 842 916 teneatur
861 889 890 916 in
905 897 948 917 se-

174 936 252 961 creto
266 934 356 961 animi
372 934 511 970 patientia
526 942 594 961 eum
608 934 830 969 benevolentia;
845 936 875 963 in
885 944 948 964 ma-

173 980 275 1007 nifesto
291 983 388 1008 autem
410 981 475 1014 siat,
499 981 581 1016 quod
602 981 643 1008 eis
658 981 792 1009 videatur
807 982 947 1017 prodesse

173 1034 275 1061 posse,
299 1026 408 1062 quibus
434 1026 510 1054 bene
535 1027 607 1054 velle
633 1027 786 1055 debemus
815 1029 894 1056 Unde
921 1031 948 1057 et

174 1073 315 1100 Dominus
328 1075 424 1107 Jesus,
441 1073 610 1110 exemplum
626 1074 774 1109 singulare
791 1075 947 1110 patientIae,

173 1126 234 1146 non
253 1119 378 1154 praebuit
403 1120 574 1155 percutienti
599 1120 721 1148 alteram
743 1124 872 1157 partcm3
896 1122 948 1149 sed

173 1165 271 1200 potius
289 1166 457 1201 prohibuit,
479 1174 514 1193 ne
530 1167 580 1201 qui
600 1166 719 1201 fecerat,
736 1170 856 1202 augeret
870 1168 946 1202 inju-

174 1212 264 1246 riam;
281 1214 308 1239 et
321 1214 418 1239 tamen
434 1215 552 1247 paratus
568 1215 642 1247 erat,
663 1221 724 1240 non
745 1213 842 1240 solum
863 1214 891 1241 in
907 1214 948 1241 fa-

175 1258 249 1286 ciem
268 1259 394 1293 percuti,
411 1267 514 1286 verum
536 1260 622 1287 etiam
640 1268 693 1294 pro
713 1259 770 1286 illis
792 1260 948 1288 crucifixus

175 1304 305 1333 occidi.»
329 1305 392 1331 Haec
412 1306 453 1332 ibi
472 1306 666 1340 Augustinus.
690 1306 826 1334 Similiter
851 1315 947 1334 exem-

174 1353 286 1389 plificat
301 1353 341 1382 ibi
363 1354 399 1381 de
416 1353 518 1387 Paulo,
536 1352 587 1388 qui
603 1352 734 1380 similiter
749 1361 809 1380 non
824 1353 949 1388 praebuit

175 1400 326 1428 maxillam
342 1399 523 1436 percutienti.
540 1401 618 1426 Patet
630 1407 699 1434 ergo
714 1399 883 1434 exemplum
900 1408 949 1435 pa-

175 1446 281 1474 tientiae
300 1447 330 1474 in
351 1446 474 1474 Domino
496 1447 562 1472 Jesu
587 1454 656 1480 erga
680 1445 867 1480 injuriantem
892 1446 948 1473 fac—

175 1495 203 1520 to
219 1493 266 1528 (a).
283 1494 375 1528 Supra
387 1494 466 1528 patet
484 1491 651 1527 exemplum
667 1492 813 1527 patientiae
834 1492 863 1518 in
883 1492 948 1527 ipso

174 1547 244 1574 erga
267 1540 478 1575 exprobrantes
503 1538 610 1572 verbo,
628 1539 749 1573 quando
765 1538 901 1566 dixerunt
916 1539 925 1555 ⁶
940 1548 946 1566 :

176 1588 339 1613 Doemouium
355 1587 448 1617 habes;
466 1585 503 1612 de
522 1585 606 1620 cujus
620 1585 765 1620 patientioe
783 1585 893 1612 dictum
908 1588 950 1613 est

175 1633 226 1660 ibi.
243 1634 281 1660 De
297 1640 356 1668 qua
376 1632 463 1660 etiam
476 1631 632 1666 Gregorius
643 1632 652 1647 ⁵
669 1631 759 1665 bene,
772 1633 799 1658 et
811 1632 946 1659 inultum.

211 1681 254 1706 24.
273 1680 304 1706 Et
317 1679 448 1714 sequitur
464 1678 594 1704 secunda
609 1685 689 1713 parS,
708 1677 737 1704 in
752 1685 811 1712 qua
827 1677 863 1704 de
883 1686 949 1705 exa-

175 1726 334 1753 minatione
349 1726 412 1753 Filii
426 1726 475 1753 Dei
487 1725 518 1752 in
534 1725 624 1752 domo
638 1725 768 1760 Caiphae,
781 1725 822 1752 ihi
834 1733 840 1751 ε
852 1726 887 1752 Ec
901 1727 949 1752 mi-

174 1774 210 1799 sit
225 1781 282 1799 eum
295 1773 406 1806 Annas,
422 1774 474 1799 ete.
494 1774 525 1800 Et
541 1772 581 1799 ibi
598 1771 652 1798 tria
669 1781 675 1798 :
691 1771 804 1806 primo,
820 1772 949 1806 praemis-

175 1819 218 1846 sio
234 1827 293 1846 suae
307 1818 454 1846 missionis
470 1818 507 1845 ad
523 1818 624 1851 illum3
642 1817 772 1845 secundo
784 1818 949 1853 negationis

174 1865 388 1900 recapitulatio,
402 1865 442 1892 ibi
460 1874 465 1892 :
479 1865 546 1891 Erat
557 1867 645 1891 autem
656 1864 748 1891 Simon
758 1865 862 1898 Petrus,
874 1867 928 1891 etc.
938 1874 946 1899 3

174 1911 275 1945 tertio,
291 1911 382 1946 ipsius
397 1912 435 1939 ad
455 1911 597 1946 Caipham
610 1910 754 1944 inductio,
771 1911 811 1938 ibi
829 1920 835 1938 :
852 1911 949 1938 Addu-

175 1960 237 1984 cunt
245 1978 253 1990 ,
265 1959 317 1984 ete.

211 2005 243 2030 Et
257 2003 313 2031 hoc
329 2006 384 2037 est,
401 2004 483 2039 quod
497 2003 535 2030 ait
549 2012 555 2030 z
570 2005 604 2031 Et
614 2005 689 2030 misit
705 2012 762 2030 eum
777 2005 867 2030 Annas
879 2005 947 2037 [ἱρα-

176 2053 241 2077 tum.
260 2051 291 2077 Ut
305 2050 344 2077 ait
358 2050 582 2085 chrysostomus
601 2051 611 2066 θ
630 2059 636 2077 ;
656 2060 669 2075 (ι
685 2052 747 2078 Non
768 2050 949 2077 invenientes

175 2097 248 2131 quid
263 2096 329 2131 plus
348 2097 489 2124 adversus
504 2096 662 2130 Christum,
687 2096 805 2123 mittunt
828 2104 895 2123 eum
917 2096 950 2123 li-

176 2145 277 2177 gatum
289 2143 327 2170 ad
341 2143 496 2178 Caipham,
513 2143 562 2178 qui
579 2145 640 2170 erat
654 2142 795 2178 pontifex.
812 2153 825 2167 n

210 2190 255 2216 25.
272 2191 304 2216 Et
315 2189 450 2216 subditur
465 2189 647 2216 secundum:
666 2190 731 2216 Erat
753 2192 841 2216 autem
858 2189 949 2216 Simon

176 2236 286 2269 Petrus,
298 2237 351 2262 etc.
365 2237 397 2262 Ut
407 2235 446 2262 ait
461 2235 652 2269 Augustinus⁷
666 2244 672 2262 :
689 2245 702 2260 «
717 2236 800 2263 Redit
811 2236 844 2271 (b)
858 2237 950 2263 Evan-

177 2281 280 2315 gelista
295 2281 334 2308 ad
353 2281 453 2308 locum
468 2281 632 2316 negationis
655 2289 714 2308 suae
733 2282 790 2315 ibi,
812 2282 863 2308 ubi
884 2290 950 2309 eam

177 2327 352 2362 reliquerat,
373 2330 404 2355 ut
426 2328 585 2363 explicaret
608 2328 795 2362 negationem
818 2328 901 2356 Petri.
919 2330 951 2356 Et

178 2373 261 2409 quod
283 2374 322 2401 ait
342 2374 389 2401 hic
412 2374 449 2401 de
469 2374 533 2409 ipsa
554 2375 725 2409 negatione,
750 2375 950 2410 recapitulatio

209 2436 216 2452 ¹
234 2436 308 2466 Aug,
324 2435 367 2458 ubi
380 2443 447 2466 sup.,
462 2443 488 2459 n.
505 2438 526 2460 4.
540 2449 571 2454 --
582 2437 593 2453 ἱ
605 2436 705 2466 ΜηίΝι.,
719 2442 742 2466 v,
756 2438 794 2460 39.
809 2449 838 2453 —-
851 2436 861 2452 ³
875 2438 949 2467 Aug„

178 2471 213 2495 acl
227 2470 351 2499 Mat-ceth,
374 2472 447 2501 epist.
467 2479 492 2502 v,
511 2472 543 2495 al,
563 2478 691 2502 cxxxvtri,
705 2480 730 2496 n.
753 2473 789 2496 13.
808 2485 836 2489 ——
852 2472 860 2485 ⁴
878 2474 950 2502 Sup„

180 2512 236 2532 vill.
252 2507 289 2529 48.
309 2518 339 2523 -
354 2507 362 2520 ⁵
377 2507 462 2535 Greg„
479 2514 503 2530 ιη
523 2507 629 2537 Evanq..
647 2507 717 2531 hom.
735 2513 793 2537 xxx,
809 2510 866 2531 ante
882 2508 950 2531 nied.

179 2554 209 2558 —
227 2541 236 2557 ὅ
253 2541 395 2572 Chrysost.‚
418 2542 459 2564 ubi
475 2548 530 2571 sup.
546 2555 575 2559 —
590 2543 600 2558 ⁷
618 2545 691 2571 Aug.y
708 2545 778 2566 tract.
798 2549 866 2571 cxiv,
885 2550 910 2566 n.
928 2545 949 2566 1.

180 2588 208 2592 —
225 2577 233 2590 ⁸
250 2578 323 2606 Aug,
339 2576 368 2599 de
387 2577 458 2601 Cous.
482 2577 587 2607 Evanq..
608 2577 653 2601 lib.
670 2578 715 2607 ΙΙΙ,
732 2586 753 2601 c.
772 2584 813 2606 x'1,
833 2585 858 2601 n.
878 2579 904 2601 2'1
928 2580 952 2601 et

181 2619 233 2642 seq.
245 2625 274 2629 —
285 2612 295 2628 ⁹
306 2612 421 2642 Hieron„
433 2613 575 2636 Counuent.
589 2620 613 2635 ιιι
624 2614 725 2643 ΜιιΙίΙι.,
736 2613 779 2637 lib.
793 2614 834 2644 tv,
847 2622 868 2638 e.
882 2620 950 2644 nvi,

694 173 905 204 EVANGELH
929 174 1069 206 SANCTl
1091 174 1253 207 ιΙΟΑΝΝΙΞ

1001 243 1053 269 est.
1067 252 1081 268 »
1098 242 1178 270 Unde
1192 243 1325 278 Magister
1342 244 1371 271 in
1388 245 1533 271 Historiis:
1551 254 1566 270 ιι
1579 245 1774 279 Augustinus·

1001 288 1101 315 asserit
1116 290 1205 316 totam
1220 289 1328 317 factam
1340 290 1529 325 negationem
1542 290 1572 318 in
1586 291 1660 318 atrio
1673 294 1773 324 Anum,

1001 337 1028 362 et
1044 342 1108 370 quae
1129 334 1206 362 dicta
1221 338 1287 362 sunt
1310 336 1378 363 inde
1399 339 1464 372 post
1482 337 1603 364 missum
1623 338 1720 364 Jesum
1735 337 1773 364 ad

1001 381 1156 417 caipham,
1186 382 1406 417 recapitulando
1435 383 1521 410 dicta.
1549 383 1743 419 Hieronymus
1763 383 1774 398 ⁹

1002 430 1116 462 tamen,
1141 430 1168 455 et
1187 428 1265 455 Beda
1285 436 1364 463 super
1387 430 1496 462 Lucam,
1518 429 1655 456 videntur
1677 429 1773 459 velle,

1001 475 1084 510 quod
1109 476 1206 502 Petrus
1231 474 1260 501 in
1283 475 1357 502 atrio
1383 475 1498 511 Caiphae
1521 476 1682 511 negaverit.
1705 476 1772 503 Erat

1001 529 1071 555 ergo
1090 521 1181 548 Simon
1202 523 1297 548 Petrus
1317 524 1406 554 stans,
1433 523 1464 548 ut
1486 530 1575 556 supra
1595 522 1705 549 dictum
1720 525 1772 549 est.

1005 567 1134 594 Dt'oeerunt
1150 575 1210 601 erqo
1225 569 1250 594 εί
1266 577 1274 594 .·
1290 568 1432 602 Numquid
1447 570 1472 594 et
1493 571 1521 594 ιιι
1540 568 1700 603 discipulus,
1717 571 1771 596 etc.

1001 613 1057 640 Sed
1079 613 1203 649 qualiter
1227 614 1298 648 hoe,
1322 614 1392 649 quia
1419 622 1509 650 supra
1536 614 1556 630 ¹⁰
1577 614 1688 641 dictum
1716 617 1772 647 est,

1002 659 1083 695 quod
1099 660 1206 687 ancilla
1221 660 1294 688 dixit
1308 661 1344 694 ei,
1362 663 1389 688 et
1403 660 1533 688 similiter
1545 662 1559 677 ¹¹
1573 659 1655 695 quod
1668 660 1774 687 mulier

1002 705 1202 740 interrogavit.
1234 708 1264 733 Et
1288 706 1326 734 ad
1355 706 1433 733 istud
1456 706 1698 742 respondendum
1721 709 1774 740 est,

1002 752 1084 787 quod
1100 752 1172 779 forte
1195 752 1301 780 mulier
1324 753 1422 788 primo
1446 753 1650 787 interrogavit,
1670 754 1697 780 et
1711 752 1776 787 ipsa

1002 799 1211 834 interrogante,
1225 799 1274 826 alii
1292 799 1424 826 similiter
1443 800 1705 834 interrogaverunt.
1724 800 1775 827 Ne-

1002 847 1129 880 9avitque
1144 847 1205 880 ille,
1219 846 1280 881 jam
1298 846 1440 879 secundo,
1456 846 1496 873 ait
1509 846 1620 874 Glossa.

1037 893 1082 919 26.
1093 894 1165 919 Dicit
1176 894 1200 919 οἱ
1212 901 1282 919 unus
1290 901 1321 919 ea·
1330 894 1422 925 servis,
1431 894 1484 920 ete.
1494 894 1526 920 Et
1535 892 1563 919 in
1570 892 1626 920 hoc
1633 892 1716 920 tertia
1726 900 1775 919 ne-

1001 937 1091 972 gatio,
1101 938 1141 965 ait
1154 938 1263 966 Glossa.
1272 940 1303 965 Ut
1313 939 1353 966 ait
1362 939 1586 974 Chrysostomus
1594 939 1613 955 ¹²
1625 939 1775 972 :«Quanto

1001 987 1119 1020 stupore
1127 984 1776 1021 detinebatur,quiferviduserat!(c)utdiscas

1002 1033 1112 1066 quanta
1128 1032 1163 1058 sit
1177 1031 1308 1058 humana
1327 1032 1530 1064 imbecillitas,
1550 1039 1616 1059 cum
1639 1033 1713 1059 Deus
1727 1031 1778 1059 de-

1002 1078 1161 1113 reliquerit.
1173 1089 1184 1102 »
1196 1080 1227 1106 Et
1242 1080 1322 1113 patet
1337 1078 1507 1113 aggravatio
1520 1078 1695 1113 negationis,
1703 1077 1777 1105 sicut

1002 1124 1099 1159 primo
1116 1133 1151 1151 ex
1175 1124 1266 1152 modo
1292 1125 1494 1159 interrogandi
1510 1134 1516 1152 :
1533 1125 1670 1151 dixerunt
1686 1124 1775 1151 abso-

1004 1171 1063 1198 lute
1081 1180 1086 1198 :
1104 1172 1142 1197 Tu
1157 1171 1305 1206 discipulus
1321 1172 1376 1204 ejus
1387 1179 1424 1205 es;
1442 1179 1502 1198 non
1515 1171 1670 1198 dixerunt:
1687 1171 1775 1198 Disci-

1002 1217 1090 1252 pulus
1105 1225 1135 1244 es
1149 1217 1364 1251 malefactoris»,
1377 1217 1425 1244 vel
1436 1217 1605 1244 seductoris.
1621 1219 1689 1245 {tem
1698 1219 1778 1252 patet

1003 1265 1065 1298 ejus
1084 1264 1256 1298 aggravatio
1285 1271 1319 1291 ex
1349 1263 1503 1291 vocabulis
1526 1272 1532 1290 :
1558 1265 1690 1290 Diaeerunt
1718 1271 1778 1297 erqo

1004 1313 1028 1338 ei
1041 1311 1077 1346 (d)
1091 1320 1100 1338 .·
1115 1311 1253 1345 Numquid
1271 1311 1419 1346 discipulus
1433 1314 1478 1338 es?
1493 1319 1553 1346 quo
1568 1310 1716 1338 vocabulo
1726 1319 1779 1346 po-

1004 1357 1058 1384 tuit
1073 1365 1271 1384 rememorare
1296 1357 1332 1384 de
1347 1357 1497 1392 magistro.
1514 1359 1583 1384 Item
1597 1356 1670 1384 dixit
1683 1357 1776 1384 alius:

1003 1404 1142 1438 Numquid
1158 1406 1182 1430 te
1202 1404 1262 1430 vidi
1276 1405 1304 1430 in
1320 1404 1417 1430 horto?
1433 1403 1481 1439 qui
1499 1403 1601 1430 hortus
1620 1411 1680 1430 non
1695 1403 1778 1430 duxit

1003 1457 1071 1477 eum
1085 1451 1115 1476 in
1139 1450 1314 1477 memoriam
1333 1457 1450 1483 eorum,
1466 1458 1531 1485 quae
1546 1450 1621 1477 facta
1635 1451 1702 1477 sunt
1717 1449 1776 1484 ibi,

1002 1496 1041 1522 ait
1055 1496 1280 1531 Chrysostomus
1297 1496 1325 1523 ¹².

1037 1542 1082 1569 27.
1104 1543 1134 1568 Et
1156 1541 1223 1568 ideo
1250 1542 1403 1576 loquitur:
1429 1543 1528 1569 lterum
1550 1543 1673 1576 negarit,
1695 1541 1778 1569 tertia

1003 1588 1081 1621 vice,
1105 1590 1137 1614 ut
1159 1588 1269 1614 dictum
1283 1590 1325 1614 est
1345 1597 1350 1615 :
1377 1589 1410 1614 Et
1431 1589 1524 1615 statim
1544 1589 1632 1622 q'allus
1646 1589 1775 1615 cantauit.

1003 1634 1059 1661 Sed
1073 1634 1212 1669 quaeritur
1226 1633 1274 1660 hic
1291 1643 1296 1660 :
1313 1633 1429 1661 videtur
1444 1634 1555 1667 dicere,
1572 1633 1655 1669 quod
1670 1635 1713 1660 ter
1727 1641 1777 1661 ne-

1003 1680 1082 1714 gavit
1094 1682 1159 1707 ante
1173 1679 1243 1714 galli
1260 1682 1395 1714 cantum;
1411 1680 1517 1706 dieitur
1532 1682 1630 1707 autem
1641 1680 1662 1696 ¹³
1679 1688 1712 1706 :«
1723 1682 1778 1707 An-

1003 1728 1122 1762 tequam
1147 1726 1243 1761 gallus
1266 1726 1312 1752 bis
1337 1734 1439 1753 vocem
1463 1726 1589 1759 dederit,
1614 1727 1657 1753 ter
1680 1734 1727 1753 me
1747 1734 1778 1753 es

1003 1775 1171 1807 negaturus.
1188 1783 1201 1798 »
1234 1774 1265 1800 Et
1295 1772 1333 1800 ad
1359 1772 1436 1799 istud
1465 1772 1706 1808 respondendum
1735 1774 1778 1800 est

1002 1819 1164 1846 secundum
1193 1819 1385 1853 augustinum
1415 1826 1505 1854 supra
1535 1820 1562 1853 ὃ,
1600 1818 1684 1854 quod
1711 1821 1777 1847 ante

1002 1866 1131 1901 primum
1145 1865 1214 1900 galli
1230 1867 1348 1893 cantum
1367 1867 1461 1901 coepta
1485 1865 1539 1892 suit
1553 1865 1629 1893 trina
1643 1866 1776 1900 negatio,

1004 1912 1086 1948 quod
1099 1912 1252 1939 attendunt
1272 1912 1321 1939 alii
1346 1912 1551 1947 Evangelistae;
1573 1912 1652 1939 solus
1666 1913 1777 1940 Marcus

1003 1961 1115 1992 narrat,
1132 1958 1247 1994 quoties
1263 1958 1357 1993 gallus
1373 1958 1532 1985 cantaverit
1546 1958 1707 1993 actualiter,
1723 1966 1775 1986 an-

1004 2009 1122 2041 tequam
1139 2005 1170 2039 (e)
1183 2004 1309 2039 negavit.
1326 2004 1484 2031 Affectione
1500 2012 1569 2038 ergo
1587 2007 1613 2031 et
1626 2004 1776 2032 voluntate

1004 2054 1063 2078 tota
1078 2051 1196 2085 negatio
1219 2051 1295 2078 faeta
1319 2052 1360 2078 est
1383 2052 1449 2078 ante
1468 2050 1597 2085 primum
1618 2050 1689 2084 galli
1710 2058 1776 2078 can-

1004 2100 1081 2132 tum;
1098 2099 1163 2125 ante
1177 2097 1340 2124 secuudum
1351 2104 1419 2123 vero
1430 2099 1548 2131 peracta
1559 2099 1600 2124 est
1611 2097 1774 2131 actualiter,

1003 2145 1063 2172 sive
1078 2144 1227 2172 vocaliter.
1254 2143 1382 2177 Qualiter
1397 2146 1494 2170 autem
1509 2151 1561 2178 per
1576 2143 1688 2178 gallum
1703 2151 1776 2179 prae-

1004 2192 1117 2218 dicator
1137 2190 1278 2224 signatur,
1299 2197 1397 2224 supra.
1423 2189 1478 2217 Sed
1505 2189 1644 2224 quaeritur
1665 2189 1774 2224 adhuc,

1005 2237 1128 2273 qualiter
1161 2236 1292 2272 permisit
1322 2237 1395 2262 Deus
1425 2237 1540 2263 Petrum
1571 2235 1691 2270 cadere,
1724 2236 1774 2272 qui

1004 2286 1065 2312 erat
1085 2283 1217 2311 Ecclesiae
1241 2283 1349 2318 caput?
1376 2284 1405 2309 Et
1432 2282 1471 2309 ad
1491 2282 1569 2308 istud
1592 2282 1774 2318 responden-

1005 2331 1077 2357 dum
1089 2351 1097 2363 ‚
1136 2329 1219 2365 quod
1248 2330 1321 2356 Deus
1353 2328 1492 2363 permittit
1530 2328 1636 2355 electos
1670 2328 1774 2355 cadere

1005 2376 1167 2412 aliquando
1181 2375 1218 2402 ad
1234 2374 1342 2402 tenoris
1353 2374 1391 2409 (f)
1403 2374 1548 2409 superbiae
1564 2373 1771 2401 exclusionem.

1006 2459 1031 2482 in
1042 2459 1132 2484 fiue.—
1143 2459 1161 2474 ¹⁰
1171 2461 1242 2488 sup„
1255 2459 1323 2481 17.—
1335 2458 1352 2473 ¹¹
1362 2457 1450 2487 Marc„
1463 2463 1514 2486 mv,
1525 2458 1597 2480 69.—
1607 2455 1772 2486 ¹²Chrysost.‚

1005 2494 1047 2517 ubi
1067 2501 1120 2524 sup.
1138 2506 1166 2510 —-
1186 2493 1203 2508 ⁸⁵
1217 2494 1304 2520 Marc„
1321 2498 1372 2519 Δγιν,
1391 2494 1429 2515 30.

1038 2542 1071 2572 (η)
1087 2542 1146 2565 Cret.
1161 2542 1223 2565 edit.
1236 2542 1375 2565 sactum—
1389 2540 1424 2570 (h)
1440 2539 1561 2564 Rediit.—
1575 2539 1606 2568 (c)
1623 2538 1710 2568 Suppl.
1726 2539 1773 2562 Ne-

1006 2584 1053 2608 que
1070 2580 1159 2607 postca
1174 2580 1301 2606 movetur,
1317 2576 1360 2599 sed
1376 2583 1402 2599 se
1418 2574 1570 2599 calefacit—
1587 2574 1621 2603 (tl)
1634 2574 1694 2597 (Σεθὶ.
1711 2574 1771 2598 edit.

1006 2614 1111 2636 mie‘ni.—
1127 2613 1159 2642 (e)
1175 2613 1232 2643 Leq.
1249 2614 1425 2643 postquam.—
1441 2609 1476 2639 (f)
1493 2609 1607 2632 tumoris.
