1987 3032
77 1073 172 1100 Diligen-

66 1105 95 1124 tia
123 1105 170 1124 Sal-

66 1135 154 1155 vetoris.

86 1396 153 1420 Frag-

83 1429 157 1446 menta

66 1459 117 1484 quid
139 1459 168 1478 si-

67 1490 170 1514 guifieent

66 2350 165 2370 Haeretiei

66 2381 170 2402 confutati

763 168 968 200 EXPOSITIO
990 167 1030 199 IN
1052 168 1137 199 GAP.
1161 168 1212 200 VI.

193 245 205 261 «
224 236 287 264 Sive
310 237 502 271 manducatis,
523 236 584 263 sive
601 235 712 269 bibitis,
729 234 777 262 vel
800 234 881 262 aliud
902 234 956 262 ali-

190 282 263 318 quid
286 283 380 317 agitis,
400 293 414 309 »
435 284 500 316 ete„
519 292 533 308 «
555 282 586 309 in
608 281 734 316 gloriam
757 281 806 308 Dei
829 280 953 308 facite.»

190 329 239 356 Vel
261 329 343 356 aliter
357 329 365 345 ¹
388 338 394 356 :
417 338 429 353 α
446 330 505 356 Hoc
526 328 594 355 ideo
613 327 689 361 feeit,
710 327 852 363 quoniam
870 327 956 354 turba

188 375 281 402 multa
303 376 363 402 erat
389 382 524 410 praesens,
550 374 705 409 oportebat
727 373 855 405 suaderi,
879 381 955 408 quo-

187 421 268 448 niam
286 421 448 448 secundum
470 421 518 447 Dei
538 420 718 447 voluntatem
743 419 912 453 advenerat,
930 421 958 446 et

188 468 329 504 quoniam
349 476 409 495 non
427 471 458 495 ut
478 469 630 504 oppositus
650 470 707 495 Deo
729 467 865 494 faciebat.
887 476 900 492 »
924 468 956 493 Et

188 514 328 541 distribuit
342 523 348 541 :
369 525 381 539 «
395 521 448 549 per
462 515 628 550 Apostolos,
644 524 658 540 »
674 514 714 541 ait
728 513 837 541 Glossa.

222 562 265 587 12.
286 561 320 587 Ut
334 562 420 587 autem
435 562 542 595 impleti
554 563 650 587 sunt...
667 562 697 587 Et
712 560 742 587 in
756 560 813 587 hoc
828 561 954 594 notatur,

187 606 270 642 quod
284 614 351 633 cum
364 606 546 634 abundantia
561 608 697 642 operatus
711 608 753 633 est
768 605 954 633 miraculum.

186 653 264 679 Dizm't
279 652 421 687 discipulis
439 655 495 679 suis
515 662 523 679 :
545 653 677 686 Collz‘yite.
693 652 749 679 Sed
764 652 902 687 quaeritur
917 651 956 678 ad

187 698 260 731 quid
278 699 334 726 hoc
348 699 495 734 praecepit,
511 699 580 734 quia
599 699 671 725 alibi
688 698 835 733 praecepit,
848 705 884 725 ne
903 697 957 724 mi-

187 745 288 772 racula
312 752 364 772 sua
386 745 615 780 publicarentur.
631 745 663 771 Et
686 744 725 771 ad
747 744 824 771 istud
838 751 957 779 respon-

189 790 320 818 dendum
331 811 339 824 ,
368 790 531 817 secundum
562 791 800 826 chrysostomum
823 790 844 823 ²,
874 789 957 824 quod

192 846 205 861 «
225 837 292 863 ideo
311 837 368 864 hoc
388 836 535 872 praecepit,
550 838 582 863 ut
600 844 660 864 non
678 836 864 872 phantasiam
881 836 956 863 fiesti-

187 885 301 910 marent
316 891 388 917 esse,
403 883 486 918 quod
501 882 609 910 factum
623 885 675 916 est,
688 882 741 910 sed
750 882 860 909 scilicet
870 890 956 909 veros

187 937 288 964 paneS.
300 930 333 956 Et
346 929 414 956 ideo
425 929 562 964 praecepit
576 929 738 964 discipulis,
753 929 893 964 quoniam
902 928 956 955 hos

186 975 315 1002 maxime
346 975 461 1002 erudire
484 975 619 1010 volebat,
647 975 698 1011 qui
722 975 872 1003 debebant
896 983 956 1003 ma-

187 1021 268 1056 gistri
284 1021 363 1049 orbis
377 1023 519 1048 terrarum
532 1029 603 1048 esse.
617 1031 631 1047 >³

223 1069 288 1095 13...
304 1068 443 1095 Duodecim
459 1069 616 1102 cophinos...
629 1068 686 1095 Sed
700 1068 849 1103 quaeritur,
865 1076 955 1104 quare

185 1115 246 1141 tot?
255 1114 422 1149 Respondet
432 1114 654 1149 Chrysostomus
665 1115 691 1141 ³:
706 1116 759 1141 «Ut
767 1116 862 1141 essent
870 1122 955 1150 pares

184 1167 308 1187 numero
321 1159 542 1195 discipulorum.
556 1161 587 1186 Et
596 1160 626 1186 in
636 1160 692 1187 hoc
702 1162 780 1195 patet
793 1160 954 1194 diligentia,

185 1206 328 1242 quoniam
348 1214 444 1241 neque
468 1207 546 1241 pluS,
565 1214 662 1242 neque
687 1207 783 1233 minus
806 1206 883 1240 fecit,
903 1207 955 1234 sed

184 1255 296 1280 tantum
310 1255 452 1288 quantum
463 1252 591 1280 volebat.
605 1263 618 1278 »
632 1254 663 1279 Et
675 1260 710 1279 ex
720 1252 777 1279 hoc
791 1255 870 1288 patet
879 1253 956 1287 justa

185 1306 289 1325 eorum
315 1298 538 1333 condemnatio,
561 1299 612 1334 qui
635 1306 696 1325 non
713 1298 846 1326 recolunt
866 1299 955 1333 istud,

185 1352 240 1371 nec
263 1344 299 1371 de
325 1344 469 1379 cophinis,
489 1347 576 1379 prout
597 1345 636 1371 ait
655 1344 787 1372 Salvator
808 1345 828 1372 ⁴.
845 1346 954 1372 Secun-

186 1390 257 1417 dum
278 1390 470 1425 Augustinum
490 1398 560 1417 vero
575 1391 595 1423 ⁵,
614 1391 787 1425 fragmenta,
807 1399 871 1427 quae
894 1400 955 1419 non

184 1436 278 1471 potuit
301 1436 428 1473 populus
452 1437 618 1470 comedere,
641 1437 757 1471 signant
783 1447 797 1463 «
818 1438 954 1473 quaedam

184 1485 294 1509 secreta
316 1482 528 1516 intelligentiae,
554 1490 619 1517 quae
648 1491 708 1509 non
738 1484 833 1518 potuit
860 1484 955 1512 multi-

183 1528 255 1555 tudo
278 1536 391 1562 capere.
418 1530 450 1555 Et
473 1528 540 1555 ideo
561 1536 621 1555 non
644 1531 741 1563 restat,
761 1530 816 1556 nisi
840 1532 872 1557 ut
896 1538 954 1558 cre-

184 1575 291 1602 dantur
304 1574 372 1608 11115,
389 1575 439 1610 qui
454 1574 553 1601 idonei
569 1576 636 1601 sunt
655 1575 728 1602 alios
747 1575 864 1611 docere,
881 1585 954 1612 qua-

183 1620 226 1648 les
244 1622 325 1648 erant
340 1620 476 1656 apostoli,
491 1630 504 1646 1)
528 1621 564 1647 de
580 1620 688 1656 quibus
703 1620 716 1655 ,ὅ
732 1630 739 1648 :
766 1632 778 1647 α
793 1622 882 1649 Vobis
901 1623 953 1650 da-

184 1668 246 1694 tum
265 1669 305 1694 est
320 1675 405 1694 nosse
426 1667 598 1702 mysterium
612 1667 694 1702 regni
710 1668 758 1695 Dei
765 1678 772 1702 3
790 1669 908 1703 caeteris,
923 1669 954 1696 in

182 1713 344 1748 parabolis.
362 1724 375 1739 >i
403 1713 458 1740 Sed
480 1713 629 1748 quaeritur,
652 1721 719 1740 cum
742 1717 816 1741 esset
837 1715 954 1750 signum

183 1759 302 1793 majoris
327 1759 360 1794 (a)
384 1759 531 1794 potentiae,
552 1767 649 1786 creare
677 1768 768 1795 panes
792 1760 829 1787 de
849 1761 953 1795 nihilo,

183 1813 275 1841 quam
289 1805 329 1832 sic
349 1805 556 1840 multiplicare,
571 1805 686 1833 videtur
705 1807 786 1841 quod
806 1807 955 1836 debuisset

183 1859 274 1887 panes
290 1851 326 1878 de
346 1851 437 1878 nihilo
453 1859 575 1878 creasse.
590 1853 660 1879 Item
680 1852 728 1879 hic
745 1861 837 1888 panes
855 1854 953 1881 multi-

183 1897 316 1932 plicavit,
335 1897 386 1924 scd
405 1899 471 1932 post
485 1898 727 1925 resurrectionem
742 1900 751 1916 ⁷
766 1899 881 1927 videtur
895 1901 953 1936 pis-

185 1953 249 1972 cem
263 1944 299 1971 de
311 1944 403 1971 nihilo
418 1944 518 1971 fecisse
535 1954 541 1971 :
560 1954 574 1971 (1
593 1945 728 1973 videntes
742 1954 829 1982 super
842 1955 953 1982 prunas

183 1991 303 2026 piscem.
316 2000 329 2015 »
347 1992 378 2017 Et
392 1990 431 2017 ad
445 1991 522 2018 istud
536 1991 778 2026 respondendum
790 1993 953 2021 secundum

184 2037 423 2072 Chrysostomum
438 2038 459 2070 ⁸,
475 2037 557 2072 quod
576 2047 589 2063 «
606 2037 674 2064 ideo
694 2046 728 2064 ex
748 2039 878 2073 subjecta
892 2048 953 2067 ma-

183 2083 255 2110 teria
269 2091 359 2118 panes
373 2083 420 2110 hic
435 2083 576 2117 condidit,
593 2085 624 2110 ut
638 2091 698 2110 non
713 2084 877 2112 existiment
891 2094 952 2114 esse

183 2129 380 2164 phantasiam,
394 2129 463 2156 item
483 2132 514 2156 ut
532 2138 584 2157 ora
605 2130 807 2158 haereticorum
823 2132 954 2160 obstrue—

183 2177 237 2209 ret,
253 2185 266 2201 »
289 2175 340 2210 qui
362 2175 462 2203 dicunt
481 2184 527 2203 res
546 2176 674 2203 visibiles
692 2185 752 2204 non
771 2185 833 2205 esse
848 2186 865 2205 a
883 2187 953 2207 vero

184 2222 253 2255 Deo,
276 2222 324 2248 sed
348 2229 365 2249 a
387 2221 466 2249 mala
488 2222 604 2249 virtute.
625 2224 687 2250 ix'on
711 2231 780 2258 ergo
803 2224 955 2259 indigebat

184 2267 316 2302 subjecta
339 2267 475 2302 materia,
500 2268 551 2295 sed
575 2276 611 2296 ne
635 2271 772 2296 creatura}
799 2270 955 2299 videantur

185 2321 245 2340 esse
265 2313 367 2340 alienae
382 2314 419 2340 ab
442 2314 504 2348 ejus
520 2314 673 2349 sapientia,
689 2315 762 2342 sicut
779 2316 879 2344 dicunt
898 2318 955 2345 hae-

184 2359 274 2386 retici.
297 2359 423 2392 Qualiter
447 2362 544 2387 autem
566 2368 656 2395 panes
677 2360 794 2389 fuerunt
815 2363 955 2399 multipli-

217 2420 225 2436 1
239 2419 380 2450 Chrysost.,
398 2419 440 2443 ubi
455 2426 522 2450 sup.,
537 2427 562 2443 n.
584 2422 606 2444 3.
622 2434 654 2439 —-
669 2422 679 2437 ²
698 2421 760 2445 lbid.
775 2434 805 2440 ·—
822 2423 830 2438 ²
846 2424 909 2448 ibid.
926 2438 952 2442 —

186 2454 196 2470 ⁸
210 2455 312 2485 Mami„
327 2461 382 2484 xvr,
399 2456 421 2477 9.
433 2467 463 2472 -
477 2455 486 2471 ⁶
502 2456 576 2486 Aug„
594 2456 636 2479 ubi
651 2464 718 2487 sup,
736 2464 760 2480 u.
777 2459 800 2481 G.
820 2471 850 2476 —
864 2460 873 2475 Β
887 2460 955 2491 Luc„

186 2495 243 2519 vm,
263 2492 298 2513 10.
312 2502 342 2507 —
357 2490 363 2503 ⁷
378 2490 459 2519 doun„
474 2496 527 2519 xxi,
544 2493 566 2513 9.
578 2503 607 2507 —
621 2491 632 2507 8
647 2492 786 2523 chrysost„
801 2494 843 2517 ubi
857 2502 913 2525 sup.
926 2508 954 2513 —

189 2526 198 2539 ‘¹
215 2527 288 2555 Aug„
311 2526 336 2549 in
353 2526 434 2555 Joan„
455 2528 528 2549 tract.
550 2532 621 2554 xxw,
645 2534 669 2551 n.
696 2530 717 2551 1.
737 2541 767 2546 -
791 2529 811 2545 ¹0
832 2530 907 2560 king„
926 2531 955 2554 cle

189 2559 308 2588 Sacram„
323 2560 366 2584 lib.
385 2561 402 2590 l,
416 2563 478 2591 part.
497 2562 538 2591 Vl,
556 2568 578 2585 c.
594 2568 694 2586 xxxvn.
706 2576 736 2580 —
752 2564 768 2579 ¹¹
783 2564 837 2589 Vid.
855 2566 954 2594 Callai„

189 2601 248 2619 xxx.
269 2609 300 2614 —
320 2597 341 2613 ¹²
362 2596 504 2627 emysost„
524 2597 567 2621 ubi
586 2604 653 2629 sup.,
677 2605 703 2622 n.
726 2601 748 2623 ⁴.
767 2613 796 2618 —
816 2601 835 2618 ¹³
856 2602 955 2626 Scilicet

1723 175 1782 203 343

1012 234 1078 267 cati,
1093 234 1268 269 Augustinus
1281 235 1357 263 bene
1371 236 1381 251 ⁹
1397 245 1403 263 :
1423 246 1436 262 (ι
1450 239 1587 272 Potestas,
1603 238 1707 272 inquit,
1721 240 1782 266 erat

1011 280 1041 307 in
1060 280 1197 308 manibus
1217 281 1319 308 Christi
1339 292 1346 308 :
1368 290 1460 318 panes
1475 283 1516 310 illi
1537 286 1619 310 erant
1637 284 1720 319 quasi
1741 292 1783 312 se-

1011 326 1101 360 mina,
1117 335 1177 354 non
1197 327 1318 362 quidem
1339 329 1421 356 terrae
1444 330 1594 362 mandata,
1614 330 1666 357 sed
1687 331 1724 357 ab
1747 338 1781 357 eo

1012 372 1062 406 qui
1084 375 1191 399 terram
1213 373 1279 400 fecit
1302 375 1503 410 multiplicata.
1529 385 1541 400 n
1572 377 1604 402 Et
1630 376 1672 402 ibi
1695 376 1781 410 bene,

1011 418 1094 452 quod
1108 420 1224 453 «majus
1235 420 1410 447 miraculum
1423 423 1464 448 est
1478 421 1653 455 gubernatio
1664 421 1780 456 mundi,

1012 472 1102 499 quam
1124 467 1261 494 saturatio
1285 468 1416 503 quinque
1438 468 1565 495 millium
1587 468 1623 495 de
1651 469 1783 504 quinque

1011 511 1147 546 panibus.
1174 513 1229 539 Sed
1252 513 1394 541 miracula
1422 514 1470 541 Dei
1499 514 1667 542 assiduitate
1691 515 1783 541 vilue-

1011 560 1089 584 runt.
1100 568 1112 582 n
1132 559 1169 584 De
1189 566 1238 586 sex
1260 559 1347 586 etiam
1366 561 1400 595 (b)
1419 560 1557 595 operibus
1576 561 1635 594 Dei,
1655 569 1783 596 quorum

1011 603 1141 638 primum
1152 606 1193 630 est
1203 605 1371 640 creationis,
1389 606 1496 634 scilicet
1511 607 1547 633 de
1562 607 1666 641 nihilo,
1683 615 1783 634 secun-

1013 649 1085 676 dum
1102 650 1294 678 substantiam
1317 652 1348 687 (c)
1372 652 1401 678 in
1421 653 1526 687 majus,
1539 660 1593 679 nec
1613 661 1675 680 non
1696 656 1722 680 et
1747 654 1783 681 de

1012 695 1076 722 aliis
1089 697 1346 732 consequentibus,
1358 699 1438 732 Hugo
1454 699 1529 726 bene
1539 700 1569 726 ¹⁰.
1585 699 1783 735 Multiplicatio

1012 749 1083 776 ergo
1106 751 1218 778 panum
1240 743 1293 770 fuit
1312 744 1373 771 sine
1395 745 1553 779 creatione,
1570 748 1596 772 et
1616 747 1783 774 extrinsecae

1011 788 1053 815 rei
1075 789 1257 824 appositione
1278 799 1284 816 :
1310 797 1363 817 nec
1383 792 1481 817 tamen
1499 791 1552 818 fuit
1574 793 1702 820 extensio
1722 801 1784 820 ma-

1012 834 1101 869 teriae,
1118 835 1191 862 sicut
1210 838 1252 862 est
1267 844 1321 871 per
1340 836 1475 864 virtutem
1495 839 1605 871 agentis
1624 839 1782 872 naturalis,-

1012 880 1063 907 sed
1087 883 1118 908 ut
1141 884 1321 909 crementum
1344 890 1466 918 panum,
1483 886 1510 910 et
1529 884 1733 920 multiplicatio
1753 886 1784 912 in

1011 927 1133 955 materia
1146 930 1174 954 et
1191 928 1287 956 forma
1302 929 1400 956 simul.
1415 931 1470 957 Nec
1485 932 1526 957 est
1544 930 1583 957 ad
1602 931 1725 966 plenum
1739 931 1784 958 in-

1011 973 1111 1000 venire
1127 974 1221 1001 simile
1237 975 1266 1002 in
1281 978 1384 1003 natura
1401 985 1407 1003 :
1424 976 1481 1003 tale
1497 979 1538 1003 est
1553 977 1631 1004 enim
1644 986 1719 1013 opus
1735 978 1785 1005 Dei

1011 1020 1113 1054 solius,
1130 1021 1293 1048 secundum
1314 1023 1475 1056 hugonem.
1492 1024 1524 1050 Et
1539 1023 1575 1050 de
1589 1023 1634 1050 his
1655 1024 1784 1059 panibus

1010 1066 1041 1093 in
1054 1067 1212 1094 Collatione
1227 1067 1408 1103 praedicabili
1424 1069 1454 1096 ¹¹.

1048 1114 1089 1139 14.
1102 1115 1134 1140 Et
1143 1113 1274 1148 sequitur
1285 1114 1335 1140 illa
1348 1122 1416 1149 pars
1430 1115 1458 1141 in
1470 1123 1530 1150 qua
1543 1117 1698 1143 narrantur
1713 1124 1783 1143 con-

1009 1159 1162 1195 sequentia
1176 1160 1365 1195 miraculum,
1387 1162 1414 1187 et
1434 1161 1475 1188 ibi
1490 1163 1638 1197 quatuor:
1656 1171 1784 1198 quorum

1009 1205 1140 1241 primum
1160 1208 1201 1233 est
1224 1214 1241 1233 a
1261 1207 1374 1242 populo
1395 1207 1529 1234 miraculi
1553 1209 1782 1243 commendatio,

1011 1253 1038 1278 et
1066 1252 1196 1278 facientis
1216 1253 1435 1287 praeconizati03
1463 1254 1641 1287 secundum,
1668 1254 1783 1282 Domini

1010 1298 1177 1332 absconsio,
1193 1299 1234 1325 ibi
1257 1307 1263 1325 :
1286 1300 1361 1326 Jesus
1383 1307 1453 1333 ergo,
1475 1302 1540 1334 etc.;
1557 1301 1682 1334 tertium,
1699 1301 1784 1328 disci-

1009 1344 1150 1379 pulorum
1166 1344 1318 1371 descensio
1333 1345 1371 1372 ad
1386 1354 1477 1379 mare,
1493 1348 1520 1372 et
1537 1346 1703 1381 trepidatIO,
1715 1347 1756 1374 ibi
1773 1358 1781 1374 .-

1014 1392 1047 1417 Ut
1056 1394 1143 1418 <cutem
1154 1400 1209 1419 sero
1217 1394 1328 1426 sactum,
1342 1395 1411 1427 etc.;
1424 1395 1571 1428 quartum,
1583 1394 1626 1421 sui
1640 1394 1783 1422 adventus

1010 1445 1027 1465 a
1050 1438 1199 1464 Salvatore
1218 1438 1410 1472 denuntiatio,
1428 1442 1455 1466 et
1470 1439 1582 1467 timoris
1603 1440 1781 1475 dehortatio,

1008 1483 1051 1512 ibi
1067 1492 1073 1510 z
1089 1485 1137 1510 Ille
1152 1487 1239 1511 autem
1255 1485 1329 1511 dimit
1343 1487 1390 1517 eis,
1407 1488 1460 1512 etc.

1044 1530 1087 1557 Ait
1106 1538 1176 1564 ergo
1199 1539 1205 1557 ε
1223 1532 1269 1557 Illi
1289 1539 1348 1565 erqo
1371 1532 1498 1564 homines,
1514 1540 1574 1559 cum
1595 1534 1727 1561 vidissent
1745 1536 1782 1561 εί-

1008 1584 1098 1610 gnum.
1125 1576 1205 1603 Unde
1227 1577 1451 1612 Chrysostomus
1470 1577 1490 1593 ¹²
1512 1587 1518 1605 ε
1539 1588 1551 1603 ι(
1570 1579 1781 1615 Gastrimargiae

1009 1623 1295 1658 superabundantia!
1319 1623 1432 1651 Infinita
1448 1624 1630 1653 mirabiliora
1648 1626 1693 1653 his
1712 1634 1781 1662 ope-

1007 1671 1086 1696 ratus
1110 1671 1166 1702 est,
1190 1671 1216 1696 et
1241 1677 1393 1705 nunquam
1417 1670 1541 1698 confessi
1563 1674 1629 1699 sunt
1651 1672 1702 1706 sic,
1726 1673 1782 1700 nisi

1008 1715 1130 1750 quando
1151 1715 1263 1750 impleti
1282 1718 1357 1742 sunt.
1372 1727 1384 1741 »
1409 1716 1477 1744 Ideo
1498 1717 1633 1745 dicebant
1651 1727 1658 1745 :
1674 1720 1726 1746 Hic
1743 1722 1782 1746 est

1007 1769 1067 1788 vere
1075 1762 1214 1796 propheta.
1231 1763 1263 1789 Et
1278 1763 1441 1790 secundum
1456 1765 1568 1790 Greecos
1582 1764 1701 1799 ponitur
1713 1773 1781 1793 cum

1008 1807 1141 1841 articulo,
1154 1808 1261 1835 scilicet
1275 1810 1285 1833 ὁ
1300 1809 1454 1844 propheta.
1467 1810 1507 1836 Ex
1522 1818 1581 1844 quo
1596 1813 1684 1846 patet,
1698 1812 1780 1846 quod

1007 1854 1182 1889 prophetam
1218 1855 1400 1889 praecipuum
1434 1856 1628 1891 expectabant
1659 1857 1780 1892 promis-

1007 1907 1073 1927 sum
1088 1900 1116 1927 ¹³.

1046 1948 1088 1973 15.
1117 1947 1148 1973 Et
1172 1946 1304 1974 subditur
1331 1947 1494 1975 secundum
1524 1958 1530 1975 ε
1561 1950 1636 1976 Jesus
1659 1958 1718 1984 erqo
1741 1951 1779 1986 (d)

1008 2001 1066 2020 cum
1085 1994 1255 2026 cognovisset,
1276 1994 1341 2027 quia
1362 1996 1470 2021 venturi
1489 1998 1584 2028 essent,
1602 1998 1632 2022 ut
1654 2000 1780 2030 raperent

1008 2047 1077 2072 eum,
1089 2041 1142 2065 ete.
1161 2048 1174 2064 κ
1184 2040 1223 2065 Ex
1238 2039 1294 2066 hoc
1309 2041 1397 2074 patet,
1412 2042 1442 2066 ut
1457 2040 1496 2067 ait
1510 2041 1734 2076 Chrysostomus
1748 2041 1778 2076 ¹⁶,

1008 2088 1120 2122 quanta
1132 2088 1173 2113 est
1185 2086 1395 2121 gastrimargiae
1409 2088 1554 2122 tyrannis;
1570 2096 1631 2115 non
1648 2088 1723 2116 ultra
1738 2091 1781 2116 est

1009 2132 1049 2159 eis
1063 2133 1177 2159 sabbati
1192 2133 1429 2167 transgressionis
1440 2142 1523 2167 cura3
1541 2142 1601 2161 non
1614 2135 1691 2162 ultra
1701 2135 1780 2162 solli-

1009 2179 1132 2206 citantur
1150 2178 1180 2213 (c)
1197 2187 1251 2214 pro
1268 2181 1339 2213 De0;
1357 2179 1408 2206 sed
1422 2180 1523 2207 omnia
1538 2181 1629 2214 ejecta
1643 2183 1721 2216 sunt,
1736 2189 1780 2209 re-

1007 2225 1087 2260 pleto
1104 2225 1143 2252 eis
1159 2224 1197 2259 (f)
1212 2227 1321 2252 ventre.
1335 2227 1412 2252 Tunc
1425 2225 1503 2252 enim
1519 2227 1546 2252 et
1560 2227 1704 2262 propheta
1719 2230 1780 2256 erat

1009 2271 1090 2307 apud
1109 2279 1169 2305 eos,
1190 2273 1217 2298 ct
1237 2279 1338 2305 regem
1358 2271 1553 2299 inthronizare
1574 2272 1723 2301 debebant
1738 2283 1745 2301 ε
1762 2285 1776 2301 »

1008 2326 1075 2345 vere
1100 2318 1178 2345 enim
1195 2318 1214 2333 ¹⁸
1239 2327 1251 2343 «
1271 2316 1462 2353 splendidum
1488 2318 1517 2345 in
1541 2319 1668 2354 panibus
1691 2321 1778 2349 bene-

1009 2366 1106 2393 dicent
1121 2365 1201 2394 labia
1215 2365 1385 2393 multorum.
1401 2375 1414 2392 n
1434 2366 1513 2400 Fugit
1536 2367 1566 2393 in
1584 2369 1707 2395 montem.
1722 2368 1779 2396 Sed

1010 2448 1093 2477 Dent„
1108 2452 1183 2476 xvm,
1200 2448 1237 2471 15.
1255 2459 1280 2463 -
1298 2447 1318 2463 ¹⁶
1333 2446 1473 2478 Chrysost.,
1488 2447 1531 2471 ubi
1543 2455 1599 2479 sup.
1610 2461 1641 2466 —
1659 2449 1675 2463 ¹⁵
1691 2449 1777 2479 Eecli„

1009 2488 1081 2512 xxxi,
1097 2484 1136 2506 28.

1042 2532 1072 2560 (a)
1090 2531 1149 2555 Coet.
1167 2531 1227 2553 ertit.
1242 2530 1344 2554 amoris.
1357 2543 1386 2548 —
1398 2531 1432 2561 (b)
1446 2532 1506 2556 Ilem
1521 2532 1597 2557 enim.
1607 2546 1637 2551 —
1649 2534 1676 2563 (c)
1689 2534 1775 2565 Suppl.

1010 2566 1102 2590 iacere.
1117 2579 1147 2583 —
1163 2566 1196 2595 (ιιι
1216 2566 1276 2591 Caet.
1293 2566 1352 2590 edit.
1372 2568 1462 2591 autem.
1480 2580 1508 2585 —
1526 2568 1558 2599 (e)
1577 2569 1636 2592 Item
1654 2569 1774 2594 solantur.

1011 2614 1036 2618 —
1053 2602 1088 2631 (f)
1105 2602 1164 2625 Item
1179 2600 1241 2631 ejus.

1831 524 1899 544 Mira-

1798 554 1845 574 cula
1862 555 1902 575 Dei

1806 585 1895 605 assidui-

1798 618 1840 636 tate
1867 617 1902 636 vi·-

1798 647 1893 667 luerunt.
