1987 3032
213 223 271 252 576

215 298 229 313 u
249 290 382 323 Regnum
406 296 507 316 meum
530 296 591 316 non
612 292 653 316 est
678 289 715 316 de
738 289 795 316 hoo
819 287 941 315 mundo.
964 296 977 312 »

211 336 271 362 Rex
286 335 364 362 enim
379 334 485 362 dicitur
495 343 512 362 a
524 335 674 369 regendo,
688 335 720 369 (a)
734 335 861 362 Isidorus
878 335 895 361 ¹.
910 335 979 361 ltem

212 380 327 415 sapiens
344 379 354 395 ²
370 391 376 407 :
395 391 408 406 «
421 382 480 409 Rex
495 383 536 408 est
551 381 602 416 qui
617 381 739 408 intendit
755 381 838 416 quod
853 382 895 407 est
909 380 979 406 utile

211 427 406 455 subditorum.
427 431 488 456 Non
513 430 555 455 est
577 435 644 461 rex,
667 428 718 463 qui
740 435 799 454 non
824 428 866 453 est
889 426 925 453 de
949 434 979 453 se

211 473 358 501 sufficiens
376 494 382 506 ‚
408 476 435 500 et
459 473 597 501 omnibus
626 473 714 500 honis
739 472 907 509 praecellens
928 473 980 498 :et

210 519 275 546 talis
295 519 377 546 nullo
395 519 513 553 indiget.
528 529 540 544 n
560 521 622 546 Haec
636 519 696 547 ille.
713 520 769 546 Scd
784 519 846 545 haec
861 526 913 553 per
929 526 958 545 se
971 538 979 551 ,

210 566 238 592 et
260 572 373 592 summe
397 565 426 592 in
450 565 514 600 ipso
535 565 683 592 Salvatore
702 575 708 592 :
728 565 796 592 ideo
815 573 866 592 rex
880 572 976 591 verus.

211 612 220 627 ³
239 612 367 638 «Beatus
381 613 409 638 et
422 610 502 638 solus
516 613 620 646 potens
635 613 693 638 Rex
713 619 817 645 regum
837 612 865 637 et
884 609 979 637 Domi-

209 664 264 683 nus
287 656 513 684 dominantium.
537 667 550 682 »
577 659 646 684 ltem
666 657 676 673 ⁴
698 666 705 683 τ
729 666 741 682 (ι
764 656 834 691 Regi
856 656 978 683 saeculo-

210 710 276 729 rum
286 723 293 736 ,
309 713 322 728 >›
340 705 392 730 etc.
409 705 440 730 Et
455 703 506 730 iste
521 711 572 730 rex
587 705 629 730 est
644 706 706 730 tuus
718 724 726 736 ,
739 702 770 729 id
783 705 843 736 est,
860 702 912 729 tibi
927 702 979 729 da-

210 750 269 782 tus,
285 749 369 783 quasi
382 757 483 776 servus
498 749 537 776 ad
550 749 777 776 ministrandum
790 750 799 765 ⁵
815 758 821 775 :
838 758 851 774 «
865 748 978 776 Servire

208 802 255 822 me
277 794 367 822 fecisti
393 795 596 830 iniquitatibus
620 795 676 822 tuis
695 816 702 829 ,
730 806 743 820 n
767 797 820 822 cte.
846 796 914 822 ltem
936 796 978 821 est

209 843 269 868 tuus
287 842 360 869 sicut
380 842 506 877 pretium
529 842 567 869 ad
581 841 789 869 redimendum
804 842 814 858 ⁶
831 850 836 868 :
857 851 869 866 (ι
884 841 978 876 Empti

208 887 286 914 enim
301 888 367 915 estis
385 887 476 923 pretio
496 896 615 922 magno.
632 898 645 914 n
662 890 692 916 In
710 889 811 915 Psalmo
824 889 832 903 7
851 896 857 914 z
875 896 888 912 «
903 888 978 914 Con-

208 933 318 960 scidisti
328 942 444 961 saccum
457 942 566 961 meum.
578 944 591 959 η
602 935 635 960 Ut
651 934 690 960 ait
702 933 742 960 ibi
759 934 936 968 Augustinus
946 933 955 949 ⁵
969 941 976 959 ;

211 990 223 1003 (ι
240 979 365 1006 Pretium
380 982 511 1007 nostrum
532 979 643 1007 serebat
661 980 691 1006 in
707 988 807 1013 sacco,
823 987 978 1014 percussus

208 1027 249 1052 est
263 1025 374 1052 lancea.
398 1026 492 1053 Fissus
512 1028 554 1052 est
571 1033 690 1060 saecuS,
706 1025 837 1052 manavit
851 1025 977 1060 pretium

208 1071 288 1098 orbis
313 1074 465 1099 terrarum.
489 1083 502 1096 »
521 1074 590 1099 ltem
613 1075 675 1099 tuus
699 1074 741 1099 est
766 1072 879 1104 homo,
905 1071 978 1098 sicut

208 1117 359 1145 thesaurus
375 1118 414 1145 ad
428 1118 582 1145 ditandum
594 1119 604 1135 ⁹
618 1128 624 1145 :
639 1118 819 1151 «Quomodo
834 1125 895 1145 non
910 1125 978 1144 cum

208 1163 260 1191 illo
275 1164 374 1191 omnia
390 1164 477 1191 nobis
492 1164 634 1191 donavit?
647 1174 660 1189 »
678 1166 710 1191 Et
722 1166 743 1181 ¹⁰
756 1173 782 1191 2«
795 1166 823 1191 ln
839 1164 977 1191 omnibus

208 1210 312 1237 divites
327 1210 393 1237 faeti
409 1210 475 1238 estis
489 1218 556 1237 cum
571 1210 638 1244 illo,
650 1220 662 1235 n
681 1213 733 1237 etc.
748 1210 799 1237 Vel
818 1210 900 1237 aliter
915 1213 976 1236 tuus

208 1258 268 1290 est,
285 1256 358 1284 sicut
369 1256 462 1290 judex
474 1256 618 1291 propitius
633 1256 671 1283 ad
683 1256 891 1290 judicandum,
904 1256 977 1283 sicut

206 1302 352 1337 legiferad
362 1302 621 1336 docendum,sicut
628 1310 679 1329 rex
688 1302 726 1329 ad
736 1301 975 1336 gubernandum,

207 1351 234 1375 et
247 1348 464 1384 protegendum
478 1348 497 1365 ¹¹
513 1356 538 1375 z«
552 1348 645 1375 ,ludex
661 1350 775 1382 noster,
790 1348 893 1383 legifer
908 1355 976 1375 nos-

207 1396 260 1429 ter,
275 1405 288 1420 »
307 1396 359 1422 etc.
384 1396 415 1422 Et
434 1394 500 1421 licet
518 1396 591 1421 essct
614 1402 664 1421 rex
680 1396 777 1421 tantus
793 1397 820 1421 et
833 1394 897 1421 talis
908 1415 916 1428 ,
933 1395 976 1421 ta-

207 1448 274 1468 men
299 1440 378 1468 venit
397 1440 502 1468 sedens
525 1449 613 1476 super
637 1440 773 1476 pullum,
795 1440 824 1467 in
847 1442 976 1467 extrema

206 1489 397 1522 paupertate,
416 1487 446 1514 in
465 1487 661 1521 abjectissima
685 1486 955 1522 contemptibilitate
967 1507 976 1520 ,

207 1533 238 1560 in
254 1533 473 1560 evidentissima
493 1533 666 1560 humilitate.
684 1533 776 1568 Supra
791 1532 810 1548 ¹²
826 1541 851 1559 :«
867 1532 976 1559 Sedens

207 1586 295 1614 super
307 1578 427 1606 sontem.
439 1578 503 1606 »lbi
515 1578 739 1613 Chrysostomus
750 1579 783 1612 ¹³,
795 1577 876 1613 quod
889 1588 902 1603 α
915 1585 975 1604 non

207 1624 431 1659 subjugalibus,
454 1624 486 1651 id
510 1626 565 1658 est,
591 1624 675 1659 equis
690 1646 699 1656 ,
728 1624 776 1651 vel
808 1623 976 1659 equitaturis

207 1671 334 1697 utitur.»
353 1670 420 1698 ideo
433 1671 474 1697 ¹¹²:
495 1680 507 1695 «
530 1671 593 1705 lpse
619 1677 732 1705 pauper
759 1672 786 1696 et
815 1669 976 1697 ascendens

206 1724 294 1752 super
320 1717 446 1744 asinum.
467 1725 481 1741 »
503 1717 567 1743 Non
588 1723 657 1749 ergo
681 1723 749 1742 cum
769 1715 906 1750 pompis,
930 1714 975 1741 vel

207 1771 274 1790 cum
293 1762 463 1798 equitaturis
483 1761 541 1788 illis
551 1783 560 1796 ,
576 1769 644 1788 eum
659 1761 812 1796 quadrigis
827 1763 855 1788 et
868 1761 976 1788 divitiis

206 1810 301 1843 venit,
318 1809 370 1836 sed
384 1808 475 1836 modo
493 1808 580 1835 dicto.
595 1808 614 1824 ¹5
626 1817 639 1832 «
660 1810 729 1835 Ecce
745 1809 804 1835 Rex
820 1811 885 1835 tuus
897 1809 976 1835 venit

207 1855 258 1882 tibi
273 1857 452 1882 mansuetus.
468 1864 481 1879 »
500 1856 531 1882 Et
545 1854 602 1881 hoc
621 1862 708 1889 super
729 1854 845 1889 pullum
867 1855 954 1881 asinae
965 1876 974 1889 ,

207 1903 236 1929 in
255 1901 427 1937 mysterium
446 1903 473 1928 et
491 1900 629 1935 figuram.
646 1899 750 1927 Asinus
765 1900 843 1927 enim
859 1903 899 1927 est
912 1901 975 1927 ani-

206 1948 266 1976 mal
288 1947 413 1983 simplex
429 1955 435 1973 :
452 1946 531 1973 unde
546 1946 576 1973 in
596 1946 678 1973 asino
699 1946 868 1981 simplicitas
883 1947 975 1981 genti-

206 1994 294 2027 lium,
311 1993 350 2020 ait
373 1992 528 2027 Gregorius
547 1992 576 2020 ¹⁶.
593 1993 664 2019 Item
687 1992 786 2019 asinus
809 1994 851 2020 est
875 1993 975 2027 algore

206 2036 339 2075 frigidus,
355 2041 386 2066 ut
401 2039 440 2066 ait
455 2039 571 2074 sapiens
586 2040 618 2064 ¹⁷.
633 2039 666 2065 Et
680 2040 722 2066 est
734 2038 845 2066 animal
858 2041 975 2074 portan-

206 2086 251 2113 dis
267 2086 407 2113 oneribus
428 2084 572 2111 deditum.
597 2086 667 2112 ltem
689 2084 794 2112 videns
815 2085 975 2120 imaginem

206 2140 334 2166 suam,a
349 2139 408 2167 qua
428 2131 568 2158 abhorret
589 2132 616 2157 et
635 2130 758 2164 refugit,
775 2131 814 2158 ait
829 2132 907 2160 isaac
925 2140 930 2158 z
948 2133 976 2158 et

206 2179 300 2213 signat
322 2178 452 2206 animam
473 2176 663 2212 poenitentem
686 2176 869 2212 simplicem,
893 2177 976 2204 labo-

207 2225 326 2258 riosam,
339 2227 459 2260 peccata
474 2231 527 2250 sua
543 2223 813 2259 deprehendentem
828 2226 855 2251 et
869 2223 976 2251 abhor-

206 2273 318 2298 rentem
332 2271 360 2298 ¹⁸.
381 2282 393 2295 (t
410 2270 539 2298 lssachar
554 2270 589 2305 (b)
607 2270 706 2296 asinus
721 2269 812 2303 fortis,
828 2269 975 2297 accubans

238 2329 245 2344 ¹
265 2328 330 2356 isid..
346 2327 466 2357 Etymol„
482 2327 525 2350 lib.
544 2328 584 2357 ΙΧ,
597 2334 620 2350 c.
636 2326 714 2357 1¹1,in
730 2327 810 2357 princ.
823 2339 852 2344 —
867 2328 875 2341 ²
889 2328 975 2358 Arist„

209 2364 300 2392 Ethic„
319 2363 362 2385 lib.
381 2364 447 2393 ΥΙΙΙ,
464 2369 486 2386 e.
504 2368 529 2391 x,
542 2364 599 2385 ante
614 2362 723 2385 med.—
740 2362 750 2378 ³
764 2363 847 2393 Apoa,
865 2369 919 2393 Xix,
936 2364 973 2387 Ιῦ,

207 2412 236 2416 -
252 2399 279 2421 *Ι
299 2399 349 2421 Tim
363 2416 370 2428 ,
387 2404 404 2426 ι,
421 2399 458 2422 17.
475 2411 500 2414 -—
516 2398 524 2411 ⁵
539 2397 598 2426 Jsa„
613 2403 687 2427 x1.111,
703 2399 742 2421 23.
758 2410 788 2415 —
805 2398 815 2414 ⁶
830 2398 838 2421 1
855 2398 924 2427 Cor„
940 2404 974 2428 vx,

208 2436 246 2458 ΞΟ.
263 2447 293 2452 —-
313 2434 319 2447 7
343 2433 405 2456 Psul.
426 2439 501 2462 xxm,
525 2434 562 2456 122.
581 2445 610 2450 -
630 2432 640 2448 θ
662 2434 777 2463 August„
798 2433 828 2456 de
853 2433 974 2463 Tempore,

208 2476 283 2493 serm.
302 2470 357 2497 258,
378 2468 408 2491 al.
428 2473 567 2496 cccxxxvi,
583 2474 608 2492 n.
626 2469 647 2491 4.
663 2479 694 2485 —-
708 2468 718 2484 ⁹
731 2468 807 2498 Rom„
824 2470 932 2497 v111‚32.
944 2481 975 2486 -—-

208 2505 247 2528 ¹⁰1
266 2504 332 2533 Cor„
348 2509 366 2533 1,
383 2505 405 2526 5.
422 2515 451 2519 —-
464 2504 480 2518 ¹¹
498 2504 535 2526 lsa
549 2520 555 2530 ,
571 2509 664 2533 xxxiii,
679 2504 718 2526 22.
730 2515 760 2520 —
777 2505 795 2519 ¹²
806 2504 886 2531 joan„
901 2509 936 2534 lv,
950 2505 973 2528 6.

207 2553 236 2557 -
253 2539 272 2555 1³
290 2539 431 2569 Chrysost.‚
452 2538 476 2560 in
498 2539 577 2566 ‚torm⁷
595 2538 663 2562 hom.
680 2545 746 2568 xxx,
765 2538 796 2562 al.
817 2544 892 2566 xxxi,
907 2545 934 2562 n.
950 2539 972 2562 3.

206 2587 236 2592 -
255 2575 275 2590 υ
297 2574 380 2600 lach..
405 2579 443 2602 tx,
463 2574 494 2602 9;
520 2573 618 2602 Malui„
642 2579 701 2603 xxi,
723 2575 746 2598 5.
770 2587 796 2591 —
825 2575 841 2588 ¹⁵
861 2574 925 2597 ibid.
944 2586 974 2590 —

208 2610 227 2626 ¹⁶
247 2610 332 2640 Greg,
356 2609 454 2638 Mol-td„
478 2608 520 2631 ΙΙΙ).
548 2608 570 2637 Ι,
595 2615 616 2631 c.
639 2613 678 2636 vi,
700 2608 731 2633 al.
754 2615 813 2639 xm,
836 2616 861 2633 n.
883 2610 922 2632 23.
942 2621 973 2626 —

207 2645 227 2661 ¹⁷
246 2645 332 2675 Arist,
355 2644 384 2667 de
404 2644 518 2667 Generat.
543 2643 664 2673 Animal„
684 2643 728 2667 lib.
751 2645 786 2674 ΙΙ,
810 2651 832 2667 c.
859 2650 896 2674 Vl,
917 2646 974 2674 post

719 219 985 253 COLLATIONES
1010 219 1299 253 PRAEDlCABlLES

1034 287 1109 314 inter
1128 288 1283 321 terminos,
1299 298 1312 314 »
1328 290 1380 316 etc.
1398 290 1417 306 ¹⁹
1436 300 1449 314 «
1464 289 1608 324 Cognovit
1619 288 1718 316 asinus
1732 295 1804 324 prae-

1034 341 1103 368 sepe
1118 334 1232 360 Domini
1251 334 1306 360 sui.
1322 344 1336 360 ))
1348 335 1369 351 2⁰
1385 337 1492 362 «Erant
1514 335 1538 362 ei
1560 335 1727 370 quingentae
1746 333 1803 361 asi-

1034 387 1089 406 nae.
1108 389 1120 405 »
1145 381 1196 406 Per
1219 387 1293 415 quas
1312 380 1332 398 ²¹
1352 390 1365 405 α
1387 381 1539 415 signantur
1554 381 1659 408 animae
1681 379 1804 413 fideles,

1034 425 1204 453 laborantes
1227 434 1281 461 pro
1305 428 1412 454 aeterna
1434 428 1536 463 requie
1558 437 1564 454 ;
1586 438 1598 452 n
1625 427 1655 454 in
1679 433 1804 454 numero

1035 471 1112 498 enim
1137 471 1383 506 quinquagesimo
1407 472 1549 507 figuratur
1578 473 1662 508 quies
1680 493 1688 504 ,
1710 474 1742 499 ut
1765 471 1806 499 ait

1034 517 1200 551 Gregorius,
1223 517 1265 544 ibi
1289 526 1377 553 super
1398 518 1482 545 illud.
1511 519 1628 554 «Super
1654 518 1742 545 talem
1772 516 1804 551 (c)

1034 562 1174 595 animam,
1186 563 1246 590 sive
1261 563 1291 590 in
1306 563 1356 590 tali
1369 564 1467 591 anima
1482 563 1605 599 quiescit
1615 563 1754 591 Dominus
1767 572 1772 590 :
1788 573 1801 587 υ

1034 611 1122 644 prout
1136 609 1183 636 hic
1197 608 1218 625 ²²
1232 609 1336 644 signat.

1109 711 1222 738 Collntz'o
1242 712 1598 746 quiuquaqesz‘maseptima,
1614 719 1673 745 xii,
1686 711 1731 738 25.

1069 795 1099 821 Si
1111 798 1243 822 mortuum
1257 797 1361 828 fuerit,
1377 794 1486 822 scilicet
1501 803 1627 830 granum
1647 795 1802 830 frumenti,

1033 841 1143 867 multum
1163 842 1279 873 fructum
1301 841 1407 874 adferet
1422 841 1474 876 (d).
1496 841 1624 874 Qualiter
1645 841 1722 868 istud
1744 848 1805 869 ver-

1033 885 1106 913 bum
1130 887 1250 921 exponit
1265 887 1442 921 Augustinus
1456 887 1477 903 ²³
1491 887 1527 914 de
1545 887 1706 920 Salvatore,
1725 889 1804 923 patet

1033 932 1079 959 hic
1096 934 1123 959 et
1137 932 1252 959 Glossis.
1269 932 1468 968 Mysterialiter
1488 933 1520 967 (e)
1542 935 1639 960 autem
1665 933 1804 969 competit

1033 978 1151 1005 cuilibet
1161 978 1292 1013 martyri,
1303 978 1331 1005 in
1343 978 1451 1013 quibus
1461 979 1515 1006 tria
1529 979 1709 1013 figurantur:
1725 986 1799 1014 quo-

1032 1032 1099 1051 rnm
1112 1025 1241 1059 primum
1254 1026 1295 1051 est
1309 1025 1374 1051 vitoe
1389 1024 1579 1052 immaculata
1592 1025 1719 1060 puritas,
1735 1025 1777 1052 ibi
1794 1034 1800 1053 :

1034 1070 1151 1097 Granum
1166 1071 1297 1103 frumenti
1307 1080 1314 1104 3
1336 1070 1499 1098 secundum
1514 1073 1556 1097 est
1575 1071 1719 1106 passionis
1738 1070 1804 1099 dira

1032 1116 1175 1144 acerbitas
1186 1137 1194 1150 ‚
1207 1117 1248 1143 ibi
1267 1126 1272 1143 :
1289 1117 1425 1143 Mortuum
1439 1119 1523 1150 suerit
1532 1127 1540 1149 ;
1557 1117 1674 1144 tertium
1690 1117 1801 1153 praemii

1032 1162 1209 1189 multimoda
1230 1162 1433 1196 fructuositas,
1450 1163 1490 1189 ibi
1514 1172 1520 1189 :
1546 1164 1662 1190 Multum
1684 1164 1802 1195 fructum

1032 1209 1147 1242 adferet.

1067 1255 1111 1282 Ait
1126 1262 1196 1289 ergo
1218 1255 1359 1282 :Granum
1380 1257 1526 1290 frumenti,
1546 1263 1599 1291 per
1623 1255 1706 1290 quod
1729 1256 1802 1290 figu-

1031 1303 1112 1328 ratur
1133 1303 1233 1328 sancta
1259 1302 1359 1328 anima
1384 1310 1390 1328 :
1417 1309 1542 1336 granum
1562 1301 1642 1328 enim
1665 1301 1802 1329 frumenti

1032 1346 1061 1373 in
1078 1354 1184 1381 genere
1204 1355 1257 1374 suo
1279 1349 1320 1374 est
1335 1347 1487 1374 nobilitate
1509 1347 1665 1381 eximium,
1680 1347 1803 1374 sinceri—

1032 1394 1089 1420 tate
1101 1401 1226 1428 purum,
1245 1396 1331 1428 gustu
1347 1393 1501 1429 sapidum,
1517 1396 1545 1420 et
1559 1393 1598 1420 ad
1612 1393 1801 1420 nutriendum

1031 1439 1204 1466 virtuosum.
1219 1441 1250 1466 Et
1264 1439 1331 1466 ideo
1346 1447 1399 1474 per
1420 1447 1547 1474 granum
1567 1439 1706 1466 frumenti
1724 1438 1801 1474 figu-

1031 1487 1111 1512 ratur
1126 1485 1224 1512 anima
1240 1487 1339 1513 sancta
1354 1485 1594 1513 convenienter.²'·
1609 1485 1708 1518 «Quid
1723 1485 1802 1512 enim

1031 1530 1199 1566 pulchrum,
1210 1531 1265 1557 nisi
1276 1531 1454 1558 frumentum
1467 1531 1646 1558 electorum?
1657 1541 1670 1556 n
1679 1531 1719 1556 ²⁵«
1729 1532 1801 1558 Fru-

1031 1578 1163 1604 mentum
1187 1577 1265 1604 enim
1289 1576 1435 1604 desiderat
1455 1577 1566 1611 nubes,
1586 1577 1618 1603 id
1637 1579 1679 1604 est
1698 1577 1800 1605 coeles-

1032 1625 1072 1649 tes
1086 1622 1284 1649 irrorationes.
1300 1622 1320 1638 ²⁶
1337 1632 1351 1648 «
1367 1622 1568 1657 implebuntur
1581 1630 1655 1650 areae
1669 1622 1798 1650 frumeu-

1032 1669 1076 1701 to,
1093 1678 1107 1693 »
1125 1670 1178 1695 etc.
1201 1667 1281 1695 Unde
1301 1669 1395 1702 justus
1417 1670 1604 1702 comparatur
1628 1675 1722 1702 grano
1742 1668 1802 1696 fru-

1032 1714 1121 1741 menti
1144 1714 1257 1741 ratione
1281 1714 1413 1749 puritatis
1440 1715 1468 1741 et
1489 1713 1671 1748 nobilitatiS,
1691 1716 1723 1742 ut
1742 1714 1799 1742 hic.

1032 1761 1102 1787 Item
1126 1762 1313 1795 comparatur
1332 1768 1424 1794 grano
1440 1759 1549 1795 sinapis
1567 1760 1680 1787 ratione
1694 1760 1801 1788 vivaci-

1033 1806 1097 1833 tatis
1111 1806 1181 1833 fidei
1203 1808 1230 1833 et
1252 1806 1457 1833 amaritudinis
1477 1806 1717 1841 poenitentialis.²⁷
1733 1816 1747 1831 «
1761 1806 1802 1834 Si-

1032 1852 1101 1879 mile
1112 1854 1154 1879 est
1164 1859 1289 1887 regnum
1301 1852 1442 1879 ccelorum
1457 1860 1549 1886 grano
1562 1852 1681 1888 sinapis.
1694 1862 1708 1878 »
1721 1852 1801 1881 Unde

1036 1908 1048 1924 «
1059 1898 1205 1926 frumenta
1215 1900 1282 1925 sunt
1296 1898 1378 1925 electi
1396 1898 1456 1932 Dei,
1468 1898 1507 1925 ait
1519 1899 1675 1933 Gregorius
1685 1898 1704 1915 ²⁸
1714 1906 1802 1934 super

1032 1944 1108 1971 illud
1122 1944 1142 1961 ²⁹
1159 1953 1165 1971 ε
1178 1946 1352 1971 Frumentum
1364 1944 1499 1971 desiderat
1513 1935 1604 1971 nubes.
1621 1944 1701 1972 Unde
1714 1947 1742 1972 et
1755 1953 1801 1973 ca-

1032 1990 1163 2017 vendum
1187 1993 1244 2024 est,
1266 1998 1303 2017 ne
1326 1990 1404 2018 istud
1426 1990 1605 2017 frumentum
1627 1991 1799 2026 degeneret,

1032 2036 1079 2064 vel
1091 2044 1127 2064 ne
1140 2044 1195 2072 pro
1210 2037 1265 2063 isto
1278 2036 1424 2064 frumento
1440 2038 1539 2071 surgat
1554 2036 1689 2070 tribulus,
1700 2037 1800 2065 anima

1032 2083 1139 2110 scilicet
1162 2082 1342 2110 infructuosa
1365 2084 1392 2110 et
1415 2090 1529 2118 aspera.
1547 2083 1568 2099 ³⁰
1585 2083 1641 2110 «Si
1656 2083 1799 2111 abscondi

1032 2129 1117 2164 quasi
1131 2129 1221 2156 homo
1236 2130 1388 2164 peccatum
1402 2136 1512 2156 meum.
1526 2138 1539 2153 n
1552 2129 1704 2164 Sequitur:
1718 2140 1731 2155 ι(
1745 2131 1799 2158 Pro

1031 2175 1177 2203 frumento
1201 2175 1311 2202 oriatur
1334 2174 1404 2201 mihi
1424 2173 1568 2209 tribulus,
1585 2185 1598 2201 »
1616 2175 1725 2203 seilicet
1744 2184 1799 2211 pro

1032 2221 1131 2249 anima
1144 2229 1220 2257 pura
1234 2223 1261 2248 et
1274 2220 1438 2254 fructuosa,
1454 2221 1553 2248 anima
1568 2221 1676 2256 cupida
1697 2224 1725 2248 et
1739 2222 1799 2257 spi-

1032 2275 1105 2295 nosa
1127 2275 1160 2295 ac
1180 2267 1369 2295 infructuosa.
1385 2266 1465 2294 Unde
1480 2267 1651 2295 Ambrosius
1663 2268 1683 2284 ³¹
1697 2267 1737 2295 ad
1758 2268 1799 2295 sie

1032 2325 1100 2348 med.
1113 2338 1139 2341 —
1154 2325 1173 2341 ¹¹¹
1189 2325 1259 2354 Gen„
1274 2330 1345 2354 xux,
1360 2325 1394 2348 14.
1411 2337 1440 2341 —-
1453 2325 1472 2340 ¹⁹
1485 2325 1543 2352 ssa„
1561 2331 1578 2354 ι,
1591 2325 1614 2348 3.
1629 2338 1660 2343 -
1673 2324 1694 2342 ²⁰
1707 2324 1762 2355 Job,
1777 2330 1798 2355 ι,

1032 2360 1054 2383 3.
1072 2372 1102 2376 -
1116 2360 1134 2375 '2¹
1149 2360 1234 2390 Greg„
1252 2360 1353 2388 Momt„
1368 2359 1411 2382 lib.
1431 2360 1448 2390 l,
1464 2367 1486 2382 c.
1501 2365 1540 2388 v1,
1555 2360 1588 2383 nl.
1602 2366 1658 2390 xvi,
1673 2367 1699 2384 n.
1714 2361 1753 2384 24.
1770 2372 1797 2377 -

1031 2395 1052 2410 ²²
1063 2395 1135 2424 lbid.,
1150 2402 1175 2418 n.
1193 2397 1230 2419 20.
1244 2409 1274 2413 —
1289 2395 1306 2409 2³
1321 2396 1395 2424 Aug..
1413 2395 1437 2417 ιἰι
1452 2395 1532 2423 Ιοιιιι.,
1548 2397 1619 2419 tract.
1637 2401 1676 2424 Li.
1691 2402 1717 2418 n.
1733 2396 1755 2418 9.
1768 2407 1798 2412 —-

1033 2430 1052 2446 ²⁴
1067 2431 1149 2458 lach..
1167 2437 1208 2460 ix,
1226 2433 1261 2454 Π.
1277 2444 1306 2448 -
1321 2431 1342 2447 ¹⁵
1353 2431 1412 2458 Job,
1431 2436 1536 2460 xxxvii,
1554 2433 1590 2454 Η.
1605 2444 1636 2448 -
1648 2432 1669 2448 ²⁵
1681 2430 1752 2458 1001„
1769 2436 1796 2461 ιι,

1031 2466 1070 2490 ⁶24.
1091 2479 1122 2483 —
1144 2467 1163 2481 ²⁷
1188 2466 1286 2491 Matth..
1311 2471 1371 2495 xm,
1399 2466 1437 2489 31.
1461 2479 1492 2483 —
1515 2465 1536 2481 ²⁸
1558 2466 1673 2497 Gregor„
1697 2465 1797 2494 Morus„

1030 2501 1074 2525 lib.
1096 2501 1195 2531 xxvii,
1210 2507 1306 2528 c.31x.
1323 2500 1355 2524 al.
1370 2507 1435 2530 xxx,
1451 2508 1476 2525 u.
1496 2502 1534 2524 54.
1550 2514 1580 2518 —
1596 2501 1614 2515 ²⁸
1630 2500 1688 2529 Job,
1707 2506 1797 2531 xxxvi,

1032 2539 1115 2560 1¹.—
1129 2537 1150 2553 ²⁰
1166 2537 1238 2567 lbid.,
1255 2542 1325 2565 xxxi,
1340 2538 1380 2565 33,
1396 2537 1434 2560 40.
1449 2549 1474 2553 —
1491 2536 1509 2553 ³¹
1528 2536 1654 2565 Ambros.¹
1669 2536 1796 2566 Hexaem„

1030 2571 1073 2595 lib.
1090 2572 1133 2601 ΙΙΙ,
1146 2580 1168 2595 e.
1183 2578 1230 2602 vn,
1245 2578 1271 2595 u.
1286 2573 1357 2595 3l.—
1373 2572 1402 2601 (a)
1419 2571 1506 2601 Suppl.
1522 2571 1597 2595 ait.—
1612 2570 1644 2600 (b)
1661 2571 1721 2595 Coet.
1736 2570 1795 2594 edit.

1033 2607 1140 2637 isachar,
1156 2610 1180 2631 et
1198 2608 1234 2631 sie
1248 2607 1375 2637 deinceps.
1394 2619 1424 2623 —
1438 2607 1468 2635 (c)
1484 2607 1544 2630 Item
1564 2606 1795 2636 Supernaturalem.

1032 2656 1061 2660 —
1076 2643 1114 2673 (d)
1129 2643 1202 2673 Vulg.
1218 2643 1303 2673 affert.
1320 2655 1346 2659 —-
1363 2641 1395 2672 (e)
1411 2641 1468 2672 Leq.
1484 2641 1688 2666 Ministerialiter.
