1987 3032
670 190 709 221 lN
731 191 817 222 CAP.
842 191 907 221 xlll
932 188 1069 220 SANCTt
1093 188 1265 220 .10ANN{S.

170 264 232 289 tum
247 263 289 289 est
303 260 384 288 modi
397 258 524 286 faciendi
538 257 680 285 rectitudo
696 257 756 284 sive
768 256 917 292 aequalitas
926 276 935 290 ‚

170 308 212 335 ibi
230 317 236 334 :
254 306 479 340 Quemadmodum
492 312 537 338 eqo
551 305 612 336 feci.

205 354 250 382 Ait
265 361 335 388 ergo
351 362 357 379 :
374 354 429 386 Εςο
444 351 515 383 dedi,
534 351 584 386 qui
599 359 665 378 sum
675 350 783 378 scilicet
797 349 937 377 Dominus

171 402 197 428 et
210 400 352 435 Magister.
368 400 400 425 Et
415 398 450 425 de
474 397 530 424 hoc
552 398 582 424 in
605 397 696 432 priori
720 396 890 424 Collatione.
907 397 937 422 Et

171 446 340 480 exemplum
362 444 430 471 dedi
452 443 622 478 multiplex,
637 444 725 478 prout
748 442 787 469 ait
808 441 938 476 Augusti-

171 500 235 519 nus.
251 491 422 525 Eaeemplum,
436 490 548 525 inquit,
565 489 628 516 (ledi
640 496 756 515 sursum
773 487 939 514 videntibus

170 540 276 570 Deum,
292 536 461 573 exemplum
484 537 622 563 deorsum
647 535 821 562 mirantibus
842 534 937 561 homi-

170 592 249 618 nem,
263 583 432 618 exemplum
442 582 519 609 sanis
534 582 573 609 ad
584 581 829 617 permanendum,
842 588 939 607 exem-

169 630 254 665 plum
270 629 392 656 infirmis
411 629 449 655 ad
470 627 753 661 convalescendum,
769 626 938 662 exemplum

171 676 318 703 morituris
341 675 380 702 ad
395 683 456 702 non
477 675 655 707 timendum,
672 673 840 708 exemplum
861 680 939 699 mor-

171 722 227 749 tuis
242 721 281 748 ad
296 721 519 755 resurgendum.
541 721 604 747 Haec
619 719 677 746 ille.
694 721 725 746 Et
739 719 806 745 licet
820 720 861 745 tot
875 726 939 745 mo-

172 767 217 794 dis
231 767 399 802 exemplum
419 767 545 800 dederit,
560 766 751 792 nihilominus
771 764 940 800 exemplum

172 813 254 840 dedit
277 814 411 840 fraternae
437 813 620 845 dilectionis,
644 811 826 846 obsequiosae
850 809 941 837 admi-

171 859 366 892 nistrationis,
386 861 414 886 et
433 859 514 885 mirae
533 857 761 889 humiliationis,
777 859 806 883 ut
829 856 865 883 de
881 864 941 883 om-

172 905 260 932 nibus
273 907 366 940 patet,
383 905 505 940 quando
522 905 561 931 ait
578 913 584 930 :
598 904 754 937 Exemplum
776 903 839 929 dedi
856 903 939 929 vobis.

173 953 244 979 ltem
265 951 432 986 exemplum
459 950 540 977 dedit
562 949 718 977 laboriosas
742 948 939 984 operationis,

173 997 265 1033 quia¹
293 1006 307 1022 ι(
331 997 361 1024 in
383 996 536 1024 laboribus
558 1004 575 1023 a
595 996 746 1030 juventute
767 1005 780 1021 »
802 1004 855 1022 sua
878 995 940 1022 fuit.

173 1044 183 1059 ²
209 1053 222 1068 «
238 1043 332 1071 Adam
357 1043 526 1077 exemplum
554 1050 650 1069 meum
677 1042 714 1068 ab
746 1041 943 1068 adolescentia

174 1097 250 1116 mea.
272 1099 284 1114 ι)
302 1089 396 1116 Adam
411 1089 519 1116 scilicet
533 1089 543 1105 ³
558 1088 721 1119 secundus,
743 1088 778 1114 dc
794 1088 868 1115 coelo
884 1096 941 1115 coe-

172 1135 262 1162 lestis.
278 1137 349 1162 Item
364 1135 444 1161 dedit
459 1134 627 1169 exemplum
641 1133 787 1168 patientiae
803 1136 830 1161 et
842 1134 943 1168 longa-

173 1181 310 1208 nimitatis
321 1181 351 1207 in
362 1180 536 1208 sufferendis
548 1180 731 1207 contumeliis
743 1179 751 1194 ⁴
767 1189 773 1207 z
790 1190 802 1204 «
813 1180 943 1207 Afficiam

173 1229 201 1254 te
221 1227 420 1260 contumeliis,
442 1229 470 1254 et
489 1234 600 1262 ponam
623 1228 648 1253 te
673 1226 702 1252 in
726 1226 904 1261 exemplum.
928 1237 940 1251 u

175 1274 206 1300 Et
219 1273 229 1289 ⁵
246 1282 252 1299 :
273 1282 285 1297 <‹
303 1273 476 1308 Exemplum
501 1272 637 1308 accipite,
651 1271 768 1305 fratres,
788 1271 898 1299 laboris
917 1274 944 1299 et

172 1318 334 1354 patientiae3
350 1328 363 1343 ι)
387 1322 413 1346 et
435 1318 588 1354 sequitur:
609 1327 621 1343 ι(
643 1318 741 1345 Finem
763 1318 874 1345 Domini
902 1318 940 1345 vi-

174 1365 255 1392 distis
267 1385 275 1398 ,
290 1375 303 1390 »
323 1366 376 1392 etc.
393 1366 462 1392 Item
483 1364 651 1399 exemplum
667 1364 747 1391 dedit
768 1364 944 1391 sustinendae

173 1411 286 1444 mortis,
302 1413 329 1438 et
344 1411 430 1438 etiam
448 1410 550 1437 mortis
565 1411 657 1437 crucis
669 1411 678 1426 ⁶
695 1419 721 1436 ια
736 1410 862 1437 Christus
878 1418 944 1445 pas-

175 1465 223 1484 sus
235 1459 276 1484 est
290 1464 344 1492 pro
355 1456 452 1490 nobis,
462 1456 547 1483 vobis
557 1456 726 1491 relinquens
738 1456 916 1491 exemplum.
928 1467 941 1482 >1

174 1505 207 1530 Et
220 1504 229 1520 ⁷
246 1512 252 1530 :
271 1512 285 1528 «
310 1502 484 1538 Exemplum
509 1511 574 1529 sum
599 1510 699 1529 coram
719 1502 769 1529 eis.
791 1513 803 1527 >v
824 1505 864 1529 Ex
884 1511 944 1537 qno

175 1557 245 1584 ergo
270 1550 350 1576 Jesus
373 1549 500 1576 Christus
524 1549 576 1575 fuit
600 1549 767 1584 exemplum
796 1550 944 1583 majestate

177 1595 392 1629 authenticum,
408 1595 599 1622 inenarrabili
615 1595 735 1622 veritate
755 1597 883 1628 rectum,
897 1595 943 1622 in-

174 1642 305 1677 tegritate
324 1641 502 1676 perfectum,
518 1641 686 1668 faciendum
702 1643 743 1667 est
757 1641 796 1667 ad
810 1641 944 1668 imitatio-

174 1696 242 1716 nem
259 1687 340 1714 istius
356 1687 541 1722 exemplaris.
558 1687 625 1714 Ideo
647 1686 685 1714 ait
704 1686 751 1713 hic
766 1696 772 1713 ι
789 1688 945 1721 Eoeeinplum

176 1735 239 1762 dedi
254 1735 344 1767 robis,
360 1736 390 1760 ut
411 1734 525 1766 faciatis
545 1741 555 1759 :
574 1735 604 1760 ut
625 1740 685 1759 non
709 1732 804 1759 solum
820 1733 945 1760 audiatis

173 1781 222 1808 vel
238 1780 355 1813 dicatis,
370 1779 420 1806 vel
434 1779 612 1814 inspiciatis,
626 1778 678 1805 sed
695 1778 835 1805 unitatem
854 1779 944 1806 faeia-

174 1827 241 1854 tis.⁶
263 1836 276 1851 «
297 1827 352 1853 Fac
374 1825 538 1852 secundum
561 1825 711 1859 exemplar
734 1825 815 1859 quod
839 1825 891 1852 tibi
915 1826 945 1852 in

174 1874 275 1900 monte
291 1873 487 1899 monstratum
503 1873 554 1904 est,
570 1880 583 1896 »
601 1870 631 1897 id
646 1872 704 1905 est,
720 1870 749 1897 in
769 1871 879 1898 Christo
896 1880 901 1898 :
918 1873 945 1898 ct

174 1919 247 1952 hoc,
268 1918 358 1945 vitam
382 1919 512 1944 nostram
536 1916 601 1943 vitae
627 1924 685 1943 suae
709 1916 942 1952 conformando,

174 1965 236 1993 vias
253 1965 315 1998 ejus
329 1963 472 1997 tenendo,
486 1965 513 1990 et
528 1962 650 1997 vestigia
667 1962 758 1997 ipsius
780 1963 941 1998 sequendo.

173 2012 183 2028 ⁹
203 2020 216 2036 α
232 2011 310 2038 Sicut
333 2009 515 2045 portavimus
536 2008 696 2043 imaginem
711 2009 831 2041 terreni,
848 2011 944 2044 porte-

175 2065 240 2085 mus
265 2058 292 2084 et
321 2056 480 2090 imaginem
504 2054 636 2081 coelestis.
662 2066 673 2077 ιι
698 2056 797 2089 Imago
822 2055 943 2083 coelestis

172 2103 318 2136 hominis,
334 2104 376 2129 est
391 2101 448 2128 vita
461 2103 527 2128 Jcsu
544 2100 644 2128 Christi
662 2101 681 2116 ¹⁰
696 2110 724 2127 :u
741 2102 833 2128 Estote
848 2101 942 2129 imita-

173 2152 250 2178 tores
279 2149 327 2176 Dei
344 2169 353 2182 ,
377 2148 450 2175 sicut
477 2147 528 2174 filii
557 2146 707 2173 carissimi.
730 2156 742 2172 n
768 2147 942 2182 Aspicientes

173 2204 242 2231 ergo
267 2195 305 2223 ad
328 2194 386 2222 tale
408 2193 577 2228 exemplar,
595 2193 738 2220 debemus
761 2193 850 2220 vitam
874 2202 942 2221 nos—

172 2245 248 2270 tram
261 2241 388 2269 formare
398 2261 406 2274 ,
423 2240 569 2274 corrigere
585 2241 613 2266 et
627 2239 800 2273 rectificare,
816 2240 942 2268 vivendo

172 2290 204 2315 ut
226 2287 274 2314 ille
296 2286 385 2319 vixit,
399 2287 488 2321 prout
513 2284 653 2321 possibile
675 2287 730 2318 est,
746 2286 860 2319 agendo
876 2294 941 2322 qufe

172 2334 234 2369 ipse
249 2333 328 2366 fecit,
349 2331 519 2359 sustinendo
538 2339 602 2366 quae
613 2330 756 2363 sustinuit,
772 2331 941 2360 detestando

174 2388 239 2415 quze
262 2378 414 2414 prohibuit
438 2378 455 2394 ¹¹
479 2387 513 2404 z«
536 2377 713 2412 Aspicicntcs
737 2377 767 2403 in
793 2380 941 2406 auctorem

207 2441 211 2453 ¹
228 2439 295 2463 Psal.
312 2444 424 2467 Lxxxffl,
442 2439 478 2461 16.
494 2450 521 2454 -
539 2438 547 2450 ²
564 2436 627 2460 Zrzclt
643 2455 650 2466 ‚
665 2443 728 2464 xm,
743 2439 764 2460 53.
783 2450 810 2454 -.
825 2438 853 2461 ³1
874 2441 940 2465 Cor„

173 2481 215 2503 xv,
230 2476 268 2498 [ΓΙ.
281 2487 310 2491 -
325 2474 335 2490 ⁴
352 2473 427 2500 Nah..
444 2479 482 2502 ιιι,
498 2474 520 2496 ὓ.
535 2485 563 2489 --
578 2472 588 2487 ⁵
602 2472 664 2499 dac,
678 2477 701 2494 Y.
719 2473 755 2494 10.
770 2485 800 2488 —
814 2475 822 2485 0
841 2473 845 2495 Ι
862 2474 940 2502 Petu,

174 2516 208 2539 11,
231 2512 268 2533 21,
291 2522 320 2526 -
340 2509 350 2524 '¹
371 2508 428 2538 lul),
450 2514 519 2537 xvii,
539 2510 562 2529 ιι.
577 2520 608 2524 -
628 2506 638 2522 ⁸
658 2507 747 2534 and„
771 2513 829 2537 xxv,
850 2510 887 2532 40.
911 2523 940 2527 —-

172 2546 181 2558 ⁰
198 2546 203 2568 1
222 2545 290 2573 Com,
307 2550 348 2573 xv,
366 2545 402 2566 49.
414 2556 444 2560 —
461 2543 478 2559 ¹⁰
492 2542 591 2571 liphes„
607 2549 631 2570 v,
649 2544 711 2565 1.—
729 2542 743 2557 '¹
759 2541 840 2572 Helua,
858 2549 904 2574 xii,
918 2547 940 2568 2.

172 2580 233 2596 -12
246 2579 353 2608 Gnl.‚1=,
368 2581 405 2602 20.
417 2592 445 2595 -
461 2578 478 2590 “’”
491 2577 597 2603 Coloss„
613 2583 650 2606 ιιι,
665 2579 687 2606 3,
702 2578 776 2605 ,0,10.
789 2589 817 2593 -—
832 2578 849 2593 ’δ
860 2579 939 2607 Ιοαη,,

173 2620 216 2645 xv,
233 2616 268 2638 15.
283 2626 311 2631 —-
329 2614 348 2630 ¹⁸
363 2613 495 2641 Rerum-11„
509 2620 563 2642 sup.
581 2612 663 2641 Cant„
679 2618 755 2634 sei-m.
773 2617 818 2642 νιι,
833 2620 858 2637 n.
875 2616 898 2637 2.
912 2628 940 2632 -

1700 192 1753 220 581

992 256 1062 283 fidei
1087 258 1113 283 et
1136 258 1402 283 consummatorem
1426 258 1543 288 Jesum,
1569 266 1582 281 ι)
1608 259 1661 283 etc.
1686 256 1759 284 Talis

993 304 1053 329 erat
1078 302 1247 338 Apostolus,
1272 302 1322 337 qui
1345 302 1385 329 ait
1400 301 1419 317 ¹²
1435 311 1441 329 :
1460 312 1473 327 κ
1489 302 1558 329 vivo
1582 310 1673 337 ergo,
1696 303 1759 337 giam

993 355 1053 374 non
1077 357 1170 383 ego.»
1190 350 1221 375 Et
1241 348 1280 375 ad
1299 348 1356 375 hoc
1376 347 1508 374 hortatur
1532 348 1611 375 idem
1635 348 1697 383 ipse
1713 349 1757 374 ¹³:

996 394 1125 421 «Mortui
1154 394 1234 428 estis,
1258 396 1285 421 et
1312 394 1371 421 vita
1398 396 1495 421 vestra
1521 394 1692 421 abscondita
1719 397 1761 421 est

994 448 1061 467 cum
1076 440 1197 468 Christo.
1219 451 1231 466 n
1249 443 1281 468 Et
1300 441 1430 476 sequitur
1447 450 1452 468 :
1472 451 1485 466 «
1505 440 1690 476 Expoliantes
1708 448 1761 467 vos

995 488 1122 513 veterem
1136 486 1302 521 hominem,
1318 489 1345 514 et
1365 487 1519 514 induentes
1532 495 1658 521 novum,
1673 497 1687 512 n
1703 488 1759 514 etc.

1088 589 1201 615 Collatia
1220 589 1515 623 seaeaqesimasecunda,
1535 596 1603 623 xm,
1623 589 1668 616 23.

1031 675 1096 700 Erat
1111 674 1259 700 recumbens
1274 681 1342 700 unus
1359 681 1391 700 eae
1405 673 1547 707 discipulis
1560 675 1589 699 in
1610 675 1672 700 sinu
1686 674 1763 706 Jesu,

996 729 1071 754 quem
1093 720 1225 753 diligebat
1243 721 1328 746 Jesus.
1350 721 1381 746 ln
1402 718 1447 745 his
1465 719 1561 746 verbis
1581 719 1764 746 insinuantur

996 766 1159 800 singulares
1184 767 1211 792 et
1237 765 1433 800 privilegiales
1458 765 1658 800 praerogativae
1686 765 1764 792 beati

995 812 1114 839 Joannis
1129 814 1184 838 tres
1202 821 1208 838 :
1230 819 1355 846 quarum
1375 811 1470 846 prima
1488 813 1529 838 est
1548 811 1694 838 excessiva
1712 810 1765 837 ho-

996 858 1178 891 norabilitas,
1189 859 1215 884 et
1223 857 1391 892 singularis,
1399 857 1473 884 inter
1481 856 1641 891 discipulos
1651 856 1763 890 Christi,

996 904 1037 931 ibi
1055 913 1061 931 :
1086 905 1156 931 snus
1179 913 1211 931 em
1229 904 1390 938 cliscipulis3
1411 903 1541 930 secunda
1555 905 1596 930 est
1610 902 1764 938 peculiaris

996 950 1191 983 familiaritas,
1206 950 1248 976 ibi
1264 957 1270 976 τ
1288 950 1444 976 Recumbens
1462 950 1492 975 iu
1510 950 1572 975 sinu
1593 949 1662 982 ejus;
1684 948 1765 975 tertia

997 998 1039 1023 est
1054 997 1135 1031 grata
1150 995 1357 1030 acceptibilitas
1376 1003 1411 1022 ex
1426 994 1658 1030 privilegialibus
1676 993 1765 1021 virtu—

997 1043 1074 1069 tibus
1089 1042 1180 1077 ipsius
1194 1042 1257 1069 Filii
1271 1041 1330 1073 Dei,
1346 1041 1385 1068 ibi
1403 1050 1409 1068 ε
1427 1042 1508 1074 Quem
1524 1041 1661 1074 diliqebat.

1033 1089 1077 1116 Ait
1091 1097 1160 1123 ergo
1178 1098 1184 1115 ε
1207 1089 1277 1115 Unus
1292 1096 1324 1115 ew
1341 1088 1494 1122 discipulis.
1511 1088 1543 1114 Et
1557 1087 1644 1114 etiam
1663 1086 1693 1112 in
1709 1086 1766 1112 hoc

999 1135 1121 1163 eximius
1134 1135 1229 1162 honor
1245 1143 1250 1161 :
1265 1134 1292 1161 Si
1308 1134 1384 1160 enim
1400 1133 1475 1160 servi
1486 1133 1548 1160 Filii
1561 1133 1609 1160 Dei
1624 1133 1690 1159 sunt
1704 1132 1766 1166 ejus

998 1181 1102 1215 amici,
1116 1183 1204 1216 prout
1218 1180 1258 1207 ait
1275 1179 1350 1207 infra
1363 1180 1383 1196 1'*
1400 1188 1405 1206 :
1423 1189 1436 1204 «
1449 1181 1512 1206 Jam
1526 1186 1587 1205 non
1602 1178 1698 1205 dicam
1714 1185 1766 1204 vos

999 1236 1109 1261 servos,
1124 1237 1137 1252 n
1157 1227 1249 1253 multo
1265 1226 1358 1260 magis
1373 1225 1509 1260 discipuli
1523 1225 1585 1259 ejus
1600 1225 1665 1251 sunt
1680 1223 1766 1250 amici

999 1274 1053 1300 sui.
1072 1273 1234 1308 Discipulus
1250 1274 1348 1299 autem
1363 1272 1425 1298 Filii
1443 1271 1490 1298 liei
1505 1273 1557 1304 est,
1569 1271 1619 1306 qui
1631 1272 1673 1297 est
1687 1270 1767 1297 doci-

999 1321 1066 1347 bilis
1077 1320 1139 1354 ejus
1150 1319 1277 1346 auditor.
1290 1319 1322 1345 Ut
1332 1318 1410 1345 enim
1422 1318 1460 1344 ait
1471 1317 1634 1344 Bernardus
1643 1317 1661 1333 ¹⁵
1674 1325 1699 1343 :a
1710 1317 1766 1343 Dis—

1001 1366 1115 1401 cipulus
1129 1367 1180 1397 est,
1190 1366 1241 1400 qui
1256 1372 1357 1392 aurem
1372 1366 1455 1398 parat
1471 1363 1534 1398 (a).»
1547 1365 1577 1390 Et
1587 1362 1765 1389 ideo¹⁵:‹1Ac-

1001 1415 1148 1441 cesserunt
1163 1413 1201 1440 ad
1217 1421 1284 1440 eum
1300 1411 1435 1446 discipuli
1449 1411 1509 1445 ejus
1519 1431 1527 1444 ,
1544 1411 1572 1437 et
1586 1409 1719 1445 aperiens
1734 1417 1767 1436 os

999 1468 1085 1487 sunm
1105 1459 1231 1486 docebat
1250 1466 1308 1485 eos.
1326 1467 1339 1482 n
1363 1459 1431 1484 ltem
1453 1456 1613 1491 discipulus
1632 1455 1694 1483 Filii
1719 1455 1767 1481 Dei

1000 1508 1041 1533 est
1063 1507 1124 1540 ejus
1141 1505 1270 1532 fervidus
1290 1506 1403 1531 amator
1418 1504 1456 1538 (v.
1474 1503 1516 1537 35)
1533 1511 1539 1529 z
1556 1504 1589 1529 In
1603 1503 1648 1528 hoc
1664 1509 1768 1535 cognos-

999 1556 1056 1579 cent
1070 1560 1156 1579 omnes
1171 1551 1241 1586 quod
1253 1551 1383 1584 discipuli
1403 1551 1455 1576 mei
1473 1550 1550 1580 estis,
1564 1550 1588 1575 si
1601 1548 1768 1574 dilectionem

999 1599 1148 1625 habueritis
1163 1600 1233 1624 inter
1245 1604 1298 1623 vos.
1312 1596 1367 1624 Sed
1382 1603 1442 1622 non
1458 1597 1499 1622 est
1513 1594 1630 1621 dilectio
1642 1593 1769 1620 fraterna

999 1653 1069 1672 vera
1083 1644 1145 1671 sine
1160 1643 1316 1670 dilectione
1333 1642 1392 1675 Dei,
1407 1643 1438 1668 ut
1458 1641 1498 1668 ait
1516 1641 1738 1675 Chrysostomus
1748 1640 1768 1656 ¹⁷

998 1691 1055 1718 hic.
1079 1692 1148 1718 ltrm
1173 1688 1332 1724 discipulus
1355 1687 1470 1721 Christi,
1495 1686 1546 1721 qui
1565 1688 1607 1713 est
1623 1685 1767 1721 perfectus

999 1739 1061 1773 ejus
1076 1737 1204 1764 imitator
1219 1736 1239 1751 *Β
1251 1744 1276 1762 z«
1290 1734 1399 1761 Sufficit
1416 1732 1580 1768 discipulo,
1598 1731 1621 1758 si
1641 1731 1676 1758 sit
1695 1731 1768 1758 sicut

998 1784 1136 1818 magister
1160 1783 1232 1817 ejus.
1248 1783 1307 1808 »Ut
1326 1780 1404 1807 enim
1424 1780 1464 1806 ait
1484 1779 1708 1813 Chrysostomus
1721 1777 1741 1793 ¹⁹
1759 1786 1765 1804 :

1001 1841 1014 1856 «
1027 1832 1085 1857 Hoc
1101 1831 1142 1856 est
1156 1827 1333 1863 discipulum
1348 1826 1450 1854 Christi
1465 1832 1538 1858 esse,
1546 1823 1654 1851 scilicet
1667 1823 1768 1850 mitem

998 1880 1025 1905 et
1038 1878 1224 1904 mansuetum
1239 1883 1310 1903 esse.
1326 1884 1339 1900 »
1350 1875 1371 1890 ²⁰
1384 1884 1397 1899 «
1413 1873 1512 1900 Discite
1527 1880 1543 1900 a
1558 1879 1615 1905 me,
1632 1871 1702 1906 quia
1715 1871 1767 1897 mi·

998 1924 1032 1951 tis
1048 1932 1112 1951 sum
1129 1925 1156 1950 et
1169 1922 1288 1950 humilis
1302 1920 1401 1948 corde.
1417 1930 1429 1945 n
1452 1920 1522 1946 Item
1542 1917 1703 1953 discipulus
1726 1918 1767 1943 est

997 1969 1114 2003 Christi,
1136 1969 1186 2004 qui
1207 1970 1247 1995 est
1265 1967 1429 1994 fructuosus
1452 1966 1597 2000 operator.
1620 1962 1700 1990 Unde
1721 1962 1765 1989 in-

997 2015 1040 2042 fra
1055 2016 1075 2032 ‘²¹
1093 2025 1099 2042 ;
1120 2024 1132 2039 «
1149 2014 1232 2041 Posui
1247 2021 1299 2040 vos
1318 2014 1350 2039 ut
1368 2011 1453 2045 eatis,
1472 2013 1499 2037 et
1517 2010 1642 2037 fructum
1663 2008 1766 2035 affera-

998 2062 1040 2088 tis.
1056 2072 1068 2086 ι)
1087 2061 1127 2088 lbi
1147 2061 1370 2095 chrysostomus
1384 2056 1404 2073 ²³
1425 2067 1430 2084 :
1450 2067 1462 2082 «
1478 2056 1530 2089 Qui
1549 2055 1674 2082 fructum
1694 2054 1764 2087 sert,

996 2107 1044 2135 illc
1061 2110 1102 2134 est
1123 2106 1291 2142 discipulus.
1309 2114 1321 2130 >³
1343 2105 1374 2131 Et
1395 2103 1536 2139 quoniam
1555 2102 1658 2128 beatus
1680 2102 1765 2127 Joan-

996 2162 1047 2181 ncs
1062 2154 1115 2180 suit
1130 2153 1194 2180 talis
1209 2152 1371 2184 excessive,
1387 2150 1454 2177 ideo
1475 2148 1579 2175 merito
1601 2146 1706 2174 dicitur
1727 2145 1764 2172 de

996 2200 1060 2235 ipso
1073 2199 1130 2233 hic,
1147 2198 1229 2234 quod
1243 2200 1303 2225 erat
1314 2204 1390 2224 unus
1405 2204 1440 2223 ex
1455 2193 1614 2229 discipuliS,
1627 2193 1668 2220 ita
1682 2191 1764 2227 quod

996 2254 1063 2273 unus
1079 2245 1156 2272 dicat
1170 2243 1373 2271 discretionem
1387 2243 1448 2269 sive
1463 2239 1665 2273 eminentiam,
1680 2240 1712 2266 ut
1727 2238 1763 2265 de

994 2292 1058 2328 ipso
1074 2292 1235 2319 verificetur
1248 2289 1322 2317 illud
1337 2289 1357 2305 ²³
1374 2298 1379 2316 ε
1397 2298 1410 2314 κ
1424 2290 1501 2315 Unus
1519 2294 1556 2314 ex
1573 2285 1614 2313 eis
1633 2284 1718 2320 quasi
1730 2284 1763 2311 fi-

996 2339 1051 2366 lius
1066 2339 1151 2373 regis.
1167 2349 1179 2363 u
1197 2337 1295 2365 Et'istc
1314 2336 1416 2363 beatus
1434 2336 1559 2362 loannes
1580 2331 1714 2360 recubuit
1734 2331 1763 2358 in

998 2429 1016 2444 ¹⁶¹
1030 2429 1128 2456 Mami„
1140 2434 1163 2458 v,
1175 2429 1197 2455 1,
1210 2430 1234 2450 2.
1245 2440 1273 2444 -
1287 2427 1303 2443 ¹7
1317 2427 1456 2457 Chrysost„
1469 2424 1663 2454 1*7z.loa71.‚lio¹n.
1676 2428 1762 2451 ωκνι,

995 2464 1026 2487 al.
1044 2469 1139 2492 mxvii,
1160 2470 1183 2486 n.
1205 2465 1225 2485 1.
1242 2475 1271 2479 —
1287 2463 1305 2478 ¹⁸
1322 2461 1422 2490 Manli„
1440 2467 1468 2490 x,
1486 2462 1523 2484 ;5.
1543 2473 1573 2477 -
1589 2460 1606 2475 ¹¹·
1622 2459 1742 2489 Clirysost
1755 2475 1761 2487 ,

996 2500 1020 2521 iu
1040 2498 1119 2528 Joan„
1135 2498 1204 2521 hom.
1222 2504 1275 2526 mx,
1291 2497 1322 2520 al.
1342 2503 1384 2526 Lx,
1398 2503 1423 2519 n.
1440 2499 1462 2519 4ἰ.
1478 2509 1507 2512 -
1522 2496 1543 2511 '⁰
1558 2495 1656 2523 Mutila,
1672 2499 1707 2522 Χι,
1723 2494 1761 2515 29.

996 2547 1024 2550 —
1055 2535 1071 2547 '³¹
1099 2534 1179 2558 doun„
1212 2538 1254 2561 xv,
1284 2534 1317 2555 16.
1345 2545 1375 2548 -
1404 2531 1425 2546 ²²
1452 2530 1592 2562 Ch1·ysost.‚
1623 2530 1648 2551 iu
1681 2528 1761 2556 down,

996 2569 1064 2592 ιιοιιι.
1083 2574 1168 2598 foxvi,
1185 2568 1217 2591 al.
1235 2573 1372 2598 Lxxv11‚n.
1388 2568 1410 2590 2.
1425 2580 1453 2585 —
1467 2567 1489 2583 ²⁸
1502 2565 1591 2594 judic„
1608 2569 1666 2594 νιιι,
1684 2564 1719 2587 18.

1028 2618 1058 2646 (ιι)
1076 2617 1160 2648 διῳρί.
1176 2617 1304 2647 magistro.
