1987 3032
91 525 190 546 secunda

84 557 190 583 particula

76 1499 180 1525 Compre-

91 1529 168 1550 hensio

89 1560 168 1580 dicitur

76 1590 182 1617 multipli-

76 1621 138 1641 citer.

206 224 264 252 258

204 288 368 315 minoratur
383 288 524 321 claritate,
536 294 605 321 ergo
620 285 713 314 multo
725 286 819 321 magis
834 286 895 321 lux,
910 294 976 322 quoe

206 336 247 362 est
263 336 346 362 Deus.
368 334 441 367 Quia
457 334 534 361 enim
549 333 608 360 vita
630 334 691 366 est,
706 333 769 368 ipsa
785 332 975 366 adveniente,

205 380 334 408 solutum
349 382 390 408 est
405 380 506 407 mortis
518 378 692 414 impcrium3
712 381 739 405 ct
755 379 826 414 quia
840 378 907 413 lux,
925 379 976 406 illa

204 426 319 454 lucente
332 448 339 461 ,
356 426 482 461 amplius
495 434 555 452 non
571 427 637 452 sunt
652 425 790 452 tenchrae.
804 435 817 451 1)
833 427 897 452 llaec
912 425 972 459 ille,

205 476 232 501 et
245 473 285 501 ibi
301 473 376 500 benc
392 473 427 500 de
445 473 511 499 hoc.

240 522 272 547 Et
287 519 418 555 sequitur
433 518 562 546 secunda
576 518 718 553 particula
731 538 738 551 ,
755 518 784 544 in
800 525 860 553 qua
875 518 974 545 nolen-

204 567 277 594 tium
292 565 429 593 illustrari
445 573 462 592 a
474 565 537 591 lucc
555 564 693 598 desectio,
711 563 751 591 ibi
766 574 772 591 :
789 565 849 591 Lux
862 566 891 590 in
907 567 976 590 tenc-

205 613 260 639 bris
286 613 370 646 lucet,
400 611 431 637 id
461 612 517 644 est,
538 618 664 645 praesens
687 613 728 637 est
750 610 973 646 peccatoribus,

204 665 294 693 quam
309 660 407 684 tamen
423 665 484 684 non
499 656 788 692 comprehenderunt
806 656 974 690 credendo,

203 704 352 732 obscurati
366 703 494 731 tenebris
505 703 694 730 infidelitatis.
708 702 715 718 ¹
728 702 800 736 «Qui
813 702 890 729 male
903 701 972 736 agit,

203 750 265 778 odit
286 750 402 784 lucem,
417 752 445 777 01
468 757 528 777 non
543 749 622 776 venit
637 749 675 776 ad
690 749 796 776 lucem.
811 759 823 774 »
841 748 921 775 Unde
943 748 973 774 in

201 798 309 825 Psalmo
320 799 406 824 2:«1n
421 796 548 824 tenebris
564 796 737 830 ambulant,
752 806 764 821 ›)
778 797 832 823 etc.
849 796 880 822 ln
895 797 973 822 tene-

201 843 263 872 bris
278 843 507 871 ambulavimus.

237 890 293 918 Sed
318 890 457 925 quaeritur
473 899 478 916 :
497 896 588 924 quare
608 889 647 916 ait
667 897 673 915 :
689 889 749 917 Non
769 887 970 923 comprehende-

200 938 286 964 runt?
309 936 382 969 Quia
403 935 585 970 impossibile
606 936 648 961 est
669 934 754 961 istam
773 934 870 961 lucem
890 941 970 960 com-

200 982 343 1018 prehendi
352 982 390 1008 ab
401 981 512 1016 aliquo,
527 981 597 1016 quia
608 980 644 1007 de
655 982 712 1007 Deo
727 980 831 1007 dieitur
845 981 855 996 ³
869 979 971 1015 «quod

200 1028 312 1056 habitat
335 1027 432 1055 lucem
456 1026 708 1060 iiiaeces>ibilem,
722 1036 736 1052 »
758 1028 785 1053 ct
799 1026 839 1052 sic
862 1026 972 1052 incom-

199 1074 438 1110 prehensibilem.
464 1075 534 1100 Item
550 1072 728 1107 Augustinus
743 1073 752 1089 ‘¹
770 1081 776 1099 :
796 1071 970 1107 «Quidquid

199 1120 319 1148 scientia
344 1119 613 1154 comprehenditur,
640 1118 756 1146 scientis
779 1118 970 1153 comprehcn-

199 1167 280 1194 sione
292 1166 401 1193 finitur.
415 1176 427 1191 »
447 1165 503 1192 Sed
519 1166 592 1191 Deus
607 1167 648 1191 est
662 1165 792 1191 infinitus
805 1185 813 1198 ,
830 1166 855 1191 ct
871 1164 911 1190 sic
927 1164 971 1190 in-

198 1212 482 1248 comprehensibilis.
494 1213 562 1238 ltcm
572 1219 639 1238 cum
650 1210 700 1237 lux
714 1210 872 1245 spiritualis
885 1210 919 1236 sit
930 1209 967 1244 (a)

196 1259 292 1293 magis
315 1257 572 1286 communicabilis
596 1256 661 1284 luce
686 1256 854 1291 corporali,
871 1258 898 1282 et
918 1256 969 1283 illa

197 1313 323 1340 praesens
339 1313 399 1332 non
422 1305 517 1339 potest
532 1310 591 1330 non
615 1301 707 1329 videri
732 1302 770 1329 ab
791 1302 968 1329 habentibus

198 1352 301 1380 oculos
316 1351 495 1387 corporales,
521 1351 553 1384 (b)
587 1357 657 1383 ergo
677 1349 770 1376 inulto
794 1349 892 1375 minus
908 1356 968 1376 non

195 1401 291 1434 potest
309 1406 370 1426 non
389 1397 483 1426 vlderi
505 1397 542 1423 ab
563 1395 744 1423 habentibus
763 1395 866 1422 oculos
882 1395 967 1422 intel-

195 1447 345 1474 lectuales.

231 1492 275 1520 Ad
295 1492 424 1527 primum
439 1489 680 1526 respondendum
696 1490 753 1522 est,
778 1488 860 1523 quod
885 1496 967 1515 eom-

195 1538 352 1573 prehensio
377 1537 483 1564 dieitur
504 1536 712 1571 multipliciter.
735 1535 831 1562 Primo
856 1535 966 1568 modo,

195 1593 249 1621 per
263 1584 333 1612 fidei
349 1583 566 1617 credulitatem,
582 1585 609 1610 ct
624 1590 676 1617 per
698 1581 884 1608 dilectionem
896 1602 903 1615 ,
919 1580 967 1608 vel

197 1631 343 1658 charitatis
358 1630 558 1657 adhaesionem
572 1629 581 1645 Β
598 1639 605 1656 :
624 1630 679 1655 «Ut
693 1627 811 1663 possitis
834 1635 966 1662 compre-

194 1677 324 1704 hendere
344 1684 411 1703 cum
437 1675 575 1703 omnibus
599 1674 704 1701 sanctis
724 1682 789 1709 quze
811 1673 847 1700 sit
869 1673 966 1700 latitu-

196 1723 278 1758 do,»
298 1724 350 1750 etc.
376 1724 446 1750 ltem
461 1724 503 1749 est
518 1720 768 1756 comprehendere
788 1727 839 1754 per
863 1719 967 1746 tentio-

195 1778 264 1797 nem
290 1771 317 1797 et
340 1771 470 1804 apertam
495 1768 641 1795 visionem
655 1767 665 1782 ⁵
684 1775 690 1792 :
716 1766 788 1793 «Sic
809 1766 933 1799 currite,
950 1775 964 1791 r»

195 1816 305 1843 scilicet
325 1816 355 1842 in
374 1815 423 1842 via
444 1824 456 1840 a
469 1816 500 1841 ut
514 1812 789 1848 comprehendatis,
803 1821 816 1837 »
832 1814 864 1838 ut
883 1819 965 1839 com-

194 1861 383 1898 prehendatis
393 1861 502 1888 scilieet
511 1860 542 1886 in
554 1859 659 1894 gloria.
675 1860 707 1885 Et
719 1860 760 1885 est
775 1858 967 1893 comprehen-

194 1909 264 1936 dere
281 1916 334 1943 per
350 1906 554 1935 omnimodam
569 1904 782 1938 inclusionem,
797 1904 871 1931 sicut
888 1904 967 1932 loca-

194 1957 255 1982 tum
272 1953 532 1989 comprehenditur
547 1960 563 1978 a
578 1952 661 1985 loco,
685 1951 731 1978 vel
751 1951 824 1978 sicut
846 1951 967 1978 seientia

193 2001 236 2028 rei
250 2000 358 2027 scibilis
374 2008 391 2027 a
406 1999 511 2026 sciente
524 1998 654 2033 plenarie
668 2006 674 2024 :
687 2000 714 2024 01
728 1997 768 2024 510
783 1997 965 2032 impossibile

194 2049 237 2074 est
253 2047 336 2082 quod
351 2047 414 2081 ipsa
429 2046 496 2078 lux,
513 2052 578 2079 quae
600 2046 642 2071 est
659 2044 750 2077 Deus,
773 2044 967 2079 comprehen—

194 2093 280 2120 datur
294 2093 332 2120 ab
347 2092 495 2119 intellectu
509 2092 605 2117 creato
619 2099 625 2117 2
640 2091 736 2116 «Deus
751 2090 829 2116 enim
842 2089 965 2117 051111οϊ-

192 2138 291 2165 fabilis
301 2141 328 2166 et
340 2136 674 2173 incomprehensibilis,»
690 2135 728 2162 ait
742 2136 963 2163 Damascenus7.

193 2185 278 2212 Modo
303 2185 399 2219 primo
428 2184 533 2210 dicitur
557 2181 769 2217 comprehendi
791 2181 845 2208 ista
870 2181 921 2208 lux
947 2189 964 2208 a

193 2231 378 2258 credentibus
393 2230 423 2257 in
435 2230 484 2256 via
496 2239 504 2263 3
521 2228 650 2255 secundo
666 2227 758 2254 modo
769 2247 778 2260 ,
793 2235 811 2254 a
825 2227 918 2254 beatis
933 2227 964 2254 in

192 2276 295 2311 patria.
312 2277 406 2303 Tertio
420 2275 512 2303 modo
523 2296 531 2309 ,
548 2273 692 2302 sumendo
704 2274 784 2308 large
800 2274 963 2308 comprehen-

192 2324 302 2356 sionem,
321 2324 417 2357 potest
435 2322 492 2348 (1101
509 2320 719 2356 comprehendi
735 2327 753 2346 a
767 2319 878 2354 seipso,
893 2319 963 2354 quia

193 2368 322 2403 seipsum
338 2368 505 2403 cognoscit,
520 2370 551 2394 ut
567 2369 609 2394 est
624 2366 842 2400 cognoscibilis.

225 2439 329 2468 ¹J0an.,
344 2445 383 2467 11,
401 2440 438 2462 ΞΟ.
450 2452 479 2455 -—-
495 2439 502 2452 2
518 2438 584 2462 Psal.
603 2444 694 2467 Lxxx1‚
708 2440 730 2461 ὅ.
743 2450 772 2454 —-
788 2437 819 2461 ³1
840 2438 909 2464 Tim..
927 2444 961 2467 vi,

194 2476 232 2498 16.
246 2487 276 2491 -
291 2474 300 2489 ⁴
316 2474 390 2503 Aug,
410 2474 439 2495 dr:
456 2474 531 2496 (lirin
553 2473 610 2502 Dei,
626 2473 686 2502 ΧΗ,
703 2479 773 2496 ivm.
795 2486 821 2489 -
838 2474 846 2486 ⁵
862 2473 960 2502 Eplmn,

193 2515 238 2538 111,
261 2510 298 2532 16.
315 2521 341 2525 ——
362 2509 372 2524 δ
393 2509 400 2530 1
423 2509 490 2536 Gom,
508 2514 548 2536 ix,
569 2509 607 2530 24.
626 2521 656 2524 —
676 2508 683 2521 '¹
704 2509 830 2537 Damaso,
854 2508 881 2530 de
902 2508 960 2530 Fid.

193 2543 305 2571 0›·tlaozl.,
318 2543 361 2567 lib.
378 2544 396 2572 l,
412 2549 434 2565 0.
453 2549 469 2566 1.
485 2556 515 2560 -
528 2542 538 2558 ⁸
553 2544 628 2572 Aug„
649 2543 673 2565 1³11
692 2544 772 2571 Jomi„
790 2544 863 2566 tract.
881 2548 904 2571 1,
921 2546 959 2566 1¹3.

191 2592 221 2597 —-
235 2579 245 2595 ⁹
259 2578 359 2606 Mami„
372 2583 396 2607 v,
411 2579 433 2601 8.
448 2590 479 2594 —
494 2578 514 2593 ¹⁰
528 2578 602 2606 Aug„
618 2577 641 2599 in
656 2578 736 2606 doun„
753 2579 834 2607 tract„
850 2583 879 2607 11,
894 2584 919 2600 n.
936 2578 959 2600 2.

190 2627 221 2632 -
233 2615 250 2630 ¹¹
267 2614 324 2642 lnf.,
338 2614 376 2636 23.
389 2626 419 2630 —
431 2613 451 2628 ¹2
465 2613 538 2642 Aug„
555 2613 580 2634 in
595 2612 676 2640 doun„
689 2618 717 2641 11,
730 2619 756 2636 n.
771 2614 794 2635 5.
807 2625 837 2629 —
855 2612 870 2626 ¹³
885 2612 959 2643 lbid.‚

191 2648 275 2679 quoad
291 2654 403 2671 sensum.

722 218 935 251 EVANGELII
959 219 1099 251 SANCTI
1121 219 1282 251 JOANle

1067 286 1109 313 Ad
1123 285 1216 320 aliud,
1231 286 1313 322 quod
1325 294 1385 314 non
1400 289 1442 315 est
1453 286 1548 314 simile
1564 287 1601 315 de
1615 287 1680 316 luce
1695 295 1798 325 corpo-

1031 332 1085 360 rali
1100 334 1127 360 et
1139 332 1293 368 spirituali,
1309 333 1379 368 quia
1393 333 1445 361 illa
1457 334 1622 361 manifestat
1637 342 1666 362 sc
1681 338 1800 364 natura-

1030 379 1107 412 liter,
1117 379 1171 406 ista
1182 379 1360 413 voluntarie,
1374 380 1442 407 item
1455 380 1505 407 illa
1516 381 1680 408 manifestat
1689 389 1719 408 se
1732 389 1798 409 om-

1029 425 1100 452 nino
1116 425 1202 452 oculo
1227 425 1405 460 susceptibili
1420 427 1583 454 secundum
1606 435 1689 454 suam
1703 427 1798 462 possi-

1029 471 1171 498 bilitatem
1184 481 1190 504 ;
1216 471 1267 498 lux
1294 479 1365 498 vero
1393 472 1551 506 spiritualis
1579 473 1743 501 manifestat
1766 481 1797 501 se

1030 517 1115 544 oculo
1137 517 1280 551 spirituali
1293 538 1301 551 ,
1317 517 1450 545 mundati
1465 518 1573 546 scilicet
1587 519 1620 554 (c)
1636 528 1653 547 a
1672 520 1798 555 peccatis

1029 562 1260 597 obcaecantibus,
1275 566 1363 598 prout
1378 563 1417 590 ait
1431 564 1607 598 Augustinus
1617 566 1645 593 ⁸:
1663 575 1676 590 «
1689 566 1797 593 Stultus

1029 611 1056 636 et
1070 609 1190 644 iniquus
1205 612 1245 637 est
1259 610 1365 637 absens
1380 618 1398 638 a
1412 610 1555 646 sapientia
1569 611 1621 646 (d).
1636 612 1711 645 Quid
1725 620 1796 647 ergo

1028 653 1113 683 faciet
1138 656 1210 683 iste?
1235 656 1352 683 Mundet
1375 655 1453 683 unde
1480 657 1572 692 possit
1594 657 1689 684 videri
1711 659 1795 686 Deus.

1028 702 1106 728 Beati
1118 702 1196 729 enim
1209 704 1219 719 ⁹
1234 703 1332 729 mundo
1347 703 1438 736 corde,
1454 704 1579 737 quoniam
1592 704 1648 738 ipsi
1663 704 1745 730 Deum
1758 705 1798 731 υἰ-

1028 748 1136 774 debunt.
1154 758 1167 773 »
1184 749 1248 775 llaec
1263 748 1330 782 ille,
1346 751 1372 776 et
1386 748 1427 775 ibi
1442 748 1517 776 bene
1531 748 1567 776 de
1582 749 1655 783 hoc,
1671 748 1798 784 qualiter

1028 801 1079 820 cor
1108 796 1151 821 est
1177 794 1399 828 mundandum,
1421 796 1453 822 ut
1480 794 1613 822 videatur
1640 794 1796 830 sapientia,

1027 847 1093 874 quae
1107 841 1192 867 Deus.

1063 888 1088 913 6.
1109 887 1172 913 Fuit
1193 887 1278 920 homo,
1294 888 1347 913 etc.
1365 887 1409 921 (0).
1426 886 1619 914 Determinato
1637 886 1674 914 de
1693 886 1794 914 divino

1025 932 1121 960 Verbo
1135 932 1298 960 secundum
1309 940 1394 960 suam
1405 932 1597 967 divinitatem,
1609 933 1640 959 111
1651 934 1732 969 parte
1742 933 1796 960 ista

1024 979 1213 1014 prosequitur
1234 979 1416 1013 Evangelista
1432 978 1468 1006 dc
1482 979 1546 1014 ipso
1565 979 1729 1006 secundum
1744 979 1796 1007 hu-

1025 1025 1194 1052 manitatem
1205 1028 1385 1060 assumptam
1394 1046 1401 1059 ,
1416 1025 1489 1052 sicut
1503 1025 1653 1052 continuat
1663 1025 1796 1060 Augusti·

1025 1079 1080 1099 nus
1090 1072 1214 1099 dicens¹⁰
1222 1081 1228 1099 ;
1236 1072 1321 1104 «Quae
1328 1071 1486 1105 dictasunt,
1495 1071 1531 1098 de
1539 1071 1686 1098 divinitate
1692 1071 1795 1098 Christi

1024 1117 1101 1145 dicta
1113 1120 1189 1152 sunt;
1201 1118 1247 1144 1110
1258 1126 1328 1145 vero
1339 1117 1375 1144 (10
1387 1117 1565 1144 humanitate
1577 1117 1645 1152 ζὴ.»
1661 1117 1739 1144 Unde
1747 1125 1794 1144 su-

1023 1164 1122 1198 perius
1137 1163 1361 1191 determinatum
1376 1166 1417 1190 est
1428 1164 1464 1190 de
1479 1163 1580 1190 divino
1591 1163 1685 1190 Verbo
1700 1163 1731 1190 in
1745 1171 1793 1198 50,

1024 1211 1051 1236 01
1061 1212 1090 1237 111
1100 1212 1141 1237 051
1149 1210 1281 1237 omnium
1290 1210 1467 1245 principium
1478 1209 1657 1243 effectivum;
1667 1209 1713 1236 1110
1722 1217 1792 1237 vero

1024 1255 1060 1282 de
1075 1264 1122 1289 eo,
1138 1259 1169 1283 ut
1181 1256 1276 1283 carnis
1291 1256 1416 1289 initium,
1426 1258 1453 1283 01
1465 1258 1494 1282 ut
1507 1255 1663 1283 hominum
1677 1263 1794 1290 repara-

1023 1302 1126 1328 tivum.
1138 1304 1169 1329 Et
1178 1302 1238 1329 11ῑο0
1248 1302 1353 1337 parsin
1366 1302 1439 1329 duas
1446 1304 1558 1337 partes:
1573 1301 1643 1336 quia
1652 1301 1730 1328 enim
1740 1301 1794 1328 suit

1023 1348 1150 1375 Verbum
1165 1348 1388 1381 absconditum,
1404 1351 1431 1375 et
1452 1355 1505 1382 per
1520 1355 1624 1374 vocem
1638 1355 1722 1374 suam
1733 1355 1794 1376 ma-

1022 1394 1233 1427 nifestandum,
1246 1395 1355 1421 scilicet
1368 1402 1420 1429 per
1434 1394 1556 1420 beatum
1571 1394 1724 1428 Joannem,
1741 1394 1793 1429 qui

1022 1441 1075 1468 fuit
1089 1450 1147 1468 vox
1162 1442 1246 1468 Verbi
1262 1463 1268 1474 ‚
1285 1443 1315 1468 111
1331 1441 1436 1468 (11011111-
1460 1440 1535 1467 infra
1550 1439 1654 1467 eodem
1666 1440 1684 1456 ¹¹
1701 1448 1707 1467 :
1724 1439 1792 1468 ideo

1022 1488 1118 1522 primo
1135 1487 1344 1514 determinatur
1356 1487 1392 1514 (10
1414 1487 1500 1514 beato
1513 1487 1640 1519 Joanne‚
1657 1485 1708 1521 qui
1731 1488 1793 1514 erat

1021 1543 1081 1561 vox
1096 1534 1199 1568 Verbi,
1217 1536 1244 1561 et
1264 1534 1384 1561 lucerna
1404 1533 1526 1566 luecns;
1549 1532 1680 1559 secundo
1699 1532 1791 1560 deter-

1022 1581 1150 1607 minatur
1163 1580 1199 1607 de
1212 1580 1276 1615 ipso
1289 1580 1384 1607 Verbo
1396 1579 1559 1611 incarnato,
1573 1580 1601 1605 et
1612 1578 1648 1605 de
1661 1578 1791 1607 adventu

1022 1627 1100 1661 ejus,
1126 1626 1167 1653 ibi
1184 1635 1190 1653 :
1207 1627 1274 1653 Erat
1296 1627 1344 1653 lua:
1364 1634 1442 1659 vera,
1469 1627 1521 1652 etc.
1546 1624 1641 1652 Prima
1661 1624 1692 1651 in
1711 1627 1790 1653 tres:

1021 1672 1118 1708 primo
1133 1672 1211 1699 beati
1225 1672 1354 1706 Joannis,
1370 1671 1481 1707 quisuit
1493 1678 1553 1697 vox
1567 1672 1594 1697 et
1604 1670 1684 1697 testis
1694 1671 1790 1707 Verbi,

1023 1718 1179 1753 descriptio
1204 1720 1231 1746 et
1252 1717 1469 1745 commendatio
1490 1718 1634 1751 quantum
1648 1717 1687 1744 ad
1705 1725 1791 1746 suam

1021 1771 1179 1799 personam
1188 1773 1196 1798 ;
1213 1764 1343 1791 secundo
1359 1763 1493 1790 subditur
1505 1761 1550 1789 sui
1563 1762 1651 1789 officii
1664 1762 1791 1798 dignitas

1021 1810 1081 1837 sive
1091 1810 1243 1844 celsitudo,
1256 1810 1311 1837 ibi:
1325 1811 1377 1836 Hic
1390 1810 1501 1836 venitin
1512 1810 1708 1843 testimonium,
1723 1812 1790 1846 etc.;

1021 1856 1120 1890 tertio,
1138 1856 1207 1891 quia
1221 1856 1285 1891 ipse
1307 1858 1368 1883 erat
1387 1856 1545 1884 illustratus
1565 1857 1666 1884 divina
1683 1856 1791 1884 illumi-

1021 1902 1115 1936 tione‚
1133 1902 1172 1929 ob
1187 1910 1277 1937 quam
1288 1905 1387 1937 posset
1400 1903 1479 1930 credi
1495 1911 1512 1930 a
1526 1903 1632 1931 Judaeis
1647 1911 1708 1930 esse
1723 1904 1792 1930 Mes-

1021 1948 1078 1975 sias
1092 1948 1139 1974 vel
1152 1948 1278 1975 Christus
1293 1950 1450 1983 venturus,
1465 1949 1635 1977 differentiae
1646 1949 1738 1984 ipsius
1751 1948 1791 1976 ad

1019 1993 1117 2029 ipsum
1130 1994 1273 2021 Christum
1288 1995 1455 2029 subjunctio
1466 2015 1475 2029 ,
1491 1997 1518 2022 et
1533 1995 1723 2023 dubitationis
1737 2003 1788 2023 ex-

1021 2041 1114 2068 clusio
1124 2061 1132 2074 ,
1148 2041 1189 2068 ibi
1207 2050 1213 2068 :
1230 2042 1290 2068 Non
1305 2044 1363 2069 erat
1377 2043 1423 2069 ille
1438 2043 1500 2075 luce,
1515 2044 1568 2069 etc.

1055 2087 1100 2114 Ait
1115 2095 1185 2122 ergo
1198 2096 1204 2114 :
1215 2088 1279 2114 Fuit
1294 2092 1369 2114 nomo
1385 2090 1480 2115 missus
1490 2097 1507 2115 a
1519 2090 1589 2122 Deo,
1602 2088 1710 2115 50111001
1719 2089 1789 2115 bea-

1019 2134 1064 2160 tus
1084 2135 1226 2168 Joannes3
1250 2135 1282 2160 ut
1302 2133 1380 2161 enim
1396 2134 1435 2161 ait
1449 2134 1626 2168 Augustinus
1642 2133 1673 2168 ¹²,
1689 2143 1703 2159 (ι
1717 2133 1788 2168 quia

1019 2179 1106 2206 Filius
1121 2179 1169 2206 Dei
1184 2179 1225 2206 sic
1239 2182 1300 2207 erat
1314 2180 1405 2207 homo
1420 2181 1451 2206 ut
1465 2180 1567 2207 lateret
1580 2180 1611 2206 in
1626 2179 1678 2207 illo
1693 2180 1766 2206 Deus
1776 2200 1786 2214 ,

1018 2225 1124 2252 missus
1145 2227 1186 2252 051
1205 2233 1330 2259 magnus
1349 2226 1459 2260 homo,
1478 2234 1531 2261 per
1553 2226 1636 2260 cujus
1655 2225 1786 2253 testimo-

1018 2271 1102 2298 nium
1116 2271 1294 2298 inveniretur
1314 2271 1382 2306 plus
1397 2280 1487 2307 quam
1509 2272 1632 2299 homo.»
1651 2273 1683 2298 Et
1703 2271 1787 2307 ponit

1019 2317 1188 2352 exemplum
1209 2318 1219 2334 ³
1245 2327 1251 2344 :
1274 2317 1347 2344 sicut
1371 2317 1449 2344 enim
1472 2318 1502 2344 in
1525 2319 1625 2345 monte
1646 2317 1785 2344 irradiato

1018 2364 1204 2397 cognoscitur
1226 2364 1308 2398 quod
1327 2363 1372 2390 sol
1392 2363 1427 2390 sit
1442 2366 1521 2390 ortus
1531 2373 1539 2398 ς
1556 2363 1623 2390 ideo
1643 2364 1784 2396 Joanncs,

1017 2411 1091 2438 sicut
1106 2418 1192 2438 mons
1206 2418 1331 2445 magnus
1341 2432 1350 2445 ‚
1370 2410 1451 2445 prior
1465 2410 1596 2438 radiatus
1614 2410 1715 2437 lumen
1735 2417 1785 2436 ex-

1051 2508 1081 2533 (ιι)
1101 2506 1161 2529 Coee.
1181 2506 1240 2529 edit.
1260 2507 1314 2529 sed.
1335 2519 1364 2523 —
1385 2506 1415 2534 (b)
1434 2505 1521 2535 Suppl.
1541 2506 1603 2529 hoec.
1623 2518 1654 2522 —
1672 2506 1701 2535 (c)
1724 2505 1783 2530 Coet.

1015 2541 1074 2563 edit.
1091 2548 1125 2564 se.
1144 2554 1174 2558 —
1195 2541 1232 2571 (cl)
1249 2542 1309 2565 Item
1324 2541 1462 2571 sapientiae.
1479 2553 1508 2557 ——
1527 2541 1553 2569 [0)
1570 2542 1631 2564 caet.
1651 2540 1710 2565 edit.
1732 2548 1784 2564 non

1015 2575 1109 2599 hubent
1124 2576 1183 2599 Fuit
1198 2576 1277 2604 homo,
1295 2579 1353 2605 etc.;
1368 2576 1412 2599 sed
1428 2575 1454 2598 iu
1472 2576 1585 2605 margine
1600 2582 1605 2598 :
1625 2575 1785 2599 Conlz'nuatio

1015 2610 1198 2641 Evanyelistae,
1218 2613 1243 2634 et
1261 2611 1295 2635 510
1314 2611 1445 2640 deinceps,
1461 2610 1546 2633 hahita
1564 2610 1660 2634 ratione
1682 2610 1740 2634 loci.
1753 2623 1784 2628 —

1016 2659 1042 2662 —-
1056 2646 1091 2675 (f)
1107 2646 1168 2670 Caet.
1185 2646 1244 2670 edit.
1259 2646 1301 2670 hic
1314 2646 1411 2670 habent
1425 2645 1484 2668 Fuit
1499 2645 1579 2676 homo,
1593 2648 1641 2671 etc.

1830 1491 1911 1511 Beatus

1808 1522 1906 1542 Joannes

1805 1557 1845 1571 vox
1861 1553 1911 1572 Ver-

1805 1580 1826 1600 bi
1846 1584 1867 1603 et
1881 1582 1914 1602 lu-

1805 1622 1870 1638 cerna
1880 1615 1912 1635 lu-

1805 1654 1866 1670 cens.
