1987 3032
704 233 907 266 EXPOSITIO
930 234 968 266 IN
991 234 1076 266 CAP.
1099 235 1162 267 XX.

142 303 204 328 sunt
217 303 314 336 gavisi.
330 301 398 328 ldeo
416 300 550 335 promisit
568 300 625 334 eis,
641 309 730 336 supra
745 301 752 316 ¹
769 310 775 327 :
801 310 813 325 κ
833 302 906 328 Gau-

143 347 226 374 dium
245 349 374 374 vestrum
391 354 479 374 nemo
494 346 577 374 tollet
591 354 608 374 a
621 347 716 374 vobis.
730 357 743 372 n
762 348 794 374 Et
813 347 855 374 ibi
871 347 906 373 de

143 393 253 428 gaudio
267 392 431 428 multiplici.

177 440 222 466 21.
234 441 265 465 Et
274 438 405 473 sequitur
415 438 626 474 discipulorum
639 438 822 472 confortatio,
835 438 909 465 sicut

143 484 291 511 continuat
313 483 413 511 Glossa
435 494 441 511 :
464 486 541 511 Dz‘aett
563 493 622 519 erqo
645 487 682 512 eis
704 486 802 512 iterum
822 495 829 511 :
851 486 909 511 Pam

141 531 224 557 cobis.
246 530 302 557 Sed
326 530 478 566 quaeritur,
498 539 588 566 quare
610 531 706 565 iterat,
728 530 809 566 quod
828 531 910 566 prius

142 576 274 603 dixerat?
289 578 321 603 Et
335 576 374 603 ad
396 577 452 604 hoc
465 577 623 612 respondet
637 577 860 612 chrysostomus
874 578 883 593 ²
902 585 909 603 ε

145 632 158 648 «
166 623 238 656 Quia
245 624 324 650 enim
333 623 466 659 praelium
475 623 705 659 inexpugnabile
713 623 862 650 habebant
872 623 910 650 ad

140 669 267 703 Judaeos,
282 670 418 696 continue
432 669 545 696 inducit
560 670 627 703 hoc,
644 669 752 696 scilicet
768 678 774 696 :
792 670 851 695 Paoe
866 677 910 695 vo-

142 715 197 749 bis,
221 715 425 742 adversantem
451 715 524 742 dans
543 716 642 750 praelio
665 715 908 742 consolationem.

142 760 184 788 Ob
208 761 265 787 hoc
288 761 415 796 denique
443 761 572 796 primum
598 761 724 788 verbum
750 761 822 788 dixit
845 763 911 795 post

141 806 392 833 resurrectionem.
400 808 481 834 »Haec
493 807 552 834 ille.
562 807 642 834 Unde
653 816 666 832 «
676 809 703 834 et
712 807 781 834 viris
791 809 911 842 propter

141 851 277 886 praelium
300 860 420 886 pacem,
436 853 609 880 mulieribus
631 855 750 888 propter
770 853 908 887 justitian]

141 897 284 932 gaudium
302 898 539 933 evangelizabat,
555 910 567 923 »
586 899 624 926 ait
645 899 725 926 idem
740 901 758 924 ἓ,
777 898 845 925 Ideo
862 906 908 925 se-

141 943 261 978 quitur:
278 944 355 971 Sicut
375 946 450 971 misit
470 953 509 971 me
529 946 624 976 Pater,
642 948 666 971 et
686 953 731 979 eqo
753 946 828 972 nitito
848 952 909 978 vos,

145 997 158 1013 «
176 989 260 1023 quasi
283 990 408 1022 diceret,
432 990 471 1017 ait
490 990 713 1025 chrysostomus
732 990 742 1004 ²
763 999 769 1017 :
796 990 909 1017 Nullam

141 1033 254 1062 habetis
269 1035 481 1069 difficultatem,
498 1038 524 1063 et
539 1036 576 1063 ab
593 1036 648 1069 his,
665 1045 730 1072 quae
744 1036 818 1063 facta
833 1038 910 1069 sunt,

141 1082 168 1106 et
177 1087 194 1106 a
207 1081 346 1115 dignitate
355 1082 546 1115 mea,scilicet
554 1089 570 1109 a
580 1082 682 1117 me,(a)
694 1082 745 1118 qui
753 1081 911 1109 mitt0.Vic-

141 1127 246 1154 toriam
261 1128 340 1154 enim
357 1128 454 1155 statuit
469 1128 593 1162 claram3
609 1129 677 1155 ideo
698 1129 793 1156 elevat
808 1136 910 1156 eorum

141 1173 287 1207 animam,
307 1184 319 1199 »
343 1176 374 1200 ut
396 1173 436 1201 ait
457 1174 680 1209 chrysostomus
706 1175 723 1201 ².
749 1177 780 1202 Et
802 1175 832 1201 in
853 1175 910 1201 hoc

140 1219 332 1247 mediatorem
345 1220 380 1255 (b)
397 1228 427 1247 se
447 1220 586 1253 ostendit,
603 1230 616 1245 »
634 1221 674 1247 ait
693 1220 870 1255 Augustinus
889 1222 909 1248 ³.

140 1266 221 1292 Pater
236 1265 314 1292 enim
329 1266 407 1293 misit
420 1274 479 1299 me,
499 1268 525 1293 et
540 1274 595 1300 ego
611 1274 664 1293 vos
680 1266 719 1293 ad
734 1267 910 1299 consimilia,

140 1310 248 1338 scilicet
262 1311 300 1338 ad
315 1311 431 1346 praelia,
448 1313 476 1339 et
496 1312 535 1339 ad
558 1313 703 1339 tormenta
724 1312 911 1346 sustinenda,

141 1364 200 1384 non
215 1357 254 1384 ad
266 1357 386 1392 gaudia.
401 1357 480 1384 Unde
491 1358 646 1392 Gregorius
661 1359 670 1374 Β
689 1367 694 1385 ;
713 1368 726 1382 «
743 1360 824 1385 Pater
834 1357 911 1385 misit

141 1402 261 1437 Filium,
286 1411 376 1438 quem
391 1404 515 1438 amavit,
532 1404 570 1431 ad
590 1404 757 1439 passionem
775 1413 780 1430 :
798 1404 837 1430 ita
856 1405 910 1430 Do-

140 1449 237 1477 minus
252 1450 358 1478 electos
373 1451 533 1486 apostolos,
546 1459 606 1478 non
617 1451 655 1478 ad
671 1451 774 1478 mundi
790 1451 908 1485 gaudia,

140 1496 191 1524 sed
211 1497 250 1523 ad
269 1497 437 1532 passionem
456 1497 572 1524 misit.»
592 1498 601 1513 ⁵
624 1507 638 1522 «
658 1499 728 1524 Ecce
751 1505 806 1532 ego
827 1497 909 1525 mitto

140 1551 204 1577 vos,
219 1543 293 1570 sicut
307 1551 399 1578 agnos
414 1543 489 1570 inter
502 1543 599 1578 lupos.
617 1554 629 1567 »
648 1543 728 1570 Unde
744 1546 770 1571 et
785 1543 909 1579 apostoli

140 1589 278 1616 dicuntur
292 1590 383 1623 missi,
399 1590 438 1617 ait
453 1589 628 1624 Augustinus
642 1590 661 1616 ⁶.
677 1589 748 1617 Misit
762 1597 832 1624 ergo
848 1597 908 1624 eos,

139 1636 213 1663 sicut
226 1636 386 1671 imperator
403 1635 520 1668 milites,
536 1635 609 1662 sicut
627 1643 759 1662 summus
780 1635 910 1670 pontifex

140 1681 270 1716 legatos,
286 1681 355 1708 item
377 1682 449 1708 sicut
469 1681 514 1708 sol
529 1681 630 1708 radios
646 1682 752 1715 ignitos
765 1683 775 1698 ⁷
797 1691 802 1708 :
823 1692 836 1706 «
850 1682 909 1709 Tri-

140 1727 253 1762 pliciter
277 1727 321 1754 sol
343 1735 467 1754 exurens
489 1729 614 1761 montes,
638 1727 736 1755 radios
760 1727 862 1761 igneos
878 1727 910 1761 (c)

142 1774 316 1807 exsufflans,
342 1783 356 1799 »
380 1775 433 1800 etc.
459 1774 491 1800 Ut
515 1773 593 1800 enim
618 1773 657 1800 ait
683 1773 858 1807 Augustinus
881 1773 910 1805 ⁸,

140 1819 268 1853 Apostoli
288 1818 404 1846 fuerunt
419 1821 450 1845 ut
464 1819 542 1846 faces
556 1819 701 1852 ardentes,
718 1821 745 1846 et
761 1820 792 1846 ut
805 1819 910 1846 carbo-

139 1872 192 1892 nes
206 1865 298 1899 igniti.
315 1864 325 1879 9
343 1875 355 1888 «
371 1864 534 1891 Similitudo
556 1864 747 1899 animalium,
764 1867 791 1891 et
811 1873 911 1900 aspcc-

140 1912 184 1936 tus
207 1910 292 1945 quasi
315 1913 447 1945 aspectus
467 1910 682 1945 lampadarum.
706 1921 718 1935 n
744 1912 813 1938 ltem
834 1911 911 1938 misit

140 1963 190 1982 eos
205 1956 278 1983 sicut
301 1956 418 1990 fulgura
437 1956 476 1983 ad
495 1956 673 1983 terrendum.
688 1957 707 1972 ¹⁰
727 1966 740 1981 «
762 1957 910 1991 Numquid

140 2001 234 2028 mittes
257 2001 390 2036 fulgura,
414 2004 441 2028 et
462 2001 564 2028 ibunt?
584 2012 597 2027 n
622 2002 707 2034 Quod
730 2002 849 2037 exponit
868 2003 909 2029 ibi

140 2047 294 2082 Gregorius
313 2049 332 2064 ¹¹
356 2047 392 2073 de
416 2047 548 2074 Ecclesiae
568 2047 819 2082 praedicatoribus.
841 2050 910 2075 Item

140 2093 226 2120 mittit
247 2101 297 2120 eos
318 2093 393 2119 sicut
412 2093 535 2120 flumina
555 2093 594 2120 ad
617 2093 821 2128 irrigandum,
840 2094 910 2129 quia

140 2138 202 2174 ipse
220 2139 286 2166 fons
301 2139 366 2165 vitae
382 2139 401 2154 ¹²
417 2148 424 2165 ε
443 2148 456 2164 «
470 2138 512 2166 Ad
526 2139 624 2165 locum
639 2139 718 2165 uude
734 2141 840 2166 exeunt
854 2139 909 2166 tlu-

140 2185 221 2212 mina
234 2186 429 2212 revertuntur.
443 2194 455 2210 »
473 2184 558 2217 Quod
572 2185 692 2220 exponit
709 2185 864 2219 Gregorius
879 2185 910 2218 ¹³,

141 2230 191 2257 ubi
204 2238 304 2265 supra,
319 2230 355 2257 de
370 2230 501 2257 Ecclesiae
515 2230 756 2265 praedicatoribus
772 2240 778 2257 :
796 2230 833 2255 ¹¹⁴«
849 2233 908 2265 Ego

141 2276 288 2311 sapientiae
302 2275 393 2302 effudi
405 2276 543 2310 ssumina;
557 2286 570 2302 »
587 2279 614 2303 et
629 2276 665 2303 de
682 2276 819 2304 missione
833 2277 910 2312 ipso-

141 2329 208 2349 rum
222 2321 243 2339 ¹⁵
257 2330 284 2348 :«
298 2321 370 2350 Misit
381 2329 431 2348 eos
445 2321 542 2355 binOS,
558 2324 586 2349 et
600 2322 686 2350 binos
701 2325 766 2350 anic
781 2330 811 2350 se
829 2323 876 2358 (d).
894 2334 907 2348 n

174 2404 269 2433 ¹Sup‚
294 2408 348 2433 xvi,
366 2404 404 2426 22.
420 2415 450 2420 —-
471 2404 478 2416 ²
500 2403 641 2434 Chrysost„
666 2404 736 2427 hom.
760 2410 853 2434 Lxxxv,
876 2405 907 2429 at.

143 2443 257 2467 Lxxxvl,
275 2445 300 2461 11.
323 2438 345 2460 3.
362 2451 391 2454 -
410 2438 419 2453 ³
438 2439 552 2467 August„
571 2438 612 2461 ubi
633 2445 689 2468 sup.
704 2451 734 2455 ——
748 2439 758 2455 δ
773 2440 859 2469 Grcg.,
883 2440 908 2462 ιή

144 2472 247 2502 lt'uanq.¹
266 2472 336 2495 hom.
354 2478 425 2501 xxvi,
441 2479 468 2495 u.
487 2475 541 2495 2.—
557 2473 566 2488 ⁵
582 2473 648 2501 Luc„
664 2479 689 2503 x,
705 2474 761 2496 3.-
776 2474 784 2486 v.
796 2475 870 2504 Aug„
884 2475 908 2498 in

142 2507 223 2535 Joun„
234 2508 306 2530 tract.
321 2512 373 2536 ων,
391 2514 417 2530 11.
431 2510 454 2530 3.
467 2519 496 2524 —-
510 2507 517 2520 ⁷
535 2507 624 2537 Eccli.‚
637 2513 712 2537 xum,
729 2510 750 2531 4.
766 2521 796 2525 -
810 2508 820 2524 ⁸
835 2509 889 2539 Aug
901 2528 908 2540 ‚

145 2540 226 2570 Confi,
241 2541 284 2565 lib.
300 2541 365 2572 xm,
381 2550 404 2565 c.
420 2547 475 2571 xix,
491 2542 573 2571 quoad
589 2549 700 2566 sensum.
711 2556 737 2559 —
753 2544 763 2559 θ
778 2543 875 2573 Ezech„
892 2549 908 2572 i,

144 2576 214 2599 13.-
225 2576 244 2591 ¹⁰
257 2575 311 2604 Job,
327 2582 437 2607 xxxviii,
449 2578 520 2600 35.—
532 2577 548 2593 ¹¹
566 2578 652 2607 Greg,
665 2578 765 2607 Moml„
777 2577 820 2600 lib.
832 2579 908 2608 XXX,

143 2616 165 2633 c.
183 2616 215 2637 11,
234 2617 260 2633 n.
280 2612 303 2634 6.
316 2624 347 2628 —
364 2612 381 2628 ¹²
397 2611 486 2639 Eccle„
507 2617 523 2642 i,
536 2612 558 2635 7.
574 2625 604 2629 —
620 2612 639 2628 ¹³
652 2613 767 2643 Gregor„
783 2612 828 2636 ubi
844 2619 910 2643 sup.‚

144 2652 168 2667 u.
185 2646 240 2668 8.-
256 2646 274 2661 ¹¹·
290 2646 377 2673 Eccli„
393 2652 464 2675 xxiv,
482 2648 552 2669 411.-
570 2647 586 2662 ¹⁵
601 2647 666 2675 Luc.‚
683 2653 707 2676 x,
727 2650 778 2670 1.-
791 2648 809 2663 ¹⁶
822 2648 907 2677 (ii-eg„

1671 244 1728 273 515

962 301 1003 328 lbi
1018 302 1171 336 Gregorius
1183 302 1202 319 ¹⁸
1212 302 1287 330 bene
1302 303 1338 330 de
1353 303 1419 331 hoc.
1436 305 1467 331 Et
1481 312 1540 332 non
1552 306 1649 334 solum
1662 316 1726 335 con-

962 347 1089 375 firmavit
1111 356 1162 376 eos
1183 348 1279 383 dicto,
1295 349 1347 376 sed
1368 349 1455 377 etiam
1478 351 1577 386 don03
1594 352 1662 380 ideo
1684 362 1728 380 se-

963 393 1060 428 quitur
1083 396 1122 428 (v.
1138 395 1181 429 ⁶22)
1199 404 1206 421 ε
1226 397 1288 422 Haec
1304 395 1337 430 (e)
1354 403 1411 423 cum
1425 396 1549 431 dz’oetsset,
1567 399 1728 433 insufflavit,

962 441 987 465 et
1001 440 1068 466 «tacit
1084 441 1140 467 eis:
1156 441 1278 475 Accipite
1291 443 1426 475 Spiritum
1440 445 1568 470 sanctum.
1584 444 1639 471 Sed
1654 452 1731 479 quae-

963 485 1044 519 ritur,
1061 485 1099 512 ad
1114 486 1186 521 quid
1200 487 1375 515 insufflavit?
1388 490 1419 515 Et
1433 489 1471 515 ad
1485 489 1562 516 istud
1574 491 1731 525 respondet

963 532 1138 565 Augustinus
1158 532 1178 548 ¹⁷
1200 533 1282 568 quod
1305 534 1366 561 haec
1384 534 1542 562 insufflatio
1557 535 1732 570 significavit

963 576 1100 611 Spiritum
1115 580 1247 605 sanctum
1262 587 1322 606 non
1337 580 1432 607 solum
1448 588 1508 608 esse
1522 582 1621 616 Patris,
1637 582 1689 609 sed
1705 585 1732 610 et

963 630 1059 649 suum.
1077 624 1146 650 Item
1161 625 1315 659 quaeritur,
1330 625 1368 652 ad
1391 626 1462 661 quid
1482 627 1562 654 dedit
1584 627 1630 655 hic
1645 628 1733 663 Spiri-

964 670 1024 695 tum
1039 668 1068 695 in
1084 669 1163 704 flatu,
1173 670 1201 696 in
1214 670 1321 704 linguis
1336 672 1429 706 igneis
1441 673 1472 706 ¹⁸,
1485 681 1573 708 super
1588 674 1732 702 Christum

965 714 994 740 in
1013 715 1168 749 columba,
1190 724 1278 751 supra
1297 718 1325 744 ¹⁹.
1347 719 1378 744 Et
1396 726 1463 745 cum
1476 719 1596 754 Spiritus
1616 722 1732 748 sanctus

964 768 1024 787 non
1044 761 1079 788 sit
1094 769 1138 788 res
1157 763 1328 797 corporalis,
1344 763 1459 791 videtur
1478 765 1631 793 tradidisse
1648 775 1731 794 occa-

964 806 1076 833 sionem
1101 808 1222 842 erroris,
1246 808 1346 836 dando
1373 810 1509 844 Spiritum
1534 819 1601 838 cum
1626 813 1732 840 talibus

964 852 1063 887 signis.
1080 855 1148 880 item
1163 854 1244 889 prius
1256 855 1406 883 habebant
1420 857 1567 892 Spiritum,
1585 866 1673 893 supra
1686 859 1708 875 ²⁰
1724 869 1729 886 :

967 908 979 923 «
996 900 1032 925 De
1047 899 1229 933 plenitudine
1244 901 1305 935 ejus
1320 909 1422 929 omnes
1438 903 1614 938 accepimus
1629 915 1641 929 »
1656 906 1731 940 Ergo

964 952 1041 971 nunc
1060 953 1119 972 non
1139 945 1229 973 dedit.
1256 948 1325 974 ltem
1345 956 1433 982 supra
1457 949 1496 976 ait
1516 948 1535 964 ²¹
1554 959 1559 976 :
1589 960 1601 975 «
1619 950 1646 978 Si
1672 959 1733 979 non

965 992 1066 1019 abiero
1078 1013 1086 1026 ,
1102 993 1265 1027 paracletus
1283 1001 1343 1021 non
1364 995 1460 1022 veniet
1480 995 1519 1023 ad
1542 1004 1603 1023 vos.
1622 1006 1635 1022 »
1657 999 1732 1032 Ergo

964 1040 1029 1065 ante
1045 1038 1245 1066 ascensionem
1266 1047 1327 1067 non
1342 1040 1443 1068 debuit
1458 1041 1521 1068 dari
1543 1041 1673 1077 Spiritus.
1690 1043 1733 1070 Ad

964 1084 1094 1119 primum
1107 1085 1350 1120 respondendum
1365 1089 1406 1114 est
1420 1088 1584 1115 secundum
1599 1089 1731 1122 Augusti-

963 1137 1035 1157 num
1050 1130 1079 1164 ²²,
1096 1131 1177 1166 quod
1196 1139 1314 1167 «neque
1329 1132 1414 1160 ssatus
1429 1133 1478 1160 ille
1493 1141 1651 1169 corporeus
1667 1143 1733 1162 cum

964 1183 1050 1203 sensu
1066 1177 1256 1211 corporaliter
1271 1178 1410 1212 tangendi
1433 1179 1597 1214 procedens
1616 1188 1651 1207 ex
1670 1188 1733 1207 cor-

964 1229 1053 1256 pore,
1078 1223 1239 1250 substantia
1262 1225 1382 1259 Spiritus
1405 1225 1496 1252 sancti
1514 1225 1581 1259 fuit3
1603 1226 1655 1253 sed
1682 1227 1734 1253 de-

966 1268 1135 1295 monstratio
1155 1277 1207 1303 per
1222 1278 1384 1305 congruam
1406 1271 1650 1305 significationem
1673 1280 1734 1299 non

965 1315 1076 1340 tantuin
1092 1322 1110 1341 a
1123 1316 1222 1349 Patre,
1239 1315 1291 1342 sed
1306 1319 1333 1343 ct
1347 1325 1364 1343 a
1386 1316 1457 1343 Filio
1472 1317 1630 1352 procedere
1646 1318 1734 1353 Spiri-

966 1362 1027 1386 tum
1045 1362 1188 1387 sanctum.
1204 1371 1217 1386 »
1242 1363 1307 1388 flaec
1327 1362 1384 1389 ille.
1409 1363 1450 1389 Ob
1472 1363 1548 1390 hanc
1573 1371 1642 1398 ergo
1664 1371 1734 1391 con-

965 1412 1069 1438 gruam
1088 1406 1305 1441 figurationem,
1319 1416 1386 1435 cum
1406 1409 1476 1436 flatu
1491 1409 1576 1436 datus
1592 1412 1633 1436 est
1647 1410 1734 1445 Spiri-

966 1452 1019 1478 tus.
1044 1451 1088 1478 Ad
1110 1452 1191 1479 aliud
1212 1454 1453 1488 respondendum
1474 1457 1528 1489 est,
1549 1457 1580 1482 ut
1601 1455 1734 1484 habitum

965 1498 1008 1523 est
1026 1505 1115 1531 supra
1130 1496 1151 1513 2²
1167 1507 1173 1523 ε
1190 1499 1221 1525 111
1236 1499 1376 1526 columba
1394 1499 1564 1535 simplicitas
1584 1501 1732 1537 signatur,

966 1544 993 1568 et
1007 1542 1075 1570 ideo
1090 1543 1120 1570 in
1140 1544 1280 1571 columba
1298 1553 1386 1580 super
1406 1545 1551 1573 Christum
1565 1547 1732 1583 descendit;

965 1588 995 1614 in
1009 1588 1077 1623 igne
1098 1597 1170 1616 vero
1190 1590 1320 1624 signatur
1339 1591 1444 1625 ardor,
1461 1592 1522 1619 sive
1540 1593 1619 1620 zelus
1634 1597 1736 1622 contra

966 1634 1067 1669 culpas
1093 1635 1338 1670 delinquentium.
1365 1639 1396 1664 Et
1419 1637 1484 1665 ideo
1506 1639 1537 1665 in
1560 1639 1627 1673 igne
1648 1648 1737 1675 super

967 1679 1126 1715 discipulos
1148 1681 1318 1714 descendit,
1333 1683 1404 1717 quia
1423 1691 1473 1710 eos
1495 1685 1523 1710 et
1541 1685 1692 1719 purgavit,
1709 1688 1737 1714 et

966 1725 1168 1753 inflammavit.
1190 1728 1221 1754 Et
1235 1727 1272 1754 de
1291 1728 1348 1754 hoc
1369 1729 1523 1763 Gregorius
1537 1731 1568 1757 2³.
1589 1731 1633 1757 Ad
1655 1731 1736 1759 aliud

966 1772 1208 1806 respondendum
1224 1774 1266 1800 est
1280 1773 1444 1800 secundum
1459 1775 1629 1809 Gregorium
1642 1777 1672 1810 ²⁶,
1683 1777 1736 1804 ubi

966 1817 1024 1850 ait,
1052 1818 1134 1852 quod
1161 1819 1300 1853 Spiritum
1328 1821 1460 1847 sanctum
1489 1821 1571 1849 dedit
1598 1823 1737 1850 Dominus

966 1863 1056 1890 semel
1073 1864 1102 1890 in
1118 1866 1203 1899 terra,
1214 1866 1245 1891 ut
1259 1865 1316 1897 hic,
1333 1868 1361 1892 et
1373 1866 1463 1894 semel
1476 1868 1550 1894 coelo
1566 1869 1735 1903 preesidens.

968 1910 998 1935 Et
1013 1909 1069 1936 hoc
1083 1909 1163 1944 ideo,
1179 1911 1250 1945 quia
1266 1911 1326 1938 duo
1339 1914 1405 1938 sunt
1415 1916 1559 1949 praecepta
1569 1915 1714 1943 charitatis
1729 1925 1734 1943 :

966 1954 1082 1982 dilectio
1107 1956 1155 1982 [tei
1170 1956 1296 1991 scilicet,
1320 1959 1348 1984 et
1368 1958 1505 1993 proximi.
1523 1960 1735 1996 Nihilominus,

966 2002 997 2027 ut
1015 2000 1054 2027 alt
1077 2001 1189 2028 ibidem
1210 2003 1382 2037 Gregorius,
1408 2004 1500 2032 inerat
1523 2006 1735 2042 discipulorum

967 2046 1113 2073 mentibus
1129 2047 1250 2082 Spiritus
1264 2051 1379 2076 sanctus
1395 2051 1433 2077 ad
1448 2050 1557 2086 fidem3
1571 2053 1623 2079 sed
1638 2055 1735 2081 tamen

966 2092 1117 2119 manifesta
1132 2092 1249 2120 datione
1264 2102 1324 2121 non
1339 2095 1393 2121 nisi
1409 2098 1475 2130 post
1493 2099 1735 2127 resurrectionem

966 2138 1051 2164 datus
1075 2141 1124 2165 est.
1148 2140 1267 2174 Propter
1287 2141 1369 2175 quod
1394 2142 1503 2169 dictum
1524 2145 1565 2170 cst
1586 2152 1674 2179 supra
1688 2146 1708 2161 ²⁵
1726 2155 1732 2172 :

966 2184 1090 2211 Nondum
1109 2188 1164 2211 erat
1187 2186 1309 2219 Spiritus
1332 2187 1421 2214 datus.
1447 2190 1509 2215 Haec
1533 2189 1590 2217 ille.
1614 2192 1653 2217 Ex
1675 2199 1734 2226 quo

965 2232 1053 2264 patet,
1070 2230 1151 2265 quod
1166 2230 1220 2257 fuit
1235 2231 1314 2259 datio
1333 2233 1454 2268 Spiritus
1473 2235 1577 2270 triplex
1599 2245 1606 2263 z
1623 2245 1681 2265 uua
1695 2239 1734 2266 ad

962 2275 1199 2309 justificationem
1216 2279 1243 2304 et
1257 2277 1296 2304 ad
1311 2279 1528 2315 credulitatem,
1542 2282 1600 2309 alia
1613 2283 1651 2310 ad
1666 2291 1734 2311 con-

966 2321 1159 2348 firmationem
1170 2342 1178 2356 ,
1195 2331 1262 2350 cum
1276 2323 1430 2352 collatione
1450 2327 1597 2361 potestatis
1612 2328 1734 2365 dispen-

966 2395 991 2416 ιή
1007 2395 1112 2423 Ευιιιιφ,
1129 2395 1198 2418 honi.
1214 2401 1277 2424 11111,
1292 2403 1317 2419 u.
1336 2399 1388 2420 l.—
1406 2397 1422 2411 ¹⁷
1435 2399 1508 2429 Aug„
1525 2400 1551 2423 in
1564 2401 1643 2430 Joau„
1661 2405 1731 2426 tract.

966 2434 1073 2458 1.3xx1,n.
1089 2430 1144 2452 4,-
1159 2429 1178 2445 ¹⁸
1189 2430 1253 2458 Act„
1271 2436 1298 2459 11,
1311 2432 1366 2454 3.-
1382 2432 1401 2447 ¹⁹
1416 2434 1487 2462 Sup.‚
1504 2440 1522 2463 1,
1537 2435 1615 2458 32—
1629 2437 1649 2452 2⁰
1660 2438 1731 2466 Sup.,

967 2469 983 2489 1,
1002 2466 1036 2486 iti.
1054 2476 1083 2479 —
1099 2464 1114 2478 ²¹
1132 2465 1204 2493 Sup„
1221 2470 1274 2493 xii,
1290 2465 1346 2487 7.—
1361 2466 1378 2479 Ἠ
1397 2467 1513 2498 August„
1528 2469 1558 2491 cle
1574 2470 1674 2500 Trz’nlt„
1688 2472 1731 2494 lib.

968 2499 1008 2528 ΙΥ,
1028 2506 1049 2521 c.
1071 2504 1117 2527 xx,
1138 2506 1163 2522 11.
1182 2502 1219 2522 211.
1233 2513 1263 2516 -
1281 2500 1300 2515 ²³
1316 2502 1399 2531 Grcg„
1419 2503 1444 2525 in
1459 2504 1567 2533 Evanq„
1582 2505 1650 2529 hom.
1669 2512 1729 2531 xxx.

965 2547 994 2550 —
1007 2533 1112 2563 η111111,
1128 2534 1197 2557 hom.
1218 2540 1292 2564 xxvi,
1311 2538 1368 2559 ante
1383 2537 1450 2560 med.
1466 2551 1495 2555 —
1511 2539 1529 2554 ²⁸
1543 2540 1615 2570 Sup.,
1634 2546 1677 2570 vu,
1692 2542 1730 2565 31).

998 2576 1027 2606 (a)
1049 2578 1108 2600 Caet.
1124 2577 1183 2600 edil.
1200 2578 1296 2602 scilicet
1315 2587 1330 2602 a
1349 2586 1404 2610 me,
1419 2582 1444 2604 et
1458 2588 1473 2604 a
1488 2582 1607 2613 <lignitate
1623 2590 1688 2608 mea.
1701 2598 1730 2603 —

966 2612 999 2641 11))
1014 2612 1055 2635 ΑΙ.
1071 2613 1192 2636 medium.
1206 2626 1236 2630 —
1252 2614 1281 2643 (c)
1298 2615 1357 2638 Caet.
1373 2615 1433 2639 edit.
1445 2616 1502 2641 add.
1518 2619 1589 2641 ct.—-
1605 2618 1638 2647 (d)
1659 2619 1729 2651 Vvlq.

966 2654 1010 2669 «ρος
1026 2648 1098 2671 binus
1114 2651 1170 2671 :inlu
1187 2648 1275 2672 facicm
1289 2657 1401 2674 51111111-
1415 2651 1443 2680 (c)
1458 2652 1519 2675 Caet.
1536 2654 1594 2677 edit.
1612 2655 1668 2679 Hoc.
