1987 3032
199 199 258 228 602

200 263 416 296 abbreviatum,
431 273 445 289 n
463 265 517 291 ete.
534 264 566 290 Et
580 265 655 290 recte
672 263 711 290 ait
728 273 734 289 ι
755 263 969 290 Consummatum

201 313 250 338 ese.
266 311 476 337 consummare
491 309 570 336 enim
585 312 626 336 est
639 309 729 343 idem,
739 309 822 344 quod
833 309 871 336 ad
885 310 971 336 linem

201 357 323 389 ducere,
346 356 386 383 ait
414 356 526 391 Papias
551 366 563 380 (ι
583 355 681 382 Omnis
710 355 973 382 consummationis

201 402 260 430 vidi
281 402 386 436 finem,
404 414 416 426 »
436 401 474 429 ait
489 401 631 436 Propheta
648 402 668 434 ¹,
684 401 713 428 id
730 403 786 434 est,
802 402 926 436 perfecte
946 404 973 428 et

201 456 269 475 vere
284 447 314 474 in
327 448 458 475 salvifica
472 446 674 474 immolatione
696 447 756 474 Filii
773 447 819 474 Dei
836 447 888 474 fuit
903 455 972 474 con-

201 493 357 521 summatio
374 495 522 528 gestorum
537 492 792 528 patriarchalium,
812 493 972 520 hostiarum

200 539 357 574 legalium,
375 538 584 573 martyriorum
602 538 836 573 prophetalium,
853 540 879 565 et
894 547 973 573 mys—

202 587 342 614 teriorum
358 585 581 621 Scripturarum.
598 585 742 612 praedictis
759 585 848 618 enim,
864 585 974 612 scilicet

201 632 282 659 sactis
296 631 556 666 patriarchalibus,
572 633 603 658 ut
622 631 651 657 in
668 631 814 658 occisione
834 631 923 665 Abel,
944 631 973 658 in

202 677 341 712 ligatione
362 679 455 710 isaac,
476 677 505 704 in
519 677 687 704 venditione
700 677 824 712 Joseph,
839 676 891 704 fuit
905 677 973 704 hos-

201 723 257 757 tia,
280 731 370 758 quam
390 723 496 750 obtulit
514 723 640 750 Christus
669 723 698 749 in
724 723 878 758 passione,
898 724 973 757 figu-

201 771 273 796 rata.
289 769 425 796 Similiter
440 769 470 795 in
484 769 585 796 hostiis
599 768 758 803 legalibus,
777 768 851 796 sicut
871 769 900 795 in
920 769 974 796 im-

201 815 360 843 molatione
375 815 459 849 agni,
475 817 502 841 et
516 817 728 850 consequenter
744 814 772 841 in
789 814 853 841 aliis
868 815 973 842 immo-

200 861 370 889 lationibus.
398 861 534 888 Similiter
563 861 646 888 dictis
675 860 899 895 prophetalibus
921 861 974 888 ista

200 907 331 934 salvifica
345 907 439 934 hostia
463 907 713 941 praenuntiabatur
728 909 737 923 ²
755 915 761 933 ε
779 916 792 932 «
815 906 894 934 Dabo
916 906 974 934 cla-

199 961 266 980 vem
282 953 373 980 David
389 960 476 988 super
490 953 656 980 humerum.
674 963 686 978 »
707 952 842 980 Similiter
865 954 973 987 myste-

200 999 249 1026 riis
280 998 493 1033 Scripturarum
530 998 774 1033 praesignabatur.
802 999 894 1033 Supra
924 1000 934 1015 ³
965 1008 971 1025 t

204 1056 215 1069 ιι
230 1045 402 1073 Scrutamini
421 1046 592 1081 Scripturas.
609 1056 622 1071 »
642 1045 740 1073 Merito
760 1045 812 1072 fuit
833 1053 972 1072 consum-

200 1091 289 1118 matio
301 1092 435 1118 omnium
448 1091 549 1118 talium
561 1092 731 1126 figuralium
747 1091 776 1118 in
787 1091 906 1118 veritate
918 1092 972 1118 im-

200 1137 367 1164 molationis
379 1139 445 1164 Jesu
459 1138 562 1165 Christi
577 1138 586 1153 '²
603 1147 609 1164 :
630 1147 642 1162 α
657 1139 728 1164 Ecce
751 1137 813 1164 dies
837 1137 971 1171 venient,

200 1183 269 1210 dicit
291 1183 445 1213 Dominus,
468 1185 495 1210 et
514 1183 729 1210 consummabo
745 1191 833 1218 super
849 1183 972 1210 domum

199 1228 294 1256 Israel.
318 1239 330 1254 »
360 1230 414 1256 Et⁵
437 1238 443 1256 ε
467 1240 478 1253 «
500 1231 531 1256 Et
560 1230 846 1256 consummabuntur
873 1229 973 1256 omnia

200 1282 265 1310 quae
280 1274 387 1310 scripta
401 1277 468 1302 sunt
483 1275 518 1302 de
530 1275 601 1302 Filio
612 1275 750 1303 hominis.
763 1286 774 1300 »
792 1276 862 1302 item
876 1275 906 1302 in
918 1275 972 1302 hac

200 1320 331 1348 salvifica
345 1321 482 1356 passione
498 1321 550 1348 fuit
566 1321 781 1348 consummatio
798 1321 894 1348 omnis
908 1329 974 1356 pas-

200 1366 299 1399 sionis,
313 1375 347 1394 eo
361 1367 443 1402 quod
454 1375 507 1394 sua
518 1367 616 1402 passio
630 1368 725 1401 major
735 1367 816 1394 omni
826 1367 971 1402 passione,

199 1414 261 1440 tum
273 1413 384 1440 ratione
403 1413 617 1446 diuturnitatis,
634 1413 704 1448 quia
719 1414 729 1429 ⁶
747 1424 760 1437 ι(
776 1413 805 1440 10
820 1413 973 1440 laboribus

200 1466 217 1485 a
234 1458 405 1493 juventute,
425 1469 437 1484 »
458 1460 519 1485 tum
546 1459 616 1493 quia
644 1468 656 1484 «
679 1459 855 1494 supplicium
880 1459 973 1486 crucis

200 1504 267 1531 ideo
287 1504 388 1530 durius
409 1506 484 1538 erat,
509 1505 579 1539 quia
600 1505 709 1531 diutius
732 1505 896 1538 cruciabat,
913 1516 923 1529 »
943 1507 974 1532 ut

199 1551 239 1577 ait
251 1551 430 1585 Augustinus
443 1552 465 1577 ⁷.
484 1552 553 1577 Item
567 1551 666 1585 passio
681 1558 735 1577 sua
748 1550 802 1577 fuit
817 1552 911 1584 major
926 1558 972 1577 ra-

199 1596 276 1623 tione
292 1596 532 1630 universalitatis,
549 1596 618 1631 quia
634 1598 710 1623 totus
725 1596 755 1622 in
773 1604 857 1623 eruce
876 1598 973 1622 exten·

199 1649 261 1675 sus,
283 1641 352 1668 item
371 1642 483 1669 ratione
503 1644 668 1676 temperatae
692 1641 923 1676 complexionis,
946 1643 974 1668 et

198 1687 372 1722 aequalitatis
386 1687 488 1722 ipsius,
504 1689 531 1714 et
545 1687 692 1720 sanitatis,
709 1695 742 1714 ae
757 1687 867 1721 vigoris
883 1687 973 1722 ipsius

198 1733 343 1769 patientis
368 1735 488 1768 Propter
512 1733 595 1768 quod
614 1733 710 1768 potuit
732 1733 829 1760 dicere
851 1733 925 1760 illud
941 1736 971 1760 ⁸:

205 1789 216 1803 ι(
231 1779 328 1806 Videte
343 1779 365 1805 si
381 1781 422 1806 est
437 1779 539 1811 dolor,
561 1779 633 1806 sicut
651 1778 737 1806 dolor
756 1787 850 1805 meus.
869 1789 882 1805 »
905 1781 973 1806 Item

199 1825 294 1859 major
310 1825 363 1852 fuit
383 1825 481 1860 passio
501 1825 614 1852 ratione
636 1824 806 1860 multiplicis
824 1827 974 1852 contume-

199 1870 332 1897 liositatis
348 1870 548 1897 antecedentis
563 1870 658 1906 ipsam
673 1870 852 1906 passionem,
865 1872 892 1898 et
907 1879 974 1898 con-

199 1916 374 1950 comitantis,
391 1918 421 1943 ut
435 1918 516 1951 patet
528 1916 725 1943 consideranti
741 1916 846 1943 seriem
862 1917 973 1951 passio-

200 1962 253 1988 nis.
273 1962 283 1977 ⁹
308 1970 313 1988 :
342 1971 355 1987 (ι
380 1962 504 1989 Decebat
532 1964 683 1989 auctorem
709 1962 809 1989 salutis
837 1970 973 1989 consum-

199 2015 290 2034 mare.
302 2017 315 2032 »
331 2009 400 2034 Item
418 2008 447 2034 in
462 2008 516 2034 hac
532 2008 670 2042 passione
685 2007 737 2034 suit
748 2008 972 2043 consummatio,

199 2053 230 2080 id
251 2055 307 2087 est,
328 2052 467 2088 perfectio
484 2054 579 2080 omnis
602 2053 818 2080 satisfactionis.
834 2054 856 2071 ¹⁰
873 2064 886 2079 «
907 2055 975 2081 Pru-

200 2099 297 2126 dentia
321 2107 374 2126 sua
399 2099 540 2134 percussit
564 2099 735 2134 superbum.
765 2111 776 2124 »ι
801 2099 843 2126 lbi
866 2100 974 2134 Grego-

198 2145 257 2172 rius
279 2146 312 2178 ¹¹‚
328 2145 365 2172 de
388 2145 578 2179 congruentia
599 2146 661 2179 ejus
684 2153 772 2172 sacrae
794 2145 896 2172 hostiae
919 2153 973 2181 pro

199 2191 415 2225 peccatoribus,
428 2191 510 2225 quod
528 2191 634 2218 «Filius
650 2191 698 2218 Dei
713 2193 803 2218 sactus
815 2194 858 2218 est
871 2191 973 2225 homo,

200 2238 231 2262 ut
241 2236 392 2263 exhiberet
402 2244 509 2271 corpus
519 2244 605 2263 suum
617 2236 793 2263 sacrificium
808 2245 862 2271 pro
874 2245 974 2272 pccca-

200 2281 322 2308 torihus.
339 2291 351 2308 »
374 2284 406 2309 Et
424 2282 466 2309 ibi
481 2282 557 2309 bene
577 2282 613 2309 de
633 2282 699 2309 1100.
717 2282 736 2298 ¹²
756 2292 767 2306 t<
782 2283 886 2310 Dilexit
903 2291 974 2316 nos,

199 2328 226 2353 et
241 2327 361 2354 tradidit
371 2328 559 2363 semetipsum
572 2336 626 2363 pro
637 2327 733 2355 nobis.
747 2328 786 2354 »¹³
799 2329 880 2356 «Una
894 2328 975 2356 obla-

201 2372 278 2399 tione
294 2374 510 2401 consummavit
524 2373 733 2408 sanctificatos,
748 2384 759 2399 »
781 2376 833 2401 etc.
855 2376 925 2402 ltem
945 2374 975 2401 10

232 2431 431 2462 ¹Psal.ex·v111,
451 2435 488 2456 025.
503 2446 533 2450 —
548 2434 629 2463 21sa,
647 2440 716 2464 xxvi,
732 2436 769 2457 22.
788 2447 813 2451 —
829 2435 839 2450 ³
853 2435 933 2463 dean,
951 2441 974 2465 v,

201 2468 239 2490 39.
253 2479 284 2484 -
300 2467 309 2482 δ
325 2466 410 2497 Helua,
427 2474 484 2495 vni,
501 2470 523 2491 8.
538 2482 568 2486 —-
585 2469 593 2482 ⁵
608 2469 766 2499 Lac.,xv111,
783 2470 819 2492 31.
834 2483 864 2486 —
878 2471 887 2483 θ
906 2470 975 2494 Psal.

202 2504 704 2534 0111111711,16.-1Λ«1,1,τ,,ίι’001.κ“ι,
723 2512 749 2528 n.
765 2508 787 2528 ti.
802 2518 832 2522 -—
855 2506 863 2517 *¹
879 2505 976 2535 Tliren„

201 2543 223 2566 i,
247 2539 284 2560 12.
305 2550 335 2555 —
359 2538 368 2551 ‘³
388 2537 473 2568 Helm,
497 2545 528 2568 ιι,
557 2541 591 2562 10.
612 2552 641 2556 -
666 2541 686 2555 ¹¹³
706 2540 763 2567 Job,
788 2545 864 2570 xxvi,
888 2542 926 2564 12.
947 2553 976 2558 ·-

202 2572 219 2587 11
235 2572 321 2602 Greg.‚
341 2572 443 2601 Mor-al„
456 2573 500 2596 lib.
525 2575 601 2603 ΧΥΙΙ,
623 2581 645 2597 0.
664 2575 793 2604 xv111‚al.
813 2581 880 2603 xxx,
894 2582 919 2598 n.
937 2577 975 2599 46.

201 2619 231 2623 —
245 2606 264 2622 ¹²
276 2607 377 2637 Ephes.¹
393 2613 418 2637 v,
432 2609 456 2631 2.
474 2621 500 2625 -
515 2608 534 2624 ¹³
550 2609 634 2637 Hebr„
649 2615 673 2638 x,
692 2611 727 2632 14.
740 2623 769 2626 -
787 2610 802 2623 ¹⁴
815 2611 896 2639 Jocm„
911 2616 975 2640 xvii,

703 196 975 228 COLLATIONES
999 196 1292 229 PRAEDlCABlLES

1026 264 1081 291 hac
1096 264 1230 299 passione
1245 264 1298 292 suit
1309 266 1522 294 consummatio
1543 266 1795 302 dispensationum

1027 312 1054 337 et
1068 318 1192 345 operum
1208 310 1268 337 Filii
1284 310 1330 337 Dei
1346 311 1376 338 in
1392 313 1478 345 terra,
1494 312 1522 339 in
1538 312 1683 346 docendo,
1699 313 1729 340 in
1743 313 1795 341 mi-

1027 356 1127 383 racula
1140 356 1285 390 faciendo,
1303 359 1331 384 et
1345 357 1373 383 in
1387 365 1475 392 opere
1490 358 1701 394 redemptionis
1715 367 1794 386 com-

1029 402 1150 437 plendo.
1174 403 1268 437 Supra
1285 402 1304 418 ¹¹·
1327 411 1333 429 :
1354 413 1367 427 u
1383 404 1460 438 Opus
1473 404 1693 438 consummavi,
1713 405 1795 440 quod

1028 448 1132 475 dedisti
1152 448 1234 475 inihi.
1251 459 1263 474 »
1283 450 1313 476 Et
1328 448 1458 484 loquitur
1472 449 1513 476 ibi
1532 451 1673 485 ponendo
1691 453 1794 486 praete-

1028 494 1115 521 ritum
1134 502 1188 529 pro
1208 494 1320 527 futuro,
1339 497 1370 522 ut
1390 496 1554 530 expositum
1570 499 1611 523 est
1625 496 1666 524 ibi
1682 496 1720 524 ab
1736 499 1795 524 Au-

1029 540 1144 574 guslino
1158 541 1188 572 ¹⁵,
1205 542 1236 567 ut
1249 548 1337 575 supra
1353 541 1371 556 ¹⁴³
1388 550 1411 567 z«
1425 542 1455 568 Ut
1470 541 1619 576 perficiam
1634 550 1708 578 opus
1723 543 1796 577 ejuS,

1029 586 1079 620 qui
1094 585 1172 612 misit
1185 594 1242 613 mc.
1258 597 1270 609 υ
1288 588 1318 613 Et
1333 586 1399 613 ideo
1416 587 1622 614 convenienter
1643 588 1683 615 ait
1703 591 1796 624 Apos-

1028 631 1104 658 tolus
1121 631 1140 648 ¹⁷
1159 641 1164 658 :
1185 641 1198 657 ε(
1212 632 1313 659 Didicit
1328 640 1364 659 ex
1379 632 1435 666 eis,
1452 641 1517 668 quae
1532 641 1635 668 passus
1653 636 1711 668 est,
1725 634 1796 662 obe—

1028 677 1184 712 dientiam,
1209 679 1236 705 et
1258 681 1486 705 consummatus.
1509 689 1522 704 »
1542 680 1611 706 Vere
1633 679 1712 706 enim
1735 679 1797 715 ipse

1028 726 1069 750 est
1080 724 1116 748 ¹⁸«
1125 726 1344 751 consummator
1353 725 1385 759 (a)
1396 725 1641 752 sermonum.»Ad
1649 724 1798 760 110105501-

1027 769 1104 796 vifici
1120 770 1296 805 exemplaris
1310 770 1477 805 exemplum
1492 778 1546 797 nos
1566 770 1709 798 debemus
1730 778 1798 798 con-

1027 823 1175 843 summare
1191 823 1308 842 cursum
1324 816 1388 843 vitre
1407 818 1512 843 nostra:
1533 817 1562 843 in
1584 816 1734 844 voluntate
1754 816 1796 852 ip-

1028 861 1103 894 sius,
1124 861 1242 895 agendo
1262 869 1327 896 quae
1345 862 1371 888 ei
1390 862 1520 896 placent,
1542 865 1568 889 et
1586 869 1640 897 pro
1664 870 1699 889 eo
1713 862 1796 889 susti-

1027 907 1138 940 nendo,
1153 909 1180 934 et
1194 907 1284 934 vitam
1296 907 1531 934 consummando
1546 908 1575 934 in
1590 907 1707 935 servitio
1721 909 1794 942 ejus,

1028 952 1157 980 dicentes
1179 953 1259 987 quod
1280 953 1317 980 ait
1330 952 1452 986 Paulus,
1468 953 1575 980 scilicet
1588 954 1622 981 ¹⁹:
1643 964 1656 979 «
1673 954 1796 981 Cursum

1028 999 1242 1032 consummavi,
1253 999 1343 1026 iidem
1365 999 1489 1026 servavi.
1506 999 1590 1027 »Sed
1614 1000 1650 1026 de
1673 999 1795 1034 quibus-

1028 1045 1096 1071 dam
1108 1045 1273 1072 verificatur
1284 1044 1357 1071 illud
1368 1046 1392 1061 ²0
1405 1054 1429 1071 2«
1441 1047 1513 1072 Cum
1524 1045 1626 1080 spiritu
1641 1045 1794 1080 coeperitis,

1028 1098 1114 1118 carne
1130 1090 1386 1118 consummamini.
1403 1100 1415 1115 ι)

1117 1192 1231 1218 collatio
1255 1192 1492 1225 octoqesz‘maseaeta
1507 1191 1540 1225 (b)
1552 1213 1558 1221 .
1580 1199 1646 1224 mx,
1662 1192 1706 1218 40.

1063 1276 1229 1309 Ace-eperunt
1251 1282 1345 1309 corpus
1365 1276 1427 1302 Jesu
1442 1295 1451 1308 ,
1475 1278 1500 1302 et
1523 1276 1678 1310 ligaverunt
1705 1276 1796 1302 linteis

1027 1324 1052 1348 et
1076 1322 1254 1355 aromatibus,
1278 1322 1330 1348 etc.
1355 1321 1432 1348 Sicut
1452 1321 1540 1348 series
1560 1321 1706 1356 passionis
1729 1322 1796 1349 Jesu

1027 1366 1130 1393 Christi
1155 1368 1196 1393 est
1215 1366 1387 1401 mysterium
1407 1369 1435 1394 et
1453 1368 1669 1394 sacramentum
1691 1368 1796 1393 nostrae

1028 1412 1225 1440 crucifixionis
1246 1413 1419 1448 spiritualis,
1444 1415 1471 1440 01
1490 1413 1662 1440 resurrectio
1687 1413 1796 1448 myste-

1027 1460 1104 1486 rium
1123 1458 1342 1486 resurrectionis
1365 1460 1386 1476 ²²²
1408 1468 1443 1486 z«
1465 1459 1492 1486 Si
1516 1457 1707 1494 complantati
1729 1457 1796 1485 faeti

1027 1505 1166 1532 fuerimus
1182 1504 1364 1531 similitudini
1384 1505 1485 1532 mortis
1506 1506 1583 1539 ejus,
1600 1504 1640 1531 sic
1655 1506 1682 1531 et
1701 1511 1796 1531 resur-

1027 1550 1163 1577 rectionis
1191 1550 1319 1584 erimus3
1343 1560 1356 1576 »
1378 1550 1416 1577 ita
1444 1551 1595 1585 sepultura
1618 1551 1712 1584 potest
1735 1556 1796 1577 esse

1027 1598 1242 1623 sacramentum
1268 1597 1373 1622 nostrae
1400 1596 1556 1630 sepulturae
1579 1596 1747 1631 spirItualiS.
1764 1599 1797 1626 Et

1027 1641 1190 1667 secundnm
1209 1641 1265 1667 hoe
1284 1641 1436 1674 signantur
1456 1641 1503 1668 hic
1523 1642 1710 1676 spiritualiter
1725 1651 1796 1680 qua-

1028 1688 1113 1720 tuor,
1140 1694 1205 1721 quae
1234 1686 1342 1713 debent
1364 1694 1425 1713 esse
1451 1686 1482 1713 in
1504 1687 1603 1714 anima
1627 1689 1798 1724 consepulta

1029 1739 1096 1759 cum
1130 1732 1239 1759 Christo
1265 1741 1272 1759 2
1303 1740 1431 1767 quorum
1460 1732 1589 1767 primum
1617 1736 1659 1761 est
1688 1735 1799 1770 puritas

1029 1778 1198 1811 munditiae,
1214 1777 1296 1813 quod
1309 1780 1426 1805 notatur
1440 1778 1483 1805 ibi
1500 1788 1507 1805 2
1523 1780 1642 1813 Lintec's,
1654 1788 1719 1815 quse
1733 1770 1800 1808 sunt.

1028 1823 1104 1851 sacta
1122 1832 1158 1851 ex
1178 1823 1263 1857 linis,
1286 1826 1313 1851 et
1334 1824 1481 1851 ducuntur
1503 1825 1541 1851 ad
1566 1825 1726 1853 candorem
1745 1834 1798 1862 per

1030 1869 1137 1896 multas
1158 1870 1327 1903 tunsiones,
1349 1878 1402 1904 per
1430 1878 1503 1905 quas
1531 1871 1661 1905 signatur
1688 1871 1800 1900 candor

1030 1915 1190 1942 munditiae.
1215 1915 1294 1942 Unde
1321 1915 1357 1943 de
1383 1915 1506 1942 muliere
1529 1916 1595 1944 forti
1621 1917 1726 1945 dicitur
1748 1917 1769 1935 ²⁵
1790 1927 1796 1945 :

1033 1970 1046 1985 ι(
1073 1961 1209 1994 Quaesivit
1222 1961 1322 1988 lanam
1346 1962 1374 1988 ct
1392 1961 1496 1988 linum.
1514 1972 1526 1987 n
1549 1962 1628 1989 Unde
1649 1971 1738 1998 supra
1751 1962 1773 1980 ²³
1789 1972 1796 1990 :

1032 2016 1046 2032 a
1062 2008 1133 2034 Cum
1157 2006 1316 2041 accepisset
1337 2007 1458 2034 linteum
1482 2008 1632 2042 praecinxit
1655 2016 1706 2042 se;
1735 2019 1748 2035 »
1772 2011 1800 2036 et

1029 2053 1161 2088 sequitur
1179 2062 1184 2079 :
1206 2063 1218 2076 >2
1235 2052 1326 2087 Coepit
1340 2053 1439 2080 lavare
1455 2053 1546 2088 pedes
1561 2054 1776 2089 discipulorum
1787 2075 1797 2087 ,

1030 2101 1056 2126 et
1071 2101 1220 2132 extergere
1234 2098 1323 2125 linteo
1333 2119 1342 2131 ,
1358 2108 1371 2123 n
1385 2101 1451 2131 ete„
1463 2099 1492 2125 in
1507 2099 1603 2133 figura
1616 2099 1704 2134 hujus
1715 2107 1799 2126 mun-

1030 2145 1122 2179 ditiae,
1143 2145 1204 2172 sive
1222 2145 1356 2180 puritatis
1376 2153 1394 2172 a
1414 2145 1484 2172 Filio
1508 2145 1556 2172 Dei
1577 2145 1728 2173 faciendae.
1749 2146 1798 2173 Se-

1031 2191 1129 2218 cundo
1144 2192 1287 2225 figuratur
1301 2198 1438 2225 censura,
1454 2191 1500 2218 vel
1520 2191 1652 2218 custodia
1668 2191 1798 2226 discipli-

1030 2245 1088 2270 nae,
1102 2237 1141 2264 ibi
1158 2246 1164 2263 :
1178 2238 1351 2271 Liqaverunt,
1366 2237 1474 2264 scilicet
1490 2237 1640 2272 praeceptis
1660 2236 1798 2265 salvificae

1032 2282 1194 2318 disciplinae
1210 2281 1230 2297 ‘³³'
1247 2291 1253 2310 ι
1270 2282 1409 2309 »Vincula
1424 2282 1503 2309 illius
1522 2283 1605 2317 quasi
1627 2282 1752 2317 ligatura
1767 2282 1799 2318 (c)

1031 2328 1174 2356 salutaris.
1192 2338 1205 2355 »
1221 2328 1314 2356 Tertio
1332 2328 1474 2363 figuratur
1487 2328 1673 2356 mortificatio
1689 2328 1800 2363 earnis,

1031 2423 1053 2444 [1.
1070 2434 1098 2438 -
1122 2422 1141 2437 ¹²³
1161 2422 1234 2451 Aug„
1255 2422 1326 2444 tract.
1346 2426 1386 2449 ev,
1404 2427 1428 2443 n.
1448 2421 1469 2443 -1,
1485 2433 1515 2437 -
1534 2420 1550 2436 11
1567 2420 1647 2447 loma,
1667 2425 1701 2448 lv,
1716 2420 1754 2443 34.
1771 2433 1797 2437 -—

1032 2457 1049 2473 ¹⁷
1068 2456 1152 2485 Helua,
1171 2461 1194 2484 v,
1210 2456 1261 2478 8-9.
1275 2469 1305 2472 -
1322 2456 1338 2469 ¹⁸
1355 2456 1442 2483 Ecca„
1462 2461 1541 2484 xuni,
1557 2456 1637 2478 011-
1657 2455 1676 2470 ¹⁹
1689 2454 1708 2477 11
1729 2454 1798 2482 Tim„

1033 2497 1068 2521 lv,
1084 2492 1106 2514 7.
1120 2503 1149 2507 —
1165 2491 1184 2505 ²⁰
1200 2490 1268 2519 G‹1l.,
1283 2496 1321 2519 111,
1337 2491 1359 2513 3.
1378 2503 1403 2506 ——-
1420 2490 1437 2505 Ἢ
1455 2490 1531 2518 Reum,
1548 2495 1582 2519 Vi,
1597 2491 1619 2512 ὅ.
1639 2501 1668 2506 -
1683 2489 1702 2504 ²¹
1716 2488 1798 2516 Prov„

1032 2531 1105 2555 xxxx,
1120 2527 1157 2549 13.
1172 2537 1200 2541 -
1216 2524 1236 2539 ²³
1245 2526 1329 2555 loma,
1343 2526 1440 2554 x111,4‚
1452 2525 1475 2549 ὅ.
1488 2538 1517 2541 -
1530 2525 1549 2539 ²⁸
1563 2524 1654 2551 Eccli„
1666 2529 1699 2552 vi,
1713 2525 1752 2546 31.

1064 2573 1096 2603 (ιι)
1117 2572 1188 2603 t'ulq.
1205 2571 1399 2595 consummatio.
1421 2584 1446 2589 --
1470 2571 1502 2601 (ὁ)
1525 2572 1587 2596 caet.
1607 2570 1665 2595 edit.
1685 2570 1802 2601 0010090-

1032 2609 1094 2631 sima
1109 2609 1187 2631 serta.
1204 2620 1233 2625 -
1249 2607 1279 2637 (c)
1300 2607 1371 2637 Γαίῃ.
1389 2607 1528 2637 alligatura.
