1987 3032
200 236 239 265 66
743 230 955 263 EVANGELH
978 230 1114 262 SANCTI
1138 229 1250 262 LUCAE

199 308 326 338 omnes,
342 299 398 340 qui
416 300 525 331 sedent
539 308 636 340 super
656 299 767 330 faciem
783 299 887 329 omnis
903 300 969 328 ter-

198 362 259 392 rae,
275 364 290 382 ι)
309 355 368 384 etc.

238 409 287 437 28.
304 407 462 439 Similiter
478 409 559 436 sicut
580 407 705 445 factzmz
728 409 789 443 est,
813 406 872 434 etc.
898 404 970 435 Post

197 460 436 491 similitudinem
444 461 605 499 sumptam
614 460 750 498 exparte
758 457 868 488 diluvii
878 457 969 487 inun-

196 514 322 551 dantis,
351 513 518 544 introducit
544 511 784 542 similitudinem
814 519 854 540 ex
880 512 968 550 parte

195 567 332 598 incendii
346 565 574 597 consumentis.
591 565 679 595 Circa
698 573 796 604 qnam
819 564 968 595 similitu-

195 620 301 651 dinem
321 620 380 650 tria
402 619 659 656 introducuntur,
687 618 802 649 scilicet
825 618 968 657 ipsorum

194 673 430 704 Sodomitarum
454 671 666 709 demeritum,
693 671 908 711 supplicium,
937 673 968 701 et

193 726 387 766 exemplum.
411 725 571 762 Primum,
595 726 751 764 quantum
775 724 813 754 ad
835 724 968 754 demeri-

192 781 279 817 tum,
302 779 375 810 dicit
396 788 404 808 :
429 778 589 809 Similiter
608 778 688 807 sicul
709 778 834 816 faclwtz
863 781 909 807 est
934 777 967 806 in

192 832 301 863 diebus
315 832 409 869 Lotlz,
426 832 543 862 scillcet
555 832 615 862 viri
628 831 716 870 justi.
738 831 774 861 Et
792 833 866 861 nota
881 830 966 870 quod

192 885 226 915 in
255 885 465 925 descriptione
501 885 677 925 iniquitatis
715 885 825 924 populi
857 885 965 924 impu—

190 938 266 976 dici,
283 938 487 978 praemittitur
498 938 622 977 justitia
636 938 698 967 viri
714 938 811 976 justi,
836 938 911 977 quia
925 946 965 967 ex

189 991 250 1022 hoc
272 992 377 1030 magis
399 993 529 1031 apparet
551 1000 662 1021 corum
686 990 852 1030 impietas,
881 991 965 1030 quod

190 1045 242 1075 vir
253 1046 360 1085 justus
374 1045 458 1074 inter
473 1053 525 1074 eos
538 1045 616 1074 erat.
634 1044 766 1083 Propter
784 1044 869 1083 quod
884 1044 964 1074 dici-

189 1100 258 1129 tur¹
277 1110 283 1130 :
306 1110 321 1127 «
336 1098 460 1129 Justum
482 1098 539 1128 Lot
563 1107 749 1138 oppressum
770 1107 789 1128 a
811 1098 963 1128 nefando-

188 1160 263 1183 rum
278 1151 398 1191 injuria
413 1160 448 1181 ac
461 1151 627 1181 luxuriosa
645 1151 884 1181 conversatione
901 1151 962 1181 eri-

187 1205 268 1245 puit.
290 1204 428 1244 Aspectu
449 1206 537 1235 enim
561 1206 591 1235 et
614 1204 724 1235 auditu
744 1205 853 1243 justus
879 1206 960 1241 erat,

187 1257 333 1288 habitans
348 1258 432 1297 apud
448 1266 518 1296 eOS,
537 1257 642 1297 quide
662 1257 712 1288 die
736 1257 769 1287 in
791 1257 874 1287 diem
896 1258 963 1287 ani-

187 1319 274 1341 mam
289 1312 410 1350 justam
426 1310 544 1349 iniquis
563 1310 712 1349 operibus
733 1310 927 1340 cruciabant.
944 1321 958 1337 >³

188 1363 275 1394 Unde
288 1365 416 1403 propter
425 1363 583 1403 justitiam
595 1363 656 1393 viri
668 1362 749 1402 justi
762 1365 963 1402 aggravatur

187 1418 220 1447 in
232 1417 338 1456 impiis
353 1417 525 1447 enormitas
539 1416 669 1456 pcccati.
683 1416 843 1453 Quantum
858 1417 896 1447 ad
911 1417 962 1447 dc-

185 1470 355 1508 meritum,
372 1469 477 1500 subdit
495 1480 500 1500 :
517 1469 665 1500 Eclehcml
681 1473 710 1499 et
724 1469 884 1507 bibebant,
902 1470 961 1499 sei-

185 1523 258 1553 licet
272 1522 461 1560 Sodomitae,
483 1524 519 1552 ut
533 1522 662 1560 lascivi,
678 1522 760 1553 sicut
776 1522 819 1552 illi
836 1523 873 1553 de
889 1523 960 1562 qui-

185 1576 246 1606 bus
263 1576 295 1606 in
311 1576 443 1607 Ειτοιῖο2
460 1586 466 1605 ;
487 1576 598 1607 «Sedit
617 1576 753 1616 populus
770 1576 961 1607 manducare

187 1631 218 1660 et
241 1629 349 1660 bibere
362 1654 370 1667 ,
396 1631 426 1659 et
442 1631 650 1660 surrexerunt
664 1630 773 1660 ludere
793 1641 826 1660 ι»
848 1632 878 1661 et
897 1639 961 1661 non

187 1683 272 1714 addit
295 1682 381 1722 quod
407 1692 523 1713 uxores
551 1682 721 1720 ducebant,
749 1683 829 1713 sicut
852 1684 958 1723 prius,

187 1736 262 1775 quia
277 1745 341 1766 non
353 1737 524 1775 peccabant
539 1737 715 1767 secundum
730 1739 889 1775 naturam,
907 1737 960 1768 sed

187 1791 296 1820 contra
310 1791 459 1820 naturam
469 1790 478 1806 ⁸
497 1800 503 1819 :
526 1801 540 1818 «
550 1789 700 1820 Homines
713 1789 882 1820 Sodomitae
895 1799 961 1829 pes-

187 1842 257 1873 simi
273 1845 377 1879 erant,
396 1845 427 1872 et
443 1845 621 1882 peccatores
635 1852 742 1873 coram
762 1843 894 1873 Domino
915 1843 962 1873 ni-

187 1895 288 1926 mis.»
304 1895 343 1926 Et
358 1896 453 1926 etiam
468 1896 581 1926 dicitur
593 1899 614 1933 Β,
631 1896 715 1935 qnod
734 1907 749 1923 «
764 1896 962 1926 vallaverunt

188 1948 319 1979 domum
332 1948 390 1980 Lot
403 1958 421 1979 a
434 1958 533 1988 puero
548 1958 649 1988 usque
663 1949 702 1979 ad
715 1958 823 1979 senem
833 1973 841 1987 ‚
857 1949 961 1979 omnis

188 2001 326 2041 populus
340 2002 444 2032 simui.
457 2001 720 2041 Vocaveruntque
735 2002 804 2040 Lot,
825 2003 855 2032 et
870 2002 961 2033 dixe-

189 2057 266 2086 runt
280 2055 306 2086 ei
323 2066 329 2086 :
348 2054 407 2085 Ubi
424 2056 498 2085 sunt
513 2055 574 2085 viri
589 2055 643 2094 qui
662 2055 856 2085 introierunt
876 2055 914 2085 ad
931 2057 962 2086 te

189 2110 299 2139 nocte?
331 2108 437 2139 Adduc
461 2108 530 2139 illos
558 2109 642 2145 huc,
667 2110 702 2139 ut
731 2117 962 2147 cognoscamus

191 2170 254 2192 eos.
268 2172 282 2190 ι)
306 2161 467 2193 Emebcmt
487 2170 514 2192 ez
537 2161 728 2199 vendebant,
751 2164 788 2192 ut
809 2161 898 2192 avari
918 2162 928 2178 ³
953 2173 958 2192 :

197 2226 211 2242 α
234 2214 294 2251 Qui
318 2215 434 2254 quaerit
459 2215 663 2255 locupletari,
690 2214 804 2245 avertit
833 2215 961 2245 oculum

191 2277 297 2299 suum.
315 2268 400 2299 Sicut
410 2269 435 2298 si
451 2269 484 2298 in
495 2268 598 2299 medio
611 2268 806 2307 compaginis
820 2267 961 2307 lapidum

191 2321 283 2360 palus
298 2321 421 2360 figitur,
438 2321 480 2351 sic
495 2323 525 2351 et
539 2321 622 2351 inter
643 2321 783 2351 medium
805 2321 960 2351 venditio-

190 2374 241 2404 nis
247 2375 452 2414 etemptionis
462 2375 699 2414 angustiabitur
710 2376 872 2414 peccatum
884 2374 935 2413 (a).
946 2386 961 2404 »

191 2426 324 2466 Propter
349 2428 434 2467 quod
458 2430 566 2458 contra
589 2428 647 2458 hos
671 2428 784 2458 dicitur
802 2428 812 2443 ‘³
836 2437 842 2458 :
872 2428 960 2464 «Qui

191 2482 321 2518 emunt⁷
349 2482 501 2519 tanquam
526 2489 590 2510 non
614 2481 824 2520 possidentes,
850 2483 880 2511 ot
907 2481 961 2520 qui

190 2535 327 2564 utuntur
340 2533 401 2564 hoc
416 2532 546 2571 mundo,
561 2535 713 2572 tanquam
729 2542 794 2564 non
810 2536 958 2564 utantur:

224 2634 228 2647 ¹
244 2633 263 2656 ΙΙ
282 2633 362 2661 Pena,
379 2637 412 2662 ιι,
426 2632 477 2656 7-8.
492 2644 523 2649 -
538 2631 546 2645 ²
563 2630 655 2660 Erod„
672 2636 764 2662 xxxii,
779 2633 802 2655 6.
819 2645 848 2649 -
863 2633 873 2649 ³
891 2633 962 2663 Gen„

191 2673 248 2698 1111,
263 2669 300 2692 13.
315 2680 345 2686 ——
356 2668 364 2682 ὃ
383 2667 456 2698 tbid.,
471 2673 527 2696 mx,
541 2667 569 2690 45
595 2680 625 2684 —
639 2667 649 2683 ὕ
664 2666 754 2696 Εεείί.,
769 2672 850 2699 xxvii,
868 2670 919 2693 1-‘2-
932 2681 961 2686 —

191 2704 201 2721 ⁰
215 2705 225 2729 l
241 2704 308 2733 Cor„
323 2709 369 2735 vn,
385 2704 509 2727 30-31.—
524 2701 533 2718 ⁷
549 2703 623 2732 Sup.‚
638 2706 684 2732 ΧΗ,
701 2703 739 2733 19,
751 2703 790 2727 20.
801 2716 831 2721 -—
845 2704 855 2721 ⁸
867 2705 961 2735 Amos„

1027 298 1167 337 praeterit
1184 298 1269 328 enim
1290 299 1399 338 figura
1418 299 1518 339 hujus
1539 298 1685 329 mundi.»
1705 296 1799 329 Plan-

1027 350 1138 381 tabant
1153 355 1183 381 et
1198 351 1413 390 (edificabant,
1430 352 1511 383 sicut
1530 351 1651 389 securi,
1668 350 1724 391 qui
1743 350 1799 381 de-

1026 404 1136 434 berent
1150 404 1182 434 in
1197 404 1343 435 domibus
1360 405 1518 441 habitare,
1539 407 1570 435 et
1590 406 1728 435 fructum
1749 412 1799 434 ar-

1026 457 1140 487 borum
1156 458 1329 494 comedere,
1344 458 1423 487 sicut
1433 457 1484 488 ille
1494 457 1581 488 dives
1592 460 1602 477 ⁷
1616 469 1622 488 z
1645 469 1659 486 (ι
1669 457 1797 494 Anima,

1025 510 1123 540 habes
1137 510 1237 540 multa
1252 510 1332 540 bona
1350 510 1452 549 posita
1467 510 1500 540 in
1513 519 1614 541 annos
1631 510 1797 550 plurimos.

1025 563 1086 593 Sed
1098 563 1251 593 Dominus
1263 563 1336 593 dicit
1348 563 1374 593 ei
1388 574 1394 594 :
1409 562 1521 601 Stulte,
1533 563 1592 594 hac
1602 565 1724 601 nocte,»
1739 564 1797 594 etc.

1024 616 1062 647 lit
1078 617 1147 647 ideo
1161 617 1257 647 Amos
1270 618 1280 634 ⁸
1294 627 1300 646 ε
1319 628 1333 645 κ
1344 616 1459 647 Domos
1474 615 1595 655 quadro
1607 615 1709 655 lapide
1723 615 1800 646 aedi-

1024 669 1172 707 ficabitis,
1191 672 1221 699 et
1244 678 1309 700 non
1330 669 1510 699 habitabitis
1531 668 1563 698 in
1587 668 1632 699 eis
1656 678 1662 698 :
1688 667 1800 699 vineas

1024 722 1204 762 plantabitis
1218 722 1470 760 amantissimas,
1487 724 1516 753 et
1532 730 1597 752 non
1617 721 1731 752 bibetis
1753 720 1800 751 vi-

1024 785 1103 806 num
1130 785 1241 806 earum
1252 801 1259 814 ‚
1288 776 1363 816 quia
1387 775 1524 815 cognovi
1551 774 1652 805 multa
1680 774 1799 806 scelera

1024 831 1139 859 vestra.
1155 840 1169 856 »
1189 828 1260 859 Ideo
1278 829 1399 860 Ιςαίαε9
1415 838 1421 858 :
1440 840 1455 856 «
1466 827 1521 858 Vae
1533 828 1587 868 qui
1601 827 1799 868 conjungitis

1024 882 1154 912 domum
1171 882 1210 912 ad
1225 882 1373 920 domum,
1389 884 1420 912 et
1435 890 1551 921 agrum
1571 889 1652 920 agro
1674 881 1800 921 copula-

1023 936 1062 965 tis
1076 944 1177 975 usque
1192 935 1230 965 ad
1245 935 1419 966 terminum
1430 935 1500 965 loci.
1514 946 1527 963 ι)
1544 934 1622 971 Quia
1633 934 1734 974 igitur
1744 933 1797 965 So-

1022 989 1150 1019 domitae
1165 990 1195 1019 et
1210 988 1319 1018 lascivi
1339 990 1428 1019 erant
1442 990 1473 1018 et
1491 988 1596 1025 avari,
1622 989 1653 1018 et
1674 988 1796 1026 securi,

1022 1042 1091 1073 ideo
1106 1044 1196 1072 erant
1208 1042 1256 1072 ira
1271 1042 1379 1071 divina
1393 1041 1485 1080 digni
1496 1041 1517 1060 ¹⁰
1533 1051 1540 1071 z
1555 1052 1568 1069 «
1581 1040 1655 1071 Haec
1668 1041 1727 1072 fuit
1741 1041 1799 1071 ini-

1021 1095 1125 1135 quitas
1141 1095 1287 1126 Sodomae
1302 1095 1419 1125 sororis
1435 1096 1498 1125 tuae
1516 1105 1522 1124 z
1542 1094 1700 1134 superbia,
1717 1095 1798 1124 satu-

1020 1149 1096 1178 ritas
1112 1148 1201 1188 panis
1216 1150 1245 1178 et
1260 1147 1471 1185 abundantia,
1490 1149 1519 1177 et
1535 1147 1637 1177 otium
1653 1147 1754 1187 ipsius
1768 1149 1799 1177 et

1022 1202 1160 1232 filiarum
1181 1202 1249 1239 ejus
1266 1212 1272 1230 :
1290 1202 1321 1230 ct
1342 1209 1474 1231 manum
1491 1208 1593 1239 egeno
1615 1201 1645 1230 et
1666 1199 1797 1240 pauperi

1020 1264 1083 1285 non
1099 1255 1316 1294 porrigebant.
1329 1265 1343 1281 J)

1060 1308 1223 1345 Secundo,
1247 1309 1403 1346 quantum
1427 1306 1466 1337 ad
1493 1306 1704 1346 supplicium,
1720 1307 1796 1338 sub-

1019 1360 1064 1390 dit
1082 1360 1126 1399 (v.
1144 1360 1193 1399 29]
1215 1371 1220 1390 :
1241 1360 1313 1399 Qua
1328 1359 1378 1389 (lie
1393 1363 1501 1389 autem
1522 1359 1599 1389 escz'z't
1613 1359 1672 1390 Lot
1695 1368 1716 1389 a
1733 1359 1797 1391 So-

1019 1413 1121 1443 (lonn's
1134 1437 1141 1450 ‚
1157 1422 1214 1452 per
1235 1413 1418 1452 aequitatem
1432 1412 1549 1443 divina).
1566 1412 1701 1452 justitiae
1721 1412 1796 1444 libe-

1018 1467 1116 1497 rantis
1132 1467 1149 1482 ¹¹
1166 1478 1172 1496 :
1194 1477 1208 1493 a
1222 1465 1510 1506 Apprehenderunt
1531 1465 1638 1504 angeli
1660 1474 1793 1497 manum

1018 1519 1091 1556 Lot,
1108 1522 1139 1549 et
1158 1528 1289 1549 manum
1308 1518 1428 1554 uxoris,
1445 1527 1481 1548 ac
1500 1518 1637 1549 duarum
1656 1519 1793 1550 tiliarum

1018 1573 1102 1611 ejus,
1117 1582 1154 1602 eo
1169 1572 1254 1612 qnod
1271 1574 1412 1611 parceret
1428 1571 1579 1602 Dominus
1593 1571 1657 1602 illi:
1674 1572 1792 1603 eduxe-

1019 1629 1157 1666 runtque
1175 1636 1261 1663 eum,
1278 1628 1307 1656 ct
1323 1628 1498 1666 posuerunt
1511 1627 1599 1656 extra
1615 1626 1791 1663 civitatem3

1017 1679 1123 1720 ibique
1140 1680 1237 1711 locuti
1253 1681 1327 1710 sunt
1342 1680 1380 1709 ad
1397 1688 1487 1717 eum,
1509 1679 1648 1710 dieentes
1666 1690 1673 1709 :
1699 1677 1794 1710 Salva

1017 1733 1157 1763 animam
1172 1735 1259 1763 tuam
1271 1757 1278 1771 ⁷
1297 1743 1310 1760 »
1336 1734 1395 1763 etc.
1421 1733 1457 1761 Et
1476 1732 1557 1762 infra
1578 1743 1584 1762 :
1607 1732 1794 1763 «Liberavit

1017 1785 1172 1816 Dominus
1206 1785 1261 1816 Lot
1289 1786 1327 1816 de
1362 1785 1568 1815 subversione
1600 1785 1733 1816 urbium
1759 1786 1792 1816 in

1017 1841 1134 1881 quibus
1154 1841 1389 1871 habitaverat.»
1415 1840 1449 1870 ln
1471 1849 1534 1880 quo
1558 1839 1615 1871 Lot
1637 1841 1720 1879 gerit
1740 1842 1790 1881 ty-

1017 1903 1095 1933 pum
1114 1895 1296 1932 justorum,
1316 1894 1371 1934 qui
1394 1893 1606 1932 egrediuntur
1629 1893 1667 1924 de
1687 1893 1792 1925 medio

1018 1947 1188 1977 malorum.
1214 1947 1301 1977 Unde
1325 1947 1433 1978 Glossa
1454 1957 1461 1976 ε
1493 1947 1593 1985 «Lot,
1614 1947 1669 1987 qui
1693 1947 1790 1978 inter-

1017 2002 1160 2040 pretatur
1174 2000 1352 2038 cleclz'mms,
1373 2002 1419 2031 est
1441 2000 1576 2041 populus
1597 2000 1789 2038 electorum,

1017 2054 1072 2093 qui
1087 2053 1164 2083 dum
1180 2053 1213 2083 in
1230 2052 1393 2093 Sodomis,
1410 2053 1440 2084 id
1455 2056 1517 2090 est,
1533 2054 1614 2084 inter
1628 2054 1789 2094 reprobos,

1017 2110 1052 2138 ut
1067 2107 1190 2138 advena
1204 2110 1359 2145 moratur,
1374 2110 1531 2147 quantum
1551 2108 1649 2145 valet,
1675 2108 1791 2138 scelera

1017 2170 1130 2191 eorum
1145 2161 1290 2191 declinat.
1303 2171 1317 2188 »
1337 2160 1375 2191 Et
1390 2160 1449 2190 hoc
1464 2161 1639 2191 secundum
1654 2160 1733 2191 illud
1743 2162 1767 2180 ¹²
1781 2169 1789 2190 z

1022 2225 1035 2241 «
1050 2213 1142 2244 Exite
1158 2214 1195 2244 de
1212 2214 1316 2244 medio
1330 2222 1457 2250 eorum,
1473 2215 1504 2244 et
1518 2213 1730 2253 separamini,
1746 2213 1792 2244 di-

1017 2267 1057 2297 cit
1072 2267 1241 2305 Dominus,
1264 2269 1294 2297 et
1315 2267 1518 2297 immundum
1542 2276 1583 2297 ne
1602 2265 1788 2306 tetigeritis,

1017 2323 1047 2350 et
1059 2329 1121 2359 ego
1135 2321 1284 2360 recipiam
1298 2329 1354 2351 vos
1367 2331 1373 2350 :
1391 2323 1422 2351 ct
1435 2329 1490 2351 ero
1504 2320 1593 2351 vobis
1608 2319 1640 2350 in
1655 2320 1788 2359 patrem,

1017 2376 1047 2403 et
1063 2383 1121 2403 vos
1136 2374 1223 2404 eritis
1239 2374 1317 2404 mihi
1329 2374 1362 2404 in
1377 2374 1460 2404 filios
1475 2376 1504 2404 et
1523 2373 1555 2403 in
1569 2372 1661 2403 filias.
1673 2383 1687 2401 n
1703 2372 1791 2403 Libe-

1016 2428 1099 2458 ravit
1120 2437 1198 2467 ergo
1221 2428 1328 2459 divina
1344 2427 1467 2467 justitia
1487 2427 1544 2457 Lot
1560 2428 1704 2466 J'ustum,
1725 2428 1755 2456 et
1773 2434 1790 2456 e

1017 2482 1174 2512 contrario
1191 2482 1325 2522 perdidit
1340 2481 1494 2521 populum
1509 2480 1654 2520 impium.
1671 2479 1709 2510 Et
1722 2478 1790 2509 ideo

1017 2535 1121 2565 addit:
1138 2535 1228 2566 I'lzcit
1242 2536 1346 2575 iqnem
1365 2538 1394 2566 ec
1407 2533 1544 2574 sulphur
1560 2532 1598 2563 cle
1613 2531 1708 2570 coelo,
1730 2542 1745 2561 α
1760 2533 1791 2563 et

1017 2625 1042 2650 v,
1060 2621 1144 2643 11-12.
1166 2633 1196 2637 —
1213 2621 1221 2634 ⁰
1241 2620 1300 2649 1³11„
1323 2626 1347 2650 v,
1372 2621 1395 2643 8.
1414 2632 1444 2637 —
1464 2619 1483 2635 ¹⁸
1502 2617 1602 2647 Ezech„
1623 2623 1681 2647 xvr,
1703 2618 1742 2642 49.
1760 2629 1791 2635 —

1018 2655 1032 2668 ¹¹
1050 2654 1121 2685 Gen„
1136 2660 1190 2685 mx,
1210 2656 1290 2685 Iti-17,
1306 2657 1345 2679 29.
1358 2668 1389 2672 —
1405 2655 1425 2671 ¹¹
1438 2655 1457 2678 ΙΙ
1475 2654 1544 2682 Cor„
1559 2658 1594 2683 vt,
1611 2653 1695 2677 17-18.

1050 2705 1080 2735 (a)
1098 2704 1158 2729 Coee.
1172 2705 1233 2730 edit.
1248 2705 1366 2736 peccatis.

1977 2446 1980 2451 1
1975 2308 1987 2406 -,,,τ,.
1980 2272 1987 2283 „¹
