<?xml version="1.0" encoding="UTF-8"?>
<!DOCTYPE html PUBLIC "-//W3C//DTD XHTML 1.0 Transitional//EN"
    "http://www.w3.org/TR/xhtml1/DTD/xhtml1-transitional.dtd">
<html xmlns="http://www.w3.org/1999/xhtml" xml:lang="en" lang="en">
 <head>
  <title>
</title>
<meta http-equiv="Content-Type" content="text/html;charset=utf-8" />
  <meta name='ocr-system' content='tesseract 3.04.00' />
  <meta name='ocr-capabilities' content='ocr_page ocr_carea ocr_par ocr_line ocrx_word'/>
</head>
<body>
  <div class='ocr_page' id='page_1' title='image "./operaomniasixtiv11bonauoft/operaomniasixtiv11bonauoft_0280.png"; bbox 0 0 1987 3032; ppageno 0'>
   <div class='ocr_carea' id='block_1_1' title="bbox 71 1926 178 2012">
    <p class='ocr_par' dir='ltr' id='par_1_1' title="bbox 71 1926 178 2012">
     <span class='ocr_line' id='line_1_1' title="bbox 85 1926 178 1947; baseline -0.022 0"><span class='ocrx_word' id='word_1_1' title='bbox 85 1928 96 1947; x_wconf 83' lang='lat' dir='ltr'>J</span> <span class='ocrx_word' id='word_1_2' title='bbox 100 1926 178 1947; x_wconf 80' lang='lat' dir='ltr'>oannis</span> 
     </span>
     <span class='ocr_line' id='line_1_2' title="bbox 73 1958 177 1978; baseline -0.019 0"><span class='ocrx_word' id='word_1_3' title='bbox 73 1958 177 1978; x_wconf 75' lang='lat' dir='ltr'>affectuo-</span> 
     </span>
     <span class='ocr_line' id='line_1_3' title="bbox 71 1991 133 2012; baseline -0.032 0"><span class='ocrx_word' id='word_1_4' title='bbox 71 1991 133 2012; x_wconf 75' lang='lat' dir='ltr'>sitas.</span> 
     </span>
    </p>
   </div>
   <div class='ocr_carea' id='block_1_2' title="bbox 173 180 233 211">
    <p class='ocr_par' dir='ltr' id='par_1_2' title="bbox 173 180 233 211">
     <span class='ocr_line' id='line_1_4' title="bbox 173 180 233 211; baseline 0 0"><span class='ocrx_word' id='word_1_5' title='bbox 173 180 233 211; x_wconf 71' lang='lat'>264</span> 
     </span>
    </p>
   </div>
   <div class='ocr_carea' id='block_1_3' title="bbox 172 245 971 2421">
    <p class='ocr_par' dir='ltr' id='par_1_3' title="bbox 172 245 953 1073">
     <span class='ocr_line' id='line_1_5' title="bbox 172 245 944 284; baseline 0.001 -10"><span class='ocrx_word' id='word_1_6' title='bbox 172 245 242 274; x_wconf 87' lang='lat' dir='ltr'>mile</span> <span class='ocrx_word' id='word_1_7' title='bbox 262 246 302 274; x_wconf 87' lang='lat' dir='ltr'>ait</span> <span class='ocrx_word' id='word_1_8' title='bbox 323 247 478 282; x_wconf 85' lang='lat' dir='ltr'>Gregorius</span> <span class='ocrx_word' id='word_1_9' title='bbox 497 249 518 282; x_wconf 87' lang='lat'>¹,</span> <span class='ocrx_word' id='word_1_10' title='bbox 533 250 599 284; x_wconf 88' lang='lat' dir='ltr'>post</span> <span class='ocrx_word' id='word_1_11' title='bbox 613 247 808 284; x_wconf 84' lang='lat' dir='ltr'>principium,</span> <span class='ocrx_word' id='word_1_12' title='bbox 821 247 873 275; x_wconf 92' lang='lat' dir='ltr'>ubi</span> <span class='ocrx_word' id='word_1_13' title='bbox 886 247 944 275; x_wconf 90' lang='lat' dir='ltr'>hoc</span> 
     </span>
     <span class='ocr_line' id='line_1_6' title="bbox 175 292 946 330; baseline 0.001 -10"><span class='ocrx_word' id='word_1_14' title='bbox 175 292 314 328; x_wconf 78' lang='lat' dir='ltr'><strong>exponit:</strong></span> <span class='ocrx_word' id='word_1_15' title='bbox 335 302 347 319; x_wconf 92' lang='lat'>«</span> <span class='ocrx_word' id='word_1_16' title='bbox 362 294 462 329; x_wconf 84' lang='lat' dir='ltr'>Quasi,</span> <span class='ocrx_word' id='word_1_17' title='bbox 477 294 587 330; x_wconf 85' lang='lat' dir='ltr'>inquit,</span> <span class='ocrx_word' id='word_1_18' title='bbox 603 294 650 321; x_wconf 89' lang='lat' dir='ltr'>hic</span> <span class='ocrx_word' id='word_1_19' title='bbox 665 302 726 322; x_wconf 92' lang='lat' dir='ltr'>non</span> <span class='ocrx_word' id='word_1_20' title='bbox 740 302 795 329; x_wconf 91' lang='lat' dir='ltr'>pro</span> <span class='ocrx_word' id='word_1_21' title='bbox 812 294 946 321; x_wconf 81' lang='lat' dir='ltr'>similitu-</span> 
     </span>
     <span class='ocr_line' id='line_1_7' title="bbox 175 339 946 376; baseline 0.001 -10"><span class='ocrx_word' id='word_1_22' title='bbox 175 339 258 371; x_wconf 83' lang='lat' dir='ltr'>dine,</span> <span class='ocrx_word' id='word_1_23' title='bbox 274 339 327 367; x_wconf 88' lang='lat' dir='ltr'>sed</span> <span class='ocrx_word' id='word_1_24' title='bbox 340 347 394 376; x_wconf 87' lang='lat' dir='ltr'>pro</span> <span class='ocrx_word' id='word_1_25' title='bbox 409 341 526 368; x_wconf 85' lang='lat' dir='ltr'>veritate</span> <span class='ocrx_word' id='word_1_26' title='bbox 540 340 669 376; x_wconf 87' lang='lat' dir='ltr'>ponitur.</span> <span class='ocrx_word' id='word_1_27' title='bbox 685 350 698 367; x_wconf 87' lang='lat'>»</span> <span class='ocrx_word' id='word_1_28' title='bbox 723 342 755 368; x_wconf 87' lang='lat' dir='ltr'>Et</span> <span class='ocrx_word' id='word_1_29' title='bbox 776 340 851 368; x_wconf 90' lang='lat' dir='ltr'>bene</span> <span class='ocrx_word' id='word_1_30' title='bbox 865 349 872 367; x_wconf 90' lang='lat'>:</span> <span class='ocrx_word' id='word_1_31' title='bbox 896 342 946 368; x_wconf 85' lang='lat' dir='ltr'>Vi-</span> 
     </span>
     <span class='ocr_line' id='line_1_8' title="bbox 175 385 947 422; baseline 0 -9"><span class='ocrx_word' id='word_1_32' title='bbox 175 385 262 413; x_wconf 80' lang='lat' dir='ltr'><em>dimus</em></span> <span class='ocrx_word' id='word_1_33' title='bbox 272 387 387 421; x_wconf 80' lang='lat' dir='ltr'>9l0riam</span> <span class='ocrx_word' id='word_1_34' title='bbox 397 389 547 421; x_wconf 69' lang='lat' dir='ltr'>unigeniti,</span> <span class='ocrx_word' id='word_1_35' title='bbox 557 387 628 422; x_wconf 89' lang='lat' dir='ltr'>quia</span> <span class='ocrx_word' id='word_1_36' title='bbox 637 386 765 414; x_wconf 88' lang='lat' dir='ltr'>vidimus</span> <span class='ocrx_word' id='word_1_37' title='bbox 777 387 875 422; x_wconf 91' lang='lat' dir='ltr'>ipsum</span> <span class='ocrx_word' id='word_1_38' title='bbox 884 386 947 414; x_wconf 93' lang='lat' dir='ltr'>uni-</span> 
     </span>
     <span class='ocr_line' id='line_1_9' title="bbox 176 432 944 468; baseline 0 -8"><span class='ocrx_word' id='word_1_39' title='bbox 176 432 307 466; x_wconf 77' lang='lat' dir='ltr'>genitum</span> <span class='ocrx_word' id='word_1_40' title='bbox 315 442 323 468; x_wconf 86' lang='lat'>;</span> <span class='ocrx_word' id='word_1_41' title='bbox 353 434 461 468; x_wconf 76' lang='lat' dir='ltr'>plenum</span> <span class='ocrx_word' id='word_1_42' title='bbox 486 435 582 467; x_wconf 70' lang='lat' dir='ltr'>qratiae</span> <span class='ocrx_word' id='word_1_43' title='bbox 590 453 599 467; x_wconf 90' lang='lat'>,</span> <span class='ocrx_word' id='word_1_44' title='bbox 625 433 663 460; x_wconf 81' lang='lat' dir='ltr'>ad</span> <span class='ocrx_word' id='word_1_45' title='bbox 686 433 944 467; x_wconf 84' lang='lat' dir='ltr'>sanctificandum3</span> 
     </span>
     <span class='ocr_line' id='line_1_10' title="bbox 173 479 947 514; baseline 0.001 -8"><span class='ocrx_word' id='word_1_46' title='bbox 173 481 283 514; x_wconf 80' lang='lat' dir='ltr'>plenum</span> <span class='ocrx_word' id='word_1_47' title='bbox 297 481 436 513; x_wconf 79' lang='lat' dir='ltr'>veritatis,</span> <span class='ocrx_word' id='word_1_48' title='bbox 449 479 488 506; x_wconf 89' lang='lat' dir='ltr'>ad</span> <span class='ocrx_word' id='word_1_49' title='bbox 501 479 730 507; x_wconf 84' lang='lat' dir='ltr'>illuminandum</span> <span class='ocrx_word' id='word_1_50' title='bbox 742 488 748 506; x_wconf 92' lang='lat'>:</span> <span class='ocrx_word' id='word_1_51' title='bbox 764 481 872 514; x_wconf 82' lang='lat' dir='ltr'>plenum</span> <span class='ocrx_word' id='word_1_52' title='bbox 887 488 947 514; x_wconf 73' lang='lat' dir='ltr'>qra-</span> 
     </span>
     <span class='ocr_line' id='line_1_11' title="bbox 177 525 948 561; baseline 0.001 -9"><span class='ocrx_word' id='word_1_53' title='bbox 177 527 238 561; x_wconf 73' lang='grc' dir='ltr'><strong>τίω,</strong></span> <span class='ocrx_word' id='word_1_54' title='bbox 255 525 325 561; x_wconf 81' lang='lat' dir='ltr'>quia</span> <span class='ocrx_word' id='word_1_55' title='bbox 338 525 397 552; x_wconf 88' lang='lat' dir='ltr'>vita</span> <span class='ocrx_word' id='word_1_56' title='bbox 403 534 411 559; x_wconf 77' lang='lat'><em>3</em></span> <span class='ocrx_word' id='word_1_57' title='bbox 427 527 534 559; x_wconf 82' lang='lat' dir='ltr'>plenum</span> <span class='ocrx_word' id='word_1_58' title='bbox 546 527 688 560; x_wconf 77' lang='lat' dir='ltr'>veritatis,</span> <span class='ocrx_word' id='word_1_59' title='bbox 704 525 776 561; x_wconf 87' lang='lat' dir='ltr'>quia</span> <span class='ocrx_word' id='word_1_60' title='bbox 787 525 839 553; x_wconf 81' lang='lat' dir='ltr'>lux</span> <span class='ocrx_word' id='word_1_61' title='bbox 854 526 948 553; x_wconf 88' lang='lat' dir='ltr'>homi-</span> 
     </span>
     <span class='ocr_line' id='line_1_12' title="bbox 177 571 948 606; baseline -0.001 -6"><span class='ocrx_word' id='word_1_62' title='bbox 177 579 270 600; x_wconf 90' lang='lat' dir='ltr'>num:</span> <span class='ocrx_word' id='word_1_63' title='bbox 290 573 397 606; x_wconf 83' lang='lat' dir='ltr'>plenum</span> <span class='ocrx_word' id='word_1_64' title='bbox 418 573 529 605; x_wconf 64' lang='lat' dir='ltr'>metite,</span> <span class='ocrx_word' id='word_1_65' title='bbox 551 571 590 599; x_wconf 83' lang='lat' dir='ltr'>ad</span> <span class='ocrx_word' id='word_1_66' title='bbox 614 571 805 600; x_wconf 74' lang='lat' dir='ltr'>auferendam</span> <span class='ocrx_word' id='word_1_67' title='bbox 829 580 948 600; x_wconf 89' lang='lat' dir='ltr'>omnem</span> 
     </span>
     <span class='ocr_line' id='line_1_13' title="bbox 179 618 949 654; baseline -0.001 -8"><span class='ocrx_word' id='word_1_68' title='bbox 179 618 311 654; x_wconf 82' lang='lat' dir='ltr'>culpam3</span> <span class='ocrx_word' id='word_1_69' title='bbox 333 618 441 652; x_wconf 81' lang='lat' dir='ltr'>plenum</span> <span class='ocrx_word' id='word_1_70' title='bbox 461 619 601 653; x_wconf 81' lang='lat' dir='ltr'>veritatis,</span> <span class='ocrx_word' id='word_1_71' title='bbox 623 618 663 646; x_wconf 89' lang='lat' dir='ltr'>ad</span> <span class='ocrx_word' id='word_1_72' title='bbox 683 618 845 646; x_wconf 84' lang='lat' dir='ltr'>tollendam</span> <span class='ocrx_word' id='word_1_73' title='bbox 866 619 949 654; x_wconf 85' lang='lat' dir='ltr'>igno-</span> 
     </span>
     <span class='ocr_line' id='line_1_14' title="bbox 178 665 950 701; baseline 0 -9"><span class='ocrx_word' id='word_1_74' title='bbox 178 665 313 693; x_wconf 86' lang='lat' dir='ltr'>rantiam.</span> <span class='ocrx_word' id='word_1_75' title='bbox 330 665 421 699; x_wconf 83' lang='lat' dir='ltr'>Infra,</span> <span class='ocrx_word' id='word_1_76' title='bbox 440 665 547 693; x_wconf 90' lang='lat' dir='ltr'>eodem</span> <span class='ocrx_word' id='word_1_77' title='bbox 561 665 588 692; x_wconf 77' lang='lat'>²:</span> <span class='ocrx_word' id='word_1_78' title='bbox 609 674 622 691; x_wconf 75' lang='grc' dir='ltr'>(ι</span> <span class='ocrx_word' id='word_1_79' title='bbox 636 666 673 692; x_wconf 90' lang='lat' dir='ltr'>De</span> <span class='ocrx_word' id='word_1_80' title='bbox 688 665 872 701; x_wconf 79' lang='lat' dir='ltr'>plenitudine</span> <span class='ocrx_word' id='word_1_81' title='bbox 887 666 950 700; x_wconf 87' lang='lat' dir='ltr'>ejus</span> 
     </span>
     <span class='ocr_line' id='line_1_15' title="bbox 179 711 949 747; baseline 0.001 -9"><span class='ocrx_word' id='word_1_82' title='bbox 179 711 345 747; x_wconf 82' lang='lat' dir='ltr'>accepimus</span> <span class='ocrx_word' id='word_1_83' title='bbox 358 719 469 739; x_wconf 86' lang='lat' dir='ltr'>omnes.</span> <span class='ocrx_word' id='word_1_84' title='bbox 485 721 499 738; x_wconf 69' lang='lat' dir='ltr'>n</span> <span class='ocrx_word' id='word_1_85' title='bbox 517 713 549 739; x_wconf 84' lang='lat' dir='ltr'>Et</span> <span class='ocrx_word' id='word_1_86' title='bbox 563 711 670 739; x_wconf 84' lang='lat' dir='ltr'>eodem</span> <span class='ocrx_word' id='word_1_87' title='bbox 683 712 693 728; x_wconf 74' lang='lat'>³</span> <span class='ocrx_word' id='word_1_88' title='bbox 709 721 736 739; x_wconf 80' lang='lat'>2«</span> <span class='ocrx_word' id='word_1_89' title='bbox 751 712 845 739; x_wconf 79' lang='lat' dir='ltr'><strong>Gratia</strong></span> <span class='ocrx_word' id='word_1_90' title='bbox 860 713 888 739; x_wconf 88' lang='lat' dir='ltr'>et</span> <span class='ocrx_word' id='word_1_91' title='bbox 900 719 949 739; x_wconf 90' lang='lat' dir='ltr'>ve-</span> 
     </span>
     <span class='ocr_line' id='line_1_16' title="bbox 178 758 951 794; baseline -0.001 -8"><span class='ocrx_word' id='word_1_92' title='bbox 178 758 248 786; x_wconf 89' lang='lat' dir='ltr'>ritas</span> <span class='ocrx_word' id='word_1_93' title='bbox 262 766 315 794; x_wconf 89' lang='lat' dir='ltr'>per</span> <span class='ocrx_word' id='word_1_94' title='bbox 327 760 424 786; x_wconf 85' lang='lat' dir='ltr'>Jesum</span> <span class='ocrx_word' id='word_1_95' title='bbox 439 758 593 786; x_wconf 80' lang='lat' dir='ltr'>Christum.</span> <span class='ocrx_word' id='word_1_96' title='bbox 605 769 618 783; x_wconf 75' lang='lat' dir='ltr'>n</span> <span class='ocrx_word' id='word_1_97' title='bbox 636 760 667 786; x_wconf 87' lang='lat' dir='ltr'>Et</span> <span class='ocrx_word' id='word_1_98' title='bbox 682 758 722 786; x_wconf 89' lang='lat' dir='ltr'>ibi</span> <span class='ocrx_word' id='word_1_99' title='bbox 736 759 771 786; x_wconf 90' lang='lat' dir='ltr'>de</span> <span class='ocrx_word' id='word_1_100' title='bbox 786 759 853 786; x_wconf 86' lang='lat' dir='ltr'>hoc.</span> <span class='ocrx_word' id='word_1_101' title='bbox 865 758 951 791; x_wconf 83' lang='lat' dir='ltr'>Quod</span> 
     </span>
     <span class='ocr_line' id='line_1_17' title="bbox 180 805 951 841; baseline -0.003 -8"><span class='ocrx_word' id='word_1_102' title='bbox 180 813 251 841; x_wconf 87' lang='lat' dir='ltr'>ergo</span> <span class='ocrx_word' id='word_1_103' title='bbox 266 805 306 833; x_wconf 83' lang='lat' dir='ltr'>ait</span> <span class='ocrx_word' id='word_1_104' title='bbox 322 814 328 833; x_wconf 92' lang='lat'>:</span> <span class='ocrx_word' id='word_1_105' title='bbox 349 806 474 833; x_wconf 75' lang='lat' dir='ltr'><em>Vidimus</em></span> <span class='ocrx_word' id='word_1_106' title='bbox 491 806 606 840; x_wconf 62' lang='lat' dir='ltr'>gloriam</span> <span class='ocrx_word' id='word_1_107' title='bbox 620 807 771 839; x_wconf 64' lang='lat' dir='ltr'>unigeniti,</span> <span class='ocrx_word' id='word_1_108' title='bbox 788 805 951 839; x_wconf 83' lang='lat' dir='ltr'>intelligen-</span> 
     </span>
     <span class='ocr_line' id='line_1_18' title="bbox 179 851 950 887; baseline -0.003 -8"><span class='ocrx_word' id='word_1_109' title='bbox 179 851 252 879; x_wconf 93' lang='lat' dir='ltr'>dum</span> <span class='ocrx_word' id='word_1_110' title='bbox 268 853 412 887; x_wconf 87' lang='lat' dir='ltr'>quantum</span> <span class='ocrx_word' id='word_1_111' title='bbox 427 851 466 879; x_wconf 85' lang='lat' dir='ltr'>ad</span> <span class='ocrx_word' id='word_1_112' title='bbox 481 851 678 885; x_wconf 61' lang='lat' dir='ltr'>divinitatem</span> <span class='ocrx_word' id='word_1_113' title='bbox 695 851 777 886; x_wconf 89' lang='lat' dir='ltr'>quod</span> <span class='ocrx_word' id='word_1_114' title='bbox 797 859 867 877; x_wconf 81' lang='lat' dir='ltr'>vero</span> <span class='ocrx_word' id='word_1_115' title='bbox 880 851 950 878; x_wconf 88' lang='lat' dir='ltr'>sub-</span> 
     </span>
     <span class='ocr_line' id='line_1_19' title="bbox 180 897 952 933; baseline -0.001 -8"><span class='ocrx_word' id='word_1_116' title='bbox 180 898 280 925; x_wconf 84' lang='lat' dir='ltr'>ditur:</span> <span class='ocrx_word' id='word_1_117' title='bbox 300 899 410 926; x_wconf 78' lang='lat' dir='ltr'>Plenum</span> <span class='ocrx_word' id='word_1_118' title='bbox 429 900 540 932; x_wconf 72' lang='lat' dir='ltr'>qratioe,</span> <span class='ocrx_word' id='word_1_119' title='bbox 564 900 708 933; x_wconf 87' lang='lat' dir='ltr'>quantum</span> <span class='ocrx_word' id='word_1_120' title='bbox 729 897 768 925; x_wconf 83' lang='lat' dir='ltr'>ad</span> <span class='ocrx_word' id='word_1_121' title='bbox 788 897 952 924; x_wconf 83' lang='lat' dir='ltr'>humanita-</span> 
     </span>
     <span class='ocr_line' id='line_1_20' title="bbox 179 943 953 978; baseline -0.001 -6"><span class='ocrx_word' id='word_1_122' title='bbox 179 946 248 972; x_wconf 85' lang='lat' dir='ltr'><strong>tem.</strong></span> <span class='ocrx_word' id='word_1_123' title='bbox 266 945 346 972; x_wconf 85' lang='lat' dir='ltr'>Unde</span> <span class='ocrx_word' id='word_1_124' title='bbox 361 944 467 971; x_wconf 87' lang='lat' dir='ltr'>dicitur</span> <span class='ocrx_word' id='word_1_125' title='bbox 478 943 488 959; x_wconf 71' lang='lat'>⁶</span> <span class='ocrx_word' id='word_1_126' title='bbox 505 953 511 971; x_wconf 92' lang='lat'><strong>:</strong></span> <span class='ocrx_word' id='word_1_127' title='bbox 529 953 542 969; x_wconf 92' lang='lat'>«</span> <span class='ocrx_word' id='word_1_128' title='bbox 556 945 587 971; x_wconf 90' lang='lat' dir='ltr'>ln</span> <span class='ocrx_word' id='word_1_129' title='bbox 606 951 654 971; x_wconf 88' lang='lat' dir='ltr'>me</span> <span class='ocrx_word' id='word_1_130' title='bbox 669 943 765 971; x_wconf 89' lang='lat' dir='ltr'>omnis</span> <span class='ocrx_word' id='word_1_131' title='bbox 781 943 874 978; x_wconf 85' lang='lat' dir='ltr'>gratia</span> <span class='ocrx_word' id='word_1_132' title='bbox 888 943 953 971; x_wconf 84' lang='lat' dir='ltr'>vitoe</span> 
     </span>
     <span class='ocr_line' id='line_1_21' title="bbox 180 989 951 1026; baseline -0.001 -8"><span class='ocrx_word' id='word_1_133' title='bbox 180 992 208 1017; x_wconf 81' lang='lat' dir='ltr'>et</span> <span class='ocrx_word' id='word_1_134' title='bbox 221 990 359 1018; x_wconf 85' lang='lat' dir='ltr'>veritatis.</span> <span class='ocrx_word' id='word_1_135' title='bbox 376 1000 388 1016; x_wconf 83' lang='lat'>»</span> <span class='ocrx_word' id='word_1_136' title='bbox 407 990 479 1023; x_wconf 86' lang='lat' dir='ltr'>Quia</span> <span class='ocrx_word' id='word_1_137' title='bbox 493 990 599 1026; x_wconf 87' lang='lat' dir='ltr'>plenus</span> <span class='ocrx_word' id='word_1_138' title='bbox 613 990 721 1024; x_wconf 86' lang='lat' dir='ltr'>gratia,</span> <span class='ocrx_word' id='word_1_139' title='bbox 737 989 802 1017; x_wconf 89' lang='lat' dir='ltr'>tulit</span> <span class='ocrx_word' id='word_1_140' title='bbox 816 992 951 1025; x_wconf 86' lang='lat' dir='ltr'>peccata;</span> 
     </span>
     <span class='ocr_line' id='line_1_22' title="bbox 180 1036 883 1073; baseline -0.003 -8"><span class='ocrx_word' id='word_1_141' title='bbox 180 1037 251 1072; x_wconf 89' lang='lat' dir='ltr'>quia</span> <span class='ocrx_word' id='word_1_142' title='bbox 264 1037 368 1073; x_wconf 91' lang='lat' dir='ltr'>plenus</span> <span class='ocrx_word' id='word_1_143' title='bbox 382 1038 524 1071; x_wconf 85' lang='lat' dir='ltr'>veritatis,</span> <span class='ocrx_word' id='word_1_144' title='bbox 540 1037 628 1064; x_wconf 89' lang='lat' dir='ltr'>solvit</span> <span class='ocrx_word' id='word_1_145' title='bbox 638 1037 711 1072; x_wconf 84' lang='lat' dir='ltr'>legis</span> <span class='ocrx_word' id='word_1_146' title='bbox 728 1036 883 1072; x_wconf 86' lang='lat' dir='ltr'>promissa.</span> 
     </span>
    </p>

    <p class='ocr_par' dir='ltr' id='par_1_4' title="bbox 180 1083 971 2421">
     <span class='ocr_line' id='line_1_23' title="bbox 217 1083 954 1118; baseline -0.001 -7"><span class='ocrx_word' id='word_1_147' title='bbox 217 1085 260 1111; x_wconf 78' lang='lat'>15.</span> <span class='ocrx_word' id='word_1_148' title='bbox 276 1085 391 1111; x_wconf 81' lang='lat' dir='ltr'>Joamzes</span> <span class='ocrx_word' id='word_1_149' title='bbox 406 1085 586 1111; x_wconf 73' lang='lat' dir='ltr'>testimonium</span> <span class='ocrx_word' id='word_1_150' title='bbox 607 1084 759 1118; x_wconf 73' lang='lat' dir='ltr'>perhibuit,</span> <span class='ocrx_word' id='word_1_151' title='bbox 776 1084 830 1110; x_wconf 87' lang='lat' dir='ltr'>etc.</span> <span class='ocrx_word' id='word_1_152' title='bbox 852 1083 954 1110; x_wconf 80' lang='lat' dir='ltr'>Habita</span> 
     </span>
     <span class='ocr_line' id='line_1_24' title="bbox 181 1129 953 1165; baseline -0.001 -8"><span class='ocrx_word' id='word_1_153' title='bbox 181 1130 376 1165; x_wconf 81' lang='lat' dir='ltr'>descriptione</span> <span class='ocrx_word' id='word_1_154' title='bbox 400 1130 609 1157; x_wconf 79' lang='lat' dir='ltr'>incarnationis</span> <span class='ocrx_word' id='word_1_155' title='bbox 630 1129 786 1164; x_wconf 79' lang='lat' dir='ltr'>dignativae</span> <span class='ocrx_word' id='word_1_156' title='bbox 808 1129 871 1157; x_wconf 83' lang='lat' dir='ltr'>Filii</span> <span class='ocrx_word' id='word_1_157' title='bbox 890 1130 953 1163; x_wconf 86' lang='lat' dir='ltr'>Dei,</span> 
     </span>
     <span class='ocr_line' id='line_1_25' title="bbox 180 1175 955 1212; baseline -0.003 -8"><span class='ocrx_word' id='word_1_158' title='bbox 180 1177 211 1205; x_wconf 90' lang='grc'>10</span> <span class='ocrx_word' id='word_1_159' title='bbox 224 1179 306 1212; x_wconf 89' lang='lat' dir='ltr'>parte</span> <span class='ocrx_word' id='word_1_160' title='bbox 329 1177 382 1204; x_wconf 83' lang='lat' dir='ltr'>ista</span> <span class='ocrx_word' id='word_1_161' title='bbox 403 1176 572 1212; x_wconf 87' lang='lat' dir='ltr'>multiplicis</span> <span class='ocrx_word' id='word_1_162' title='bbox 591 1176 747 1203; x_wconf 87' lang='lat' dir='ltr'>testimonii</span> <span class='ocrx_word' id='word_1_163' title='bbox 766 1175 857 1211; x_wconf 86' lang='lat' dir='ltr'>ipsius</span> <span class='ocrx_word' id='word_1_164' title='bbox 871 1177 955 1203; x_wconf 67' lang='grc'><strong>10110-</strong></span> 
     </span>
     <span class='ocr_line' id='line_1_26' title="bbox 180 1222 955 1258; baseline -0.003 -7"><span class='ocrx_word' id='word_1_165' title='bbox 180 1224 226 1251; x_wconf 90' lang='lat' dir='ltr'>nis</span> <span class='ocrx_word' id='word_1_166' title='bbox 240 1223 424 1258; x_wconf 80' lang='lat' dir='ltr'>subjunctio,</span> <span class='ocrx_word' id='word_1_167' title='bbox 448 1224 475 1250; x_wconf 86' lang='lat' dir='ltr'>et</span> <span class='ocrx_word' id='word_1_168' title='bbox 494 1222 706 1257; x_wconf 88' lang='lat' dir='ltr'>discipulorum</span> <span class='ocrx_word' id='word_1_169' title='bbox 721 1222 837 1250; x_wconf 86' lang='lat' dir='ltr'>vocatio</span> <span class='ocrx_word' id='word_1_170' title='bbox 844 1231 851 1256; x_wconf 82' lang='lat'>3</span> <span class='ocrx_word' id='word_1_171' title='bbox 868 1224 896 1249; x_wconf 85' lang='lat' dir='ltr'>et</span> <span class='ocrx_word' id='word_1_172' title='bbox 914 1230 955 1249; x_wconf 83' lang='lat' dir='ltr'>se-</span> 
     </span>
     <span class='ocr_line' id='line_1_27' title="bbox 183 1268 955 1304; baseline -0.003 -7"><span class='ocrx_word' id='word_1_173' title='bbox 183 1269 313 1297; x_wconf 87' lang='lat' dir='ltr'>cundum</span> <span class='ocrx_word' id='word_1_174' title='bbox 328 1269 399 1303; x_wconf 91' lang='lat' dir='ltr'>hoc,</span> <span class='ocrx_word' id='word_1_175' title='bbox 414 1269 476 1296; x_wconf 87' lang='lat' dir='ltr'>haec</span> <span class='ocrx_word' id='word_1_176' title='bbox 489 1276 558 1304; x_wconf 85' lang='lat' dir='ltr'>pars</span> <span class='ocrx_word' id='word_1_177' title='bbox 574 1268 604 1296; x_wconf 90' lang='lat' dir='ltr'>in</span> <span class='ocrx_word' id='word_1_178' title='bbox 619 1268 693 1295; x_wconf 89' lang='lat' dir='ltr'>duas</span> <span class='ocrx_word' id='word_1_179' title='bbox 708 1270 804 1303; x_wconf 86' lang='lat' dir='ltr'>partes</span> <span class='ocrx_word' id='word_1_180' title='bbox 821 1278 827 1295; x_wconf 90' lang='lat'>:</span> <span class='ocrx_word' id='word_1_181' title='bbox 842 1268 955 1303; x_wconf 86' lang='lat' dir='ltr'>primo,</span> 
     </span>
     <span class='ocr_line' id='line_1_28' title="bbox 182 1314 957 1350; baseline -0.004 -6"><span class='ocrx_word' id='word_1_182' title='bbox 182 1315 340 1344; x_wconf 85' lang='lat' dir='ltr'>testimonii</span> <span class='ocrx_word' id='word_1_183' title='bbox 354 1315 524 1350; x_wconf 87' lang='lat' dir='ltr'>multiplicis</span> <span class='ocrx_word' id='word_1_184' title='bbox 546 1314 720 1350; x_wconf 81' lang='lat' dir='ltr'>perhibiti03</span> <span class='ocrx_word' id='word_1_185' title='bbox 742 1314 887 1349; x_wconf 86' lang='lat' dir='ltr'>secundo,</span> <span class='ocrx_word' id='word_1_186' title='bbox 903 1314 957 1341; x_wconf 88' lang='lat' dir='ltr'>hu-</span> 
     </span>
     <span class='ocr_line' id='line_1_29' title="bbox 180 1360 956 1397; baseline -0.003 -8"><span class='ocrx_word' id='word_1_187' title='bbox 180 1363 228 1397; x_wconf 76' lang='lat' dir='ltr'>jus</span> <span class='ocrx_word' id='word_1_188' title='bbox 243 1362 408 1396; x_wconf 78' lang='lat' dir='ltr'>occasione,</span> <span class='ocrx_word' id='word_1_189' title='bbox 423 1361 637 1397; x_wconf 88' lang='lat' dir='ltr'>discipulorum</span> <span class='ocrx_word' id='word_1_190' title='bbox 655 1361 782 1394; x_wconf 83' lang='lat' dir='ltr'>vocatio,</span> <span class='ocrx_word' id='word_1_191' title='bbox 801 1360 842 1388; x_wconf 89' lang='lat' dir='ltr'>ibi</span> <span class='ocrx_word' id='word_1_192' title='bbox 863 1370 869 1388; x_wconf 91' lang='lat'>:</span> <span class='ocrx_word' id='word_1_193' title='bbox 891 1361 956 1388; x_wconf 81' lang='lat' dir='ltr'>Con-</span> 
     </span>
     <span class='ocr_line' id='line_1_30' title="bbox 182 1407 956 1442; baseline -0.003 -6"><span class='ocrx_word' id='word_1_194' title='bbox 182 1417 272 1437; x_wconf 85' lang='lat' dir='ltr'>versus</span> <span class='ocrx_word' id='word_1_195' title='bbox 293 1411 380 1436; x_wconf 81' lang='lat' dir='ltr'>autem</span> <span class='ocrx_word' id='word_1_196' title='bbox 400 1409 491 1442; x_wconf 85' lang='lat' dir='ltr'>Jesus,</span> <span class='ocrx_word' id='word_1_197' title='bbox 508 1410 560 1435; x_wconf 89' lang='lat' dir='ltr'>etc.</span> <span class='ocrx_word' id='word_1_198' title='bbox 582 1408 678 1435; x_wconf 88' lang='lat' dir='ltr'>Prima</span> <span class='ocrx_word' id='word_1_199' title='bbox 696 1408 726 1435; x_wconf 92' lang='lat' dir='ltr'>in</span> <span class='ocrx_word' id='word_1_200' title='bbox 748 1410 803 1435; x_wconf 87' lang='lat' dir='ltr'>tres</span> <span class='ocrx_word' id='word_1_201' title='bbox 820 1416 826 1434; x_wconf 90' lang='lat'>:</span> <span class='ocrx_word' id='word_1_202' title='bbox 843 1407 956 1442; x_wconf 84' lang='lat' dir='ltr'>primo,</span> 
     </span>
     <span class='ocr_line' id='line_1_31' title="bbox 183 1454 958 1489; baseline -0.005 -5"><span class='ocrx_word' id='word_1_203' title='bbox 183 1455 342 1484; x_wconf 89' lang='lat' dir='ltr'>testimonii</span> <span class='ocrx_word' id='word_1_204' title='bbox 355 1455 472 1482; x_wconf 84' lang='lat' dir='ltr'>Joannis</span> <span class='ocrx_word' id='word_1_205' title='bbox 487 1454 517 1481; x_wconf 91' lang='lat' dir='ltr'>in</span> <span class='ocrx_word' id='word_1_206' title='bbox 527 1454 656 1489; x_wconf 87' lang='lat' dir='ltr'>generali</span> <span class='ocrx_word' id='word_1_207' title='bbox 666 1454 842 1489; x_wconf 60' lang='lat' dir='ltr'>praemissi03</span> <span class='ocrx_word' id='word_1_208' title='bbox 858 1461 958 1481; x_wconf 87' lang='lat' dir='ltr'>secun-</span> 
     </span>
     <span class='ocr_line' id='line_1_32' title="bbox 185 1500 955 1536; baseline -0.004 -5"><span class='ocrx_word' id='word_1_209' title='bbox 185 1504 225 1531; x_wconf 89' lang='lat' dir='ltr'>do</span> <span class='ocrx_word' id='word_1_210' title='bbox 240 1502 397 1530; x_wconf 89' lang='lat' dir='ltr'>testimonii</span> <span class='ocrx_word' id='word_1_211' title='bbox 411 1501 502 1536; x_wconf 86' lang='lat' dir='ltr'>ipsius</span> <span class='ocrx_word' id='word_1_212' title='bbox 516 1501 706 1535; x_wconf 82' lang='lat' dir='ltr'>Evangelistae</span> <span class='ocrx_word' id='word_1_213' title='bbox 717 1501 882 1535; x_wconf 81' lang='lat' dir='ltr'>adjunctio,</span> <span class='ocrx_word' id='word_1_214' title='bbox 897 1500 937 1528; x_wconf 85' lang='lat' dir='ltr'>ibi</span> <span class='ocrx_word' id='word_1_215' title='bbox 949 1509 955 1528; x_wconf 79' lang='lat' dir='ltr'>z</span> 
     </span>
     <span class='ocr_line' id='line_1_33' title="bbox 186 1547 958 1584; baseline -0.004 -7"><span class='ocrx_word' id='word_1_216' title='bbox 186 1551 223 1577; x_wconf 86' lang='lat' dir='ltr'>De</span> <span class='ocrx_word' id='word_1_217' title='bbox 236 1548 405 1584; x_wconf 77' lang='lat' dir='ltr'>plenitudine</span> <span class='ocrx_word' id='word_1_218' title='bbox 417 1548 488 1582; x_wconf 83' lang='lat' dir='ltr'>ejus,</span> <span class='ocrx_word' id='word_1_219' title='bbox 505 1549 558 1575; x_wconf 85' lang='lat' dir='ltr'>etc.</span> <span class='ocrx_word' id='word_1_220' title='bbox 566 1557 574 1581; x_wconf 80' lang='lat'>3</span> <span class='ocrx_word' id='word_1_221' title='bbox 591 1547 691 1581; x_wconf 83' lang='lat' dir='ltr'>tertio,</span> <span class='ocrx_word' id='word_1_222' title='bbox 704 1547 958 1574; x_wconf 85' lang='lat' dir='ltr'>testimoniiJoan·</span> 
     </span>
     <span class='ocr_line' id='line_1_34' title="bbox 186 1594 960 1631; baseline -0.005 -7"><span class='ocrx_word' id='word_1_223' title='bbox 186 1596 232 1624; x_wconf 87' lang='lat' dir='ltr'>nis</span> <span class='ocrx_word' id='word_1_224' title='bbox 247 1597 277 1624; x_wconf 91' lang='lat' dir='ltr'>in</span> <span class='ocrx_word' id='word_1_225' title='bbox 291 1595 411 1631; x_wconf 83' lang='lat' dir='ltr'>speciali</span> <span class='ocrx_word' id='word_1_226' title='bbox 426 1594 607 1629; x_wconf 81' lang='lat' dir='ltr'>subjunctio,</span> <span class='ocrx_word' id='word_1_227' title='bbox 624 1594 665 1621; x_wconf 85' lang='lat' dir='ltr'>ibi</span> <span class='ocrx_word' id='word_1_228' title='bbox 680 1603 686 1620; x_wconf 90' lang='lat'>:</span> <span class='ocrx_word' id='word_1_229' title='bbox 707 1596 741 1621; x_wconf 85' lang='lat' dir='ltr'>Et</span> <span class='ocrx_word' id='word_1_230' title='bbox 761 1595 807 1620; x_wconf 82' lang='lat' dir='ltr'>hoc</span> <span class='ocrx_word' id='word_1_231' title='bbox 824 1596 862 1620; x_wconf 87' lang='lat' dir='ltr'>est</span> <span class='ocrx_word' id='word_1_232' title='bbox 885 1594 960 1620; x_wconf 76' lang='lat' dir='ltr'>testi-</span> 
     </span>
     <span class='ocr_line' id='line_1_35' title="bbox 187 1640 959 1676; baseline -0.006 -5"><span class='ocrx_word' id='word_1_233' title='bbox 187 1645 306 1671; x_wconf 82' lang='lat' dir='ltr'>monium</span> <span class='ocrx_word' id='word_1_234' title='bbox 320 1643 445 1675; x_wconf 80' lang='lat' dir='ltr'>Jocmm&#39;s,</span> <span class='ocrx_word' id='word_1_235' title='bbox 459 1644 512 1669; x_wconf 88' lang='lat' dir='ltr'>etc.</span> <span class='ocrx_word' id='word_1_236' title='bbox 524 1643 556 1669; x_wconf 89' lang='lat' dir='ltr'>Et</span> <span class='ocrx_word' id='word_1_237' title='bbox 565 1641 621 1668; x_wconf 88' lang='lat' dir='ltr'>hoc</span> <span class='ocrx_word' id='word_1_238' title='bbox 636 1643 691 1675; x_wconf 86' lang='lat' dir='ltr'>est,</span> <span class='ocrx_word' id='word_1_239' title='bbox 708 1640 790 1676; x_wconf 86' lang='lat' dir='ltr'>quod</span> <span class='ocrx_word' id='word_1_240' title='bbox 807 1640 865 1667; x_wconf 85' lang='lat' dir='ltr'>ait:</span> <span class='ocrx_word' id='word_1_241' title='bbox 880 1641 959 1667; x_wconf 79' lang='lat' dir='ltr'><em>Joan-</em></span> 
     </span>
     <span class='ocr_line' id='line_1_36' title="bbox 189 1689 961 1725; baseline -0.004 -6"><span class='ocrx_word' id='word_1_242' title='bbox 189 1700 233 1719; x_wconf 78' lang='lat' dir='ltr'>nes</span> <span class='ocrx_word' id='word_1_243' title='bbox 262 1692 441 1719; x_wconf 77' lang='lat' dir='ltr'>testimonium</span> <span class='ocrx_word' id='word_1_244' title='bbox 468 1691 589 1725; x_wconf 75' lang='lat' dir='ltr'>perhibet</span> <span class='ocrx_word' id='word_1_245' title='bbox 615 1691 661 1725; x_wconf 84' lang='lat' dir='ltr'>(a)</span> <span class='ocrx_word' id='word_1_246' title='bbox 692 1690 724 1716; x_wconf 86' lang='lat' dir='ltr'>de</span> <span class='ocrx_word' id='word_1_247' title='bbox 748 1691 822 1724; x_wconf 82' lang='lat' dir='ltr'>ipso,</span> <span class='ocrx_word' id='word_1_248' title='bbox 852 1689 961 1716; x_wconf 87' lang='lat' dir='ltr'>scilicet</span> 
     </span>
     <span class='ocr_line' id='line_1_37' title="bbox 189 1736 960 1770; baseline -0.005 -3"><span class='ocrx_word' id='word_1_249' title='bbox 189 1739 300 1768; x_wconf 88' lang='lat' dir='ltr'>Christo</span> <span class='ocrx_word' id='word_1_250' title='bbox 313 1748 319 1766; x_wconf 91' lang='lat'>:</span> <span class='ocrx_word' id='word_1_251' title='bbox 337 1740 364 1766; x_wconf 90' lang='lat' dir='ltr'>et</span> <span class='ocrx_word' id='word_1_252' title='bbox 379 1745 439 1766; x_wconf 85' lang='lat' dir='ltr'>non</span> <span class='ocrx_word' id='word_1_253' title='bbox 453 1737 550 1765; x_wconf 87' lang='lat' dir='ltr'>solum</span> <span class='ocrx_word' id='word_1_254' title='bbox 566 1737 692 1770; x_wconf 84' lang='lat' dir='ltr'>occulte,</span> <span class='ocrx_word' id='word_1_255' title='bbox 708 1736 755 1764; x_wconf 90' lang='lat' dir='ltr'>vel</span> <span class='ocrx_word' id='word_1_256' title='bbox 770 1737 800 1763; x_wconf 89' lang='lat' dir='ltr'>in</span> <span class='ocrx_word' id='word_1_257' title='bbox 816 1736 960 1770; x_wconf 84' lang='lat' dir='ltr'>obscuro,</span> 
     </span>
     <span class='ocr_line' id='line_1_38' title="bbox 189 1782 961 1819; baseline -0.006 -5"><span class='ocrx_word' id='word_1_258' title='bbox 189 1787 250 1814; x_wconf 91' lang='lat' dir='ltr'>imo</span> <span class='ocrx_word' id='word_1_259' title='bbox 274 1785 396 1819; x_wconf 82' lang='lat' dir='ltr'>clamat,</span> <span class='ocrx_word' id='word_1_260' title='bbox 429 1784 538 1811; x_wconf 88' lang='lat' dir='ltr'>scilicet</span> <span class='ocrx_word' id='word_1_261' title='bbox 559 1784 657 1818; x_wconf 82' lang='lat' dir='ltr'>aperte</span> <span class='ocrx_word' id='word_1_262' title='bbox 687 1785 714 1809; x_wconf 91' lang='lat' dir='ltr'>et</span> <span class='ocrx_word' id='word_1_263' title='bbox 733 1782 851 1818; x_wconf 88' lang='lat' dir='ltr'>publice</span> <span class='ocrx_word' id='word_1_264' title='bbox 865 1791 870 1809; x_wconf 92' lang='lat'>:</span> <span class='ocrx_word' id='word_1_265' title='bbox 899 1782 961 1817; x_wconf 83' lang='lat' dir='ltr'>ipse</span> 
     </span>
     <span class='ocr_line' id='line_1_39' title="bbox 190 1830 963 1864; baseline -0.005 -4"><span class='ocrx_word' id='word_1_266' title='bbox 190 1833 269 1860; x_wconf 87' lang='lat' dir='ltr'>enim</span> <span class='ocrx_word' id='word_1_267' title='bbox 287 1833 348 1860; x_wconf 89' lang='lat' dir='ltr'>erat</span> <span class='ocrx_word' id='word_1_268' title='bbox 367 1839 425 1859; x_wconf 75' lang='lat' dir='ltr'>vox</span> <span class='ocrx_word' id='word_1_269' title='bbox 443 1830 529 1858; x_wconf 82' lang='lat' dir='ltr'>Verbi</span> <span class='ocrx_word' id='word_1_270' title='bbox 550 1831 559 1847; x_wconf 65' lang='grc' dir='ltr'>ὅ</span> <span class='ocrx_word' id='word_1_271' title='bbox 578 1840 585 1856; x_wconf 87' lang='lat'>:</span> <span class='ocrx_word' id='word_1_272' title='bbox 607 1831 662 1864; x_wconf 77' lang='lat'>1390</span> <span class='ocrx_word' id='word_1_273' title='bbox 686 1837 738 1856; x_wconf 73' lang='lat' dir='ltr'>voce</span> <span class='ocrx_word' id='word_1_274' title='bbox 752 1830 895 1856; x_wconf 74' lang='lat' dir='ltr'>clamantis</span> <span class='ocrx_word' id='word_1_275' title='bbox 911 1837 917 1855; x_wconf 73' lang='grc' dir='ltr'>ε</span> <span class='ocrx_word' id='word_1_276' title='bbox 935 1830 963 1856; x_wconf 88' lang='lat' dir='ltr'>ct</span> 
     </span>
     <span class='ocr_line' id='line_1_40' title="bbox 191 1875 962 1912; baseline -0.006 -5"><span class='ocrx_word' id='word_1_277' title='bbox 191 1880 271 1907; x_wconf 91' lang='lat' dir='ltr'>idem</span> <span class='ocrx_word' id='word_1_278' title='bbox 286 1879 325 1906; x_wconf 84' lang='lat' dir='ltr'>ait</span> <span class='ocrx_word' id='word_1_279' title='bbox 339 1878 426 1906; x_wconf 80' lang='lat' dir='ltr'>lsaias</span> <span class='ocrx_word' id='word_1_280' title='bbox 440 1879 470 1912; x_wconf 62' lang='grc' dir='ltr'>ὅ,</span> <span class='ocrx_word' id='word_1_281' title='bbox 484 1879 512 1904; x_wconf 89' lang='lat' dir='ltr'>et</span> <span class='ocrx_word' id='word_1_282' title='bbox 525 1877 565 1903; x_wconf 85' lang='lat' dir='ltr'>sic</span> <span class='ocrx_word' id='word_1_283' title='bbox 578 1876 721 1911; x_wconf 83' lang='lat' dir='ltr'>implebat</span> <span class='ocrx_word' id='word_1_284' title='bbox 734 1875 809 1903; x_wconf 90' lang='lat' dir='ltr'>illud</span> <span class='ocrx_word' id='word_1_285' title='bbox 822 1877 831 1892; x_wconf 78' lang='lat'>⁷</span> <span class='ocrx_word' id='word_1_286' title='bbox 849 1885 854 1902; x_wconf 92' lang='lat'>:</span> <span class='ocrx_word' id='word_1_287' title='bbox 875 1885 888 1900; x_wconf 87' lang='lat'>«</span> <span class='ocrx_word' id='word_1_288' title='bbox 898 1875 962 1902; x_wconf 86' lang='lat' dir='ltr'>Cla-</span> 
     </span>
     <span class='ocr_line' id='line_1_41' title="bbox 192 1921 963 1959; baseline -0.008 -5"><span class='ocrx_word' id='word_1_289' title='bbox 192 1934 257 1959; x_wconf 89' lang='lat' dir='ltr'>ma,</span> <span class='ocrx_word' id='word_1_290' title='bbox 272 1933 309 1953; x_wconf 90' lang='lat' dir='ltr'>ne</span> <span class='ocrx_word' id='word_1_291' title='bbox 324 1932 428 1952; x_wconf 82' lang='lat' dir='ltr'>cesses.</span> <span class='ocrx_word' id='word_1_292' title='bbox 442 1934 456 1950; x_wconf 85' lang='lat'>»</span> <span class='ocrx_word' id='word_1_293' title='bbox 472 1925 503 1951; x_wconf 88' lang='lat' dir='ltr'>Et</span> <span class='ocrx_word' id='word_1_294' title='bbox 514 1924 543 1950; x_wconf 94' lang='lat' dir='ltr'>in</span> <span class='ocrx_word' id='word_1_295' title='bbox 552 1923 609 1950; x_wconf 87' lang='lat' dir='ltr'>hoc</span> <span class='ocrx_word' id='word_1_296' title='bbox 621 1923 738 1950; x_wconf 88' lang='lat' dir='ltr'>notatur</span> <span class='ocrx_word' id='word_1_297' title='bbox 747 1921 866 1949; x_wconf 86' lang='grc'><strong>10301115</strong></span> <span class='ocrx_word' id='word_1_298' title='bbox 879 1922 963 1949; x_wconf 78' lang='lat' dir='ltr'>affec—</span> 
     </span>
     <span class='ocr_line' id='line_1_42' title="bbox 193 1969 964 2006; baseline -0.008 -5"><span class='ocrx_word' id='word_1_299' title='bbox 193 1973 330 2006; x_wconf 86' lang='lat' dir='ltr'>tuositas,</span> <span class='ocrx_word' id='word_1_300' title='bbox 355 1974 382 1999; x_wconf 89' lang='lat' dir='ltr'>et</span> <span class='ocrx_word' id='word_1_301' title='bbox 404 1970 572 1998; x_wconf 81' lang='lat' dir='ltr'>constantioe</span> <span class='ocrx_word' id='word_1_302' title='bbox 596 1969 746 1997; x_wconf 80' lang='lat' dir='ltr'>stabilitas.</span> <span class='ocrx_word' id='word_1_303' title='bbox 772 1969 898 2003; x_wconf 86' lang='lat' dir='ltr'>Clamat,</span> <span class='ocrx_word' id='word_1_304' title='bbox 922 1969 964 1995; x_wconf 93' lang='lat' dir='ltr'>in-</span> 
     </span>
     <span class='ocr_line' id='line_1_43' title="bbox 195 2015 965 2055; baseline -0.006 -8"><span class='ocrx_word' id='word_1_305' title='bbox 195 2027 303 2055; x_wconf 78' lang='lat' dir='ltr'>quam,</span> <span class='ocrx_word' id='word_1_306' title='bbox 323 2018 444 2045; x_wconf 88' lang='lat' dir='ltr'>dicens:</span> <span class='ocrx_word' id='word_1_307' title='bbox 469 2018 520 2043; x_wconf 77' lang='lat' dir='ltr'>Hic</span> <span class='ocrx_word' id='word_1_308' title='bbox 542 2018 613 2048; x_wconf 83' lang='lat' dir='ltr'>erat,</span> <span class='ocrx_word' id='word_1_309' title='bbox 634 2017 661 2042; x_wconf 89' lang='lat' dir='ltr'>et</span> <span class='ocrx_word' id='word_1_310' title='bbox 681 2015 711 2042; x_wconf 90' lang='lat' dir='ltr'>in</span> <span class='ocrx_word' id='word_1_311' title='bbox 732 2015 789 2042; x_wconf 87' lang='lat' dir='ltr'>hoc</span> <span class='ocrx_word' id='word_1_312' title='bbox 808 2015 965 2042; x_wconf 85' lang='lat' dir='ltr'>testimonii</span> 
     </span>
     <span class='ocr_line' id='line_1_44' title="bbox 196 2061 965 2093; baseline -0.008 0"><span class='ocrx_word' id='word_1_313' title='bbox 196 2065 338 2093; x_wconf 85' lang='lat' dir='ltr'>certitudo</span> <span class='ocrx_word' id='word_1_314' title='bbox 353 2066 381 2092; x_wconf 89' lang='lat' dir='ltr'>et</span> <span class='ocrx_word' id='word_1_315' title='bbox 395 2063 501 2091; x_wconf 78' lang='lat' dir='ltr'>veritas</span> <span class='ocrx_word' id='word_1_316' title='bbox 513 2072 519 2090; x_wconf 90' lang='lat'>:</span> <span class='ocrx_word' id='word_1_317' title='bbox 535 2062 717 2090; x_wconf 79' lang='lat' dir='ltr'>demonstrat</span> <span class='ocrx_word' id='word_1_318' title='bbox 728 2061 807 2088; x_wconf 91' lang='lat' dir='ltr'>enim</span> <span class='ocrx_word' id='word_1_319' title='bbox 821 2061 965 2088; x_wconf 81' lang='lat' dir='ltr'>Christum</span> 
     </span>
     <span class='ocr_line' id='line_1_45' title="bbox 195 2108 967 2147; baseline -0.009 -7"><span class='ocrx_word' id='word_1_320' title='bbox 195 2120 257 2140; x_wconf 87' lang='lat' dir='ltr'>esse</span> <span class='ocrx_word' id='word_1_321' title='bbox 267 2112 438 2147; x_wconf 69' lang='lat' dir='ltr'>praesentem</span> <span class='ocrx_word' id='word_1_322' title='bbox 452 2109 615 2136; x_wconf 87' lang='lat' dir='ltr'>secundum</span> <span class='ocrx_word' id='word_1_323' title='bbox 630 2108 770 2135; x_wconf 76' lang='lat' dir='ltr'>clessam.</span> <span class='ocrx_word' id='word_1_324' title='bbox 788 2108 842 2140; x_wconf 77' lang='lat' dir='ltr'>Qui</span> <span class='ocrx_word' id='word_1_325' title='bbox 855 2111 915 2142; x_wconf 80' lang='lat' dir='ltr'>post</span> <span class='ocrx_word' id='word_1_326' title='bbox 927 2115 967 2134; x_wconf 84' lang='lat' dir='ltr'>me</span> 
     </span>
     <span class='ocr_line' id='line_1_46' title="bbox 195 2154 966 2191; baseline -0.008 -5"><span class='ocrx_word' id='word_1_327' title='bbox 195 2161 322 2186; x_wconf 77' lang='lat' dir='ltr'>venturus</span> <span class='ocrx_word' id='word_1_328' title='bbox 337 2159 389 2191; x_wconf 87' lang='lat' dir='ltr'>est,</span> <span class='ocrx_word' id='word_1_329' title='bbox 406 2155 515 2183; x_wconf 80' lang='lat' dir='ltr'>scilieet</span> <span class='ocrx_word' id='word_1_330' title='bbox 534 2155 573 2182; x_wconf 84' lang='lat' dir='ltr'>ad</span> <span class='ocrx_word' id='word_1_331' title='bbox 587 2154 824 2190; x_wconf 77' lang='lat' dir='ltr'>prfedicandum,</span> <span class='ocrx_word' id='word_1_332' title='bbox 841 2161 966 2189; x_wconf 84' lang='lat' dir='ltr'>operan-</span> 
     </span>
     <span class='ocr_line' id='line_1_47' title="bbox 198 2200 966 2238; baseline -0.01 -5"><span class='ocrx_word' id='word_1_333' title='bbox 198 2205 285 2238; x_wconf 86' lang='lat' dir='ltr'>dum,</span> <span class='ocrx_word' id='word_1_334' title='bbox 299 2205 326 2231; x_wconf 90' lang='lat' dir='ltr'>et</span> <span class='ocrx_word' id='word_1_335' title='bbox 336 2202 482 2230; x_wconf 89' lang='lat' dir='ltr'>mundum</span> <span class='ocrx_word' id='word_1_336' title='bbox 490 2200 666 2228; x_wconf 86' lang='lat' dir='ltr'>salvandum</span> <span class='ocrx_word' id='word_1_337' title='bbox 673 2210 680 2235; x_wconf 90' lang='lat'>;</span> <span class='ocrx_word' id='word_1_338' title='bbox 695 2203 757 2227; x_wconf 71' lang='lat' dir='ltr'>ante</span> <span class='ocrx_word' id='word_1_339' title='bbox 766 2208 807 2226; x_wconf 87' lang='lat' dir='ltr'>me</span> <span class='ocrx_word' id='word_1_340' title='bbox 816 2201 906 2233; x_wconf 80' lang='lat' dir='ltr'>factus</span> <span class='ocrx_word' id='word_1_341' title='bbox 917 2202 966 2234; x_wconf 87' lang='lat' dir='ltr'>est,</span> 
     </span>
     <span class='ocr_line' id='line_1_48' title="bbox 197 2245 968 2284; baseline -0.009 -6"><span class='ocrx_word' id='word_1_342' title='bbox 197 2251 229 2278; x_wconf 89' lang='lat' dir='ltr'>id</span> <span class='ocrx_word' id='word_1_343' title='bbox 249 2252 305 2284; x_wconf 88' lang='lat' dir='ltr'>est,</span> <span class='ocrx_word' id='word_1_344' title='bbox 327 2249 399 2276; x_wconf 85' lang='lat' dir='ltr'>mihi</span> <span class='ocrx_word' id='word_1_345' title='bbox 420 2247 594 2284; x_wconf 72' lang='lat' dir='ltr'>praepositus</span> <span class='ocrx_word' id='word_1_346' title='bbox 618 2248 645 2273; x_wconf 88' lang='lat' dir='ltr'>et</span> <span class='ocrx_word' id='word_1_347' title='bbox 669 2245 822 2281; x_wconf 67' lang='lat' dir='ltr'>praefatus,</span> <span class='ocrx_word' id='word_1_348' title='bbox 846 2248 873 2273; x_wconf 90' lang='lat' dir='ltr'>et</span> <span class='ocrx_word' id='word_1_349' title='bbox 896 2246 968 2279; x_wconf 86' lang='lat' dir='ltr'>hoc,</span> 
     </span>
     <span class='ocr_line' id='line_1_49' title="bbox 200 2291 968 2332; baseline -0.007 -8"><span class='ocrx_word' id='word_1_350' title='bbox 200 2298 265 2332; x_wconf 81' lang='lat' dir='ltr'>quia</span> <span class='ocrx_word' id='word_1_351' title='bbox 275 2298 351 2331; x_wconf 77' lang='lat' dir='ltr'>prior</span> <span class='ocrx_word' id='word_1_352' title='bbox 364 2303 404 2322; x_wconf 86' lang='lat' dir='ltr'>me</span> <span class='ocrx_word' id='word_1_353' title='bbox 419 2297 492 2328; x_wconf 83' lang='lat' dir='ltr'>erat,</span> <span class='ocrx_word' id='word_1_354' title='bbox 503 2293 611 2321; x_wconf 87' lang='lat' dir='ltr'>scilicet</span> <span class='ocrx_word' id='word_1_355' title='bbox 622 2292 779 2320; x_wconf 76' lang='lat' dir='ltr'>aeternitate</span> <span class='ocrx_word' id='word_1_356' title='bbox 787 2313 795 2325; x_wconf 91' lang='lat'>,</span> <span class='ocrx_word' id='word_1_357' title='bbox 805 2291 845 2319; x_wconf 78' lang='lat' dir='ltr'>uit</span> <span class='ocrx_word' id='word_1_358' title='bbox 853 2291 968 2325; x_wconf 84' lang='lat' dir='ltr'>Glossa,</span> 
     </span>
     <span class='ocr_line' id='line_1_50' title="bbox 201 2337 969 2376; baseline -0.008 -6"><span class='ocrx_word' id='word_1_359' title='bbox 201 2343 242 2370; x_wconf 83' lang='lat' dir='ltr'>sic</span> <span class='ocrx_word' id='word_1_360' title='bbox 256 2342 334 2369; x_wconf 80' lang='lat' dir='ltr'>enim</span> <span class='ocrx_word' id='word_1_361' title='bbox 353 2341 434 2376; x_wconf 88' lang='lat' dir='ltr'>prior</span> <span class='ocrx_word' id='word_1_362' title='bbox 456 2340 595 2368; x_wconf 87' lang='lat' dir='ltr'>omnibus</span> <span class='ocrx_word' id='word_1_363' title='bbox 608 2339 618 2355; x_wconf 79' lang='lat'>⁸</span> <span class='ocrx_word' id='word_1_364' title='bbox 637 2348 643 2366; x_wconf 81' lang='lat' dir='ltr'><strong><em>z</em></strong></span> <span class='ocrx_word' id='word_1_365' title='bbox 672 2340 863 2373; x_wconf 79' lang='lat' dir='ltr'>«Antequam</span> <span class='ocrx_word' id='word_1_366' title='bbox 878 2337 969 2365; x_wconf 83' lang='lat' dir='ltr'>Abra-</span> 
     </span>
     <span class='ocr_line' id='line_1_51' title="bbox 202 2384 971 2421; baseline -0.007 -5"><span class='ocrx_word' id='word_1_367' title='bbox 202 2389 273 2416; x_wconf 85' lang='lat' dir='ltr'>ham</span> <span class='ocrx_word' id='word_1_368' title='bbox 286 2388 385 2421; x_wconf 87' lang='lat' dir='ltr'>fieret,</span> <span class='ocrx_word' id='word_1_369' title='bbox 400 2395 456 2421; x_wconf 85' lang='lat' dir='ltr'>ego</span> <span class='ocrx_word' id='word_1_370' title='bbox 471 2394 546 2414; x_wconf 91' lang='lat' dir='ltr'>sum.</span> <span class='ocrx_word' id='word_1_371' title='bbox 562 2396 575 2411; x_wconf 86' lang='lat'>»</span> <span class='ocrx_word' id='word_1_372' title='bbox 591 2385 647 2413; x_wconf 89' lang='lat' dir='ltr'>Sed</span> <span class='ocrx_word' id='word_1_373' title='bbox 662 2384 812 2420; x_wconf 81' lang='lat' dir='ltr'>quaeritur,</span> <span class='ocrx_word' id='word_1_374' title='bbox 828 2392 895 2411; x_wconf 89' lang='lat' dir='ltr'>cum</span> <span class='ocrx_word' id='word_1_375' title='bbox 911 2391 971 2411; x_wconf 92' lang='lat' dir='ltr'>non</span> 
     </span>
    </p>
   </div>
   <div class='ocr_carea' id='block_1_4' title="bbox 236 2443 971 2477">
    <p class='ocr_par' dir='ltr' id='par_1_5' title="bbox 236 2443 971 2477">
     <span class='ocr_line' id='line_1_52' title="bbox 236 2443 971 2477; baseline -0.007 -6"><span class='ocrx_word' id='word_1_376' title='bbox 236 2448 342 2477; x_wconf 81' lang='lat' dir='ltr'>¹Greg.‚</span> <span class='ocrx_word' id='word_1_377' title='bbox 356 2446 455 2475; x_wconf 58' lang='lat' dir='ltr'>Moral„</span> <span class='ocrx_word' id='word_1_378' title='bbox 468 2446 511 2469; x_wconf 85' lang='lat' dir='ltr'>lib.</span> <span class='ocrx_word' id='word_1_379' title='bbox 526 2446 614 2475; x_wconf 74' lang='lat' dir='ltr'>XVIII,</span> <span class='ocrx_word' id='word_1_380' title='bbox 628 2452 650 2468; x_wconf 86' lang='lat' dir='ltr'>c.</span> <span class='ocrx_word' id='word_1_381' title='bbox 662 2451 696 2475; x_wconf 87' lang='lat' dir='ltr'>VI,</span> <span class='ocrx_word' id='word_1_382' title='bbox 709 2445 827 2468; x_wconf 79' lang='lat' dir='ltr'>n.12.-</span> <span class='ocrx_word' id='word_1_383' title='bbox 839 2443 971 2473; x_wconf 72' lang='grc'>2101’.,1[1,</span> 
     </span>
    </p>
   </div>
   <div class='ocr_carea' id='block_1_5' title="bbox 204 2480 974 2616">
    <p class='ocr_par' dir='ltr' id='par_1_6' title="bbox 204 2480 974 2616">
     <span class='ocr_line' id='line_1_53' title="bbox 204 2480 970 2512; baseline -0.005 -6"><span class='ocrx_word' id='word_1_384' title='bbox 204 2497 235 2501; x_wconf 93' lang='lat'>—</span> <span class='ocrx_word' id='word_1_385' title='bbox 249 2483 259 2499; x_wconf 80' lang='lat'>³</span> <span class='ocrx_word' id='word_1_386' title='bbox 274 2482 330 2512; x_wconf 64' lang='lat' dir='ltr'>Ins„</span> <span class='ocrx_word' id='word_1_387' title='bbox 350 2483 388 2506; x_wconf 80' lang='grc' dir='ltr'>Π.</span> <span class='ocrx_word' id='word_1_388' title='bbox 407 2495 438 2499; x_wconf 94' lang='grc'>-</span> <span class='ocrx_word' id='word_1_389' title='bbox 458 2482 468 2497; x_wconf 68' lang='lat'>¹-</span> <span class='ocrx_word' id='word_1_390' title='bbox 482 2481 569 2509; x_wconf 77' lang='lat' dir='ltr'>Ecclz&#39;.,</span> <span class='ocrx_word' id='word_1_391' title='bbox 590 2487 660 2510; x_wconf 74' lang='lat' dir='ltr'>xxxv,</span> <span class='ocrx_word' id='word_1_392' title='bbox 681 2482 720 2504; x_wconf 77' lang='lat'>25.</span> <span class='ocrx_word' id='word_1_393' title='bbox 738 2493 768 2498; x_wconf 96' lang='lat'>—</span> <span class='ocrx_word' id='word_1_394' title='bbox 787 2481 795 2494; x_wconf 80' lang='lat'>⁵</span> <span class='ocrx_word' id='word_1_395' title='bbox 812 2480 869 2510; x_wconf 56' lang='lat' dir='ltr'>Ius„</span> <span class='ocrx_word' id='word_1_396' title='bbox 888 2480 927 2502; x_wconf 75' lang='lat'>23.</span> <span class='ocrx_word' id='word_1_397' title='bbox 944 2491 970 2495; x_wconf 90' lang='lat'><em>-</em></span> 
     </span>
     <span class='ocr_line' id='line_1_54' title="bbox 206 2516 972 2548; baseline -0.005 -6"><span class='ocrx_word' id='word_1_398' title='bbox 206 2520 215 2533; x_wconf 80' lang='lat'><strong>⁰</strong></span> <span class='ocrx_word' id='word_1_399' title='bbox 233 2520 291 2547; x_wconf 60' lang='lat' dir='ltr'>Ira„</span> <span class='ocrx_word' id='word_1_400' title='bbox 307 2523 349 2548; x_wconf 77' lang='lat' dir='ltr'>xL,</span> <span class='ocrx_word' id='word_1_401' title='bbox 364 2518 386 2540; x_wconf 88' lang='grc'>3.</span> <span class='ocrx_word' id='word_1_402' title='bbox 401 2530 425 2534; x_wconf 84' lang='grc'>-</span> <span class='ocrx_word' id='word_1_403' title='bbox 442 2517 451 2533; x_wconf 85' lang='lat'>&#39;¹</span> <span class='ocrx_word' id='word_1_404' title='bbox 466 2516 538 2546; x_wconf 65' lang='lat' dir='ltr'>limi„</span> <span class='ocrx_word' id='word_1_405' title='bbox 555 2518 707 2545; x_wconf 61' lang='grc' dir='ltr'><strong>11·ιιι,1,-</strong></span> <span class='ocrx_word' id='word_1_406' title='bbox 722 2516 803 2545; x_wconf 74' lang='grc'><strong>“101.,</strong></span> <span class='ocrx_word' id='word_1_407' title='bbox 818 2521 872 2545; x_wconf 78' lang='lat' dir='ltr'>vm,</span> <span class='ocrx_word' id='word_1_408' title='bbox 889 2516 927 2538; x_wconf 79' lang='lat'>58.</span> <span class='ocrx_word' id='word_1_409' title='bbox 943 2527 972 2532; x_wconf 97' lang='lat'>—</span> 
     </span>
     <span class='ocr_line' id='line_1_55' title="bbox 206 2549 972 2584; baseline -0.005 -8"><span class='ocrx_word' id='word_1_410' title='bbox 206 2556 214 2568; x_wconf 49' lang='grc' dir='ltr'>δ’</span> <span class='ocrx_word' id='word_1_411' title='bbox 234 2557 307 2584; x_wconf 72' lang='lat' dir='ltr'>Aug.y</span> <span class='ocrx_word' id='word_1_412' title='bbox 332 2554 357 2576; x_wconf 77' lang='lat' dir='ltr'>in</span> <span class='ocrx_word' id='word_1_413' title='bbox 377 2553 458 2580; x_wconf 60' lang='lat' dir='ltr'>Ioum,</span> <span class='ocrx_word' id='word_1_414' title='bbox 478 2553 509 2574; x_wconf 85' lang='lat' dir='ltr'>tr.</span> <span class='ocrx_word' id='word_1_415' title='bbox 532 2558 574 2580; x_wconf 83' lang='grc' dir='ltr'>ιιι,</span> <span class='ocrx_word' id='word_1_416' title='bbox 595 2558 622 2574; x_wconf 84' lang='lat' dir='ltr'>n.</span> <span class='ocrx_word' id='word_1_417' title='bbox 642 2552 664 2575; x_wconf 86' lang='lat'>7.</span> <span class='ocrx_word' id='word_1_418' title='bbox 688 2563 718 2567; x_wconf 87' lang='lat'>-—</span> <span class='ocrx_word' id='word_1_419' title='bbox 744 2551 764 2567; x_wconf 81' lang='lat'>¹⁰</span> <span class='ocrx_word' id='word_1_420' title='bbox 784 2550 925 2581; x_wconf 60' lang='lat' dir='ltr'>chrysost„</span> <span class='ocrx_word' id='word_1_421' title='bbox 948 2549 972 2572; x_wconf 81' lang='lat' dir='ltr'>in</span> 
     </span>
     <span class='ocr_line' id='line_1_56' title="bbox 205 2586 974 2616; baseline -0.007 -3"><span class='ocrx_word' id='word_1_422' title='bbox 205 2591 286 2615; x_wconf 73' lang='lat' dir='ltr'>loon..</span> <span class='ocrx_word' id='word_1_423' title='bbox 304 2589 374 2612; x_wconf 84' lang='lat' dir='ltr'>hom.</span> <span class='ocrx_word' id='word_1_424' title='bbox 397 2593 445 2616; x_wconf 65' lang='lat' dir='ltr'>xit,</span> <span class='ocrx_word' id='word_1_425' title='bbox 468 2587 501 2610; x_wconf 81' lang='grc'>31.</span> <span class='ocrx_word' id='word_1_426' title='bbox 525 2592 585 2614; x_wconf 68' lang='grc' dir='ltr'>Χῑιι,</span> <span class='ocrx_word' id='word_1_427' title='bbox 605 2594 631 2609; x_wconf 84' lang='grc'>11.</span> <span class='ocrx_word' id='word_1_428' title='bbox 656 2589 674 2609; x_wconf 86' lang='lat' dir='ltr'>I.</span> <span class='ocrx_word' id='word_1_429' title='bbox 691 2599 719 2603; x_wconf 76' lang='lat'>—</span> <span class='ocrx_word' id='word_1_430' title='bbox 740 2586 844 2615; x_wconf 72' lang='grc' dir='ltr'>ι“11)111.,</span> <span class='ocrx_word' id='word_1_431' title='bbox 861 2592 886 2608; x_wconf 88' lang='grc'><strong>0.</strong></span> <span class='ocrx_word' id='word_1_432' title='bbox 905 2586 927 2608; x_wconf 76' lang='lat'>2.</span> <span class='ocrx_word' id='word_1_433' title='bbox 944 2597 974 2602; x_wconf 91' lang='lat'>—</span> 
     </span>
    </p>
   </div>
   <div class='ocr_carea' id='block_1_6' title="bbox 207 2622 974 2655">
    <p class='ocr_par' dir='ltr' id='par_1_7' title="bbox 207 2622 974 2655">
     <span class='ocr_line' id='line_1_57' title="bbox 207 2622 974 2655; baseline -0.008 -5"><span class='ocrx_word' id='word_1_434' title='bbox 207 2626 268 2643; x_wconf 68' lang='lat'>-12</span> <span class='ocrx_word' id='word_1_435' title='bbox 279 2624 377 2655; x_wconf 66' lang='lat' dir='ltr'>Altum,</span> <span class='ocrx_word' id='word_1_436' title='bbox 389 2630 427 2654; x_wconf 89' lang='grc' dir='ltr'>ιιι,</span> <span class='ocrx_word' id='word_1_437' title='bbox 439 2626 476 2647; x_wconf 85' lang='grc'>11.</span> <span class='ocrx_word' id='word_1_438' title='bbox 486 2636 516 2641; x_wconf 90' lang='lat'>——</span> <span class='ocrx_word' id='word_1_439' title='bbox 528 2623 546 2640; x_wconf 80' lang='lat'>¹³</span> <span class='ocrx_word' id='word_1_440' title='bbox 556 2623 695 2653; x_wconf 61' lang='lat' dir='ltr'>Chrysost„</span> <span class='ocrx_word' id='word_1_441' title='bbox 708 2622 894 2653; x_wconf 72' lang='grc' dir='ltr'><strong>ιἰι,1οαη.,11001</strong></span> <span class='ocrx_word' id='word_1_442' title='bbox 916 2626 974 2651; x_wconf 74' lang='lat' dir='ltr'>xm,</span> 
     </span>
    </p>
   </div>
   <div class='ocr_carea' id='block_1_7' title="bbox 699 180 1259 216">
    <p class='ocr_par' dir='ltr' id='par_1_8' title="bbox 699 180 1259 216">
     <span class='ocr_line' id='line_1_58' title="bbox 699 180 1259 216; baseline 0.007 -4"><span class='ocrx_word' id='word_1_443' title='bbox 699 180 912 212; x_wconf 84' lang='lat' dir='ltr'><strong>EVANGELH</strong></span> <span class='ocrx_word' id='word_1_444' title='bbox 936 181 1073 213; x_wconf 88' lang='lat' dir='ltr'>SANCTI</span> <span class='ocrx_word' id='word_1_445' title='bbox 1096 182 1111 213; x_wconf 89' lang='grc'>1</span> <span class='ocrx_word' id='word_1_446' title='bbox 1114 182 1194 215; x_wconf 80' lang='lat' dir='ltr'>OAN</span> <span class='ocrx_word' id='word_1_447' title='bbox 1197 184 1220 215; x_wconf 88' lang='lat' dir='ltr'>N</span> <span class='ocrx_word' id='word_1_448' title='bbox 1225 184 1259 216; x_wconf 87' lang='lat' dir='ltr'>lS</span> 
     </span>
    </p>
   </div>
   <div class='ocr_carea' id='block_1_8' title="bbox 999 249 1906 2411">
    <p class='ocr_par' dir='ltr' id='par_1_9' title="bbox 999 249 1774 289">
     <span class='ocr_line' id='line_1_59' title="bbox 999 249 1774 289; baseline 0.006 -13"><span class='ocrx_word' id='word_1_449' title='bbox 999 249 1035 276; x_wconf 83' lang='lat' dir='ltr'>sit</span> <span class='ocrx_word' id='word_1_450' title='bbox 1049 257 1158 284; x_wconf 80' lang='lat' dir='ltr'>magna</span> <span class='ocrx_word' id='word_1_451' title='bbox 1171 251 1237 278; x_wconf 86' lang='lat' dir='ltr'>laus</span> <span class='ocrx_word' id='word_1_452' title='bbox 1259 252 1321 280; x_wconf 83' lang='lat' dir='ltr'>Filii</span> <span class='ocrx_word' id='word_1_453' title='bbox 1340 253 1390 280; x_wconf 88' lang='lat' dir='ltr'>Dei</span> <span class='ocrx_word' id='word_1_454' title='bbox 1411 252 1495 289; x_wconf 88' lang='lat' dir='ltr'>quod</span> <span class='ocrx_word' id='word_1_455' title='bbox 1514 254 1589 280; x_wconf 82' lang='lat' dir='ltr'>esset</span> <span class='ocrx_word' id='word_1_456' title='bbox 1603 253 1685 288; x_wconf 84' lang='lat' dir='ltr'>prior</span> <span class='ocrx_word' id='word_1_457' title='bbox 1698 260 1774 289; x_wconf 87' lang='lat' dir='ltr'>puro</span> 
     </span>
    </p>

    <p class='ocr_par' dir='ltr' id='par_1_10' title="bbox 999 295 1774 334">
     <span class='ocr_line' id='line_1_60' title="bbox 999 295 1774 334; baseline 0.005 -11"><span class='ocrx_word' id='word_1_458' title='bbox 999 295 1136 331; x_wconf 86' lang='lat' dir='ltr'>homine,</span> <span class='ocrx_word' id='word_1_459' title='bbox 1152 299 1179 325; x_wconf 85' lang='lat' dir='ltr'>et</span> <span class='ocrx_word' id='word_1_460' title='bbox 1200 298 1226 326; x_wconf 84' lang='lat' dir='ltr'>ei</span> <span class='ocrx_word' id='word_1_461' title='bbox 1240 299 1394 334; x_wconf 66' lang='lat' dir='ltr'>praelatus,</span> <span class='ocrx_word' id='word_1_462' title='bbox 1418 299 1534 327; x_wconf 84' lang='lat' dir='ltr'>videtur</span> <span class='ocrx_word' id='word_1_463' title='bbox 1552 299 1609 326; x_wconf 89' lang='lat' dir='ltr'>hoc</span> <span class='ocrx_word' id='word_1_464' title='bbox 1628 307 1690 327; x_wconf 90' lang='lat' dir='ltr'>non</span> <span class='ocrx_word' id='word_1_465' title='bbox 1712 307 1774 328; x_wconf 80' lang='lat' dir='ltr'>esse</span> 
     </span>
    </p>

    <p class='ocr_par' dir='ltr' id='par_1_11' title="bbox 1000 344 1775 381">
     <span class='ocr_line' id='line_1_61' title="bbox 1000 344 1775 381; baseline 0.008 -13"><span class='ocrx_word' id='word_1_466' title='bbox 1000 349 1142 377; x_wconf 87' lang='lat' dir='ltr'>magnum</span> <span class='ocrx_word' id='word_1_467' title='bbox 1160 344 1366 372; x_wconf 87' lang='lat' dir='ltr'>testimonium.</span> <span class='ocrx_word' id='word_1_468' title='bbox 1388 347 1457 374; x_wconf 82' lang='lat' dir='ltr'>item</span> <span class='ocrx_word' id='word_1_469' title='bbox 1481 345 1565 381; x_wconf 79' lang='lat' dir='ltr'>quasi</span> <span class='ocrx_word' id='word_1_470' title='bbox 1583 345 1775 374; x_wconf 69' lang='lat' dir='ltr'>consimiliter</span> 
     </span>
    </p>

    <p class='ocr_par' dir='ltr' id='par_1_12' title="bbox 1002 389 1773 425">
     <span class='ocr_line' id='line_1_62' title="bbox 1002 389 1773 425; baseline 0.004 -9"><span class='ocrx_word' id='word_1_471' title='bbox 1002 389 1124 424; x_wconf 90' lang='lat' dir='ltr'>opponit</span> <span class='ocrx_word' id='word_1_472' title='bbox 1141 391 1316 425; x_wconf 80' lang='lat' dir='ltr'>Augustinus</span> <span class='ocrx_word' id='word_1_473' title='bbox 1326 392 1336 407; x_wconf 77' lang='lat'><strong>⁹</strong></span> <span class='ocrx_word' id='word_1_474' title='bbox 1352 400 1358 418; x_wconf 73' lang='grc' dir='ltr'>ε</span> <span class='ocrx_word' id='word_1_475' title='bbox 1378 400 1391 416; x_wconf 75' lang='grc' dir='ltr'>α</span> <span class='ocrx_word' id='word_1_476' title='bbox 1405 393 1475 419; x_wconf 89' lang='lat' dir='ltr'>Cum</span> <span class='ocrx_word' id='word_1_477' title='bbox 1489 394 1562 419; x_wconf 86' lang='lat' dir='ltr'>esset</span> <span class='ocrx_word' id='word_1_478' title='bbox 1577 394 1643 419; x_wconf 85' lang='lat' dir='ltr'>ante</span> <span class='ocrx_word' id='word_1_479' title='bbox 1659 391 1773 420; x_wconf 80' lang='lat' dir='ltr'>Lucife-</span> 
     </span>
    </p>

    <p class='ocr_par' dir='ltr' id='par_1_13' title="bbox 1002 436 1776 472">
     <span class='ocr_line' id='line_1_63' title="bbox 1002 436 1776 472; baseline 0.005 -10"><span class='ocrx_word' id='word_1_480' title='bbox 1002 442 1068 462; x_wconf 90' lang='lat' dir='ltr'>rum</span> <span class='ocrx_word' id='word_1_481' title='bbox 1096 436 1224 471; x_wconf 85' lang='lat' dir='ltr'>genitus,</span> <span class='ocrx_word' id='word_1_482' title='bbox 1244 445 1304 464; x_wconf 90' lang='lat' dir='ltr'>non</span> <span class='ocrx_word' id='word_1_483' title='bbox 1328 436 1381 464; x_wconf 76' lang='lat' dir='ltr'>suit</span> <span class='ocrx_word' id='word_1_484' title='bbox 1403 437 1429 464; x_wconf 89' lang='lat' dir='ltr'>ei</span> <span class='ocrx_word' id='word_1_485' title='bbox 1452 445 1595 472; x_wconf 83' lang='lat' dir='ltr'>magnum</span> <span class='ocrx_word' id='word_1_486' title='bbox 1622 445 1684 465; x_wconf 85' lang='lat' dir='ltr'>esse</span> <span class='ocrx_word' id='word_1_487' title='bbox 1709 440 1776 466; x_wconf 84' lang='lat' dir='ltr'>ante</span> 
     </span>
    </p>

    <p class='ocr_par' dir='ltr' id='par_1_14' title="bbox 1001 482 1775 512">
     <span class='ocr_line' id='line_1_64' title="bbox 1001 482 1775 512; baseline 0.004 -4"><span class='ocrx_word' id='word_1_488' title='bbox 1001 482 1155 509; x_wconf 77' lang='lat' dir='ltr'>Ioannem.</span> <span class='ocrx_word' id='word_1_489' title='bbox 1177 484 1248 510; x_wconf 81' lang='lat' dir='ltr'>Item</span> <span class='ocrx_word' id='word_1_490' title='bbox 1262 483 1378 510; x_wconf 75' lang='lat' dir='ltr'>videtur</span> <span class='ocrx_word' id='word_1_491' title='bbox 1393 484 1518 511; x_wconf 83' lang='lat' dir='ltr'>Joaunes</span> <span class='ocrx_word' id='word_1_492' title='bbox 1533 491 1563 511; x_wconf 86' lang='lat' dir='ltr'>se</span> <span class='ocrx_word' id='word_1_493' title='bbox 1588 484 1729 511; x_wconf 77' lang='lat' dir='ltr'>extollere</span> <span class='ocrx_word' id='word_1_494' title='bbox 1745 484 1775 512; x_wconf 88' lang='lat' dir='ltr'>in</span> 
     </span>
    </p>

    <p class='ocr_par' dir='ltr' id='par_1_15' title="bbox 1002 527 1776 564">
     <span class='ocr_line' id='line_1_65' title="bbox 1002 527 1776 564; baseline 0.005 -10"><span class='ocrx_word' id='word_1_495' title='bbox 1002 527 1074 562; x_wconf 88' lang='lat' dir='ltr'>hoc,</span> <span class='ocrx_word' id='word_1_496' title='bbox 1096 528 1178 563; x_wconf 88' lang='lat' dir='ltr'>quod</span> <span class='ocrx_word' id='word_1_497' title='bbox 1201 529 1336 564; x_wconf 86' lang='lat' dir='ltr'>perhibet</span> <span class='ocrx_word' id='word_1_498' title='bbox 1361 529 1527 557; x_wconf 83' lang='lat' dir='ltr'>testimonia</span> <span class='ocrx_word' id='word_1_499' title='bbox 1551 530 1622 558; x_wconf 87' lang='lat' dir='ltr'>Filio</span> <span class='ocrx_word' id='word_1_500' title='bbox 1648 530 1707 558; x_wconf 88' lang='lat' dir='ltr'>Dei.</span> <span class='ocrx_word' id='word_1_501' title='bbox 1731 530 1776 558; x_wconf 71' lang='lat' dir='ltr'>Ad</span> 
     </span>
    </p>

    <p class='ocr_par' dir='ltr' id='par_1_16' title="bbox 1003 573 1777 613">
     <span class='ocr_line' id='line_1_66' title="bbox 1003 573 1777 613; baseline 0.005 -12"><span class='ocrx_word' id='word_1_502' title='bbox 1003 573 1081 601; x_wconf 88' lang='lat' dir='ltr'>istud</span> <span class='ocrx_word' id='word_1_503' title='bbox 1095 575 1253 610; x_wconf 85' lang='lat' dir='ltr'>respondet</span> <span class='ocrx_word' id='word_1_504' title='bbox 1267 576 1502 612; x_wconf 80' lang='lat' dir='ltr'>Chrysostomus,</span> <span class='ocrx_word' id='word_1_505' title='bbox 1522 575 1621 603; x_wconf 90' lang='lat' dir='ltr'>dicens</span> <span class='ocrx_word' id='word_1_506' title='bbox 1641 577 1671 610; x_wconf 88' lang='lat'>¹⁰,</span> <span class='ocrx_word' id='word_1_507' title='bbox 1692 576 1777 613; x_wconf 89' lang='lat' dir='ltr'>quod</span> 
     </span>
    </p>

    <p class='ocr_par' dir='ltr' id='par_1_17' title="bbox 1008 620 1776 658">
     <span class='ocr_line' id='line_1_67' title="bbox 1008 620 1776 658; baseline 0.005 -12"><span class='ocrx_word' id='word_1_508' title='bbox 1008 630 1022 645; x_wconf 84' lang='lat'>«</span> <span class='ocrx_word' id='word_1_509' title='bbox 1045 620 1137 648; x_wconf 82' lang='lat' dir='ltr'>Judaei</span> <span class='ocrx_word' id='word_1_510' title='bbox 1166 621 1289 649; x_wconf 83' lang='lat' dir='ltr'>multam</span> <span class='ocrx_word' id='word_1_511' title='bbox 1316 624 1344 649; x_wconf 90' lang='lat' dir='ltr'>et</span> <span class='ocrx_word' id='word_1_512' title='bbox 1372 621 1580 649; x_wconf 82' lang='lat' dir='ltr'>admirabilem</span> <span class='ocrx_word' id='word_1_513' title='bbox 1605 622 1776 658; x_wconf 80' lang='lat' dir='ltr'>opinionem</span> 
     </span>
    </p>

    <p class='ocr_par' dir='ltr' id='par_1_18' title="bbox 1004 667 1778 702">
     <span class='ocr_line' id='line_1_68' title="bbox 1004 667 1778 702; baseline 0.004 -9"><span class='ocrx_word' id='word_1_514' title='bbox 1004 667 1092 701; x_wconf 86' lang='lat' dir='ltr'>hujus</span> <span class='ocrx_word' id='word_1_515' title='bbox 1103 667 1174 701; x_wconf 86' lang='lat' dir='ltr'>viri,</span> <span class='ocrx_word' id='word_1_516' title='bbox 1188 668 1219 695; x_wconf 94' lang='lat' dir='ltr'>id</span> <span class='ocrx_word' id='word_1_517' title='bbox 1239 670 1281 695; x_wconf 84' lang='lat' dir='ltr'>est</span> <span class='ocrx_word' id='word_1_518' title='bbox 1295 668 1431 702; x_wconf 82' lang='grc'><strong>10301115,</strong></span> <span class='ocrx_word' id='word_1_519' title='bbox 1451 668 1610 696; x_wconf 84' lang='lat' dir='ltr'>habebant.</span> <span class='ocrx_word' id='word_1_520' title='bbox 1632 668 1701 696; x_wconf 87' lang='lat' dir='ltr'>ldeo</span> <span class='ocrx_word' id='word_1_521' title='bbox 1716 676 1778 696; x_wconf 93' lang='lat' dir='ltr'>non</span> 
     </span>
    </p>

    <p class='ocr_par' dir='ltr' id='par_1_19' title="bbox 1005 714 1780 750">
     <span class='ocr_line' id='line_1_69' title="bbox 1005 714 1780 750; baseline 0.004 -11"><span class='ocrx_word' id='word_1_522' title='bbox 1005 715 1066 740; x_wconf 83' lang='lat' dir='ltr'>crat</span> <span class='ocrx_word' id='word_1_523' title='bbox 1083 721 1187 749; x_wconf 80' lang='lat' dir='ltr'>parum</span> <span class='ocrx_word' id='word_1_524' title='bbox 1211 714 1292 750; x_wconf 87' lang='lat' dir='ltr'>apud</span> <span class='ocrx_word' id='word_1_525' title='bbox 1311 714 1442 748; x_wconf 80' lang='lat' dir='ltr'>Judaeos,</span> <span class='ocrx_word' id='word_1_526' title='bbox 1465 714 1545 749; x_wconf 83' lang='lat' dir='ltr'>apud</span> <span class='ocrx_word' id='word_1_527' title='bbox 1561 722 1636 750; x_wconf 82' lang='lat' dir='ltr'>quos</span> <span class='ocrx_word' id='word_1_528' title='bbox 1651 714 1701 742; x_wconf 90' lang='lat' dir='ltr'>ille</span> <span class='ocrx_word' id='word_1_529' title='bbox 1717 716 1780 742; x_wconf 85' lang='lat' dir='ltr'>erat</span> 
     </span>
    </p>

    <p class='ocr_par' dir='ltr' id='par_1_20' title="bbox 1006 759 1777 796">
     <span class='ocr_line' id='line_1_70' title="bbox 1006 759 1777 796; baseline 0.001 -9"><span class='ocrx_word' id='word_1_530' title='bbox 1006 759 1148 787; x_wconf 83' lang='lat' dir='ltr'>mirabilis</span> <span class='ocrx_word' id='word_1_531' title='bbox 1167 762 1194 788; x_wconf 88' lang='lat' dir='ltr'>et</span> <span class='ocrx_word' id='word_1_532' title='bbox 1212 761 1333 796; x_wconf 83' lang='lat' dir='ltr'>insignis</span> <span class='ocrx_word' id='word_1_533' title='bbox 1344 780 1352 793; x_wconf 98' lang='lat'>,</span> <span class='ocrx_word' id='word_1_534' title='bbox 1368 760 1473 788; x_wconf 82' lang='lat' dir='ltr'>Filium</span> <span class='ocrx_word' id='word_1_535' title='bbox 1489 761 1536 788; x_wconf 87' lang='lat' dir='ltr'>Dei</span> <span class='ocrx_word' id='word_1_536' title='bbox 1554 769 1616 788; x_wconf 88' lang='lat' dir='ltr'>esse</span> <span class='ocrx_word' id='word_1_537' title='bbox 1631 761 1777 796; x_wconf 81' lang='lat' dir='ltr'>majorem</span> 
     </span>
    </p>

    <p class='ocr_par' dir='ltr' id='par_1_21' title="bbox 1006 806 1779 842">
     <span class='ocr_line' id='line_1_71' title="bbox 1006 806 1779 842; baseline 0.003 -9"><span class='ocrx_word' id='word_1_538' title='bbox 1006 807 1133 840; x_wconf 72' lang='grc'><strong>103006,</strong></span> <span class='ocrx_word' id='word_1_539' title='bbox 1150 809 1177 834; x_wconf 91' lang='lat' dir='ltr'>et</span> <span class='ocrx_word' id='word_1_540' title='bbox 1188 807 1214 834; x_wconf 87' lang='lat' dir='ltr'>ei</span> <span class='ocrx_word' id='word_1_541' title='bbox 1229 807 1427 842; x_wconf 79' lang='lat' dir='ltr'>praepositum.</span> <span class='ocrx_word' id='word_1_542' title='bbox 1438 817 1451 832; x_wconf 85' lang='lat'>»</span> <span class='ocrx_word' id='word_1_543' title='bbox 1468 808 1530 834; x_wconf 78' lang='lat' dir='ltr'>llaec</span> <span class='ocrx_word' id='word_1_544' title='bbox 1542 806 1602 834; x_wconf 89' lang='lat' dir='ltr'>ille.</span> <span class='ocrx_word' id='word_1_545' title='bbox 1620 807 1676 834; x_wconf 91' lang='lat' dir='ltr'>Sed</span> <span class='ocrx_word' id='word_1_546' title='bbox 1687 814 1779 842; x_wconf 84' lang='lat' dir='ltr'>quare</span> 
     </span>
    </p>

    <p class='ocr_par' dir='ltr' id='par_1_22' title="bbox 1007 853 1780 889">
     <span class='ocr_line' id='line_1_72' title="bbox 1007 853 1780 889; baseline 0.003 -10"><span class='ocrx_word' id='word_1_547' title='bbox 1007 860 1068 879; x_wconf 89' lang='lat' dir='ltr'>non</span> <span class='ocrx_word' id='word_1_548' title='bbox 1081 853 1230 888; x_wconf 84' lang='lat' dir='ltr'>perhibuit</span> <span class='ocrx_word' id='word_1_549' title='bbox 1246 853 1445 880; x_wconf 86' lang='lat' dir='ltr'>testimonium</span> <span class='ocrx_word' id='word_1_550' title='bbox 1459 853 1496 880; x_wconf 90' lang='lat' dir='ltr'>de</span> <span class='ocrx_word' id='word_1_551' title='bbox 1513 853 1697 881; x_wconf 87' lang='lat' dir='ltr'>miraculosis</span> <span class='ocrx_word' id='word_1_552' title='bbox 1707 861 1780 889; x_wconf 86' lang='lat' dir='ltr'>ope-</span> 
     </span>
    </p>

    <p class='ocr_par' dir='ltr' id='par_1_23' title="bbox 1007 899 1779 934">
     <span class='ocr_line' id='line_1_73' title="bbox 1007 899 1779 934; baseline 0 -8"><span class='ocrx_word' id='word_1_553' title='bbox 1007 899 1088 926; x_wconf 89' lang='lat' dir='ltr'>ribus</span> <span class='ocrx_word' id='word_1_554' title='bbox 1110 899 1172 926; x_wconf 84' lang='lat' dir='ltr'>Filii</span> <span class='ocrx_word' id='word_1_555' title='bbox 1197 899 1246 926; x_wconf 85' lang='lat' dir='ltr'>Dei</span> <span class='ocrx_word' id='word_1_556' title='bbox 1270 899 1403 926; x_wconf 69' lang='lat' dir='ltr'>venturi?</span> <span class='ocrx_word' id='word_1_557' title='bbox 1419 901 1451 926; x_wconf 86' lang='lat' dir='ltr'>Et</span> <span class='ocrx_word' id='word_1_558' title='bbox 1472 899 1511 926; x_wconf 89' lang='lat' dir='ltr'>ad</span> <span class='ocrx_word' id='word_1_559' title='bbox 1532 899 1589 926; x_wconf 85' lang='lat' dir='ltr'>hoc</span> <span class='ocrx_word' id='word_1_560' title='bbox 1603 899 1779 934; x_wconf 83' lang='lat' dir='ltr'>respondet,</span> 
     </span>
    </p>

    <p class='ocr_par' dir='ltr' id='par_1_24' title="bbox 1008 944 1782 981">
     <span class='ocr_line' id='line_1_74' title="bbox 1008 944 1782 981; baseline 0 -9"><span class='ocrx_word' id='word_1_561' title='bbox 1008 945 1091 981; x_wconf 90' lang='lat' dir='ltr'>quod</span> <span class='ocrx_word' id='word_1_562' title='bbox 1104 952 1166 972; x_wconf 91' lang='lat' dir='ltr'>non</span> <span class='ocrx_word' id='word_1_563' title='bbox 1184 945 1334 972; x_wconf 84' lang='lat' dir='ltr'>confestim</span> <span class='ocrx_word' id='word_1_564' title='bbox 1354 945 1469 972; x_wconf 65' lang='lat' dir='ltr'>Judceos</span> <span class='ocrx_word' id='word_1_565' title='bbox 1487 944 1525 972; x_wconf 85' lang='lat' dir='ltr'>ad</span> <span class='ocrx_word' id='word_1_566' title='bbox 1540 945 1599 972; x_wconf 87' lang='lat' dir='ltr'>alta</span> <span class='ocrx_word' id='word_1_567' title='bbox 1614 945 1713 979; x_wconf 81' lang='lat' dir='ltr'>duxit,</span> <span class='ocrx_word' id='word_1_568' title='bbox 1729 944 1782 972; x_wconf 87' lang='lat' dir='ltr'>sed</span> 
     </span>
    </p>

    <p class='ocr_par' dir='ltr' id='par_1_25' title="bbox 1007 991 1781 1028">
     <span class='ocr_line' id='line_1_75' title="bbox 1007 991 1781 1028; baseline -0.001 -9"><span class='ocrx_word' id='word_1_569' title='bbox 1007 992 1151 1028; x_wconf 84' lang='lat' dir='ltr'>paulatim</span> <span class='ocrx_word' id='word_1_570' title='bbox 1163 1000 1180 1019; x_wconf 90' lang='lat' dir='ltr'>a</span> <span class='ocrx_word' id='word_1_571' title='bbox 1195 994 1270 1019; x_wconf 84' lang='lat' dir='ltr'>terra</span> <span class='ocrx_word' id='word_1_572' title='bbox 1283 991 1401 1019; x_wconf 85' lang='lat' dir='ltr'>evolare</span> <span class='ocrx_word' id='word_1_573' title='bbox 1416 991 1526 1026; x_wconf 76' lang='lat' dir='ltr'>voluit,</span> <span class='ocrx_word' id='word_1_574' title='bbox 1543 994 1571 1019; x_wconf 90' lang='lat' dir='ltr'>et</span> <span class='ocrx_word' id='word_1_575' title='bbox 1584 991 1668 1027; x_wconf 90' lang='lat' dir='ltr'>ponit</span> <span class='ocrx_word' id='word_1_576' title='bbox 1683 998 1781 1019; x_wconf 82' lang='lat' dir='ltr'>exem-</span> 
     </span>
    </p>

    <p class='ocr_par' dir='ltr' id='par_1_26' title="bbox 1008 1032 1902 1081">
     <span class='ocr_line' id='line_1_76' title="bbox 1008 1032 1902 1081; baseline -0.002 -15"><span class='ocrx_word' id='word_1_577' title='bbox 1008 1039 1091 1073; x_wconf 89' lang='lat' dir='ltr'>plum</span> <span class='ocrx_word' id='word_1_578' title='bbox 1105 1038 1122 1055; x_wconf 85' lang='lat'>¹¹</span> <span class='ocrx_word' id='word_1_579' title='bbox 1139 1048 1169 1065; x_wconf 83' lang='grc'>;«</span> <span class='ocrx_word' id='word_1_580' title='bbox 1181 1040 1283 1066; x_wconf 85' lang='lat' dir='ltr'>Matres</span> <span class='ocrx_word' id='word_1_581' title='bbox 1297 1046 1366 1065; x_wconf 82' lang='lat' dir='ltr'>aves</span> <span class='ocrx_word' id='word_1_582' title='bbox 1380 1046 1441 1065; x_wconf 91' lang='lat' dir='ltr'>non</span> <span class='ocrx_word' id='word_1_583' title='bbox 1454 1038 1606 1065; x_wconf 83' lang='lat' dir='ltr'>confestim</span> <span class='ocrx_word' id='word_1_584' title='bbox 1620 1037 1716 1073; x_wconf 84' lang='lat' dir='ltr'>prima</span> <span class='ocrx_word' id='word_1_585' title='bbox 1730 1037 1778 1064; x_wconf 87' lang='lat' dir='ltr'>die</span> <span class='ocrx_word' id='word_1_586' title='bbox 1825 1032 1902 1081; x_wconf 60' lang='lat' dir='ltr'>elxam-</span> 
     </span>
    </p>

    <p class='ocr_par' dir='ltr' id='par_1_27' title="bbox 1008 1067 1881 1120">
     <span class='ocr_line' id='line_1_77' title="bbox 1008 1067 1881 1120; baseline 0 -8"><span class='ocrx_word' id='word_1_587' title='bbox 1008 1085 1109 1112; x_wconf 81' lang='lat' dir='ltr'>volarc</span> <span class='ocrx_word' id='word_1_588' title='bbox 1122 1084 1227 1112; x_wconf 87' lang='lat' dir='ltr'>docent</span> <span class='ocrx_word' id='word_1_589' title='bbox 1241 1084 1349 1120; x_wconf 85' lang='lat' dir='ltr'>pullos.</span> <span class='ocrx_word' id='word_1_590' title='bbox 1360 1094 1372 1109; x_wconf 64' lang='grc' dir='ltr'>υ</span> <span class='ocrx_word' id='word_1_591' title='bbox 1383 1085 1450 1112; x_wconf 87' lang='lat' dir='ltr'>Ideo</span> <span class='ocrx_word' id='word_1_592' title='bbox 1460 1084 1500 1111; x_wconf 88' lang='lat' dir='ltr'>ait</span> <span class='ocrx_word' id='word_1_593' title='bbox 1514 1093 1520 1111; x_wconf 93' lang='lat'><strong>:</strong></span> <span class='ocrx_word' id='word_1_594' title='bbox 1533 1085 1656 1119; x_wconf 81' lang='lat' dir='ltr'>Quipost</span> <span class='ocrx_word' id='word_1_595' title='bbox 1670 1091 1710 1111; x_wconf 86' lang='lat' dir='ltr'>me</span> <span class='ocrx_word' id='word_1_596' title='bbox 1724 1091 1783 1111; x_wconf 77' lang='lat' dir='ltr'>ven·</span> <span class='ocrx_word' id='word_1_597' title='bbox 1797 1067 1881 1113; x_wconf 49' lang='lat' dir='ltr'>ovidii?</span> 
     </span>
    </p>

    <p class='ocr_par' dir='ltr' id='par_1_28' title="bbox 1010 1129 1783 1166">
     <span class='ocr_line' id='line_1_78' title="bbox 1010 1129 1783 1166; baseline -0.004 -7"><span class='ocrx_word' id='word_1_598' title='bbox 1010 1135 1087 1159; x_wconf 82' lang='lat' dir='ltr'>turus</span> <span class='ocrx_word' id='word_1_599' title='bbox 1101 1134 1152 1165; x_wconf 87' lang='lat' dir='ltr'>est,</span> <span class='ocrx_word' id='word_1_600' title='bbox 1169 1131 1253 1166; x_wconf 83' lang='lat' dir='ltr'>quasi</span> <span class='ocrx_word' id='word_1_601' title='bbox 1268 1130 1347 1158; x_wconf 84' lang='lat' dir='ltr'>dicat</span> <span class='ocrx_word' id='word_1_602' title='bbox 1371 1139 1378 1157; x_wconf 91' lang='grc'>;</span> <span class='ocrx_word' id='word_1_603' title='bbox 1395 1132 1472 1164; x_wconf 83' lang='lat' dir='ltr'>Non,</span> <span class='ocrx_word' id='word_1_604' title='bbox 1498 1130 1568 1165; x_wconf 88' lang='lat' dir='ltr'>quia</span> <span class='ocrx_word' id='word_1_605' title='bbox 1582 1129 1663 1165; x_wconf 87' lang='lat' dir='ltr'>prius</span> <span class='ocrx_word' id='word_1_606' title='bbox 1678 1129 1783 1165; x_wconf 81' lang='lat' dir='ltr'>praedi-</span> 
     </span>
    </p>

    <p class='ocr_par' dir='ltr' id='par_1_29' title="bbox 1011 1176 1784 1212">
     <span class='ocr_line' id='line_1_79' title="bbox 1011 1176 1784 1212; baseline -0.001 -7"><span class='ocrx_word' id='word_1_607' title='bbox 1011 1179 1088 1212; x_wconf 79' lang='lat' dir='ltr'>cavi,</span> <span class='ocrx_word' id='word_1_608' title='bbox 1114 1178 1282 1205; x_wconf 79' lang='lat' dir='ltr'>existimetis</span> <span class='ocrx_word' id='word_1_609' title='bbox 1309 1186 1356 1205; x_wconf 89' lang='lat' dir='ltr'>me</span> <span class='ocrx_word' id='word_1_610' title='bbox 1381 1177 1542 1212; x_wconf 82' lang='lat' dir='ltr'>majorem3</span> <span class='ocrx_word' id='word_1_611' title='bbox 1569 1176 1662 1204; x_wconf 89' lang='lat' dir='ltr'>multo</span> <span class='ocrx_word' id='word_1_612' title='bbox 1686 1176 1784 1204; x_wconf 87' lang='lat' dir='ltr'>minor</span> 
     </span>
    </p>

    <p class='ocr_par' dir='ltr' id='par_1_30' title="bbox 1011 1222 1784 1258">
     <span class='ocr_line' id='line_1_80' title="bbox 1011 1222 1784 1258; baseline -0.004 -7"><span class='ocrx_word' id='word_1_613' title='bbox 1011 1233 1092 1258; x_wconf 88' lang='lat' dir='ltr'>sum,</span> <span class='ocrx_word' id='word_1_614' title='bbox 1109 1226 1141 1251; x_wconf 90' lang='lat' dir='ltr'>ut</span> <span class='ocrx_word' id='word_1_615' title='bbox 1156 1232 1211 1251; x_wconf 84' lang='lat' dir='ltr'>nec</span> <span class='ocrx_word' id='word_1_616' title='bbox 1225 1224 1255 1251; x_wconf 92' lang='lat' dir='ltr'>in</span> <span class='ocrx_word' id='word_1_617' title='bbox 1271 1224 1374 1251; x_wconf 87' lang='lat' dir='ltr'>ordine</span> <span class='ocrx_word' id='word_1_618' title='bbox 1390 1223 1465 1250; x_wconf 84' lang='lat' dir='ltr'>servi</span> <span class='ocrx_word' id='word_1_619' title='bbox 1481 1223 1536 1249; x_wconf 81' lang='lat' dir='ltr'>sim</span> <span class='ocrx_word' id='word_1_620' title='bbox 1553 1223 1585 1257; x_wconf 87' lang='lat' dir='ltr'>(b)</span> <span class='ocrx_word' id='word_1_621' title='bbox 1604 1222 1711 1257; x_wconf 83' lang='lat' dir='ltr'>dignus</span> <span class='ocrx_word' id='word_1_622' title='bbox 1732 1229 1784 1249; x_wconf 89' lang='lat' dir='ltr'>an—</span> 
     </span>
    </p>

    <p class='ocr_par' dir='ltr' id='par_1_31' title="bbox 1011 1267 1784 1304">
     <span class='ocr_line' id='line_1_81' title="bbox 1011 1267 1784 1304; baseline -0.004 -7"><span class='ocrx_word' id='word_1_623' title='bbox 1011 1271 1159 1298; x_wconf 87' lang='lat' dir='ltr'>numerari</span> <span class='ocrx_word' id='word_1_624' title='bbox 1171 1280 1176 1297; x_wconf 93' lang='lat'>:</span> <span class='ocrx_word' id='word_1_625' title='bbox 1191 1271 1211 1287; x_wconf 76' lang='lat'>¹²</span> <span class='ocrx_word' id='word_1_626' title='bbox 1222 1279 1235 1295; x_wconf 78' lang='grc' dir='ltr'>(ι</span> <span class='ocrx_word' id='word_1_627' title='bbox 1249 1270 1336 1304; x_wconf 87' lang='lat' dir='ltr'>Cujus</span> <span class='ocrx_word' id='word_1_628' title='bbox 1348 1277 1410 1296; x_wconf 92' lang='grc'>000</span> <span class='ocrx_word' id='word_1_629' title='bbox 1427 1277 1492 1296; x_wconf 85' lang='lat' dir='ltr'>sum</span> <span class='ocrx_word' id='word_1_630' title='bbox 1505 1268 1612 1302; x_wconf 78' lang='lat' dir='ltr'>dignus</span> <span class='ocrx_word' id='word_1_631' title='bbox 1626 1267 1784 1302; x_wconf 83' lang='lat' dir='ltr'>corrigiam</span> 
     </span>
    </p>

    <p class='ocr_par' dir='ltr' id='par_1_32' title="bbox 1012 1315 1786 1351">
     <span class='ocr_line' id='line_1_82' title="bbox 1012 1315 1786 1351; baseline -0.004 -6"><span class='ocrx_word' id='word_1_632' title='bbox 1012 1317 1200 1345; x_wconf 80' lang='lat' dir='ltr'>calceamenti</span> <span class='ocrx_word' id='word_1_633' title='bbox 1215 1317 1333 1344; x_wconf 87' lang='lat' dir='ltr'>solveri.</span> <span class='ocrx_word' id='word_1_634' title='bbox 1350 1327 1363 1343; x_wconf 86' lang='lat'>»</span> <span class='ocrx_word' id='word_1_635' title='bbox 1381 1317 1443 1344; x_wconf 78' lang='lat' dir='ltr'>Ilaec</span> <span class='ocrx_word' id='word_1_636' title='bbox 1462 1316 1510 1343; x_wconf 82' lang='lat' dir='ltr'>ille</span> <span class='ocrx_word' id='word_1_637' title='bbox 1532 1315 1571 1351; x_wconf 79' lang='lat' dir='ltr'>(c).</span> <span class='ocrx_word' id='word_1_638' title='bbox 1589 1318 1621 1343; x_wconf 87' lang='lat' dir='ltr'>Et</span> <span class='ocrx_word' id='word_1_639' title='bbox 1638 1317 1718 1351; x_wconf 84' lang='lat' dir='ltr'>patet</span> <span class='ocrx_word' id='word_1_640' title='bbox 1738 1315 1786 1342; x_wconf 89' lang='lat' dir='ltr'>hic</span> 
     </span>
    </p>

    <p class='ocr_par' dir='ltr' id='par_1_33' title="bbox 1012 1360 1904 1397">
     <span class='ocr_line' id='line_1_83' title="bbox 1012 1360 1904 1397; baseline -0.003 -6"><span class='ocrx_word' id='word_1_641' title='bbox 1012 1363 1206 1391; x_wconf 80' lang='lat' dir='ltr'>artificiositas</span> <span class='ocrx_word' id='word_1_642' title='bbox 1229 1363 1307 1391; x_wconf 81' lang='lat' dir='ltr'>beati</span> <span class='ocrx_word' id='word_1_643' title='bbox 1335 1363 1454 1390; x_wconf 86' lang='grc'><strong>1030015</strong></span> <span class='ocrx_word' id='word_1_644' title='bbox 1484 1363 1513 1389; x_wconf 92' lang='grc'>10</span> <span class='ocrx_word' id='word_1_645' title='bbox 1538 1361 1689 1396; x_wconf 85' lang='lat' dir='ltr'>docendo,</span> <span class='ocrx_word' id='word_1_646' title='bbox 1715 1361 1787 1397; x_wconf 86' lang='lat' dir='ltr'>quia</span> <span class='ocrx_word' id='word_1_647' title='bbox 1822 1360 1904 1395; x_wconf 57' lang='grc' dir='ltr'><strong>,Λῖῑῑῦ-</strong></span> 
     </span>
    </p>

    <p class='ocr_par' dir='ltr' id='par_1_34' title="bbox 1013 1393 1896 1446">
     <span class='ocr_line' id='line_1_84' title="bbox 1013 1393 1896 1446; baseline -0.005 -8"><span class='ocrx_word' id='word_1_648' title='bbox 1013 1418 1074 1438; x_wconf 91' lang='grc'>000</span> <span class='ocrx_word' id='word_1_649' title='bbox 1087 1410 1153 1446; x_wconf 82' lang='lat' dir='ltr'>plus</span> <span class='ocrx_word' id='word_1_650' title='bbox 1169 1411 1226 1438; x_wconf 89' lang='lat' dir='ltr'>alta</span> <span class='ocrx_word' id='word_1_651' title='bbox 1245 1409 1403 1446; x_wconf 78' lang='lat' dir='ltr'>praeposuit</span> <span class='ocrx_word' id='word_1_652' title='bbox 1413 1418 1422 1443; x_wconf 87' lang='lat'>;</span> <span class='ocrx_word' id='word_1_653' title='bbox 1446 1411 1474 1436; x_wconf 84' lang='lat' dir='ltr'>ct</span> <span class='ocrx_word' id='word_1_654' title='bbox 1493 1409 1556 1444; x_wconf 88' lang='lat' dir='ltr'>ejus</span> <span class='ocrx_word' id='word_1_655' title='bbox 1570 1407 1736 1441; x_wconf 80' lang='lat' dir='ltr'>humilitas,</span> <span class='ocrx_word' id='word_1_656' title='bbox 1755 1415 1786 1435; x_wconf 85' lang='lat' dir='ltr'>se</span> <span class='ocrx_word' id='word_1_657' title='bbox 1809 1393 1896 1442; x_wconf 41' lang='lat'>⁶32¹?</span> 
     </span>
    </p>

    <p class='ocr_par' dir='ltr' id='par_1_35' title="bbox 1014 1453 1900 1491">
     <span class='ocr_line' id='line_1_85' title="bbox 1014 1453 1900 1491; baseline -0.003 -7"><span class='ocrx_word' id='word_1_658' title='bbox 1014 1457 1196 1491; x_wconf 81' lang='lat' dir='ltr'>abjiciendo,·</span> <span class='ocrx_word' id='word_1_659' title='bbox 1226 1458 1253 1484; x_wconf 90' lang='lat' dir='ltr'>et</span> <span class='ocrx_word' id='word_1_660' title='bbox 1279 1456 1418 1489; x_wconf 80' lang='lat' dir='ltr'>fidelitas,</span> <span class='ocrx_word' id='word_1_661' title='bbox 1452 1455 1556 1482; x_wconf 80' lang='lat' dir='ltr'>Filium</span> <span class='ocrx_word' id='word_1_662' title='bbox 1579 1455 1627 1482; x_wconf 86' lang='lat' dir='ltr'>Dei</span> <span class='ocrx_word' id='word_1_663' title='bbox 1652 1454 1785 1489; x_wconf 85' lang='lat' dir='ltr'>magnifi-</span> <span class='ocrx_word' id='word_1_664' title='bbox 1800 1453 1900 1488; x_wconf 37' lang='lat' dir='ltr'>⁴¹⁰³⁰¹=i³</span> 
     </span>
    </p>

    <p class='ocr_par' dir='ltr' id='par_1_36' title="bbox 1014 1484 1906 1584">
     <span class='ocr_line' id='line_1_86' title="bbox 1014 1484 1906 1534; baseline -0.003 -4"><span class='ocrx_word' id='word_1_665' title='bbox 1014 1503 1120 1530; x_wconf 82' lang='lat' dir='ltr'>cando.</span> <span class='ocrx_word' id='word_1_666' title='bbox 1799 1484 1906 1534; x_wconf 50' lang='lat' dir='ltr'>ganuman-</span> 
     </span>
     <span class='ocr_line' id='line_1_87' title="bbox 1050 1546 1786 1584; baseline -0.004 -8"><span class='ocrx_word' id='word_1_667' title='bbox 1050 1551 1082 1576; x_wconf 90' lang='lat' dir='ltr'>Et</span> <span class='ocrx_word' id='word_1_668' title='bbox 1103 1548 1234 1584; x_wconf 86' lang='lat' dir='ltr'>sequitur</span> <span class='ocrx_word' id='word_1_669' title='bbox 1255 1548 1454 1576; x_wconf 81' lang='lat' dir='ltr'>testimonium</span> <span class='ocrx_word' id='word_1_670' title='bbox 1473 1546 1664 1581; x_wconf 79' lang='lat' dir='ltr'>Evangelistae</span> <span class='ocrx_word' id='word_1_671' title='bbox 1684 1553 1786 1573; x_wconf 87' lang='lat' dir='ltr'>secun—</span> 
     </span>
    </p>

    <p class='ocr_par' dir='ltr' id='par_1_37' title="bbox 1016 1593 1785 1629">
     <span class='ocr_line' id='line_1_88' title="bbox 1016 1593 1785 1629; baseline -0.003 -7"><span class='ocrx_word' id='word_1_672' title='bbox 1016 1595 1088 1623; x_wconf 90' lang='lat' dir='ltr'>dum</span> <span class='ocrx_word' id='word_1_673' title='bbox 1108 1595 1240 1622; x_wconf 78' lang='lat' dir='ltr'>Glossam</span> <span class='ocrx_word' id='word_1_674' title='bbox 1261 1595 1298 1628; x_wconf 80' lang='lat' dir='ltr'>(v.</span> <span class='ocrx_word' id='word_1_675' title='bbox 1326 1595 1368 1629; x_wconf 75' lang='grc'>16)</span> <span class='ocrx_word' id='word_1_676' title='bbox 1396 1603 1402 1620; x_wconf 89' lang='lat'>:</span> <span class='ocrx_word' id='word_1_677' title='bbox 1428 1595 1465 1620; x_wconf 90' lang='lat' dir='ltr'>De</span> <span class='ocrx_word' id='word_1_678' title='bbox 1481 1593 1621 1627; x_wconf 77' lang='lat' dir='ltr'>plenitude</span> <span class='ocrx_word' id='word_1_679' title='bbox 1643 1593 1710 1627; x_wconf 80' lang='lat' dir='ltr'>ejus,</span> <span class='ocrx_word' id='word_1_680' title='bbox 1730 1594 1785 1620; x_wconf 83' lang='lat' dir='ltr'>etc.</span> 
     </span>
    </p>

    <p class='ocr_par' dir='ltr' id='par_1_38' title="bbox 1016 1639 1787 1675">
     <span class='ocr_line' id='line_1_89' title="bbox 1016 1639 1787 1675; baseline -0.004 -6"><span class='ocrx_word' id='word_1_681' title='bbox 1016 1642 1095 1669; x_wconf 85' lang='lat' dir='ltr'>Unde</span> <span class='ocrx_word' id='word_1_682' title='bbox 1120 1641 1150 1668; x_wconf 91' lang='lat' dir='ltr'>in</span> <span class='ocrx_word' id='word_1_683' title='bbox 1172 1641 1288 1674; x_wconf 87' lang='lat' dir='ltr'>Glossa,</span> <span class='ocrx_word' id='word_1_684' title='bbox 1314 1640 1445 1675; x_wconf 78' lang='lat' dir='ltr'>exposito</span> <span class='ocrx_word' id='word_1_685' title='bbox 1469 1639 1635 1666; x_wconf 87' lang='lat' dir='ltr'>testimonio</span> <span class='ocrx_word' id='word_1_686' title='bbox 1663 1641 1787 1667; x_wconf 74' lang='lat' dir='ltr'>Praecur-</span> 
     </span>
    </p>

    <p class='ocr_par' dir='ltr' id='par_1_39' title="bbox 1016 1685 1788 1722">
     <span class='ocr_line' id='line_1_90' title="bbox 1016 1685 1788 1722; baseline -0.005 -7"><span class='ocrx_word' id='word_1_687' title='bbox 1016 1688 1100 1722; x_wconf 87' lang='lat' dir='ltr'>soris,</span> <span class='ocrx_word' id='word_1_688' title='bbox 1115 1687 1191 1714; x_wconf 83' lang='lat' dir='ltr'>redit</span> <span class='ocrx_word' id='word_1_689' title='bbox 1206 1687 1389 1722; x_wconf 85' lang='lat' dir='ltr'>Evangelista</span> <span class='ocrx_word' id='word_1_690' title='bbox 1403 1686 1441 1714; x_wconf 82' lang='lat' dir='ltr'>ad</span> <span class='ocrx_word' id='word_1_691' title='bbox 1458 1685 1656 1713; x_wconf 84' lang='lat' dir='ltr'>testimonium</span> <span class='ocrx_word' id='word_1_692' title='bbox 1670 1693 1729 1712; x_wconf 82' lang='lat' dir='ltr'>suoe</span> <span class='ocrx_word' id='word_1_693' title='bbox 1743 1692 1788 1712; x_wconf 87' lang='lat' dir='ltr'>as-</span> 
     </span>
    </p>

    <p class='ocr_par' dir='ltr' id='par_1_40' title="bbox 1015 1731 1788 1768">
     <span class='ocr_line' id='line_1_91' title="bbox 1015 1731 1788 1768; baseline -0.004 -7"><span class='ocrx_word' id='word_1_694' title='bbox 1015 1733 1160 1761; x_wconf 85' lang='lat' dir='ltr'>sertionis.</span> <span class='ocrx_word' id='word_1_695' title='bbox 1188 1733 1268 1760; x_wconf 89' lang='lat' dir='ltr'>Unde</span> <span class='ocrx_word' id='word_1_696' title='bbox 1297 1733 1522 1768; x_wconf 83' lang='lat' dir='ltr'>Chrysostomus</span> <span class='ocrx_word' id='word_1_697' title='bbox 1545 1731 1566 1748; x_wconf 76' lang='lat'>¹³</span> <span class='ocrx_word' id='word_1_698' title='bbox 1595 1739 1602 1758; x_wconf 74' lang='grc' dir='ltr'><strong><em>ε</em></strong></span> <span class='ocrx_word' id='word_1_699' title='bbox 1626 1740 1639 1756; x_wconf 71' lang='grc'>1(</span> <span class='ocrx_word' id='word_1_700' title='bbox 1667 1731 1788 1758; x_wconf 77' lang='lat' dir='ltr'>Solvens</span> 
     </span>
    </p>

    <p class='ocr_par' dir='ltr' id='par_1_41' title="bbox 1018 1777 1790 1816">
     <span class='ocr_line' id='line_1_92' title="bbox 1018 1777 1790 1816; baseline -0.004 -9"><span class='ocrx_word' id='word_1_701' title='bbox 1018 1780 1220 1816; x_wconf 79' lang='lat' dir='ltr'>quaestionem,</span> <span class='ocrx_word' id='word_1_702' title='bbox 1231 1779 1310 1806; x_wconf 89' lang='lat' dir='ltr'>unde</span> <span class='ocrx_word' id='word_1_703' title='bbox 1325 1778 1453 1806; x_wconf 84' lang='lat' dir='ltr'>Christus</span> <span class='ocrx_word' id='word_1_704' title='bbox 1467 1778 1546 1813; x_wconf 88' lang='lat' dir='ltr'>prior</span> <span class='ocrx_word' id='word_1_705' title='bbox 1559 1779 1680 1811; x_wconf 82' lang='lat' dir='ltr'>Joanne,</span> <span class='ocrx_word' id='word_1_706' title='bbox 1692 1779 1720 1804; x_wconf 86' lang='lat' dir='ltr'>et</span> <span class='ocrx_word' id='word_1_707' title='bbox 1733 1777 1790 1805; x_wconf 85' lang='lat' dir='ltr'>cla-</span> 
     </span>
    </p>

    <p class='ocr_par' dir='ltr' id='par_1_42' title="bbox 1018 1824 1788 1860">
     <span class='ocr_line' id='line_1_93' title="bbox 1018 1824 1788 1860; baseline -0.006 -6"><span class='ocrx_word' id='word_1_708' title='bbox 1018 1827 1089 1860; x_wconf 88' lang='lat' dir='ltr'>rior,</span> <span class='ocrx_word' id='word_1_709' title='bbox 1105 1826 1205 1853; x_wconf 88' lang='lat' dir='ltr'>subdit</span> <span class='ocrx_word' id='word_1_710' title='bbox 1219 1825 1309 1853; x_wconf 83' lang='grc'><strong>3113111</strong></span> <span class='ocrx_word' id='word_1_711' title='bbox 1330 1832 1449 1852; x_wconf 84' lang='lat' dir='ltr'>causam</span> <span class='ocrx_word' id='word_1_712' title='bbox 1466 1833 1472 1851; x_wconf 92' lang='grc'>;</span> <span class='ocrx_word' id='word_1_713' title='bbox 1489 1825 1526 1850; x_wconf 86' lang='lat' dir='ltr'>De</span> <span class='ocrx_word' id='word_1_714' title='bbox 1539 1824 1720 1858; x_wconf 76' lang='lat' dir='ltr'>plenitudine,</span> <span class='ocrx_word' id='word_1_715' title='bbox 1735 1825 1788 1850; x_wconf 83' lang='lat' dir='ltr'>etc.</span> 
     </span>
    </p>

    <p class='ocr_par' dir='ltr' id='par_1_43' title="bbox 1021 1869 1788 1905">
     <span class='ocr_line' id='line_1_94' title="bbox 1021 1869 1788 1905; baseline -0.008 -4"><span class='ocrx_word' id='word_1_716' title='bbox 1021 1875 1052 1901; x_wconf 85' lang='lat' dir='ltr'>Et</span> <span class='ocrx_word' id='word_1_717' title='bbox 1064 1875 1106 1901; x_wconf 84' lang='lat' dir='ltr'>est</span> <span class='ocrx_word' id='word_1_718' title='bbox 1119 1872 1245 1899; x_wconf 86' lang='lat' dir='ltr'>verbum</span> <span class='ocrx_word' id='word_1_719' title='bbox 1259 1879 1320 1899; x_wconf 89' lang='lat' dir='ltr'>non</span> <span class='ocrx_word' id='word_1_720' title='bbox 1336 1870 1533 1903; x_wconf 69' lang='lat' dir='ltr'>praecursoris,</span> <span class='ocrx_word' id='word_1_721' title='bbox 1548 1869 1601 1896; x_wconf 84' lang='lat' dir='ltr'>sed</span> <span class='ocrx_word' id='word_1_722' title='bbox 1615 1869 1762 1905; x_wconf 87' lang='lat' dir='ltr'>discipuli,</span> <span class='ocrx_word' id='word_1_723' title='bbox 1775 1879 1788 1895; x_wconf 78' lang='lat'>&gt;1</span> 
     </span>
    </p>

    <p class='ocr_par' dir='ltr' id='par_1_44' title="bbox 1021 1916 1790 1952">
     <span class='ocr_line' id='line_1_95' title="bbox 1021 1916 1790 1952; baseline -0.005 -6"><span class='ocrx_word' id='word_1_724' title='bbox 1021 1919 1129 1946; x_wconf 86' lang='lat' dir='ltr'>scilicet</span> <span class='ocrx_word' id='word_1_725' title='bbox 1151 1918 1284 1952; x_wconf 83' lang='lat' dir='ltr'>Joannis,</span> <span class='ocrx_word' id='word_1_726' title='bbox 1308 1918 1347 1944; x_wconf 82' lang='lat' dir='ltr'>ita</span> <span class='ocrx_word' id='word_1_727' title='bbox 1369 1917 1449 1944; x_wconf 89' lang='lat' dir='ltr'>enim</span> <span class='ocrx_word' id='word_1_728' title='bbox 1473 1916 1584 1943; x_wconf 85' lang='lat' dir='ltr'>dictum</span> <span class='ocrx_word' id='word_1_729' title='bbox 1605 1918 1647 1943; x_wconf 87' lang='lat' dir='ltr'>est</span> <span class='ocrx_word' id='word_1_730' title='bbox 1669 1923 1758 1951; x_wconf 87' lang='lat' dir='ltr'>supra</span> <span class='ocrx_word' id='word_1_731' title='bbox 1784 1924 1790 1942; x_wconf 90' lang='lat'>:</span> 
     </span>
    </p>

    <p class='ocr_par' dir='ltr' id='par_1_45' title="bbox 1022 1961 1794 1999">
     <span class='ocr_line' id='line_1_96' title="bbox 1022 1961 1794 1999; baseline -0.004 -7"><span class='ocrx_word' id='word_1_732' title='bbox 1022 1966 1131 1992; x_wconf 85' lang='lat' dir='ltr'>Plenum</span> <span class='ocrx_word' id='word_1_733' title='bbox 1144 1966 1241 1999; x_wconf 74' lang='lat' dir='ltr'>qratz&#39;oe</span> <span class='ocrx_word' id='word_1_734' title='bbox 1255 1967 1280 1991; x_wconf 83' lang='lat' dir='ltr'>et</span> <span class='ocrx_word' id='word_1_735' title='bbox 1299 1964 1425 1990; x_wconf 73' lang='lat' dir='ltr'>veritatis</span> <span class='ocrx_word' id='word_1_736' title='bbox 1444 1963 1492 1997; x_wconf 85' lang='lat' dir='ltr'>(d).</span> <span class='ocrx_word' id='word_1_737' title='bbox 1513 1962 1557 1989; x_wconf 82' lang='lat' dir='ltr'>Ait</span> <span class='ocrx_word' id='word_1_738' title='bbox 1581 1961 1693 1989; x_wconf 89' lang='lat' dir='ltr'>ibidem</span> <span class='ocrx_word' id='word_1_739' title='bbox 1709 1970 1715 1988; x_wconf 93' lang='lat'><strong>:</strong></span> <span class='ocrx_word' id='word_1_740' title='bbox 1734 1971 1748 1987; x_wconf 72' lang='grc' dir='ltr'>«ι</span> <span class='ocrx_word' id='word_1_741' title='bbox 1762 1963 1794 1989; x_wconf 86' lang='lat' dir='ltr'>Et</span> 
     </span>
    </p>

    <p class='ocr_par' dir='ltr' id='par_1_46' title="bbox 1022 2008 1794 2046">
     <span class='ocr_line' id='line_1_97' title="bbox 1022 2008 1794 2046; baseline -0.005 -8"><span class='ocrx_word' id='word_1_742' title='bbox 1022 2019 1086 2045; x_wconf 85' lang='grc'><strong>005,</strong></span> <span class='ocrx_word' id='word_1_743' title='bbox 1113 2011 1163 2046; x_wconf 90' lang='lat' dir='ltr'>qui</span> <span class='ocrx_word' id='word_1_744' title='bbox 1190 2010 1299 2037; x_wconf 84' lang='lat' dir='ltr'>fuimus</span> <span class='ocrx_word' id='word_1_745' title='bbox 1326 2017 1393 2036; x_wconf 87' lang='lat' dir='ltr'>cum</span> <span class='ocrx_word' id='word_1_746' title='bbox 1424 2016 1459 2036; x_wconf 85' lang='lat' dir='ltr'>eo</span> <span class='ocrx_word' id='word_1_747' title='bbox 1488 2008 1569 2036; x_wconf 88' lang='lat' dir='ltr'>omni</span> <span class='ocrx_word' id='word_1_748' title='bbox 1595 2010 1738 2043; x_wconf 87' lang='lat' dir='ltr'>tempore,</span> <span class='ocrx_word' id='word_1_749' title='bbox 1767 2010 1794 2035; x_wconf 90' lang='lat' dir='ltr'>et</span> 
     </span>
    </p>

    <p class='ocr_par' dir='ltr' id='par_1_47' title="bbox 1023 2053 1796 2089">
     <span class='ocr_line' id='line_1_98' title="bbox 1023 2053 1796 2089; baseline -0.005 -5"><span class='ocrx_word' id='word_1_750' title='bbox 1023 2065 1125 2084; x_wconf 84' lang='lat' dir='ltr'>mensa</span> <span class='ocrx_word' id='word_1_751' title='bbox 1138 2055 1432 2087; x_wconf 73' lang='lat' dir='ltr'>communicavimus,</span> <span class='ocrx_word' id='word_1_752' title='bbox 1444 2055 1594 2087; x_wconf 85' lang='lat' dir='ltr'>testamur,</span> <span class='ocrx_word' id='word_1_753' title='bbox 1605 2053 1675 2089; x_wconf 90' lang='lat' dir='ltr'>quia</span> <span class='ocrx_word' id='word_1_754' title='bbox 1687 2054 1724 2081; x_wconf 85' lang='lat' dir='ltr'>de</span> <span class='ocrx_word' id='word_1_755' title='bbox 1735 2053 1796 2089; x_wconf 89' lang='lat' dir='ltr'>ple-</span> 
     </span>
    </p>

    <p class='ocr_par' dir='ltr' id='par_1_48' title="bbox 1024 2099 1795 2136">
     <span class='ocr_line' id='line_1_99' title="bbox 1024 2099 1795 2136; baseline -0.005 -6"><span class='ocrx_word' id='word_1_756' title='bbox 1024 2103 1156 2130; x_wconf 85' lang='lat' dir='ltr'>nitudine</span> <span class='ocrx_word' id='word_1_757' title='bbox 1180 2102 1242 2136; x_wconf 85' lang='lat' dir='ltr'>ejus</span> <span class='ocrx_word' id='word_1_758' title='bbox 1266 2101 1440 2136; x_wconf 86' lang='lat' dir='ltr'>accepimus,</span> <span class='ocrx_word' id='word_1_759' title='bbox 1461 2111 1474 2127; x_wconf 86' lang='lat'>»</span> <span class='ocrx_word' id='word_1_760' title='bbox 1502 2100 1541 2127; x_wconf 87' lang='lat' dir='ltr'>ait</span> <span class='ocrx_word' id='word_1_761' title='bbox 1564 2099 1747 2134; x_wconf 84' lang='lat' dir='ltr'>Evangelista</span> <span class='ocrx_word' id='word_1_762' title='bbox 1763 2099 1795 2126; x_wconf 78' lang='lat' dir='ltr'>in</span> 
     </span>
    </p>

    <p class='ocr_par' dir='ltr' id='par_1_49' title="bbox 1024 2145 1792 2185">
     <span class='ocr_line' id='line_1_100' title="bbox 1024 2145 1792 2185; baseline -0.007 -9"><span class='ocrx_word' id='word_1_763' title='bbox 1024 2156 1151 2185; x_wconf 84' lang='lat' dir='ltr'>persona</span> <span class='ocrx_word' id='word_1_764' title='bbox 1175 2148 1406 2183; x_wconf 84' lang='lat' dir='ltr'>discipulorum,</span> <span class='ocrx_word' id='word_1_765' title='bbox 1433 2148 1464 2173; x_wconf 89' lang='lat' dir='ltr'>ut</span> <span class='ocrx_word' id='word_1_766' title='bbox 1495 2145 1535 2173; x_wconf 84' lang='lat' dir='ltr'>ait</span> <span class='ocrx_word' id='word_1_767' title='bbox 1559 2145 1792 2180; x_wconf 84' lang='lat' dir='ltr'>Chrysostomus.</span> 
     </span>
    </p>

    <p class='ocr_par' dir='ltr' id='par_1_50' title="bbox 1027 2190 1795 2231">
     <span class='ocr_line' id='line_1_101' title="bbox 1027 2190 1795 2231; baseline -0.008 -8"><span class='ocrx_word' id='word_1_768' title='bbox 1027 2197 1047 2213; x_wconf 63' lang='lat'>¹¹</span> <span class='ocrx_word' id='word_1_769' title='bbox 1062 2198 1113 2223; x_wconf 83' lang='lat' dir='ltr'>«In</span> <span class='ocrx_word' id='word_1_770' title='bbox 1123 2195 1187 2231; x_wconf 88' lang='lat' dir='ltr'>ipso</span> <span class='ocrx_word' id='word_1_771' title='bbox 1201 2194 1296 2222; x_wconf 89' lang='lat' dir='ltr'>omnis</span> <span class='ocrx_word' id='word_1_772' title='bbox 1306 2192 1459 2228; x_wconf 85' lang='lat' dir='ltr'>plenitudo</span> <span class='ocrx_word' id='word_1_773' title='bbox 1472 2191 1629 2219; x_wconf 84' lang='lat' dir='ltr'>divinitatis</span> <span class='ocrx_word' id='word_1_774' title='bbox 1637 2190 1795 2226; x_wconf 83' lang='lat' dir='ltr'>corporali-</span> 
     </span>
    </p>

    <p class='ocr_par' dir='ltr' id='par_1_51' title="bbox 1027 2236 1796 2275">
     <span class='ocr_line' id='line_1_102' title="bbox 1027 2236 1796 2275; baseline -0.009 -5"><span class='ocrx_word' id='word_1_775' title='bbox 1027 2245 1068 2270; x_wconf 76' lang='lat' dir='ltr'>ter</span> <span class='ocrx_word' id='word_1_776' title='bbox 1076 2242 1227 2270; x_wconf 79' lang='lat' dir='ltr'>inhabitat.</span> <span class='ocrx_word' id='word_1_777' title='bbox 1241 2251 1254 2267; x_wconf 83' lang='lat'>»</span> <span class='ocrx_word' id='word_1_778' title='bbox 1267 2242 1300 2268; x_wconf 90' lang='lat' dir='ltr'>Et</span> <span class='ocrx_word' id='word_1_779' title='bbox 1309 2239 1346 2267; x_wconf 89' lang='lat' dir='ltr'>de</span> <span class='ocrx_word' id='word_1_780' title='bbox 1357 2239 1420 2275; x_wconf 82' lang='lat' dir='ltr'>ipsa</span> <span class='ocrx_word' id='word_1_781' title='bbox 1430 2237 1612 2274; x_wconf 85' lang='lat' dir='ltr'>plenitudine</span> <span class='ocrx_word' id='word_1_782' title='bbox 1622 2237 1698 2264; x_wconf 89' lang='lat' dir='ltr'>bene</span> <span class='ocrx_word' id='word_1_783' title='bbox 1708 2236 1796 2272; x_wconf 86' lang='lat' dir='ltr'>Chry-</span> 
     </span>
    </p>

    <p class='ocr_par' dir='ltr' id='par_1_52' title="bbox 1027 2282 1796 2321">
     <span class='ocr_line' id='line_1_103' title="bbox 1027 2282 1796 2321; baseline -0.009 -5"><span class='ocrx_word' id='word_1_784' title='bbox 1027 2291 1173 2317; x_wconf 88' lang='lat' dir='ltr'>sostomus</span> <span class='ocrx_word' id='word_1_785' title='bbox 1183 2287 1213 2321; x_wconf 72' lang='lat'>¹³,</span> <span class='ocrx_word' id='word_1_786' title='bbox 1226 2286 1277 2314; x_wconf 91' lang='lat' dir='ltr'>ubi</span> <span class='ocrx_word' id='word_1_787' title='bbox 1292 2286 1341 2320; x_wconf 84' lang='lat' dir='ltr'>ait,</span> <span class='ocrx_word' id='word_1_788' title='bbox 1357 2285 1440 2321; x_wconf 84' lang='lat' dir='ltr'>quod</span> <span class='ocrx_word' id='word_1_789' title='bbox 1451 2286 1580 2312; x_wconf 88' lang='lat' dir='ltr'>eratnon</span> <span class='ocrx_word' id='word_1_790' title='bbox 1593 2282 1796 2318; x_wconf 80' lang='lat' dir='ltr'>participabile</span> 
     </span>
    </p>

    <p class='ocr_par' dir='ltr' id='par_1_53' title="bbox 1028 2328 1798 2368">
     <span class='ocr_line' id='line_1_104' title="bbox 1028 2328 1798 2368; baseline -0.012 -4"><span class='ocrx_word' id='word_1_791' title='bbox 1028 2337 1152 2368; x_wconf 88' lang='lat' dir='ltr'>bonum,</span> <span class='ocrx_word' id='word_1_792' title='bbox 1163 2334 1195 2361; x_wconf 91' lang='lat' dir='ltr'>id</span> <span class='ocrx_word' id='word_1_793' title='bbox 1209 2336 1251 2361; x_wconf 88' lang='lat' dir='ltr'>est</span> <span class='ocrx_word' id='word_1_794' title='bbox 1269 2341 1321 2368; x_wconf 88' lang='lat' dir='ltr'>per</span> <span class='ocrx_word' id='word_1_795' title='bbox 1340 2330 1606 2368; x_wconf 85' lang='lat' dir='ltr'>participationem,</span> <span class='ocrx_word' id='word_1_796' title='bbox 1621 2329 1674 2356; x_wconf 87' lang='lat' dir='ltr'>sed</span> <span class='ocrx_word' id='word_1_797' title='bbox 1690 2328 1756 2356; x_wconf 81' lang='lat' dir='ltr'>fons</span> <span class='ocrx_word' id='word_1_798' title='bbox 1770 2330 1798 2356; x_wconf 89' lang='lat' dir='ltr'>et</span> 
     </span>
    </p>

    <p class='ocr_par' dir='ltr' id='par_1_54' title="bbox 1027 2374 1796 2411">
     <span class='ocr_line' id='line_1_105' title="bbox 1027 2374 1796 2411; baseline -0.012 -1"><span class='ocrx_word' id='word_1_799' title='bbox 1027 2382 1113 2410; x_wconf 79' lang='lat' dir='ltr'>radix</span> <span class='ocrx_word' id='word_1_800' title='bbox 1136 2383 1178 2409; x_wconf 87' lang='lat' dir='ltr'>est</span> <span class='ocrx_word' id='word_1_801' title='bbox 1197 2379 1330 2408; x_wconf 89' lang='lat' dir='ltr'>omnium</span> <span class='ocrx_word' id='word_1_802' title='bbox 1350 2380 1527 2411; x_wconf 85' lang='lat' dir='ltr'>sanctorum,</span> <span class='ocrx_word' id='word_1_803' title='bbox 1550 2383 1611 2403; x_wconf 91' lang='lat' dir='ltr'>non</span> <span class='ocrx_word' id='word_1_804' title='bbox 1629 2376 1660 2402; x_wconf 86' lang='lat' dir='ltr'>in</span> <span class='ocrx_word' id='word_1_805' title='bbox 1677 2382 1708 2402; x_wconf 85' lang='lat' dir='ltr'>se</span> <span class='ocrx_word' id='word_1_806' title='bbox 1731 2374 1796 2410; x_wconf 91' lang='lat' dir='ltr'>ipso</span> 
     </span>
    </p>
   </div>
   <div class='ocr_carea' id='block_1_9' title="bbox 1029 2429 1799 2648">
    <p class='ocr_par' dir='ltr' id='par_1_55' title="bbox 1029 2429 1797 2503">
     <span class='ocr_line' id='line_1_106' title="bbox 1029 2429 1797 2466; baseline -0.012 -4"><span class='ocrx_word' id='word_1_807' title='bbox 1029 2438 1060 2461; x_wconf 79' lang='lat' dir='ltr'>al.</span> <span class='ocrx_word' id='word_1_808' title='bbox 1078 2443 1131 2466; x_wconf 76' lang='lat' dir='ltr'>xiv,</span> <span class='ocrx_word' id='word_1_809' title='bbox 1147 2443 1173 2460; x_wconf 92' lang='lat' dir='ltr'>n.</span> <span class='ocrx_word' id='word_1_810' title='bbox 1193 2439 1214 2460; x_wconf 85' lang='lat'>1.</span> <span class='ocrx_word' id='word_1_811' title='bbox 1232 2449 1258 2453; x_wconf 89' lang='lat'>—</span> <span class='ocrx_word' id='word_1_812' title='bbox 1274 2435 1294 2451; x_wconf 66' lang='grc' dir='ltr'>Ν</span> <span class='ocrx_word' id='word_1_813' title='bbox 1310 2434 1414 2462; x_wconf 82' lang='lat' dir='ltr'>Coloss.,</span> <span class='ocrx_word' id='word_1_814' title='bbox 1432 2439 1464 2463; x_wconf 80' lang='grc' dir='ltr'>ιι,</span> <span class='ocrx_word' id='word_1_815' title='bbox 1480 2434 1501 2457; x_wconf 85' lang='grc'>9.</span> <span class='ocrx_word' id='word_1_816' title='bbox 1518 2444 1548 2449; x_wconf 90' lang='grc'>-</span> <span class='ocrx_word' id='word_1_817' title='bbox 1562 2432 1582 2448; x_wconf 72' lang='lat'>¹⁵</span> <span class='ocrx_word' id='word_1_818' title='bbox 1599 2431 1741 2461; x_wconf 82' lang='lat' dir='ltr'>Chrysost.,</span> <span class='ocrx_word' id='word_1_819' title='bbox 1755 2429 1797 2453; x_wconf 84' lang='lat' dir='ltr'>ubi</span> 
     </span>
     <span class='ocr_line' id='line_1_107' title="bbox 1030 2471 1290 2503; baseline -0.015 -6"><span class='ocrx_word' id='word_1_820' title='bbox 1030 2480 1096 2503; x_wconf 84' lang='lat' dir='ltr'>sup.,</span> <span class='ocrx_word' id='word_1_821' title='bbox 1110 2478 1191 2503; x_wconf 81' lang='lat' dir='ltr'>prope</span> <span class='ocrx_word' id='word_1_822' title='bbox 1207 2471 1290 2501; x_wconf 86' lang='lat' dir='ltr'>princ.</span> 
     </span>
    </p>

    <p class='ocr_par' dir='ltr' id='par_1_56' title="bbox 1031 2505 1799 2648">
     <span class='ocr_line' id='line_1_108' title="bbox 1061 2505 1799 2543; baseline -0.012 -8"><span class='ocrx_word' id='word_1_823' title='bbox 1061 2513 1094 2543; x_wconf 81' lang='grc' dir='ltr'>(ιι)</span> <span class='ocrx_word' id='word_1_824' title='bbox 1117 2512 1176 2535; x_wconf 72' lang='lat' dir='ltr'>Ccrt.</span> <span class='ocrx_word' id='word_1_825' title='bbox 1196 2511 1255 2534; x_wconf 66' lang='lat' dir='ltr'>edit.</span> <span class='ocrx_word' id='word_1_826' title='bbox 1278 2509 1334 2533; x_wconf 77' lang='lat' dir='ltr'>add.</span> <span class='ocrx_word' id='word_1_827' title='bbox 1356 2511 1404 2532; x_wconf 84' lang='lat' dir='ltr'>etc.</span> <span class='ocrx_word' id='word_1_828' title='bbox 1422 2520 1453 2525; x_wconf 90' lang='lat'>—-·</span> <span class='ocrx_word' id='word_1_829' title='bbox 1474 2507 1504 2537; x_wconf 84' lang='lat' dir='ltr'>(b)</span> <span class='ocrx_word' id='word_1_830' title='bbox 1527 2506 1586 2530; x_wconf 82' lang='lat' dir='ltr'>Caet.</span> <span class='ocrx_word' id='word_1_831' title='bbox 1608 2505 1670 2528; x_wconf 78' lang='lat' dir='ltr'>edit.</span> <span class='ocrx_word' id='word_1_832' title='bbox 1688 2511 1753 2528; x_wconf 84' lang='lat' dir='ltr'>sum.</span> <span class='ocrx_word' id='word_1_833' title='bbox 1768 2517 1799 2522; x_wconf 94' lang='lat'><strong>—</strong></span> 
     </span>
     <span class='ocr_line' id='line_1_109' title="bbox 1031 2541 1798 2578; baseline -0.012 -7"><span class='ocrx_word' id='word_1_834' title='bbox 1031 2548 1061 2578; x_wconf 87' lang='lat' dir='ltr'>(c)</span> <span class='ocrx_word' id='word_1_835' title='bbox 1077 2548 1103 2571; x_wconf 80' lang='lat' dir='ltr'>ln</span> <span class='ocrx_word' id='word_1_836' title='bbox 1118 2548 1171 2570; x_wconf 81' lang='lat' dir='ltr'>caet.</span> <span class='ocrx_word' id='word_1_837' title='bbox 1190 2546 1250 2570; x_wconf 77' lang='lat' dir='ltr'>edit.</span> <span class='ocrx_word' id='word_1_838' title='bbox 1270 2546 1321 2569; x_wconf 72' lang='lat' dir='ltr'>ltoec</span> <span class='ocrx_word' id='word_1_839' title='bbox 1341 2544 1429 2573; x_wconf 72' lang='lat' dir='ltr'>verba,</span> <span class='ocrx_word' id='word_1_840' title='bbox 1445 2544 1505 2567; x_wconf 81' lang='lat' dir='ltr'>Haec</span> <span class='ocrx_word' id='word_1_841' title='bbox 1522 2542 1576 2571; x_wconf 83' lang='lat' dir='ltr'>ille,</span> <span class='ocrx_word' id='word_1_842' title='bbox 1591 2541 1723 2572; x_wconf 72' lang='lat' dir='ltr'>proeposita</span> <span class='ocrx_word' id='word_1_843' title='bbox 1740 2542 1798 2563; x_wconf 77' lang='lat' dir='ltr'>sunl</span> 
     </span>
     <span class='ocr_line' id='line_1_110' title="bbox 1032 2576 1799 2612; baseline -0.009 -7"><span class='ocrx_word' id='word_1_844' title='bbox 1032 2582 1173 2606; x_wconf 75' lang='lat' dir='ltr'>immediate</span> <span class='ocrx_word' id='word_1_845' title='bbox 1201 2583 1255 2612; x_wconf 80' lang='lat' dir='ltr'>post</span> <span class='ocrx_word' id='word_1_846' title='bbox 1280 2578 1450 2605; x_wconf 76' lang='lat' dir='ltr'>annumerari.</span> <span class='ocrx_word' id='word_1_847' title='bbox 1474 2590 1504 2596; x_wconf 97' lang='lat'>—</span> <span class='ocrx_word' id='word_1_848' title='bbox 1528 2576 1566 2608; x_wconf 72' lang='lat' dir='ltr'>(tl)</span> <span class='ocrx_word' id='word_1_849' title='bbox 1599 2576 1676 2599; x_wconf 74' lang='lat' dir='ltr'>Verba</span> <span class='ocrx_word' id='word_1_850' title='bbox 1701 2576 1799 2606; x_wconf 76' lang='lat' dir='ltr'>pariter</span> 
     </span>
     <span class='ocr_line' id='line_1_111' title="bbox 1034 2613 1193 2648; baseline -0.013 -6"><span class='ocrx_word' id='word_1_851' title='bbox 1034 2613 1193 2648; x_wconf 64' lang='lat' dir='ltr'>transposud.</span> 
     </span>
    </p>
   </div>
  </div>
 </body>
</html>
