1987 3032
859 330 1113 368 EXPOSITIO

329 449 404 501 IN
459 447 950 501 EVANGELIUM
1003 447 1270 500 SANCTI
1321 446 1645 500 JOANNJS

636 584 801 605 .t’OST11.L1s
821 585 859 605 ET
879 583 1113 606 COLLA'I'IONIBL'S
1134 584 1291 606 DISTINCTA
1309 577 1314 591 ¹

814 835 1157 871 ARGUMENTUM

864 920 916 953 (nc
930 920 993 946 east.
1010 919 1112 954 Vane.)

239 996 370 1028 Constat
397 996 463 1028 sere
492 996 576 1028 inter
611 1006 723 1027 omnes
751 994 956 1038 antiquitatis
989 995 1209 1027 ecclesiasticae
1238 1006 1297 1027 usu
1333 996 1472 1039 peritos,
1501 996 1534 1028 in
1567 995 1782 1038 Evangelium

193 1053 228 1087 S.
244 1054 390 1095 Joannis,
414 1054 570 1085 eximium
595 1052 743 1084 Ecclesiae
763 1051 933 1084 Doctorem
954 1052 1168 1096 Seraphicum
1185 1053 1461 1093 Ronaventuram,
1483 1053 1592 1086 virum
1612 1053 1646 1085 in
1669 1053 1783 1097 primis

194 1111 268 1143 vitm
292 1111 518 1151 sanctimonia,
538 1110 759 1154 doctrinaeque
778 1109 875 1141 laude
896 1110 1126 1151 clarissimum,
1148 1110 1331 1142 luculenter
1350 1110 1512 1154 scripsisse
1534 1110 1779 1151 commentaria,

192 1179 293 1212 eaque
309 1168 511 1200 distribuisse
528 1168 560 1199 in
577 1167 721 1211 pastillas
742 1171 771 1199 et
793 1167 992 1199 collationes.
1009 1168 1089 1206 Quae
1104 1167 1336 1199 commentaria
1356 1179 1374 1199 a
1396 1167 1519 1208 multis,
1539 1168 1643 1212 iisque
1658 1168 1782 1210 gravis-

191 1225 281 1257 simis
300 1225 490 1257 homiuibus
507 1236 542 1257 ac
563 1224 702 1256 summis
723 1224 803 1256 viris
820 1224 1018 1268 jampridem
1041 1224 1098 1256 diu
1121 1224 1312 1265 desiderata,
1337 1235 1371 1255 ac
1393 1224 1567 1267 diligenter
1584 1225 1779 1269 conquisita,

191 1294 265 1315 cum
282 1294 446 1326 nusquam
461 1286 556 1314 antea
574 1282 706 1314 inventa
721 1285 838 1322 essent,
856 1281 1004 1313 nondum
1019 1281 1052 1313 in
1069 1284 1290 1324 conspectum,
1307 1281 1342 1312 iu
1357 1281 1529 1325 lucemque
1544 1282 1693 1314 omnium
1708 1292 1782 1326 pro-

193 1340 336 1372 dierunt.
354 1340 466 1383 Nuper
483 1343 590 1372 autem
607 1340 642 1372 S.
662 1339 700 1371 D.
718 1339 758 1371 N.
777 1338 892 1371 Sixtus
902 1338 1054 1378 Quintus,
1071 1338 1166 1382 cujus
1180 1338 1214 1370 in
1229 1349 1359 1371 omnem
1376 1338 1578 1382 Reipublicae
1593 1338 1783 1372 Christianae.

192 1397 274 1429 bene
290 1397 438 1440 gerendae
452 1397 664 1438 occasionem,
678 1396 819 1429 maxime
834 1396 959 1429 intenta
973 1400 1019 1429 est
1033 1395 1231 1437 sollicitudo,
1248 1407 1322 1428 cum
1333 1396 1581 1440 typographiam
1591 1396 1783 1431 Vaticanam

191 1455 445 1498 sapientissime,
463 1459 499 1486 ut
518 1458 623 1486 cetera
642 1454 739 1495 solet,
757 1454 936 1486 instituerit
959 1458 1057 1497 atque
1074 1453 1266 1485 instruxerit
1288 1453 1326 1485 ad
1348 1453 1559 1485 instauranda
1577 1453 1783 1496 potissimum

192 1515 377 1544 sanctorum
399 1512 535 1544 Patrum
557 1511 759 1544 monimenta
784 1524 790 1542 :
814 1511 957 1554 ejusdem
975 1511 1075 1543 sancti
1091 1511 1230 1543 doctoris
1249 1510 1499 1551 Bonaveuturae,
1515 1510 1608 1554 cujus
1623 1514 1654 1542 et
1667 1509 1785 1542 sancti-

193 1573 289 1601 tatem
308 1570 470 1613 praecipue
486 1573 672 1609 veneratur,
694 1573 724 1600 et
740 1568 920 1601 dsmtriuam
937 1568 1055 1600 eximie
1075 1568 1163 1608 colit,
1182 1579 1280 1611 opera
1296 1578 1513 1611 quaecumque
1535 1577 1674 1610 usquam
1693 1570 1782 1599 exta-

193 1630 277 1668 rent,
295 1627 406 1658 onmia
420 1626 571 1670 conquiri
586 1626 703 1667 voluit,
722 1626 933 1670 impenseque
948 1625 1087 1667 curavit,
1106 1636 1142 1657 ea
1164 1624 1297 1657 iuventa
1312 1629 1343 1656 et
1358 1628 1506 1656 accurate
1521 1624 1698 1667 recognita,
1716 1635 1783 1656 rec-

192 1683 317 1715 tissime
341 1683 490 1724 exscribi,
508 1687 605 1727 atque
627 1683 794 1715 emendari
814 1683 853 1715 ad
872 1683 1017 1726 ejusdem
1039 1682 1199 1726 praeclarae
1217 1682 1420 1725 illustrisque
1443 1681 1594 1714 editionis
1617 1681 1783 1714 Vaticanae

192 1752 301 1773 usum.
313 1741 395 1773 Cum
412 1740 516 1783 igitur
525 1740 691 1782 cognitum
708 1740 840 1772 haberet
853 1744 951 1783 atque
964 1740 1132 1783 exploratu
1139 1751 1182 1781 m,
1196 1739 1298 1783 ipsius
1310 1739 1411 1771 sancti
1426 1739 1666 1772 Bonaventurae
1680 1739 1784 1782 Expo-

192 1798 355 1839 sitionem,
380 1810 480 1842 quam
502 1798 558 1830 ille
580 1798 611 1829 in
637 1797 855 1840 Evangelium
879 1797 913 1829 S.
934 1797 1069 1830 Joannis
1093 1801 1157 1829 tam
1177 1797 1319 1829 studiose
1341 1796 1599 1836 elucubraverat,
1622 1796 1782 1839 integram

192 1856 349 1888 asservari
367 1855 510 1888 Coloniae
525 1855 685 1887 Ubiorum
709 1855 742 1887 in
757 1854 928 1887 Conventu
944 1855 1045 1887 sancti
1063 1854 1238 1895 Francisci,
1255 1855 1313 1898 qui
1332 1857 1378 1886 est
1393 1854 1516 1886 ordinis
1530 1853 1708 1895 Minorum,
1726 1864 1784 1897 per

192 1912 316 1945 litteras
335 1912 469 1945 Octavio
484 1912 593 1953 Mirm,
612 1912 769 1955 Episcopo
784 1912 960 1951 Caiacensb
978 1912 1012 1944 in
1028 1912 1203 1944 Germania
1221 1911 1381 1953 inferiori,
1398 1911 1515 1944 nuntio
1533 1911 1731 1955 Apostolico,
1750 1910 1783 1943 id

195 1970 317 2012 negotii
341 1969 441 2011 dedit,
476 1973 512 2001 ut
540 1981 610 2001 eam
642 1969 887 2013 quamprimum
919 1973 1002 2002 recte
1030 1969 1274 2002 describendam
1300 1973 1444 2010 curaret,
1472 1969 1677 2013 Romamque
1709 1968 1788 2002 dili-

195 2031 308 2070 genter
334 2027 486 2059 mitteret.
510 2027 538 2060 ts
558 2026 725 2058 Pontificis
745 2027 935 2059 mandatum
952 2031 1117 2068 executus
1140 2026 1359 2071 Expositionis
1374 2026 1464 2058 illius
1482 2026 1682 2070 exemplum,
1699 2029 1783 2058 recte

196 2084 428 2128 eleganterque
443 2084 654 2127 exscriptum,
671 2084 711 2116 ad
727 2084 842 2116 urbem
864 2084 964 2125 misit,
979 2095 1054 2116 cum
1070 2084 1186 2116 litteris
1206 2083 1342 2127 hujusce
1360 2083 1536 2116 testimonii
1558 2083 1592 2115 in
1607 2083 1692 2116 calce
1707 2083 1784 2115 libri

196 2153 294 2173 manu
320 2141 437 2173 notarii
458 2141 589 2185 propria
604 2141 767 2185 adscripti,
786 2141 874 2185 quod
893 2142 1072 2185 posteritati
1087 2141 1173 2185 typis
1189 2141 1393 2185 prodendum
1409 2141 1596 2173 censuimus
1610 2139 1650 2172 ad
1671 2150 1785 2184 perpe-

199 2203 291 2231 tuum
308 2199 399 2231 illius
414 2198 647 2231 testificationis
663 2199 914 2231 monimentum.

231 2300 280 2327 Hie
301 2300 385 2334 liber,
409 2300 458 2336 qui
481 2299 647 2328 inscribitur
666 2301 783 2328 Postilla
804 2302 830 2328 S.
851 2303 1060 2329 Bonaventurze
1080 2310 1167 2338 super
1189 2303 1341 2336 Joannem,
1358 2302 1517 2329 mandante
1542 2302 1568 2329 S.
1590 2302 1620 2328 D.
1641 2303 1673 2329 N.
1692 2301 1786 2329 SlXTO

195 2345 273 2379 Papa
286 2347 318 2376 V,
335 2347 453 2372 curante
472 2345 589 2372 Octavio
607 2345 688 2372 Mirto
703 2346 846 2381 Episcopo
862 2346 1020 2380 Caiacensi,
1036 2347 1074 2374 ad
1090 2346 1259 2374 inferiorem
1276 2345 1462 2373 Germaniam
1481 2345 1586 2372 Nuntio
1608 2345 1783 2380 Apostolico‚

196 2389 358 2423 descriptus
375 2389 427 2416 suit
446 2398 480 2415 cx
497 2389 586 2416 veteri
605 2389 765 2424 exemplari
785 2390 997 2425 manuscripto,
1012 2392 1188 2426 repertoque
1212 2390 1339 2417 Coloniae
1363 2389 1393 2416 in
1413 2389 1592 2416 Bibliotheca
1618 2389 1785 2416 Conventus

196 2434 312 2459 Pati-um
327 2440 360 2459 ex
376 2432 478 2459 ordine
494 2433 647 2466 Minorum,
663 2441 696 2460 ac
712 2433 747 2468 (a)
764 2434 853 2461 sancti
872 2434 1026 2469 aneisei,
1041 2435 1093 2461 ubi
1116 2435 1214 2462 adhuc
1230 2433 1355 2461 fideliter
1375 2435 1517 2466 servatur,
1532 2435 1558 2460 et
1573 2441 1640 2459 cum
1656 2432 1705 2460 ilto
1723 2433 1784 2460 eol-

196 2476 272 2504 latus
286 2476 338 2503 ruit
353 2478 439 2511 atque
450 2477 618 2504 coneordat.
634 2478 721 2512 Cujus
730 2478 771 2504 rei
782 2478 838 2505 hoc
850 2478 1040 2506 attestationis
1053 2478 1245 2506 instrumento
1259 2477 1350 2504 fidem
1361 2477 1437 2504 facio
1451 2484 1505 2511 ego
1517 2476 1643 2504 Jacobus
1658 2478 1787 2504 Peranus

197 2520 341 2556 imperiali
363 2522 390 2547 et
407 2521 573 2555 Apostolica
593 2522 813 2549 auctoritatibus
833 2523 976 2557 Notarius,
994 2522 1118 2550 instante
1141 2523 1205 2557 ipso
1230 2521 1348 2550 Octavio
1371 2521 1474 2549 nuntio
1492 2520 1665 2556 apostolico.
1682 2522 1786 2548 Datum

227 2600 234 2617 ¹
252 2600 291 2631 Cf.
307 2600 372 2624 Edit.
391 2600 467 2625 Varie.
481 2608 522 2624 au.
541 2602 607 2630 ¹589,
624 2603 686 2625 tom,
705 2603 734 2632 lt,
750 2609 808 2633 pag.
824 2604 884 2633 3¹¹3
903 2603 960 2627 edit.
978 2604 1040 2628 Veu.
1057 2611 1098 2627 an.
1118 2605 1185 2633 Πζιϋ,
1201 2606 1262 2627 tom.
1279 2603 1322 2633 Vt,
1337 2604 1400 2633 part.
1419 2602 1447 2631 tt,
1464 2608 1521 2631 pag.
1540 2602 1563 2624 9.

230 2650 262 2680 (ιι)
278 2650 346 2673 Edit.
368 2650 444 2672 Valir.
459 2649 499 2672 ad.
