1987 3032
702 195 905 227 EXPOSITIO
930 194 970 225 IN
992 195 1077 225 CAP.
1100 195 1178 226 XXI.

159 272 217 290 amo
241 265 273 290 te.
290 264 321 290 Et
342 270 431 298 supra
451 266 456 280 ¹
481 261 593 288 dixerat
613 269 618 286 z
645 271 656 284 «
676 261 809 288 Animam
828 269 925 288 meam

159 316 269 344 ponam
287 316 341 343 pro
357 310 393 335 te.
408 318 421 333 n
442 307 532 334 Filius
549 314 618 341 ergo
637 307 684 333 Dei
702 307 811 334 amoris
831 309 926 334 osten-

159 355 273 382 sionem
287 357 448 382 monstrare
463 354 580 387 volens,
596 356 622 380 et
645 353 760 380 erudire
782 361 836 380 nos
851 361 926 388 quo-

159 401 250 428 modo
266 409 333 428 eum
348 408 447 427 amare
459 401 583 435 oportet,
595 399 668 426 sicut
681 399 831 426 continuat
841 399 928 433 Chry-

160 449 304 474 sostomus
318 445 338 480 ²,
355 446 394 472 ait
409 447 491 472 Petro
509 455 514 472 :
531 447 594 472 Cum
610 453 675 472 esses
684 446 789 479 junior,
805 445 928 478 cingebas

161 496 195 523 le,
208 492 239 518 id
259 489 310 523 e'st,
327 491 498 526 sequebaris
512 493 593 518 tuam
608 491 806 524 voluntatem,-
822 490 927 524 quande

160 541 248 565 autem
259 540 386 570 senueris,
403 539 525 565 extendes
540 546 643 571 11101105,
659 537 690 564 1(1
711 539 762 571 est,
779 537 929 571 crucifige-

160 584 209 618 ris,
226 584 265 610 ait
279 584 455 618 Augustinus
465 585 484 610 3.
499 584 576 610 Unde
589 583 766 618 Augustinus
777 583 786 599 4
797 583 908 610 ibidem
921 592 927 610 :

165 640 177 654 ιι
192 631 270 656 nune
285 629 396 656 invenit
417 629 526 656 exitum
545 629 593 656 ille
613 631 736 663 negator
757 630 783 655 et
805 630 929 661 amator,

160 675 367 710 praesumendo
382 675 483 708 elatus,
497 674 634 709 negando
648 677 817 709 prostratus,
831 673 930 700 flendo

161 723 318 755 purgatus,
336 721 504 748 confitendo
520 720 677 755 probatuS,
693 719 832 754 patiendo
848 727 930 746 coro-

162 769 256 793 natus.
274 778 286 790 »
306 768 367 793 111130
382 766 441 793 ille.
458 767 492 792 Ec
507 768 576 792 alias
598 769 621 792 te
635 767 730 799 ccnyel,
748 765 856 792 seilicet
869 764 931 791 vin-

163 812 235 839 culis
246 833 253 845 ,
268 812 350 847 quod
365 812 418 838 suit
432 811 596 846 impletum.
613 814 647 838 Et
667 812 743 838 (lucet
765 820 815 845 quo
838 814 865 837 lu
881 819 931 837 nen

162 860 215 891 vis,
231 858 261 885 id
277 860 328 892 est,
345 858 383 885 ad
399 860 534 891 mortem,
550 858 589 884 ait
603 858 712 885 Glossa.

201 906 241 931 19.
260 905 313 930 Hoc
329 907 415 930 autem
433 904 515 937 diaeit,
531 906 685 937 siyuificmzs
702 912 754 938 qua
770 907 853 929 morte
867 907 932 930 esset

164 951 362 983 clarificaturus
379 951 467 976 veum.
484 949 539 976 Sed
560 949 698 984 quaeritur
717 949 753 976 de
773 949 828 975 1100
851 949 931 984 quod

164 996 203 1022 ait
221 1005 226 1022 :
245 997 325 1022 thcec
340 998 378 1029 te,
395 1003 444 1029 quo
467 998 496 1021 tu·
516 1004 567 1022 non
590 997 630 1022 vis
647 1005 654 1020 :
670 995 742 1022 nihil
764 995 932 1021 involunta-

164 1041 241 1068 rium
253 1043 294 1068 est
309 1041 489 1067 meritorium
502 1050 508 1066 :
527 1048 595 1074 orgo
612 1041 634 1067 si
647 1041 751 1067 nolens
765 1048 868 1075 passus
881 1042 933 1072 est,

165 1087 276 1121 absque
293 1086 394 1113 merito
411 1088 451 1113 est
464 1094 577 1121 passus.
590 1087 621 1112 Et
632 1086 669 1112 ad
683 1086 759 1112 istud
776 1085 934 1120 respondet

165 1132 388 1167 Chrysostomus
398 1133 407 1148 ⁵
418 1141 424 1159 :
434 1142 447 1157 «
460 1132 540 1158 Dedit
554 1132 579 1158 ei
595 1132 682 1158 Filius
697 1132 743 1158 Dei
760 1131 841 1166 quod
857 1131 933 1158 desi-

165 1178 306 1210 derabat,
322 1177 429 1204 scilicet
453 1181 482 1204 ut
501 1180 664 1204 moreretur
686 1186 741 1212 pro
766 1177 888 1204 Christo.
905 1179 936 1204 Et

166 1223 221 1250 hoc
238 1223 319 1258 qnod
334 1223 372 1250 ait
389 1232 394 1249 :
408 1224 469 1250 Νοιι
483 1225 533 1254 nis,
550 1226 660 1250 natnrae
675 1223 745 1250 dicit
759 1222 935 1258 compassio-

166 1276 252 1302 nem,
268 1271 295 1296 et
314 1268 408 1296 carnis
430 1269 629 1295 necessitatem
649 1278 654 1295 z
672 1269 814 1304 quoniam
830 1269 934 1302 invita,

166 1315 197 1341 id
205 1317 256 1348 est,
269 1323 329 1341 non
340 1314 442 1341 volens
452 1315 632 1341 abscinditur
644 1323 660 1341 a
672 1323 794 1350 corpore
803 1315 933 1341 anima.»

168 1362 199 1387 Et
214 1360 366 1395 sequitur:
386 1361 514 1387 «Nullus
534 1361 611 1387 enim
633 1361 849 1396 impassibiliter
871 1368 935 1387 eor-

167 1415 222 1441 pus
237 1407 372 1442 deponet.
390 1417 403 1431 »
422 1408 484 1434 Haeo
498 1407 558 1433 ille.
571 1408 580 1423 θ
597 1416 609 1432 «
622 1409 709 1434 Nemo
722 1415 839 1434 carnem
853 1414 937 1433 suam

168 1452 238 1479 odio
253 1452 364 1479 habuit.
376 1464 388 1476 n
402 1452 540 1488 Loquitur
553 1461 623 1487 ergo
635 1455 777 1488 quantum
793 1453 830 1479 ad
842 1453 937 1488 ipsam

168 1498 400 1531 sensualitatem,
416 1498 474 1525 sive
496 1498 586 1524 vitam
607 1498 774 1525 animalem.
791 1500 838 1524 Est
859 1498 937 1525 enim

168 1543 278 1578 duplex
300 1543 451 1576 voluntas,
469 1543 576 1570 scilicet
595 1544 731 1578 rationis,
747 1546 775 1571 et
788 1544 853 1570 vita}
875 1544 937 1570 ani-

168 1589 267 1623 malis,
289 1589 350 1616 sive
375 1589 578 1616 sensualitatis.
603 1590 697 1616 Prima
720 1589 839 1617 volebat
862 1590 937 1616 mori

167 1643 222 1669 pro
246 1635 374 1668 Christo,
400 1635 466 1662 licet
492 1635 620 1662 secunda
645 1638 831 1670 repugnaret.
858 1636 938 1662 Unde

169 1680 404 1715 chrysostomus,
419 1681 470 1707 ubi
486 1689 574 1716 supra
587 1690 593 1707 z
613 1692 625 1705 «
638 1682 669 1707 Et
684 1681 707 1707 si
723 1689 790 1716 quae
806 1681 939 1716 optiones

170 1726 274 1753 validoe
294 1728 389 1759 erant,
406 1726 514 1753 scilicet
530 1727 603 1753 mori
618 1735 672 1761 pro
688 1727 813 1760 Christo,
830 1730 857 1754 et
870 1727 939 1762 ipsae

169 1773 333 1807 passiones3
354 1774 459 1799 natura
483 1775 580 1799 tamen
601 1772 853 1806 redarguebatur,
873 1783 886 1798 »
908 1772 939 1799 id

170 1820 226 1851 est,
248 1817 456 1845 ostendebatur
482 1818 592 1845 timere.
619 1820 649 1844 Et
673 1818 709 1844 (10
732 1818 787 1845 1100
809 1818 940 1845 similiter

170 1865 344 1897 Augustinus
355 1865 375 1891 ⁷.
386 1864 501 1890 Solutus
511 1871 528 1890 a
539 1872 661 1899 corpore
672 1864 791 1891 volebat
801 1872 861 1891 esse
873 1872 940 1890 cum

170 1909 281 1936 Christo
293 1930 302 1943 ,
318 1910 369 1936 sed
390 1910 412 1936 si
433 1910 494 1936 fieri
514 1912 625 1944 posset,
641 1912 743 1945 prazter
764 1910 858 1937 carnis
875 1918 939 1936 mo-

170 1955 292 1987 lestiam,
310 1955 347 1982 ad
366 1963 456 1990 quam
471 1955 573 1982 nolens
589 1956 692 1982 ductus
705 1958 756 1982 est.
768 1966 780 1980 »
798 1957 829 1983 Et
843 1963 939 1983 exem-

131 2024 136 2030 .
171 2001 281 2036 plificat
299 2001 335 2028 de
351 2001 476 2032 Christo,
493 2002 575 2036 quod
599 2012 612 2026 «
628 2003 747 2036 propter
761 2009 815 2028 nos
834 2010 938 2028 conso-

170 2047 276 2074 landos
297 2047 327 2074 in
349 2056 378 2074 se
400 2047 634 2081 transfiguravit,
651 2048 771 2082 quando
792 2048 831 2074 ait
851 2048 861 2064 ⁸
882 2057 887 2074 :
910 2048 941 2074 Sc·

171 2097 256 2127 polest
273 2095 343 2127 fieri,
359 2096 476 2120 transeat
493 2102 508 2119 a
524 2102 563 2120 me
578 2095 651 2120 ralia:
666 2096 724 2120 iste.
742 2095 798 2120 11οο
815 2094 872 2127 ait,
889 2093 940 2129 qui

172 2148 231 2167 non
246 2139 374 2167 habebat
388 2139 489 2166 mortis
505 2139 703 2166 necessitatem
714 2161 722 2173 ,
739 2140 791 2167 sed
806 2140 940 2167 volunta-

171 2188 238 2213 tem.
259 2196 271 2211 n
288 2187 321 2212 Et
334 2185 374 2212 ibi
390 2185 466 2212 bene
483 2185 519 2212 dc
533 2186 600 2212 1100.
622 2187 653 2212 Et
667 2188 708 2212 est
722 2186 751 2211 in
772 2185 872 2213 Glossa
885 2193 939 2220 pro

171 2234 262 2266 parte.
286 2232 366 2258 Unde
383 2233 410 2259 ct
423 2231 501 2258 110110
516 2231 690 2258 infirmitatis
705 2231 842 2258 affectum
856 2233 940 2258 natu-

172 2278 264 2305 ralem
278 2285 332 2305 nec
345 2281 476 2305 senectus
489 2278 602 2305 anferre
614 2277 716 2313 potuit.
730 2279 848 2312 Propter
859 2277 940 2312 quod

172 2324 211 2350 ait
229 2323 276 2350 hie
298 2332 303 2350 :
321 2324 387 2351 Cum
407 2326 492 2350 autem
511 2326 646 2357 senueris,
669 2325 734 2357 etc„
755 2325 786 2350 ut
804 2323 843 2350 ait
861 2323 940 2350 idem

206 2394 212 2410 ¹
229 2395 302 2423 Son,
318 2399 375 2423 xxti,
389 2394 427 2416 37.
442 2406 471 2410 —
488 2394 497 2408 2
509 2394 650 2423 chrysost„
667 2393 709 2416 ubi
724 2400 779 2423 sup,
797 2406 826 2409 —
840 2393 850 2409 ³
867 2394 941 2424 Aug„

172 2429 214 2452 ubi
229 2436 296 2458 sup„
311 2435 337 2451 n.
351 2430 374 2451 li.
387 2441 417 2445 ——
432 2429 442 2444 Β
458 2428 528 2456 ibid„
542 2435 568 2451 n.
582 2434 638 2452 4.—
653 2429 660 2442 δ
673 2429 813 2459 Clirysost„
827 2428 870 2451 ubi
884 2435 939 2458 sup.

172 2476 202 2481 —
224 2464 233 2481 ὅ
251 2463 352 2494 Epeos„
372 2469 395 2491 v,
416 2465 455 2487 29.
473 2476 498 2479 —
519 2463 529 2479 '¹
547 2465 662 2493 August„
683 2463 724 2486 nbi
744 2470 810 2493 sup„
829 2470 854 2487 n.
873 2464 895 2486 5.
911 2476 941 2480 —

172 2497 182 2514 Β
198 2498 298 2527 ΜαΙΙΙι.,
312 2503 382 2527 xxvi,
399 2499 436 2521 39.
450 2510 479 2514 —
493 2498 503 2514 ⁹
518 2498 658 2528 Chrysost„
674 2498 716 2521 ubi
731 2505 787 2528 sup.
801 2511 831 2515 —
846 2498 864 2514 ¹⁰
878 2498 941 2521 ibid.

173 2545 202 2549 —
216 2533 233 2548 ¹¹
252 2532 324 2562 thid,
339 2532 412 2562 paulo
428 2534 494 2556 ante.
508 2545 537 2550 -—
553 2534 569 2549 ¹²
583 2533 635 2561 solz,
652 2533 840 2562 xx1x‚8.—¹³
854 2534 940 2563 Greg„

173 2567 273 2597 Marah,
287 2567 332 2591 lib.
348 2568 412 2596 XtX,
429 2575 450 2590 0.
468 2574 503 2597 xr,
520 2569 551 2591 al.
568 2575 620 2591 xvn
633 2587 638 2597 ‚
656 2576 682 2592 n.
696 2571 734 2593 2⁴5.
752 2582 780 2586 —>
796 2569 814 2585 ¹⁸
829 2569 881 2598 Job,
898 2576 940 2599 xx,

174 2603 210 2624 11.
227 2615 256 2619 —
274 2603 292 2618 ¹⁵
307 2602 392 2632 Greg.,
407 2603 508 2632 Mor-al„
525 2603 567 2627 lib.
584 2604 638 2634 XV,
654 2611 677 2627 c.
692 2610 716 2633 v,
729 2604 761 2628 al.
778 2609 803 2634 x,
817 2611 842 2627 n.
859 2606 894 2628 11.
911 2617 941 2621 —

1692 204 1750 233 525

983 262 1166 295 Augustinus.
1180 263 1216 288 De
1225 262 1281 289 1100
1291 262 1514 298 chrysostomus
1526 265 1535 280 ⁹
1544 264 1619 292 bene
1635 275 1640 292 :
1655 277 1667 291 «
1677 267 1750 299 Quo-

983 306 1062 333 niam
1073 315 1187 342 semper
1194 309 1292 335 Petrus
1303 308 1418 335 volebat
1429 317 1490 336 esse
1505 310 1534 336 in
1543 311 1680 345 periculis
1696 320 1750 347 pro

984 359 1029 385 eo,
1039 352 1105 379 ideo
1117 353 1168 380 ait:
1179 353 1310 386 Confide,
1320 355 1346 381 et
1356 354 1395 381 ita
1406 355 1563 390 complebo
1573 356 1752 384 desiderium

983 399 1076 431 tuum,
1097 401 1126 425 ut
1141 407 1206 434 quae
1227 407 1287 427 non
1308 408 1337 427 es
1356 409 1459 435 passus
1479 401 1596 436 juvenis
1617 403 1751 438 existens,

983 444 1039 470 1100
1054 447 1081 471 te
1096 446 1230 480 oporteat
1243 446 1302 480 pati
1317 454 1417 473 senem
1436 446 1554 474 factum.
1572 448 1679 475 Etideo
1695 449 1751 476 eri-

985 498 1054 524 gens
1063 491 1227 518 auditorem
1239 492 1283 526 (a),
1298 492 1336 519 ait
1349 501 1354 519 :
1371 494 1426 519 Hoc
1437 493 1521 528 discit,
1532 495 1687 528 sz'yniftcans
1702 503 1754 529 qua

984 539 1077 565 morte,
1095 538 1161 569 ete„
1177 539 1207 563 ut
1222 538 1327 570 discas,
1344 538 1484 573 quoniam
1498 539 1557 573 pati
1572 547 1626 574 pro
1642 540 1752 567 Christo

986 581 1080 615 gloria
1095 585 1136 609 est
1151 583 1284 618 patientis
1300 586 1327 610 et
1340 584 1445 611 honor.
1459 594 1472 609 n
1492 586 1522 611 Et
1537 585 1666 620 sequItur
1682 596 1689 612 .·
1706 586 1752 612 Se-

986 636 1064 661 quere
1078 636 1146 654 ma«
1160 630 1191 655 Et
1206 629 1235 655 in
1251 629 1306 656 hoc
1322 629 1448 656 insinuat
1462 630 1661 665 praelationem
1675 631 1753 659 beati

986 673 1068 700 Petri.
1080 684 1092 699 n
1106 675 1168 701 Haeo
1184 675 1406 710 chrysostomus
1418 675 1446 702 ¹⁰.
1460 676 1540 703 Unde
1551 677 1662 704 ibidem
1678 685 1754 712 quae-

986 719 1032 753 rit,
1050 720 1175 755 qualiter
1188 721 1315 748 Jacobus
1329 722 1485 757 assumpsit
1498 723 1636 750 thronum
1656 724 1754 751 Hiero-

987 765 1169 800 solymorum
1180 787 1186 799 ,
1203 767 1253 802 qui
1268 767 1321 794 fuit
1335 768 1447 802 primus
1463 769 1617 804 episcopus
1632 778 1735 797 eorum
1745 792 1753 805 ,

988 814 1014 838 et
1036 819 1097 838 non
1121 813 1239 839 Petrus?
1266 814 1296 839 Et
1323 813 1391 839 11010
1416 815 1589 848 respondet,
1615 816 1755 850 quoniam

987 857 1075 891 hunc,
1092 858 1121 884 id
1141 860 1193 890 est,
1209 860 1334 892 Petrum,
1352 859 1431 885 orbis
1450 861 1593 887 terrarum
1614 861 1756 888 inthroni-

988 903 1062 930 zavit
1077 904 1261 938 magistrum,
1275 904 1416 931 ,Iacobum
1430 913 1500 932 vero
1515 905 1610 940 plebis
1626 906 1756 934 Hieroso-

988 950 1148 984 lymorum,
1164 952 1217 977 etc.
1240 951 1272 976 Et
1287 951 1356 977 nota
1374 950 1421 977 hic
1436 951 1618 985 mysterium,
1635 952 1755 987 quando

990 996 1029 1022 ait
1051 1005 1057 1023 ι
1083 997 1145 1023 Cum
1169 1005 1234 1024 esses
1254 998 1358 1031 jurztor,
1380 999 1502 1032 cingebas
1528 1002 1568 1030 te,
1591 1001 1643 1026 etc.
1666 1000 1697 1026 Ut
1717 999 1757 1026 ait

989 1042 1212 1077 Chrysostomus
1232 1048 1248 1062 ¹¹
1267 1052 1273 1069 ε
1293 1053 1305 1067 α
1322 1045 1352 1070 ln
1374 1043 1572 1077 saecularibus,
1588 1044 1696 1072 scilieet
1710 1052 1756 1072 re-

990 1088 1059 1120 bus,
1072 1088 1189 1121 juvenis
1204 1089 1281 1115 utilis
1301 1091 1358 1122 est3
1376 1089 1427 1124 qui
1442 1090 1549 1123 senuit,
1565 1089 1685 1118 inutilis.
1701 1091 1755 1118 Sed

990 1133 1019 1159 in
1035 1133 1214 1167 coelcstihus,
1229 1134 1338 1162 seilicet
1352 1135 1491 1169 negotiis,
1508 1143 1568 1162 non
1583 1135 1622 1162 ita
1635 1138 1691 1170 est,
1706 1137 1757 1163 sed

991 1187 1058 1206 cum
1072 1180 1273 1214 supervenerit
1286 1183 1427 1214 senectus,
1443 1183 1511 1208 tunc
1533 1182 1621 1208 virtus
1641 1182 1757 1216 clarior,

992 1228 1058 1252 tunc
1077 1225 1197 1252 virilitas
1215 1226 1363 1253 illustrior.
1386 1237 1398 1251 u
1417 1228 1479 1254 Haec
1497 1227 1666 1255 ille.Junz'01·
1688 1236 1757 1263 ergo

991 1271 1095 1298 dicitnr
1108 1272 1166 1298 vita
1181 1272 1410 1307 11111101100110013
1428 1284 1441 1299 a
1456 1274 1600 1302 Videbant
1612 1283 1658 1301 me
1671 1275 1758 1309 juve-

991 1325 1052 1344 nes.
1073 1328 1084 1341 ι)
1102 1319 1255 1352 Gregorius
1272 1319 1290 1335 ¹³
1308 1328 1314 1345 ε
1335 1330 1347 1343 «
1361 1321 1483 1347 Juvenes
1503 1320 1560 1347 dici
1581 1320 1692 1355 solent,
1708 1321 1759 1356 qui

992 1363 1073 1390 nulla
1084 1364 1196 1390 consilii
1207 1365 1345 1398 gravitate
1357 1365 1560 1401 deprimuntur
1573 1375 1578 1393 :
1590 1377 1602 1391 n
1616 1367 1759 1401 injuvene

992 1410 1070 1436 enim
1080 1413 1122 1437 est
1135 1410 1232 1437 servor
1242 1411 1382 1438 libidinis.
1391 1412 1410 1428 ι’*
1423 1422 1436 1437 1(
1447 1413 1517 1440 Ossa
1525 1413 1587 1447 ejus
1596 1413 1760 1448 implebun-

993 1457 1037 1482 tur
1059 1456 1135 1482 vitiis
1155 1456 1366 1485 adolescentiae.
1383 1468 1396 1483 »
1413 1458 1456 1485 Ibi
1471 1459 1625 1492 Gregorius
1640 1459 1659 1474 ¹⁵
1676 1468 1682 1486 ε
1701 1469 1714 1484 «
1730 1460 1760 1486 ln

993 1501 1191 1529 adolescentia
1212 1503 1306 1530 libido
1325 1503 1484 1531 fervescere
1505 1504 1631 1531 inchoat.
1655 1514 1667 1530 >i
1690 1506 1760 1532 Item

996 1557 1009 1573 «
1028 1549 1058 1575 in
1080 1549 1188 1582 juvenc
1210 1551 1250 1575 est
1273 1550 1403 1584 paucitas
1422 1550 1606 1585 experientiae
1631 1552 1657 1577 et
1676 1550 1760 1578 ardui

994 1594 1101 1629 operis,
1116 1605 1128 1619 n
1139 1597 1171 1621 ut
1182 1595 1220 1621 ait
1233 1596 1384 1630 sapiensffl.
1399 1596 1518 1623 Juvenis
1533 1604 1593 1623 non
1605 1598 1647 1623 est
1661 1604 1762 1632 exper-

993 1642 1037 1666 tus
1063 1649 1069 1666 1
1095 1640 1252 1668 multitudo
1283 1641 1361 1668 enim
1390 1642 1528 1676 temporis
1552 1643 1762 1677 experientiam

992 1685 1068 1712 facit.
1086 1687 1116 1712 Et
1131 1686 1200 1720 quia
1215 1686 1253 1713 ita
1268 1689 1318 1719 est,
1330 1687 1418 1721 cingit
1432 1695 1462 1714 se
1478 1696 1537 1714 non
1548 1688 1665 1722 cingulo
1679 1689 1762 1715 disei-

994 1731 1080 1765 plinae
1094 1731 1141 1757 vel
1153 1731 1269 1765 justitiae
1283 1733 1321 1759 ad
1337 1733 1535 1760 cohibendum
1552 1737 1578 1761 et
1591 1734 1762 1769 restringen-

994 1777 1076 1809 dum,
1092 1778 1143 1803 sed
1159 1777 1197 1804 ad
1219 1778 1390 1806 leviandum
1411 1787 1459 1812 se,
1474 1782 1505 1806 ut
1525 1780 1560 1806 sit
1579 1780 1708 1807 velocior
1723 1781 1762 1807 ad

994 1823 1179 1857 implendum
1194 1832 1277 1850 suam
1292 1824 1484 1858 voluntatem,
1497 1825 1543 1852 vel
1556 1826 1763 1861 concupiscen-

993 1869 1073 1895 tiam.
1090 1871 1122 1896 Et
1136 1869 1172 1895 de
1194 1878 1267 1896 zona
1283 1870 1322 1896 sic
1338 1871 1505 1905 accingente
1526 1872 1542 1888 '⁷
1559 1880 1565 1898 :
1585 1881 1598 1897 «
1614 1873 1668 1898 Pro
1689 1880 1763 1900 zona

994 1914 1148 1941 funiculus
1161 1925 1173 1940 n
1188 1916 1225 1940 ¹⁸«
1240 1916 1327 1948 Quasi
1341 1924 1433 1950 agnus
1448 1916 1611 1944 lasciviens
1624 1918 1660 1942 »¹⁹
1673 1927 1686 1942 «
1697 1918 1763 1945 Nul-

994 1960 1054 1987 lum
1071 1961 1105 1988 sit
1119 1963 1250 1996 pratum,
1264 1962 1346 1997 quod
1361 1970 1421 1989 non
1436 1965 1616 1997 pertranseat
1629 1964 1662 1998 (b)
1678 1964 1762 1991 luxu-

994 2006 1037 2033 ria
1058 2009 1165 2034 nostra.
1183 2017 1195 2032 n
1219 2009 1250 2034 Ut
1267 2007 1345 2035 enim
1365 2009 1404 2035 ait
1424 2009 1602 2042 Augustinus
1620 2008 1641 2025 ²⁰
1658 2018 1664 2036 :
1684 2019 1697 2034 «
1712 2010 1761 2037 1110

995 2052 1064 2078 vivit
1085 2053 1247 2080 secundnm
1268 2062 1400 2088 earnem,
1417 2055 1467 2090 qui
1486 2055 1582 2090 pergit
1601 2063 1660 2090 quo
1682 2056 1760 2091 vult,

995 2097 1103 2125 dormit
1118 2099 1239 2133 quando
1254 2100 1334 2134 vult,
1348 2100 1479 2135 loquitur
1499 2101 1620 2135 quando
1641 2101 1720 2135 vult,
1736 2105 1763 2130 et

994 2144 1045 2170 ubi
1061 2144 1130 2171 vult.
1142 2154 1153 2168 u
1172 2144 1254 2172 Etsio
1267 2145 1304 2172 de
1319 2146 1459 2180 operibus
1475 2146 1602 2174 aliorum
1613 2155 1761 2182 sensuum,

995 2192 1025 2216 ut
1039 2189 1080 2216 ibi
1095 2192 1255 2218 enumerat.
1269 2193 1299 2218 Et
1321 2192 1384 2218 talis
1403 2200 1463 2218 non
1481 2193 1646 2220 secundum
1661 2195 1762 2228 Deum,

994 2235 1046 2262 sed
1058 2236 1210 2263 carnaliter
1220 2237 1299 2264 vivit.
1313 2237 1380 2264 idco
1393 2236 1412 2254 ²¹
1429 2247 1455 2264 :u
1465 2238 1610 2265 Desideria
1621 2239 1763 2272 juvenilia

995 2281 1071 2315 suge.
1088 2291 1101 2306 »
1119 2280 1141 2298 ²²
1157 2291 1169 2306 ι(
1183 2283 1277 2309 Curva
1290 2283 1432 2309 cervicem
1452 2283 1514 2317 ejus
1528 2283 1558 2311 in
1570 2284 1729 2318 juventute.
1746 2296 1759 2312 »

995 2328 1025 2354 Et
1040 2328 1062 2344 ²³
1079 2336 1084 2354 :
1104 2337 1117 2352 <1
1132 2329 1197 2355 Post
1212 2328 1460 2363 concupiscentias
1474 2337 1533 2356 non
1552 2337 1611 2358 eas.
1626 2340 1639 2356 »
1658 2332 1678 2358 E
1693 2339 1763 2358 con-

996 2415 1014 2430 ¹“
1029 2415 1113 2443 Arist„
1141 2415 1222 2439 lithic,
1246 2416 1288 2439 lib.
1311 2417 1334 2446 Ι,
1356 2423 1378 2440 e.
1399 2423 1437 2440 111.
1454 2430 1483 2434 ——
1501 2417 1519 2433 ¹⁷
1538 2417 1597 2448 lsa„
1616 2424 1662 2448 111,
1682 2420 1719 2442 24.
1733 2432 1763 2436 —

996 2450 1015 2466 ¹⁸
1029 2451 1110 2476 Pron..
1127 2457 1171 2480 vn,
1186 2453 1224 2475 212.
1237 2464 1267 2468 —
1282 2452 1300 2467 ¹²⁸
1315 2452 1385 2483 Sap„
1399 2459 1427 2483 11,
1441 2454 1464 2476 8.
1475 2466 1501 2469 -
1517 2454 1538 2469 ῖθ
1552 2454 1604 2477 11110
1617 2456 1705 2477 auctor
1719 2454 1761 2479 lib.

994 2485 1023 2507 «le
1042 2485 1155 2508 Saluum.
1177 2486 1274 2510 Docum.
1290 2486 1324 2510 ml
1341 2487 1438 2517 quemd.
1455 2487 1553 2518 Camil„
1570 2496 1592 2512 c.
1614 2495 1677 2517 xvu,
1698 2489 1763 2513 inter

995 2520 1070 2550 Oper.
1085 2521 1110 2543 S.
1125 2521 1198 2551 Aug,
1214 2522 1334 2552 append„
1349 2524 1409 2546 tom.
1422 2523 1463 2546 Vt.
1479 2535 1509 2540 —
1520 2524 1538 2539 '·'¹
1555 2523 1574 2546 ΙΙ
1592 2523 1666 2553 Tim„
1684 2530 1713 2554 11,
1726 2525 1761 2548 22.

994 2567 1024 2572 —
1047 2555 1064 2568 ²²
1087 2555 1174 2585 Eccli„
1192 2562 1256 2587 xxx,
1274 2558 1311 2580 17.
1327 2570 1358 2574 —
1376 2558 1395 2574 ²¹¹
1411 2557 1483 2588 ibid.¹
1499 2563 1572 2587 xvni,
1591 2560 1628 2581 30.

1026 2604 1060 2633 (a)
1077 2604 1137 2627 Cret.
1153 2605 1212 2628 edil.
1228 2611 1295 2630 eum.
1308 2618 1339 2623 —
1355 2606 1386 2636 (b)
1401 2606 1543 2637 pertransit.
