1987 3032
59 1506 158 1526 Secunda

52 1542 103 1562 pars
107 1537 164 1563 prin-

73 1568 150 1594 cipalis

60 1599 157 1625 capituli.

754 227 960 260 EXPOSITIO
983 227 1023 258 IN
1047 227 1131 258 CAP.
1155 228 1193 259 ΙΙ.

181 299 213 325 ut
233 297 338 324 dicitur
359 295 423 329 hic,
445 294 553 321 scilicet
580 293 631 329 qui
650 291 734 322 antea
755 296 947 323 mirabantur.

177 344 234 371 Sed
254 342 377 379 qualiter
395 341 434 368 ait
455 350 461 367 :
485 340 662 367 erediderunt
678 341 824 376 discipuli,
840 351 876 369 ex
890 349 948 376 quo

177 389 258 425 prius
273 387 475 416 crediderant?
490 388 522 414 Et
536 386 575 413 ad
589 386 645 414 hoc
665 388 824 423 respondet
838 390 948 422 Augus-

178 435 254 463 tinus
265 435 284 468 ¹,
296 434 377 470 quod
388 433 549 468 discipulos
557 433 604 460 hic
620 433 762 461 debemus
775 434 946 469 intelligere,

179 481 228 517 qui
243 483 324 508 erant
337 480 426 507 futuri
443 479 597 515 discipuli,
613 480 682 515 quia
700 480 837 516 discipuli
851 482 948 514 erant,

178 527 298 563 quando
314 527 375 553 haec
390 525 555 562 conscripta
569 529 644 554 sunt.
661 526 717 554 Sed
737 527 875 562 quaeritur
888 535 948 562 quo

177 573 268 600 modo
287 572 353 600 fecit
376 572 423 599 hie
444 572 562 607 signum
586 574 646 601 sive
665 574 859 608 miraculum,
882 582 949 601 cum

177 619 234 646 hoc
250 619 396 646 diminuat
413 619 551 646 meritum
565 619 652 654 fidei,
674 620 750 647 infra
763 619 774 634 Ξ
789 629 795 647 :
811 621 890 653 Nisi,
906 619 949 646 in-

154 690 156 692 .
178 665 256 700 quit,
277 667 355 700 styria
369 665 509 700 videritis,
530 673 581 693 non
596 666 719 693 credetis.
737 666 781 693 Ad
802 666 879 693 istud
893 673 949 693 res-

177 711 289 746 pondet
310 712 533 747 Chrysostomus
548 713 575 746 ³,
600 712 682 747 quod
703 721 716 737 «
733 714 801 739 tunc
820 712 948 739 maxime

178 758 374 785 necessarium
389 757 444 785 fuit
464 758 549 792 signa
569 758 680 792 facere,
704 758 826 794 quando
851 758 949 786 devoti

179 805 206 831 et
221 804 401 831 attendentes
422 804 467 831 his
493 812 559 839 quas
586 804 697 832 fiebant
723 804 874 831 manifeste
895 804 948 831 ad-

179 852 269 878 erant.
283 861 295 875 »
310 850 364 877 Sed
377 851 446 877 tunc
461 851 601 885 quaeritur
620 850 656 878 de
671 851 728 878 hoc
744 851 826 886 quod
841 859 930 886 supra
940 852 949 867 t

178 897 239 924 sine
257 896 362 931 signis,
387 896 417 923 id
435 898 477 923 est
491 896 654 928 miraculis,
681 897 711 924 in
727 905 795 924 eum
814 897 948 925 credide-

178 945 256 970 runt.
285 945 317 970 Et
343 943 382 970 ad
403 943 460 970 hoc
486 943 645 978 respondet
672 943 895 978 Chrysostomus
924 945 948 979 ⁵,

181 989 264 1024 quod
282 998 295 1013 «
308 988 441 1016 doctrina
463 991 489 1016 et
508 989 663 1025 prophetia
675 990 685 1006 '³
705 989 867 1025 aliquando
890 992 951 1018 erat

181 1036 328 1063 sufficiens
349 1036 576 1063 admirationem
595 1036 747 1072 imponere
767 1037 950 1064 audientium

181 1082 351 1116 animabus,
376 1085 402 1110 et
426 1082 549 1110 suadere
570 1091 636 1109 cum
663 1082 833 1117 affectione,
859 1085 950 1111 atten-

181 1127 250 1155 dere
265 1130 292 1155 et
307 1128 436 1155 credere.
452 1138 466 1154 ›>
483 1129 540 1156 Sed
554 1131 622 1156 tunc
637 1129 775 1164 quaeritur
790 1137 881 1164 quare
897 1130 949 1157 ali-

180 1174 301 1209 quando
316 1174 443 1209 denegat
463 1174 546 1209 signa
565 1175 674 1209 facere,
696 1175 859 1210 aliquando
879 1184 949 1211 pro-

178 1221 243 1254 pter
259 1221 478 1256 perversitatem
493 1221 729 1248 conversantium
749 1222 779 1248 in
795 1222 867 1249 locis
882 1222 947 1250 illis.

178 1268 211 1294 Et
225 1275 260 1295 ex
273 1267 318 1294 his
332 1269 423 1303 patet,
444 1267 526 1303 quod
542 1267 704 1302 aliquando
727 1267 853 1296 faciebat
867 1269 950 1303 signa

180 1313 219 1340 ob
234 1313 422 1341 devotionem
436 1313 630 1341 assistentium
642 1323 649 1347 ;
666 1313 827 1349 aliquando
839 1314 950 1342 omitte-

178 1359 229 1387 bat
244 1359 350 1394 t'aeere,
365 1360 485 1395 quando
502 1361 636 1388 doctrina
651 1362 678 1388 et
701 1361 855 1397 prophetia
871 1362 951 1389 suffi-

179 1406 309 1440 ciebant;
335 1406 497 1442 aliquando
517 1406 684 1442 denegabat
697 1408 707 1423 ⁷
723 1407 762 1434 ob
776 1409 949 1443 perversita—

179 1453 236 1479 tem
248 1452 443 1479 habitantium
453 1474 462 1487 ,
480 1452 540 1480 sive
554 1453 766 1488 inquirentium
781 1455 872 1488 signa.

213 1499 258 1525 ¹12.
278 1491 319 1525 Es
333 1499 465 1534 sequitur
484 1499 612 1526 secunda
636 1499 806 1535 principalis
830 1500 949 1536 capituli

178 1544 219 1571 ibi
235 1553 242 1571 :
258 1546 322 1572 Post
336 1545 389 1572 haec
404 1545 555 1579 descendit,
572 1547 637 1580 etc.,
653 1545 683 1572 in
698 1554 757 1581 qua
766 1549 900 1574 narratur
913 1547 948 1582 (a)

178 1591 214 1619 de
244 1591 386 1619 descensu
412 1599 464 1619 suo
489 1592 710 1627 Capharnaum,
735 1592 787 1620 ubi
815 1595 950 1621 narratur

177 1647 246 1666 suus
261 1639 433 1673 descensus,
448 1640 476 1666 et
491 1639 527 1666 de
547 1647 632 1667 mora
650 1639 772 1667 ibidem.
797 1640 842 1668 Ait
858 1649 927 1676 ergo
941 1650 947 1668 :

177 1686 240 1712 Post
255 1686 322 1720 haec,
338 1687 391 1712 etc.
408 1685 464 1713 Sed
479 1685 627 1721 quaeritur,
644 1694 679 1713 ex
694 1694 754 1721 quo
769 1688 829 1714 erat
843 1686 884 1714 ibi
899 1695 949 1722 pa-

177 1739 243 1758 rum
258 1734 438 1766 moraturus,
455 1734 483 1759 et
497 1732 733 1767 Hierosolymam
747 1732 948 1768 festinaturus,

178 1785 269 1813 quare
290 1778 359 1805 illuc
384 1778 543 1806 descendit.
574 1780 606 1806 Et
629 1779 666 1806 ad
690 1778 765 1806 illud
791 1779 950 1815 respondet

178 1825 403 1860 Chrysostumus
417 1826 427 1842 Β
448 1825 530 1860 quod
551 1834 564 1850 «
579 1825 647 1853 ideo
664 1825 828 1860 descendit,
843 1828 874 1854 ut
887 1835 949 1855 ma-

177 1873 251 1898 trem
273 1873 300 1898 ct
323 1871 424 1898 fratres
439 1879 500 1898 non
521 1871 633 1906 ubique
649 1880 747 1899 secum
762 1872 888 1900 traheret
905 1874 947 1909 (b).

178 1917 276 1944 Adivit
291 1925 362 1952 ergo
379 1917 466 1952 illuc,
483 1920 511 1945 et
520 1925 626 1953 parum
638 1917 680 1945 ibi
691 1918 866 1946 contrahens
881 1921 950 1947 tem-

177 1970 233 1998 pus
248 1963 280 1999 (c)
294 1965 414 1999 propter
428 1964 590 1998 honorem,
607 1964 657 1999 qui
679 1966 741 1992 erat
757 1965 796 1992 ad
811 1967 948 2001 matrem,

178 2017 243 2037 eam
265 2011 448 2044 restaurans,
466 2010 498 2037 id
517 2012 559 2038 est
578 2010 732 2038 consolans
745 2012 773 2038 et
787 2011 948 2047 delectans,

177 2064 277 2083 rursus
296 2058 393 2084 autem
408 2057 528 2085 assumit
549 2056 644 2085 facere
658 2058 815 2093 miracula,
833 2060 861 2086 et
880 2059 948 2087 ideo

178 2102 307 2130 ascendit
321 2102 562 2138 Hierosolymam.
581 2113 594 2129 »
613 2103 670 2132 Sed
691 2104 833 2139 quaeritur
858 2113 949 2140 quare

177 2156 238 2176 non
260 2148 328 2176 feeit
354 2149 395 2176 ibi
418 2149 503 2184 signa
526 2149 574 2176 vel
599 2148 751 2177 miracula.
775 2152 807 2178 Et
829 2151 868 2178 ad
892 2152 949 2179 hoc

177 2195 401 2230 Chrysostomus
413 2216 421 2230 ,
456 2195 538 2231 quod
570 2205 583 2221 <‹
606 2195 668 2230 illi,
698 2196 749 2231 qui
776 2196 950 2225 habitabant

176 2241 258 2269 illam
273 2241 434 2276 civitatem,
449 2241 535 2269 valde
551 2243 634 2269 erant
648 2242 796 2278 corrupti⁹
813 2253 818 2268 :
832 2243 950 2279 Caphar-

177 2296 270 2323 naum,
285 2290 352 2323 eto„
365 2288 415 2324 (d),
430 2297 512 2324 usque
527 2290 564 2316 ad
579 2290 610 2325 (e)
624 2291 761 2323 infernum
771 2290 919 2318 descendes.
932 2302 946 2317 »

210 2347 215 2360 ¹
232 2347 306 2377 Aug.y
326 2346 356 2370 de
375 2346 446 2370 Cone.
464 2347 569 2378 Evanq„
585 2347 628 2370 lib.
646 2347 680 2376 Η,
697 2356 719 2371 c.
741 2353 810 2377 xvii,
826 2354 852 2371 u.
868 2349 906 2372 38.
920 2361 949 2367 —-

178 2382 188 2396 ²
201 2381 258 2411 inf„
278 2387 312 2411 ιν,
330 2382 368 2404 43.
382 2395 412 2399 -
427 2382 435 2395 ³
450 2381 592 2413 Chrysost„
606 2382 648 2406 ubi
660 2389 716 2413 sup.
730 2396 759 2400 —
774 2384 784 2399 δ
799 2384 870 2413 Sup„
886 2390 904 2414 1,
920 2386 948 2408 37

179 2418 204 2440 et
220 2424 273 2447 seq.
288 2430 318 2434 —
331 2417 341 2433 ⁵
355 2417 495 2447 Chrysost„
509 2417 553 2440 ubi
570 2424 625 2447 sup.
641 2431 671 2435 -
686 2419 694 2429 '³
710 2418 783 2441 Addit
798 2418 948 2449 Chrysosto-

178 2457 248 2481 mus,
267 2451 294 2476 ni
316 2452 384 2475 sallat
402 2454 485 2475 textus
505 2459 580 2482 quem
602 2452 658 2483 lego
681 2460 686 2475 ι
711 2462 724 2475 «
744 2454 806 2477 Cum
827 2455 948 2479 miraculo

179 2487 322 2517 conjuncta.
343 2496 356 2510 »
376 2488 436 2511 llaec
458 2487 525 2511 enim
547 2490 607 2511 sunt
624 2487 752 2518 ipsissima
770 2489 850 2513 verba
872 2490 950 2521 Chry-

179 2522 299 2553 sostomi,
319 2523 378 2547 edit.
393 2523 507 2546 Gaume:
527 2523 582 2547 Ὅτι
605 2525 645 2546 καὶ
665 2524 806 2548 διδασκαλία
823 2526 892 2553 ἱκανὴ
910 2527 949 2549 καὶ

180 2558 312 2587 προφητεία
332 2560 372 2582 καὶ
395 2559 422 2582 τὸ
447 2560 527 2589 θαῦμα
550 2559 651 2582 &maz-m
671 2562 721 2586 ταῖς
744 2563 790 2583 τῶν
811 2560 949 2584 &ito-abutum

181 2592 280 2622 ψυχαῖς,
295 2594 357 2617 ὥστε
376 2594 505 2621 διαθέσεως
524 2594 654 2626 προσέχειν
674 2597 723 2621 τοῖς
742 2595 893 2625 γενομένοις,
908 2598 949 2624 τῆς

181 2627 258 2657 ψυχῆς
275 2629 479 2660 προοικειωμένης
497 2630 551 2658 ἤδη.
571 2630 643 2653 Tom.
664 2629 737 2659 thl,
755 2636 813 2660 pag.
835 2631 948 2654 152-153.

181 2661 308 2686 Caeterum
318 2662 374 2687 aliis
387 2663 412 2687 in
425 2663 497 2694 loeis,
510 2663 581 2688 verbi
595 2664 684 2695 gratia,
701 2663 772 2688 hom.
788 2670 830 2695 xx,
846 2665 877 2688 al.
895 2670 949 2695 xix,

319 2715 392 2738 Tou.
415 2716 460 2739 XI·

1717 236 1777 266 289

1005 296 1074 322 Item
1094 295 1233 330 quaeritur
1248 297 1373 332 qualiter
1394 298 1433 325 ait
1453 308 1461 324 .-
1486 300 1595 327 Fratres
1620 301 1690 334 ejus,
1710 310 1777 329 cum

1004 340 1089 368 fuerit
1103 341 1268 380 unigenitus
1284 345 1312 370 et
1329 344 1419 378 patris
1437 347 1465 371 et
1485 345 1595 372 matris,
1616 347 1647 373 Et
1668 347 1706 374 ad
1720 348 1777 375 hoc

1004 387 1162 422 respondet
1188 389 1372 423 Augustinus
1400 390 1485 423 Quod
1505 391 1607 419 fratres
1633 395 1714 420 erant
1729 401 1777 421 co-

1005 434 1084 467 gnati
1099 434 1208 469 Mariae,
1229 443 1264 462 eo
1278 436 1369 463 modo
1384 444 1443 472 quo
1462 437 1611 465 Abraham
1627 440 1655 465 et
1668 440 1719 466 Lot
1733 439 1778 466 di-

1005 479 1146 506 cebantur
1161 480 1272 515 fratres,
1289 484 1315 509 et
1327 483 1417 510 Jacob
1433 484 1461 510 et
1474 483 1583 511 Laban.
1597 485 1633 511 Et
1654 485 1692 511 z'bz‘
1704 494 1780 512 man-

1004 528 1096 552 serunt
1110 534 1161 553 non
1175 529 1280 560 multis,
1297 530 1364 562 ete,
1383 532 1504 565 propter
1515 531 1695 559 vicinitatem
1712 533 1787 562 Pas-b

1005 572 1082 606 chae,
1104 576 1191 608 prout
1216 576 1319 609 postea
1347 576 1463 614 subdit,
1478 585 1532 605 nec
1555 578 1607 605 iste
1624 579 1780 607 descensus

1005 619 1227 654 Capharnaum‚
1257 621 1308 656 qui
1330 621 1384 649 fuit
1406 625 1471 650 ante
1492 624 1617 659 Pascha,
1636 628 1677 653 est
1700 626 1780 654 idem

1005 673 1072 692 cum
1087 665 1138 693 illo
1154 666 1307 700 descensu,
1324 668 1360 695 de
1376 677 1436 704 quo
1452 671 1541 698 Lucas
1557 670 1588 705 ¹⁰,
1608 673 1639 698 ut
1653 674 1730 707 patet
1742 673 1780 701 ab

1006 712 1166 746 Augustino
1183 712 1210 739 ¹¹.
1226 715 1257 740 Et
1271 716 1350 749 patet
1359 716 1521 743 secundum
1539 717 1684 751 Glossam,
1699 720 1782 754 quod

1004 756 1056 784 istc
1077 757 1235 785 descensus
1256 759 1433 794 significavit
1451 762 1624 791 descensum
1646 765 1708 791 Filii
1732 766 1782 793 Dei

1004 802 1034 829 in
1055 803 1210 831 mundum.
1233 805 1379 833 Moraliter
1397 815 1466 834 vero
1489 808 1634 842 significat
1658 811 1780 839 descen-

1005 857 1070 876 sum
1081 849 1143 876 Filii
1159 850 1208 877 Dei
1223 850 1253 877 in
1269 851 1399 879 animam
1417 856 1559 882 sanctam.
1576 855 1782 891 Capharnaum
1811 864 1901 883 Descen-

1006 895 1084 922 enim
1095 895 1301 932 interpretatur
1314 898 1385 926 villa
1399 899 1601 935 pulcherrima
1614 901 1643 937 ¹²,
1651 903 1698 930 vel
1713 911 1782 938 ager
1797 895 1903 944 sushafia-

1005 940 1227 969 benedictionis.
1255 944 1322 978 Ejus
1346 949 1440 972 mater
1467 948 1508 974 est
1529 947 1696 983 humilitas,
1713 950 1782 978 obe·
1814 931 1889 990 {amnt

1006 987 1132 1021 dientia3
1152 988 1255 1016 fratres
1277 992 1305 1017 et
1324 991 1477 1026 discipuli,
1495 994 1626 1027 gratuitae
1647 996 1782 1031 virtutes,
1799 985 1902 1037 Ἷξζὲὓξζ

1006 1033 1055 1068 qui
1072 1036 1308 1063 concomitantur
1330 1037 1428 1072 ipsum
1447 1040 1544 1066 Jesum
1560 1041 1581 1057 ¹³
1598 1050 1604 1068 :
1621 1041 1784 1078 Quicumque
1798 1023 1812 1043 g

1005 1080 1099 1111 fecerit
1107 1081 1269 1108 voluntatem
1277 1084 1368 1116 patris
1378 1085 1441 1118 mei,
1453 1085 1494 1111 hic
1505 1088 1601 1120 mater,
1619 1090 1644 1114 et
1658 1096 1743 1123 soror,
1757 1093 1781 1117 et

1005 1126 1102 1158 frater.
1119 1127 1149 1153 In
1157 1127 1257 1154 Joannc
1267 1127 1299 1163 (f)
1309 1128 1377 1156 item
1388 1129 1409 1145 m
1422 1139 1428 1156 ε
1441 1131 1472 1157 St
1480 1133 1540 1165 quis
1548 1133 1641 1168 diligit
1651 1143 1701 1169 me,
1715 1138 1780 1171 etc.;

1005 1173 1137 1208 sequitur
1152 1184 1158 1200 :
1176 1175 1221 1202 Ad
1236 1183 1293 1202 eum
1304 1178 1447 1212 veniemus,
1462 1179 1514 1206 etc.

1042 1222 1084 1247 13.
1094 1223 1126 1248 Et
1134 1223 1265 1257 sequitur
1272 1224 1355 1251 tertia
1363 1232 1431 1260 pars
1440 1225 1610 1262 principalis
1616 1230 1735 1265 capituli
1744 1231 1780 1258 de
1826 1233 1900 1253 Tertia

1006 1275 1128 1295 ascensu
1147 1268 1178 1295 in
1195 1269 1448 1306 Hierosolymam,
1471 1272 1512 1299 ihi
1535 1282 1541 1299 :
1565 1275 1600 1301 Et
1619 1283 1703 1311 prope
1724 1279 1781 1305 erat
1822 1269 1887 1313 ξ’]-ῗζῑ,

1005 1315 1117 1347 Pascha,
1134 1317 1204 1349 etc.;
1224 1318 1251 1342 et
1266 1316 1316 1343 illa
1337 1317 1367 1344 in
1387 1317 1447 1345 duo
1461 1327 1468 1345 x
1482 1319 1595 1354 primo,
1617 1321 1653 1349 de
1673 1323 1737 1358 ipso
1754 1325 1781 1352 et
1795 1299 1856 1359 pssalnst
1867 1330 1901 1344 0³³-

1006 1359 1042 1386 de
1059 1360 1141 1387 tactis
1161 1361 1289 1396 ibidem3
1313 1363 1460 1397 secundo,
1483 1368 1618 1394 narratur
1634 1368 1670 1395 de
1685 1369 1780 1405 inqui·
1794 1356 1865 1381 pnuu.

1005 1405 1108 1433 sitione
1117 1407 1129 1433 J
1134 1406 1285 1434 udaeorum
1293 1408 1330 1436 ab
1342 1408 1405 1444 ipso
1412 1430 1422 1443 ,
1432 1410 1474 1437 ibi
1486 1419 1492 1438 :
1503 1413 1715 1450 Responderunt,
1725 1418 1777 1445 etc.

1005 1454 1035 1479 ln
1052 1453 1149 1488 prima
1166 1454 1239 1481 tria:
1263 1455 1360 1490 primo
1382 1456 1473 1492 ipsius
1496 1466 1632 1487 ascensus
1650 1464 1677 1489 et
1702 1471 1779 1491 curae

1005 1499 1067 1533 ejus
1082 1499 1260 1535 praemissio3
1282 1502 1429 1537 secundo,
1451 1503 1518 1531 sacti
1537 1505 1648 1534 ibidem
1667 1510 1780 1544 specifi-

1004 1545 1093 1579 catio,
1109 1546 1169 1573 ibi:
1187 1548 1222 1573 Et
1240 1549 1358 1582 invenit,
1377 1550 1445 1583 etc.,·
1463 1551 1555 1586 tertio,
1567 1555 1779 1584 recordationis

1005 1591 1218 1627 discipulorum
1243 1593 1280 1621 de
1306 1594 1382 1623 facto
1402 1596 1586 1634 subjunctio,
1602 1600 1643 1628 ibi
1661 1611 1667 1629 :
1683 1603 1778 1631 Recor-

1005 1638 1079 1672 dati,
1096 1641 1149 1666 etc.

1039 1684 1083 1712 Ait
1098 1693 1191 1720 ergo:
1214 1687 1249 1713 Et
1270 1695 1356 1723 prope
1380 1692 1437 1716 erat
1457 1692 1573 1727 Pascha,
1595 1694 1702 1723 scilicet
1720 1696 1778 1731 pri-

1003 1738 1087 1758 mum
1110 1734 1176 1767 post
1195 1732 1378 1768 baptismum
1397 1743 1492 1764 suum.
1514 1739 1594 1766 Unde
1610 1741 1778 1777 Chrysosto-

1003 1784 1069 1803 mus
1085 1777 1105 1794 ¹5
1121 1786 1128 1804 t
1147 1787 1160 1803 «
1176 1779 1321 1814 Ascendit,
1339 1782 1369 1807 ut
1385 1782 1534 1818 ostendat,
1551 1787 1694 1820 quoniam
1710 1790 1776 1816 ante

1003 1831 1114 1858 paucos
1128 1823 1190 1851 dies
1205 1825 1319 1853 Paschae
1339 1826 1501 1862 baptizatus
1520 1833 1571 1858 est.
1588 1842 1601 1857 »
1619 1833 1699 1862 Idem
1719 1837 1777 1863 Ma-

1004 1869 1091 1904 gister
1105 1870 1135 1897 in
1150 1872 1292 1899 Historiis.
1308 1873 1340 1899 Et
1356 1874 1426 1908 quia
1439 1876 1549 1905 Pascha
1564 1881 1634 1914 erat,
1647 1882 1778 1910 ascendit

1003 1915 1169 1952 adimplens
1182 1917 1278 1952 legem
1288 1939 1296 1953 ,
1313 1918 1349 1946 de
1362 1928 1421 1955 qua
1435 1923 1525 1950 Exodi
1539 1923 1558 1941 ¹⁶
1575 1934 1581 1952 ε
1601 1927 1695 1954 Tribus
1710 1930 1777 1955 vici—

1004 1962 1050 1989 bus
1063 1964 1135 1996 festa
1150 1965 1305 1999 celebrabis,
1322 1967 1375 1993 etc.
1398 1968 1478 1996 Unde
1497 1969 1598 1999 Glossa
1614 1972 1700 2001 docet
1722 1982 1776 2002 nos

1002 2017 1118 2037 servare
1132 2011 1237 2039 statuta
1252 2012 1399 2048 Ecclesiae,
1421 2015 1460 2042 ad
1474 2024 1566 2052 quam
1580 2019 1725 2048 venimus.

1040 2057 1082 2083 14.
1110 2058 1141 2083 Et
1168 2057 1299 2094 sequitur
1326 2061 1488 2089 secundum
1513 2072 1519 2090 :
1553 2065 1588 2092 Et
1616 2067 1719 2094 invenit
1746 2070 1776 2095 in

1003 2103 1101 2137 templo
1114 2123 1122 2136 ,
1150 2102 1181 2130 id
1210 2106 1251 2131 est
1275 2104 1305 2131 in
1332 2105 1405 2134 atrio
1433 2109 1554 2144 templi,
1589 2112 1708 2140 nomine
1737 2116 1776 2142 ta-

1003 2156 1071 2176 men
1090 2149 1192 2184 templi
1212 2151 1377 2186 appellatur
1387 2162 1396 2187 ;
1420 2155 1523 2182 invenit
1533 2176 1542 2190 ‚
1562 2155 1700 2194 inquam,
1715 2168 1776 2188 ven-

1003 2197 1103 2225 dentes.
1133 2199 1166 2225 Et
1193 2198 1230 2226 de
1255 2199 1300 2226 his
1323 2208 1387 2236 quae
1415 2203 1633 2240 vendebantur,
1661 2209 1689 2234 et
1716 2216 1776 2244 qua

1003 2252 1091 2272 causa
1114 2245 1330 2282 vendebantur,
1361 2248 1492 2283 Magister
1515 2250 1545 2277 in
1572 2252 1704 2281 Historiis
1730 2263 1776 2283 su-

1003 2340 1029 2356 n.
1044 2335 1066 2363 1,
1080 2333 1195 2363 agnoscit
1212 2336 1237 2357 et
1251 2334 1305 2365 ipse
1322 2336 1518 2367 Chrysostomus
1532 2339 1627 2370 absque
1642 2341 1776 2368 miraculo-

1002 2375 1059 2392 rum
1075 2369 1187 2392 suhsidio
1203 2370 1277 2393 fidem
1297 2370 1384 2395 haberi
1402 2379 1486 2402 posse.
1503 2387 1533 2391 —
1549 2375 1555 2389 '¹
1571 2376 1715 2409 Chrysost„
1732 2380 1775 2403 ubi

1003 2410 1058 2434 sup.
1079 2417 1105 2420 -
1123 2406 1131 2417 ⁸
1148 2405 1290 2435 Chrysost„
1306 2406 1365 2429 ibid.
1380 2421 1412 2425 —-
1427 2408 1437 2423 ⁹
1451 2408 1519 2438 Luc,
1534 2416 1559 2440 x,
1576 2412 1613 2434 151¹.
1630 2425 1656 2429 -—
1679 2414 1696 2430 '⁰
1707 2415 1774 2445 Luc„

1004 2445 1040 2469 iv,
1057 2440 1095 2461 31,
1114 2452 1139 2456 --
1157 2440 1173 2455 ¹¹
1191 2442 1266 2470 Aug„
1280 2441 1309 2463 [Ie
1329 2442 1400 2465 COHS.
1418 2443 1524 2475 Evmzq„
1540 2445 1584 2469 lib.
1601 2447 1636 2475 Η,
1652 2454 1719 2479 xm,
1735 2451 1774 2473 90.

1003 2486 1033 2490 —-
1053 2474 1071 2490 12
1088 2473 1159 2504 ἾΒΒ,
1179 2475 1275 2505 Pagus3
1294 2475 1373 2506 ΒΨ),
1391 2478 1522 2502 Amceuus.
1537 2475 1598 2498 -Ἠ
1611 2483 1712 2514 ΜαῐίΙι.,
1729 2491 1774 2515 v11,

1004 2510 1041 2533 2¹.
1062 2522 1091 2527 --
1111 2510 1130 2525 Ν
1148 2510 1205 2540 inf„
1225 2516 1278 2540 xw,
1301 2512 1339 2535 23.
1358 2525 1388 2530 —
1410 2513 1427 2527 ¹⁵
1448 2513 1589 2546 chrysost.5
1610 2517 1652 2541 ubi
1673 2525 1728 2550 sup.
1745 2533 1774 2538 —

1004 2544 1024 2560 ¹⁶
1038 2544 1128 2574 Exoll„
1143 2550 1218 2574 xxtll,
1235 2547 1272 2568 14.

1037 2596 1069 2625 (a)
1089 2596 1150 2619 Coet.
1170 2596 1229 2620 edit.
1247 2599 1390 2622 narrantur.
1411 2613 1437 2616 —
1459 2600 1490 2631 (b)
1511 2601 1570 2626 Item
1589 2605 1729 2630 contrahat.
1744 2619 1774 2624 -—

1006 2630 1033 2658 (c)
1049 2631 1105 2661 Leq.
1121 2631 1223 2660 paulum
1238 2632 1272 2655 ibi
1287 2636 1500 2659 commoratus.—
1518 2637 1556 2667 (tl)
1573 2638 1632 2662 Caet.
1646 2639 1704 2664 odit.
1716 2641 1773 2665 add.

1005 2666 1034 2688 Et
1054 2666 1175 2696 sequitur.
1191 2679 1217 2683 -
1235 2668 1265 2697 (e)
1282 2668 1344 2692 Caet.
1361 2669 1421 2694 edit.
1439 2671 1545 2695 enim.—
1561 2673 1719 2703 (f).lou7171e.§·.

1598 2718 1635 2747 19
