1987 3032
708 208 913 241 EXPOSITIO
938 207 977 239 IN
999 207 1086 239 CAP.
1107 207 1185 239 XVI.

152 280 269 308 nullum
283 279 475 307 commodum
497 285 532 305 ex
547 277 617 305 odio
631 278 744 312 portat3
761 276 807 303 vel
830 275 918 310 gratis

153 327 223 354 odio
245 326 430 358 habuerunt,
453 324 565 359 absque
591 323 690 350 debito
716 325 814 350 tamen
837 320 918 355 odii,

152 373 199 400 vel
221 372 338 400 meritis.
355 382 368 396 n
385 373 417 398 Et
431 378 467 397 ex
481 370 564 397 dictis
578 371 656 405 patet
670 369 733 396 Filii
748 368 797 395 Dei
813 367 918 401 digna-

151 419 211 446 tiva
224 419 351 451 bonitaS,
367 419 394 444 et
407 417 520 452 patiens
535 415 757 450 longanimitas:
774 413 825 449 qui
840 412 919 440 enim

150 465 298 492 humiliter
312 464 343 490 in
361 471 478 490 carnem
493 463 570 489 venit
587 462 689 489 missus
702 460 740 488 ad
754 459 868 487 Judaeos
885 459 892 474 ¹
911 466 917 484 :

155 521 168 536 «
182 513 246 538 Non
265 517 330 536 sum
343 510 449 536 missus
463 509 519 536 nisi
534 508 573 536 ad
588 516 657 535 oves
668 528 675 541 ,
692 515 757 542 quae
772 505 921 541 perierunt

152 556 259 583 domus
275 555 369 583 lsrael.
381 565 394 580 n
409 557 440 582 Et
454 555 574 582 veniens
589 553 744 581 salubriter
759 551 876 584 docuit,
893 552 921 577 et

151 601 294 629 miracula
316 603 453 636 operatus
473 603 535 628 est:
558 603 584 628 et
604 602 703 627 tamen
727 597 920 625 nihilominus

152 648 222 675 odia
235 647 403 674 Judaeorum
418 647 561 674 sustinuit.
584 646 663 673 Unde
679 646 706 672 et
720 644 749 671 in
765 644 821 671 hoe
836 643 921 670 disci-

151 694 239 729 pulos
267 693 306 720 ad
329 693 516 720 inimicorum
544 692 614 719 odia
640 690 814 726 perferenda
829 710 838 722 ,
867 696 920 716 suo

152 739 288 775 exemplo
304 739 499 772 confirmans,
515 738 706 774 praeparavit,
721 738 752 763 ut
771 744 838 762 eum
858 734 922 761 imi-

152 785 242 812 tando
261 785 361 812 fierent
382 785 534 818 fortiores,
550 785 589 810 ait
604 783 791 818 Augustinus.
808 783 839 808 Et
853 781 920 807 ideo

152 831 182 858 in
204 839 330 866 persona
351 839 404 857 sua
432 831 472 858 ait
493 830 659 865 Propheta2
681 838 716 855 ια
730 828 803 856 Odio
818 827 920 861 iniquo

153 877 279 905 oderunt
288 885 346 910 me,
356 887 369 901 n
381 877 464 911 quasi
478 876 584 903 eodem
596 875 687 902 modo
699 874 819 909 exponit
833 873 922 908 Chry-

153 926 296 950 sostomus
318 924 328 939 ³
355 931 360 948 :
384 923 456 955 Quia
477 930 523 949 res
545 921 691 956 stupenda
712 922 786 953 erat,
807 918 920 954 inquit,

154 969 237 1004 quod
251 969 377 996 oderunt
391 977 459 996 eum
472 968 563 995 Judaei
574 989 582 1001 ,
597 966 709 994 nullam
724 964 923 1000 reprehensio-

154 1023 222 1042 nem
236 1015 433 1048 invenientes,
452 1022 571 1041 causam
591 1013 675 1046 dicit,
694 1011 856 1046 nequitiam
872 1011 922 1037 sci-

154 1061 222 1088 licet
235 1068 338 1088 eorum
349 1081 358 1094 ,
376 1060 494 1095 quando
509 1060 548 1087 ait
564 1069 572 1086 .·
589 1060 709 1086 Oderunt
722 1066 761 1084 me
771 1059 865 1091 graiis.

386 1150 543 1183 CAPUT
572 1150 670 1183 XVI.

189 1248 232 1274 26.
250 1247 287 1281 (α)
305 1247 370 1273 Cum
385 1250 473 1272 autem
486 1248 587 1272 venerii
601 1246 767 1279 paracletus,
785 1251 861 1278 quem
877 1252 922 1277 eqo

153 1295 260 1319 mittam
273 1293 344 1319 vobis
355 1301 370 1319 a
382 1293 472 1325 Patre,
487 1295 539 1318 etc.
557 1291 707 1318 Proemissa
721 1290 921 1317 exhortatione

154 1337 366 1373 discipulorum
377 1337 414 1365 ad
423 1337 703 1364 fideirectituciinem
719 1339 745 1363 ct
760 1336 922 1368 veritatem,

153 1384 200 1411 hic
215 1384 347 1411 hortatur
362 1391 411 1410 eos
426 1384 465 1410 ad
480 1383 542 1418 spei
558 1382 751 1410 constantiam
767 1384 794 1409 ct
807 1381 925 1408 firmita-

155 1432 229 1464 tem,
247 1429 399 1465 loquendo
417 1429 651 1464 appropriative,
668 1428 840 1464 promittens
855 1428 925 1454 mis-

154 1476 268 1503 sionem
283 1475 403 1511 Spiritus
414 1495 422 1508 ,
443 1479 470 1502 et
491 1476 552 1509 ejus
567 1475 715 1501 virtutem.
737 1476 767 1501 Et
782 1474 843 1500 11ωο
858 1481 925 1508 pars

154 1522 186 1548 in
200 1524 256 1549 tres
269 1524 365 1556 partes
377 1530 383 1548 ε
395 1522 502 1556 primo,
517 1521 678 1556 praemissio
694 1520 851 1548 testimonii
863 1520 925 1554 Spi-

155 1570 226 1596 ritus
246 1569 282 1596 de
300 1568 380 1603 ipso,
399 1570 426 1595 et
442 1569 574 1602 ipsorum
590 1567 677 1594 etiam
697 1575 750 1602 per
770 1566 924 1602 Spiritum3

157 1615 305 1649 secundo,
324 1614 473 1649 adJ'unctio
496 1616 523 1640 et
542 1613 745 1648 praenuntiatio
764 1612 927 1640 tribulatio-

158 1668 249 1694 num,
274 1669 346 1695 quas
372 1662 453 1687 erant
475 1660 601 1695 passuri,
628 1659 670 1686 ibi
685 1660 717 1685 ⁴:
746 1660 808 1685 Hoec
826 1660 927 1685 locutus

159 1715 230 1741 sum,
246 1708 319 1740 etc.;
342 1707 425 1733 tertio
445 1706 632 1740 subjungitur
654 1704 811 1740 promissio
831 1704 928 1730 multi-

159 1753 243 1787 plicis
265 1752 403 1787 adjutorii
419 1754 520 1779 contra
542 1751 770 1786 persecutiones,
787 1750 828 1777 ibi
841 1750 851 1766 ⁵
869 1759 875 1776 z
891 1751 927 1776 Ec

158 1807 216 1825 cum
232 1801 334 1825 venerit
348 1799 411 1831 ille,
427 1800 479 1825 etc.

193 1844 237 1871 Ait
251 1852 340 1878 ergo:
364 1845 427 1871 Cam
448 1845 549 1870 venerit
561 1844 727 1877 paracletus,
744 1846 796 1870 etc.
813 1845 844 1870 Et
858 1851 928 1871 con-

159 1889 251 1917 tinuat
267 1890 490 1925 chrysostomus
505 1890 514 1905 ⁵
529 1889 587 1916 sic:
603 1900 615 1914 u
630 1889 703 1922 Quia
716 1889 831 1917 dixerat
844 1898 928 1925 supe-

159 1937 218 1963 rius
232 1945 262 1964 se
277 1937 377 1964 fecisse
393 1944 484 1972 opera
498 1944 598 1963 coram
613 1938 624 1963 J
630 1936 735 1971 udaeis,
752 1945 817 1972 quae
828 1937 928 1964 nullus

160 1982 234 2010 alius
248 1983 331 2017 fecit,
347 1985 374 2010 et
388 1985 486 2010 tamen
501 1982 626 2010 oderunt
641 1991 709 2010 eum
723 1983 821 2017 gratis,
834 1991 870 2010 ne
886 1983 929 2010 di-

162 2032 258 2056 cerent
281 2029 416 2064 discipuli
435 2029 566 2056 Christo:
589 2029 615 2056 Si
636 2030 663 2055 te
686 2029 827 2064 persecuti
847 2031 927 2062 sunt,

163 2075 213 2110 qui
230 2078 326 2103 tamen
341 2076 424 2110 signa
440 2075 586 2109 viderunt,
599 2077 626 2102 et
635 2083 689 2102 nos
703 2077 926 2110 persequentur:

163 2121 235 2156 quid
249 2129 320 2156 ergo
334 2121 436 2148 misisti
450 2123 524 2148 nos?
540 2123 568 2148 et
588 2122 653 2156 quis
672 2121 801 2149 attendet
820 2121 906 2149 nobis
917 2123 930 2148 ἵ)

162 2167 230 2195 ideo
246 2167 346 2194 subdit
359 2167 424 2194 hic:
443 2168 506 2194 Cum
524 2169 624 2194 venerit
638 2169 807 2202 paracletus,
823 2167 930 2195 scilicet

161 2213 298 2248 Spiritus,
322 2214 372 2248 qui
395 2216 436 2241 est
455 2213 621 2248 consolator
637 2215 739 2240 eontra
756 2214 928 2248 persecutio-

161 2267 241 2293 nem,
256 2262 284 2286 et
298 2259 458 2287 advocatus
473 2262 574 2287 contra
588 2263 829 2294 persequentes.»
849 2261 930 2292 Quem

162 2314 207 2340 eqo
233 2308 339 2332 mittam
360 2315 375 2332 α
402 2307 491 2333 Patre.
519 2308 551 2333 Et
572 2306 602 2333 in
626 2306 682 2333 hoc
701 2308 827 2340 notatur,
847 2307 930 2342 quod

162 2354 243 2380 Pater
258 2354 286 2379 et
305 2352 391 2379 Filius
411 2352 467 2379 sint
485 2360 577 2379 unum
599 2352 777 2387 principium
791 2352 930 2388 Spiritus,

162 2399 214 2435 qui
234 2399 367 2434 procedit
388 2398 425 2425 ab
443 2398 510 2425 illis.
531 2399 666 2433 signatur
686 2401 784 2427 tamen
801 2399 831 2426 in
850 2401 929 2428 Patre

163 2445 328 2480 auctorita,
338 2444 408 2481 quia
417 2446 445 2473 et
456 2445 517 2479 ipse
529 2445 616 2472 Filius
627 2448 668 2473 est
677 2454 696 2474 a
705 2448 797 2474 Patre.
807 2447 928 2482 Mittam,

197 2523 201 2535 ¹
218 2522 318 2551 Mami„
334 2527 378 2550 xv,
389 2522 428 2545 24.
438 2534 469 2539 —
485 2521 493 2535 ²
503 2520 570 2545 Psal.
584 2527 657 2552 xxiv,
677 2523 713 2545 19.
726 2534 752 2539 —-
767 2521 777 2538 ³
788 2522 930 2554 Chrysost„

165 2556 190 2579 in
210 2557 290 2585 Joan.,
310 2556 381 2580 hom.
408 2562 500 2586 Lxxw,
519 2556 551 2580 al.
574 2562 679 2587 Lxxvu,
699 2564 726 2581 n.
752 2559 774 2582 2.
798 2571 828 2576 —
845 2559 855 2575 Β
874 2558 930 2590 inf„

164 2597 218 2621 xvi,
236 2594 256 2615 1.
271 2605 301 2609 --
316 2592 408 2622 ⁵tbid.,
420 2593 443 2615 8.
458 2605 489 2609 —-
504 2592 513 2608 Β
528 2592 668 2623 Chrysost„
685 2593 726 2617 uhi
741 2601 808 2625 sup„
820 2601 846 2619 u.
864 2597 888 2624 2,
905 2596 929 2619 3.

164 2639 194 2643 —
209 2627 216 2640 ’
231 2627 295 2657 lam,
309 2634 328 2658 1,
344 2630 381 2652 Π.
396 2640 427 2646 -
442 2628 450 2643 ⁸
462 2628 603 2658 Chrysost„
619 2629 679 2653 ibid.
706 2636 732 2653 n.
748 2632 770 2653 3.
794 2643 817 2647 -
836 2632 844 2644 ⁹
866 2631 928 2655 ibid.

1686 209 1743 237 463

972 275 1082 310 inquit,
1103 275 1191 307 vobis,
1215 274 1248 300 ut
1270 278 1418 299 summum
1442 271 1555 299 donum
1571 276 1599 299 ⁷:
1617 280 1631 297 «
1653 273 1743 300 Omne

973 320 1076 348 datum
1090 320 1252 355 optimum,
1268 320 1294 346 et
1309 326 1396 346 omne
1411 318 1524 345 donum
1540 318 1710 353 perfectum.
1727 329 1740 345 n

971 367 1105 401 Spiritum
1120 367 1260 393 veritatis:
1274 372 1335 392 non
1350 364 1446 391 solum
1461 363 1598 399 Spiritum
1610 367 1743 392 sanctum

974 421 1041 440 eum
1061 412 1198 445 vocavit,
1222 411 1274 438 sed
1295 413 1323 438 et
1345 411 1479 444 spiritum
1502 412 1647 444 veritatis,
1674 411 1744 445 quia

974 459 1074 486 omnia
1089 458 1250 485 certissima
1262 457 1354 491 novit,
1367 456 1406 484 ait
1416 456 1640 491 Chrysostomus
1654 457 1675 482 ²³.
1693 457 1746 488 Qui

974 513 990 531 α
1019 506 1098 531 Patre
1116 504 1248 539 procedit.
1277 512 1291 528 (1
1316 504 1404 536 Ecce,
1428 501 1467 529 ait
1486 501 1709 537 chrysostomus
1724 503 1747 535 ⁹,

973 558 1034 578 non
1055 552 1135 578 Pater
1158 550 1253 584 solus,
1271 549 1323 577 sed
1350 549 1436 576 Filius
1455 551 1510 583 est,
1535 548 1586 583 qui
1609 548 1746 583 Spiritum

973 597 1067 624 mittit.
1084 607 1096 622 »
1112 596 1178 630 1110,
1193 596 1326 631 inquam,
1347 595 1468 630 Spiritus
1488 596 1670 621 testimonium
1683 602 1745 628 per-

973 643 1073 670 hibebit
1089 643 1120 669 de
1135 651 1189 676 me,
1211 641 1294 677 quod
1308 649 1373 668 sum
1387 641 1492 668 missus
1508 648 1525 667 a
1540 641 1632 667 Patre.

1009 690 1053 715 27.
1066 689 1100 715 Et
1115 696 1159 715 vos
1172 689 1352 715 testimonium
1367 687 1552 721 perhibebitis,
1565 686 1674 713 scilicet
1688 685 1747 713 vir-

974 737 1032 762 tute
1052 735 1143 770 ipsius
1164 734 1301 770 spiritus,
1322 735 1388 768 quia
1405 734 1437 760 ab
1453 734 1535 759 initio
1550 741 1649 760 mecum
1664 735 1747 767 estis,

975 781 1083 808 scilicet
1094 789 1129 808 ex
1142 789 1201 816 quo
1215 780 1290 816 coepi
1303 779 1488 806 manifestare
1499 779 1624 814 gloriam
1638 787 1746 813 meam,

975 835 1064 862 supra
1074 827 1103 854 ¹⁰.
1114 828 1146 854 Et
1158 826 1194 853 de
1204 826 1248 853 his
1262 826 1438 860 Augustinus
1450 825 1466 840 ¹¹
1480 825 1562 860 quod
1576 825 1674 852 «venit
1685 825 1748 860 Spi-

975 874 1045 900 ritus
1058 874 1088 900 in
1102 873 1149 900 die
1163 874 1345 900 Pentecostes
1359 879 1446 906 super
1457 871 1627 906 discipulos,
1643 873 1748 898 etcum

975 920 1166 955 loquerentur
1190 918 1299 953 linguis
1323 917 1457 944 omnium
1488 917 1634 952 gentium,
1664 917 1748 944 multi

977 966 1145 1001 compuncti
1160 965 1249 992 corde
1265 964 1399 992 conversi
1414 966 1489 991 sunt.
1506 965 1538 990 Et
1559 964 1599 991 sic
1619 964 1748 991 testimo-

976 1013 1058 1039 nium
1080 1012 1229 1047 perhibuit
1253 1010 1391 1046 Spiritus,
1414 1013 1441 1037 et
1462 1010 1587 1045 praebuit
1608 1010 1749 1037 fiduciam

977 1058 1139 1094 Apostolis,
1155 1068 1168 1083 »
1194 1059 1225 1084 ut
1245 1059 1324 1092 patet
1339 1056 1368 1084 ¹².
1385 1057 1509 1092 Exponit
1523 1057 1692 1092 exemplum
1713 1057 1750 1084 de

978 1107 1060 1132 Petro
1075 1104 1106 1137 ¹³,
1120 1104 1170 1138 qui
1188 1103 1310 1138 «prius,
1326 1111 1414 1138 quem
1432 1102 1583 1136 dilexerat,
1607 1103 1748 1137 negabat3

977 1153 1094 1186 postea,
1120 1158 1208 1186 quem
1235 1152 1406 1184 negaverat,
1431 1149 1582 1184 diligebat.
1608 1151 1640 1176 Et
1666 1150 1746 1184 prius

979 1205 1062 1224 amor
1081 1197 1175 1224 fuerat
1190 1196 1323 1223 infirmus
1345 1198 1371 1223 et
1392 1198 1547 1230 angustuS,
1568 1196 1662 1223 donec
1683 1204 1751 1223 eum

979 1243 1132 1270 roboraret
1150 1244 1178 1269 et
1199 1241 1334 1269 dilataret
1353 1241 1474 1276 Spiritus
1491 1243 1616 1269 sanctus.
1635 1252 1647 1267 n
1663 1243 1695 1269 Et
1709 1242 1751 1269 ibi

979 1289 1105 1316 multum
1128 1289 1164 1316 de
1183 1289 1250 1316 hoc.
1272 1291 1303 1316 Et
1323 1290 1402 1323 patet
1423 1289 1469 1315 hic
1493 1289 1597 1316 veritas
1621 1289 1690 1316 fidei
1714 1289 1751 1316 de

979 1344 1119 1370 processu
1134 1335 1255 1370 Spiritus
1271 1335 1377 1369 sancti,
1394 1337 1421 1362 et
1435 1334 1544 1362 falsitas
1558 1336 1663 1363 erroris
1678 1337 1751 1363 Grae-

980 1390 1083 1409 corum
1107 1382 1267 1409 dicentium
1289 1381 1427 1417 Spiritum
1452 1384 1585 1409 sanctum
1606 1390 1666 1409 non
1684 1390 1752 1417 pro-

981 1429 1084 1455 cedere
1106 1437 1123 1455 a
1141 1428 1230 1462 Filio;
1254 1428 1293 1455 ait
1312 1428 1390 1455 enim
1411 1428 1477 1455 hic:
1501 1428 1582 1460 Quem
1607 1430 1714 1455 mittam
1736 1437 1752 1455 α

981 1476 1078 1501 Patre:
1096 1475 1125 1501 in
1147 1483 1207 1510 quo
1229 1476 1362 1506 notatur,
1387 1474 1469 1509 quod
1489 1482 1506 1501 a
1527 1475 1597 1501 Filio
1620 1475 1753 1509 procedit

981 1521 1111 1555 Spiritus.
1129 1520 1216 1547 Filius
1236 1523 1333 1547 tamen
1348 1519 1433 1552 dicit,
1449 1520 1531 1555 quod
1550 1528 1568 1547 a
1586 1522 1667 1547 Patre
1682 1528 1752 1555 pro-

983 1567 1073 1600 cedit,
1097 1567 1167 1602 quia
1187 1574 1302 1602 semper
1325 1566 1358 1601 (b)
1384 1566 1474 1601 ipsius
1499 1568 1557 1600 est,
1576 1567 1615 1593 ad
1639 1569 1752 1594 Patrem

982 1613 1056 1639 solet
1076 1612 1199 1646 referre,
1223 1615 1311 1647 prout
1334 1612 1373 1639 ait
1400 1612 1509 1639 Glossa.
1533 1613 1626 1645 Quam
1650 1613 1753 1640 efficax

982 1661 1080 1686 autem
1102 1659 1155 1686 fuit
1177 1658 1375 1686 testimonium
1394 1659 1597 1693 apostolorum
1616 1661 1683 1694 post
1701 1659 1754 1686 ad-

982 1708 1102 1731 ventum
1119 1704 1256 1739 Spiritus,
1279 1707 1373 1739 patet,
1394 1712 1462 1731 cum
1482 1704 1586 1731 dicitur
1607 1705 1643 1731 de
1660 1706 1754 1739 Petro,

983 1751 1034 1786 qui
1050 1751 1089 1778 ait
1104 1751 1122 1766 ¹¹*
1135 1759 1141 1777 :
1153 1760 1166 1775 (1
1181 1752 1244 1778 Non
1263 1758 1434 1785 possumus,
1450 1759 1515 1786 quae
1528 1751 1712 1784 audivimu5‚
1728 1753 1756 1778 et

984 1805 1049 1832 quoe
1068 1796 1211 1830 vidimus,
1234 1804 1295 1823 non
1316 1796 1409 1831 loqui.
1428 1807 1441 1822 »
1463 1799 1494 1824 Et
1514 1799 1552 1823 ¹⁵:
1573 1806 1586 1822 «
1604 1797 1755 1832 Accipietis

983 1842 1119 1870 virtutem
1147 1843 1268 1878 Spiritus
1300 1842 1409 1876 sancti,
1439 1845 1467 1870 et
1494 1843 1572 1870 eritis
1598 1842 1670 1869 mihi
1699 1845 1755 1870 tes-

984 1890 1024 1915 tes
1035 1909 1043 1922 ‚
1061 1898 1073 1913 >³
1091 1890 1144 1915 etc.

1020 1936 1051 1961 Et
1070 1934 1201 1969 sequitur
1223 1934 1352 1961 secunda
1375 1933 1532 1968 particula,
1555 1933 1585 1960 in
1604 1941 1663 1968 qua
1685 1941 1756 1969 prae-

984 1980 1144 2014 nunciatio,
1161 1980 1221 2007 sive
1238 1979 1389 2015 praedictio
1404 1980 1568 2006 futurarum
1582 1980 1756 2014 persecutio-

984 2034 1072 2059 num,
1087 2026 1129 2053 ibi
1143 2026 1189 2061 (v.
1206 2027 1218 2052 1
1232 2026 1238 2059 )
1253 2034 1259 2052 z
1283 2027 1343 2052 Hoec
1360 2026 1460 2052 locutus
1475 2033 1534 2052 sum
1548 2026 1638 2059 vobis,
1655 2027 1707 2052 etc.
1724 2028 1757 2053 Et

985 2072 1148 2099 secundum
1159 2071 1306 2107 quosdam
1316 2071 1408 2098 libros
1420 2071 1467 2098 hic
1479 2071 1580 2106 incipit
1594 2071 1756 2106 capitulum

986 2118 1132 2146 decimum
1150 2120 1274 2145 sextum.
1288 2118 1402 2145 Rectius
1416 2120 1513 2145 tamen
1532 2118 1658 2151 videtur,
1672 2119 1756 2153 quod

985 2173 1074 2200 supra
1093 2164 1181 2191 debet
1198 2164 1343 2199 incipere,
1365 2163 1416 2191 ubi
1436 2164 1554 2198 incoepit
1573 2164 1756 2198 Evangelista

985 2211 1067 2246 loqui
1089 2211 1125 2237 de
1144 2210 1269 2245 Spiritu,
1289 2212 1317 2237 et
1339 2210 1401 2244 ejus
1420 2209 1524 2237 virtute
1541 2210 1580 2237 ad
1600 2210 1755 2238 testifican-

986 2257 1073 2290 dum,
1093 2258 1120 2283 et
1141 2256 1179 2283 ad
1195 2255 1395 2290 arguendum,
1419 2258 1446 2282 et
1460 2255 1505 2288 ,ad
1520 2255 1703 2291 docendum,
1719 2257 1755 2284 de

986 2304 1094 2339 quibus
1117 2310 1220 2338 supra.
1243 2304 1275 2329 Et
1296 2304 1451 2329 narrantur
1470 2302 1518 2329 hic
1542 2302 1618 2330 tria:
1643 2303 1754 2338 primo,

985 2350 1203 2376 securationum
1218 2348 1438 2383 praenuntiatio;
1457 2348 1587 2376 secundo
1602 2349 1756 2385 subjungi-

987 2396 1032 2422 tur
1046 2395 1131 2428 ratio,
1148 2395 1187 2422 ob
1203 2402 1293 2430 quam
1308 2402 1369 2421 non
1391 2394 1444 2421 suit
1466 2394 1547 2430 prius
1562 2395 1667 2422 harum
1681 2404 1755 2431 prae-

986 2441 1139 2475 nuntiatio,
1149 2441 1190 2468 ibi
1201 2440 1221 2458 *ὁ
1232 2449 1238 2466 z
1248 2441 1310 2467 Hoec
1324 2442 1413 2468 autem
1427 2441 1508 2473 vobis,
1525 2442 1591 2475 etc.;
1603 2441 1687 2470 tertio
1703 2442 1756 2469 uti-

986 2529 1016 2534 —
1039 2517 1058 2533 ¹⁰
1081 2517 1154 2547 Sup.‚
1179 2523 1213 2547 11,
1238 2519 1273 2541 11.
1296 2529 1327 2534 -
1350 2518 1368 2534 ¹¹
1393 2518 1508 2548 August„
1533 2518 1559 2541 in
1582 2519 1666 2546 Joan.,
1683 2520 1753 2542 tract.

987 2558 1053 2581 xcu,
1071 2559 1096 2575 n.
1117 2553 1215 2576 1.-1Ξ
1237 2553 1303 2583 Act„
1326 2558 1358 2582 ιι,
1377 2554 1400 2576 4.
1421 2565 1448 2569 -
1464 2553 1483 2569 ¹³
1501 2553 1576 2583 Aug„
1596 2553 1667 2584 ibid„
1682 2561 1707 2577 n.
1730 2556 1753 2578 2.

987 2600 1015 2605 —
1039 2588 1055 2600 ¹⁴
1076 2588 1190 2618 Act.‚1v,
1206 2590 1244 2612 20.
1259 2600 1289 2605 —
1305 2587 1324 2604 ¹⁵
1337 2588 1402 2618 Act„
1416 2594 1434 2618 1,
1449 2589 1472 2612 8.
1487 2601 1516 2605 —
1533 2589 1623 2618 ιε1111”.,
1640 2589 1662 2613 ὓ.

1020 2632 1052 2661 (ιι)
1069 2632 1169 2656 Scilicet
1183 2639 1240 2662 cap.
1254 2638 1297 2661 xv,
1318 2632 1390 2663 Vulq.
1404 2645 1434 2650 —
1449 2633 1481 2662 (b)
1496 2632 1584 2663 suppl.
1600 2634 1693 2662 quoad.

1787 1295 1873 1316 Veritas

1767 1328 1827 1348 fidei.
