1987 3032
101 1195 192 1215 lluxnilb

87 1225 121 1244 tas
134 1226 192 1245 Petri

200 163 258 192 524

199 227 313 254 silentio
328 226 489 260 sedebant,
506 228 533 254 et
556 226 652 253 solum
674 225 887 259 comedebant,
903 233 968 260 quae

200 273 241 300 eis
253 272 419 300 condidit.»
436 274 546 306 Diligis,
563 271 667 307 inquit,
683 279 723 298 me
736 273 797 306 plus
812 272 872 298 his?
888 271 968 298 Unde

200 319 302 355 quaerit
316 319 538 354 Chrysostomus
552 318 570 351 ¹,
583 317 709 352 qualiter
719 317 792 344 alios
803 317 969 352 praeteriens

202 366 284 392 Petro
298 364 413 392 locutus
428 366 470 391 est
485 364 520 390 de
540 363 656 390 talibus.
674 365 705 390 Et
719 363 758 390 ad
772 363 829 390 hoe
848 371 968 398 respon-

202 410 265 445 det,
282 410 364 446 quod
381 420 394 435 «
413 409 535 437 eximius
555 409 756 444 apostolorum
778 411 839 436 erat
854 411 968 444 Petrus,

205 461 232 486 et
251 467 283 486 os
306 457 509 494 apostolorum
528 459 555 484 et
574 458 672 483 vertex
694 465 700 483 ε
723 458 751 483 et
772 458 893 492 propter
915 457 971 484 hoc

203 505 310 532 Paulus
331 503 461 530 ascendit
475 503 484 518 ²
506 502 606 529 videre
629 510 706 529 eum.
724 505 793 530 ltein
816 503 972 530 ostendens

203 551 246 584 ei,
262 549 403 585 quoniam
423 551 537 585 oportet
551 557 618 576 eum
633 549 759 583 audere,
776 548 805 575 id
821 551 878 582 est,
894 549 971 576 fidu-

203 596 278 623 ciam
303 595 412 623 habere
433 596 462 622 in
485 595 614 629 Christo;
631 597 658 622 et
680 594 834 629 negatione
859 595 972 628 deleta,

203 642 356 669 committit
371 642 397 669 ei
410 650 511 669 euram
525 641 654 672 fratrum,
669 643 695 668 et
708 641 893 675 negationem
911 641 974 677 qui-

203 688 272 715 dem
286 695 347 714 non
362 688 481 722 profert,
493 695 590 722 neque
602 687 762 722 exprobrat
772 687 854 722 quod
864 688 973 714 factum

203 735 255 761 est.
271 744 284 759 n
304 735 368 761 Haee
381 734 440 761 ille.
458 734 500 762 Ob
515 733 591 761 hanc
604 742 673 767 ergo
689 734 761 760 Petri
777 733 973 761 confirmatio-

203 788 288 814 nem,
308 782 335 808 et
354 780 393 807 ob
418 780 597 807 remissionis
616 780 807 814 negationum
833 780 973 807 ostensio-

203 834 282 859 nem,
298 826 338 853 ob
353 826 538 853 confidentiae
552 826 791 859 stimulationem,
806 826 846 853 sie
860 826 975 853 loeutus

204 875 246 900 est
258 874 351 899 Petro.
368 872 448 899 Unde
464 872 504 899 ait
518 872 543 899 ei
557 881 562 898 :
577 873 676 905 Diligis
688 880 727 899 me
739 873 803 906 plus
817 873 878 898 his?
893 872 973 907 quia,

204 921 234 946 ut
253 918 362 945 dictum
385 921 426 946 est
448 926 540 954 saepe,
561 920 659 945 Petrus
681 919 741 945 erat
763 917 922 945 ferventior
945 918 975 945 in

204 965 342 992 omnibus
355 985 363 998 ,
390 967 417 992 et
451 965 563 1000 primus
592 964 631 991 ad
658 964 898 999 respondendum
911 985 919 997 ,
949 967 976 992 et

203 1013 358 1046 promptus
368 1011 407 1038 ad
417 1010 629 1038 obediendum.
643 1010 722 1037 Unde
733 1011 850 1038 Glossa:
868 1011 975 1044 «Quod

204 1057 255 1084 scit
274 1057 442 1091 interrogat.
459 1067 470 1082 n
496 1059 527 1084 Et
547 1057 682 1084 subditur
702 1057 854 1092 responsio
873 1057 946 1084 Petri
968 1067 974 1084 :

207 1104 324 1137 Domine,
342 1106 370 1130 tu
384 1105 444 1135 scis,
462 1105 588 1138 quoniam
608 1112 666 1130 amo
683 1106 715 1130 te.
733 1105 765 1130 Ut
781 1103 819 1130 ait
834 1103 974 1139 Chrysos-

205 1152 301 1177 tomus
317 1152 326 1166 ³
343 1159 348 1176 :
367 1160 379 1173 «
393 1151 491 1185 lpsum
507 1150 558 1185 qui
573 1150 625 1176 scit
639 1149 799 1177 ineffabilia
811 1150 908 1177 cordis
923 1152 974 1177 tes-

206 1198 264 1223 tem
277 1196 403 1223 vocavit.
418 1206 430 1221 »
449 1197 480 1223 Et
495 1197 573 1231 patet
588 1195 633 1222 hio
648 1196 796 1223 humilitas
813 1196 883 1223 Petri
897 1205 903 1222 :
916 1204 975 1223 non

207 1242 359 1278 respondit
380 1250 409 1269 se
432 1242 499 1277 plus
522 1242 656 1276 diligere,
680 1241 732 1268 sed
756 1242 795 1269 ait
818 1252 823 1268 :
849 1244 888 1269 Tu
913 1244 975 1271 scis.

208 1288 287 1315 Unde
302 1288 419 1315 Glossa:
434 1290 554 1315 «Utrum
566 1288 631 1323 plus
646 1288 758 1322 diligat,
770 1289 864 1315 tacuit.
878 1298 891 1313 »
906 1290 978 1315 Dicit

207 1337 247 1362 ei.-
260 1336 339 1362 Pasce
353 1343 434 1368 aqnos
448 1342 526 1361 meos.
541 1335 574 1361 Ut
585 1334 654 1361 dicit
664 1334 842 1368 Augustinus
853 1333 862 1349 ἢ
875 1343 880 1361 :
897 1345 909 1359 «
918 1336 977 1362 Hoc

205 1381 285 1408 idem
301 1382 352 1414 est,
368 1389 402 1408 ao
419 1381 442 1407 si
458 1381 602 1408 diceretur
620 1390 626 1408 ι
643 1380 669 1407 Si
683 1388 730 1407 me
745 1380 853 1414 diligis,
870 1389 928 1408 non
951 1385 976 1408 te

205 1435 324 1462 pascere
340 1427 451 1462 cogita,
470 1427 521 1454 sed
544 1435 613 1454 oves
628 1434 708 1454 meas
732 1435 737 1453 :
755 1429 782 1454 et
803 1428 876 1454 sieut
897 1435 978 1454 meas

204 1481 311 1508 pasce,
327 1481 387 1501 non
407 1474 479 1501 sicut
503 1476 565 1500 tuas
587 1482 592 1499 :
614 1473 739 1507 gloriam
764 1481 861 1500 meam
883 1473 912 1500 iu
935 1473 977 1500 eis

206 1527 321 1554 quaere,
343 1527 403 1546 non
427 1521 508 1546 tuam
526 1528 531 1546 ι
556 1519 722 1546 dominium
743 1527 843 1546 meum
863 1527 976 1554 quaere,

205 1573 265 1593 non
281 1568 379 1599 tuum,
395 1565 478 1592 lucra
492 1573 570 1596 mea,
583 1573 641 1592 non
655 1567 713 1592 tua.
726 1567 765 1592 Ne
779 1565 816 1591 sis
831 1565 861 1592 in
875 1573 977 1592 eorum

206 1612 358 1645 societate,
381 1611 417 1638 de
443 1611 551 1646 quibus
563 1612 571 1627 ⁵
589 1620 595 1637 ε
613 1613 700 1637 Erunt
721 1612 837 1638 homines
860 1614 978 1638 amantes

205 1660 314 1692 seipsos.
332 1659 394 1684 Haee
409 1657 468 1684 ille.
486 1659 517 1684 Et
530 1657 572 1684 ibi
588 1658 662 1684 bene
677 1657 714 1684 de
732 1657 798 1684 hoe.

243 1705 284 1730 16.
302 1706 332 1731 Et
346 1704 477 1739 sequitur
497 1704 627 1731 secunda
648 1703 837 1738 interrogatio
858 1704 978 1737 Christi,

207 1750 367 1777 consimilis
381 1750 487 1785 priori,
505 1752 531 1777 et
552 1750 657 1777 eadem
675 1750 827 1785 responsio
847 1750 934 1784 Petri,
953 1752 980 1778 et

208 1797 312 1824 eadem
322 1797 413 1832 ipsius
422 1797 597 1831 admonitio,
609 1797 650 1823 ibi
663 1806 669 1824 z
685 1799 757 1823 Dicit
767 1798 792 1824 εί
802 1799 911 1831 iterum,
925 1800 977 1824 ete.

208 1843 289 1870 Unde
309 1843 534 1878 Chrysostomus
548 1844 557 1859 ⁶
574 1852 580 1870 z
604 1853 616 1867 «
631 1843 658 1870 Si
679 1842 776 1877 diligis
798 1851 861 1876 mo,
879 1851 980 1870 euram

208 1889 330 1916 fratrum
348 1889 498 1925 suspicias,
514 1891 541 1916 et
554 1889 715 1916 ferventem
732 1897 875 1923 amorem,
891 1897 980 1924 quem

209 1943 261 1970 per
276 1936 376 1962 omnia
389 1935 605 1970 demonstrasti,
621 1943 699 1962 nunc
713 1935 844 1969 ostende,
860 1938 887 1962 et
904 1943 980 1962 nunc

209 1981 354 2013 animam,
373 1990 464 2017 quam
487 1981 584 2008 dixisti
609 1984 635 2008 te
657 1981 821 2016 positurum
842 1989 896 2016 pro
918 1990 980 2015 me,

208 2037 263 2064 pro
279 2028 386 2056 ovibus
400 2029 473 2056 meis
487 2037 574 2064 pone.
591 2039 603 2054 n
625 2030 689 2056 llaec
708 2028 766 2055 ille.

246 2077 288 2102 17.
306 2076 336 2102 Et
351 2075 481 2110 sequitur
501 2075 585 2102 tertia
608 2074 709 2102 Christi
730 2075 939 2109 interrogatio,
956 2077 983 2102 et

210 2121 370 2148 consimilis
384 2121 537 2156 responsio
553 2123 580 2148 et
594 2121 768 2154 admonitio,
784 2120 825 2147 ibi
843 2130 848 2147 :
866 2122 936 2147 Dicit
959 2123 983 2147 ei

212 2171 306 2202 tercio,
323 2170 375 2195 etc.
391 2169 548 2202 Quaeritur,
564 2176 655 2204 quare
675 2167 758 2194 toties
777 2167 982 2201 interrogavit,

211 2222 278 2241 cum
293 2214 439 2241 sufficeret
458 2214 548 2241 semel
568 2213 783 2247 interrogasse?
799 2215 830 2240 Et
849 2213 885 2240 ad
907 2213 983 2240 istud

212 2260 371 2295 respondet
383 2260 560 2295 Augustinus
574 2259 583 2274 ⁷
597 2269 602 2287 :
623 2269 635 2284 t<
648 2259 789 2286 Redditur
800 2261 886 2286 ternae
898 2266 985 2293 nega-

210 2307 283 2334 tioni
302 2309 383 2335 terna
405 2307 566 2341 confessio,
587 2315 623 2334 ne
650 2307 747 2333 minus
770 2306 864 2333 amori
883 2305 984 2340 lingua

211 2353 337 2386 serviat,
353 2362 444 2388 quam
458 2353 573 2387 timori,
586 2363 599 2379 »
618 2355 670 2380 etc.
698 2353 877 2380 Contristatus
898 2354 985 2378 autem

213 2401 317 2434 Petrus,
335 2401 388 2426 etc.
406 2400 461 2427 Sed
477 2400 617 2435 quzeritur
628 2399 667 2426 ad
680 2398 753 2434 quid
767 2398 820 2426 fuit
835 2397 985 2426 contrista-

244 2484 250 2499 ¹
268 2483 410 2514 Chrysost„
429 2483 499 2506 hom.
523 2488 655 2512 mxxviii,
677 2482 709 2506 al.
732 2488 854 2512 mxxvi,
872 2489 899 2505 n.
920 2485 940 2506 1.
958 2494 983 2498 -

212 2518 222 2534 ⁹
237 2517 307 2547 Gal„
323 2524 339 2548 1,
357 2519 393 2542 18.
407 2531 437 2534 —
450 2518 614 2548 ³Cl1rysost.‚
629 2518 690 2541 ibid.
704 2531 731 2535 —
747 2518 757 2534 δ
773 2519 848 2547 Aug,
862 2517 905 2541 ubi
920 2524 986 2547 sup„

212 2559 238 2576 n.
257 2554 280 2576 5.
299 2566 328 2570 -
346 2553 356 2569 ⁵
373 2553 391 2576 ΙΙ
413 2553 485 2583 Tim„
501 2559 543 2583 111,
566 2555 586 2575 l.
603 2566 633 2570 —
646 2553 656 2569 ⁶
672 2552 813 2584 Chrysost„
830 2552 872 2576 ubi
887 2559 941 2582 sup.
960 2565 984 2568 -

213 2588 223 2604 ⁷
241 2589 314 2618 Aug„
332 2587 375 2612 ubi
395 2595 450 2619 sup.
466 2601 495 2605 —
514 2588 523 2602 ⁸
545 2587 686 2618 Chrysost„
710 2588 752 2612 ubi
769 2594 824 2618 sup.
840 2600 870 2604 —
889 2587 899 2603 ⁹
915 2587 987 2617 Sup.‚

720 159 928 190 EVANGELII
952 158 1089 191 SANCTl
1113 158 1277 190 JOANNIS

1022 228 1083 260 tus,
1100 233 1135 252 ex
1151 233 1211 260 quo
1226 224 1278 252 suit
1294 226 1428 253 conscius
1442 234 1472 254 se
1487 234 1505 254 a
1519 235 1599 255 mare
1615 228 1792 256 Dominum?

1023 273 1055 299 Et
1066 271 1105 298 ad
1116 271 1172 298 hoc
1183 271 1339 306 respondet
1349 272 1573 307 Chrysostomus
1582 274 1602 308 ⁸,
1616 274 1699 309 quod
1712 284 1725 300 «ι
1736 274 1794 302 for-

1023 317 1139 344 midans
1154 317 1266 352 priora,
1277 317 1385 345 scilieet
1396 319 1576 353 negationeS,
1586 320 1691 347 melior
1701 319 1793 348 factus

1024 366 1074 397 est,
1091 365 1118 390 et
1133 363 1226 397 magis
1240 363 1367 397 sobrius,
1382 367 1409 391 et
1424 372 1484 392 non
1503 365 1601 393 audax
1615 365 1740 393 existens
1755 366 1792 394 de

1024 409 1158 444 reliquo,
1180 409 1254 436 sicut
1277 409 1358 444 prius
1377 410 1485 438 scilicet
1507 411 1697 446 promittebat
1718 419 1793 447 prce-

1024 458 1193 490 sumptuose
1209 455 1310 490 (supra
1319 454 1350 489 ⁹).
1362 457 1401 482 Ne
1413 463 1481 489 ergo
1493 457 1661 484 existimans
1673 457 1794 492 diligere

1025 509 1093 528 eum
1109 501 1145 536 (a)
1167 508 1228 527 non
1249 500 1394 535 diligeret,
1410 502 1517 529 scilicet
1533 503 1568 538 (b)
1582 503 1688 531 eodem
1703 503 1794 531 modo

1027 555 1086 582 quo
1110 546 1243 581 deberet,
1266 546 1334 573 ideo
1358 547 1541 575 contristatus
1560 551 1610 576 est.
1633 559 1647 574 ι)
1667 551 1699 577 Et
1716 551 1796 585 patet

1026 593 1189 620 secundum
1208 593 1403 627 Augustinum
1419 594 1448 627 ¹⁰,
1464 594 1568 621 eadem
1587 602 1648 623 esse
1663 603 1795 624 amorem

1027 641 1055 666 et
1069 639 1265 666 dilectionem.
1282 640 1361 667 Unde
1377 640 1416 668 ait
1431 640 1477 667 liic
1487 641 1584 676 primo
1597 650 1603 668 :
1615 641 1716 676 Simon,
1731 643 1796 669 dili-

1027 687 1068 719 9is
1089 686 1147 712 me?
1164 686 1194 712 Et
1216 687 1317 721 postea
1342 686 1401 713 ait:
1426 687 1505 713 Amas
1524 687 1585 714 me?
1601 689 1632 714 Et
1651 689 1730 723 patet
1750 688 1797 716 hic

1027 739 1093 767 quae
1108 734 1175 758 sunt
1189 732 1405 759 successoribus
1421 733 1492 760 Petri
1505 734 1678 768 necessaria,
1690 734 1799 762 scilicet

1028 777 1077 805 Dei
1098 778 1210 805 fervida
1227 780 1254 805 et
1275 786 1344 805 vera
1368 778 1503 813 dileetio,
1526 782 1556 807 ut
1580 780 1687 808 scilicet
1709 783 1798 808 Deum

1029 824 1168 858 diligant,
1192 832 1251 851 non
1276 832 1320 858 se;
1347 827 1374 851 et
1397 825 1530 852 divinum
1556 826 1716 861 honorem,
1738 835 1799 855 non

1028 878 1128 904 suuu1;
1146 872 1173 897 et
1188 870 1287 897 divina
1303 871 1394 903 luera,
1410 879 1469 898 non
1485 880 1548 905 sua,
1562 873 1726 901 seeundum
1740 875 1798 900 Au-

1030 917 1178 950 gustinum
1194 917 1222 943 ¹¹.
1239 919 1270 944 Et
1285 919 1315 943 ut
1329 919 1450 952 pascant
1466 926 1558 952 agnos
1570 920 1597 945 et
1611 926 1680 946 oves
1694 919 1753 954 Dei,
1769 919 1800 946 id

1029 964 1086 996 est,
1112 962 1214 989 fideles
1236 972 1242 989 :
1270 962 1306 989 de
1327 971 1386 998 qua
1407 964 1563 992 dilectione
1582 967 1609 991 ct
1631 967 1750 1000 pastura
1770 965 1801 992 in

1030 1008 1190 1035 Collatione
1212 1008 1231 1024 '²
1253 1009 1444 1043 praedicabili.
1469 1011 1597 1043 Qualiter
1623 1013 1720 1039 autem
1745 1011 1802 1038 sint

1030 1062 1100 1081 oves
1114 1054 1287 1089 pascendce,
1303 1055 1333 1082 in
1349 1056 1450 1083 Glossa
1466 1065 1472 1083 ε
1490 1067 1503 1082 «
1518 1059 1636 1084 Pascere
1657 1065 1745 1091 oves,
1761 1059 1803 1085 est

1030 1100 1198 1135 credentes,
1214 1109 1250 1128 ne
1265 1101 1418 1136 deficiant,
1434 1103 1607 1131 confortare.
1625 1114 1638 1130 »
1656 1105 1688 1130 Et
1702 1104 1743 1131 sic
1763 1104 1800 1131 de

1031 1147 1113 1181 aliiS,
1129 1155 1194 1182 quae
1217 1147 1247 1174 iu
1268 1147 1368 1175 Glossa
1389 1152 1549 1176 enumerat.
1573 1151 1606 1176 Et
1623 1149 1697 1177 forte
1721 1149 1803 1185 prius

1031 1193 1091 1220 ait:
1109 1195 1189 1220 Pasce
1210 1202 1291 1227 uanos
1310 1202 1393 1228 meos,
1410 1195 1470 1228 bis,
1488 1198 1515 1222 et
1535 1195 1663 1230 denique
1684 1196 1773 1223 semel
1795 1205 1802 1222 :

1031 1241 1110 1266 Pasce
1131 1247 1188 1266 oves
1209 1247 1290 1267 meas.
1312 1242 1363 1267 Per
1382 1248 1474 1275 agnos
1493 1241 1587 1275 enim,
1610 1241 1756 1277 simplices
1776 1243 1805 1269 et

1031 1285 1150 1319 infirmi,
1167 1287 1193 1312 et
1206 1293 1350 1321 pauperes
1363 1286 1522 1320 signantur,
1537 1288 1587 1322 qui
1600 1286 1707 1315 debent
1721 1287 1802 1323 pasci

1032 1331 1143 1367 duplici
1161 1334 1294 1366 pastura,
1309 1332 1417 1359 scilicet
1432 1333 1579 1368 corporali
1595 1335 1622 1360 et
1641 1333 1800 1369 spirituali;

1032 1385 1084 1413 per
1105 1385 1175 1404 oves
1197 1378 1349 1412 signantur
1371 1378 1515 1406 firmiores
1540 1381 1568 1406 et
1590 1379 1730 1413 ditiores,
1753 1379 1805 1415 qui

1033 1424 1111 1459 pasci
1134 1423 1243 1451 debent
1263 1426 1383 1459 pastura
1403 1425 1556 1460 spirituali.
1581 1426 1661 1453 Unde
1680 1425 1803 1453 Glossa:

1036 1480 1049 1495 «
1065 1472 1182 1497 Pascere
1206 1478 1276 1497 oves
1296 1473 1338 1497 est
1353 1472 1466 1498 terrena
1481 1471 1613 1498 subsidia
1624 1493 1633 1506 ,
1650 1472 1673 1498 si
1688 1479 1806 1499 necesse

1033 1520 1085 1550 est,
1101 1516 1225 1543 subditis
1239 1516 1408 1551 providere,
1422 1517 1560 1552 exempla
1580 1517 1718 1544 virtutum
1734 1526 1806 1553 prae-

1034 1563 1113 1595 bere,
1131 1573 1142 1586 ι)
1160 1563 1253 1589 etc.'³z‹
1264 1562 1341 1589 Sicut
1355 1564 1454 1598 pastor
1468 1571 1588 1597 gregem
1602 1571 1689 1590 suum
1702 1564 1804 1599 pascit,

1034 1609 1063 1635 in
1083 1608 1204 1635 brachio
1224 1608 1416 1643 congregabit
1435 1617 1543 1643 agnos,
1564 1611 1591 1636 et
1613 1609 1641 1636 in
1666 1609 1730 1636 sinu
1751 1618 1805 1638 suo

1034 1655 1154 1686 levabit,
1170 1654 1263 1688 foetas,
1279 1664 1292 1680 »
1311 1657 1364 1681 etc.
1381 1655 1434 1687 Qui
1453 1663 1523 1689 ergo
1539 1657 1620 1683 Petro
1635 1655 1763 1683 succedit
1777 1656 1807 1684 in

1036 1701 1133 1728 officio
1148 1700 1298 1736 pastorali,
1314 1703 1341 1728 et
1352 1709 1413 1728 non
1425 1701 1522 1736 diligit
1537 1703 1636 1736 Deum,
1649 1709 1702 1729 nec
1715 1702 1808 1738 pascit

1036 1756 1123 1781 oves,
1138 1747 1253 1775 idolum
1268 1750 1326 1781 est,
1339 1755 1399 1775 non
1415 1750 1514 1783 pastor
1531 1748 1549 1764 ¹⁴
1565 1757 1571 1775 ;
1591 1760 1603 1773 «
1618 1749 1640 1776 Ο
1660 1751 1760 1784 pastor
1780 1751 1809 1776 et

1036 1794 1167 1827 idolum,
1191 1793 1398 1829 derelinquens
1423 1802 1542 1829 gregem
1568 1804 1574 1822 :
1596 1806 1608 1818 n
1633 1797 1733 1830 pastor
1755 1803 1808 1823 no-

1036 1841 1125 1874 mine,
1142 1840 1257 1867 idolum
1271 1848 1312 1867 re.

1074 1888 1115 1913 18.
1132 1888 1164 1913 Et
1178 1886 1309 1921 sequitur
1324 1885 1373 1913 illa
1396 1894 1482 1921 pars,
1498 1886 1527 1913 in
1543 1894 1602 1922 qua
1618 1886 1654 1914 de
1668 1894 1808 1922 praenun—

1039 1933 1155 1960 tiatione
1172 1941 1230 1959 suae
1244 1932 1389 1967 passionis
1403 1932 1459 1967 ipsi
1472 1934 1566 1966 Petro,
1578 1932 1619 1960 ibi
1631 1941 1637 1959 :
1650 1933 1736 1960 Amen
1750 1933 1810 1960 dico

1038 1979 1105 2011 titi,
1122 1980 1189 2011 etc„
1210 1978 1240 2004 in
1261 1985 1320 2013 qua
1335 1980 1428 2005 morte
1444 1977 1653 2006 ostendebatur
1673 1986 1810 2006 consum·

1039 2025 1128 2051 matio
1151 2023 1314 2051 dilectionis
1332 2023 1410 2050 beati
1432 2024 1521 2058 Petri3
1541 2027 1568 2051 et
1589 2024 1629 2052 ibi
1654 2027 1780 2060 quatuor
1802 2033 1808 2052 ε

1038 2071 1146 2106 primo,
1171 2070 1262 2105 ipsius
1290 2070 1391 2097 mortis
1418 2070 1640 2105 praenuntiati0;
1667 2070 1809 2104 secundo,

1038 2116 1131 2152 ipsius
1146 2116 1219 2143 Petri
1242 2115 1278 2142 de
1297 2115 1388 2143 altero
1403 2115 1547 2151 discipulo
1563 2116 1727 2152 inquisitio,
1743 2116 1785 2143 ibi
1802 2125 1808 2143 :

1040 2163 1184 2189 Conversus
1199 2163 1309 2195 Petrus,
1326 2164 1395 2195 etc.;
1410 2161 1509 2194 tertio,
1525 2162 1626 2189 Christi
1642 2161 1809 2197 responsio,

1039 2208 1078 2235 ibi
1103 2217 1109 2235 :
1135 2209 1212 2234 Discit
1234 2209 1276 2241 ez',
1303 2209 1370 2241 etc.;
1392 2208 1513 2242 quarto,
1533 2207 1675 2234 sermonis
1697 2207 1812 2235 Domini

1040 2253 1237 2289 interpretatio
1253 2260 1270 2280 a
1285 2253 1454 2288 discipulis:
1467 2254 1561 2280 Earivit
1574 2261 1634 2287 erqo
1645 2261 1729 2281 sermo
1741 2255 1812 2280 inter

1039 2302 1152 2334 fratres,
1169 2301 1220 2326 ete.

1075 2347 1120 2374 Ait
1135 2354 1205 2381 ergo
1219 2355 1224 2372 :
1241 2345 1327 2372 Amen
1339 2345 1397 2372 dico
1411 2346 1473 2380 tibi,
1488 2354 1545 2373 cum
1562 2354 1628 2374 esses
1637 2347 1741 2381 junior,
1755 2347 1811 2373 cin-

1041 2394 1118 2428 qebas
1135 2396 1170 2420 te.
1185 2393 1226 2419 lta
1238 2391 1390 2427 respondit
1403 2393 1502 2419 Petrus
1517 2400 1606 2428 supra
1623 2393 1640 2410 ¹⁵
1656 2401 1662 2419 :
1678 2392 1734 2420 Scis
1747 2393 1811 2426 quia

1043 2475 1088 2493 xm
1099 2487 1105 2498 ,
1121 2470 1158 2492 37.
1176 2481 1204 2484 —
1220 2467 1239 2483 ¹0
1255 2468 1371 2497 August,
1391 2467 1432 2490 ubi
1447 2474 1503 2498 sup.
1520 2481 1550 2486 -
1567 2468 1581 2481 ¹¹
1599 2467 1659 2490 ibid.
1674 2480 1704 2484 —
1722 2468 1740 2483 Γ*
1756 2467 1812 2491 vm.

1043 2505 1136 2528 Collut.
1160 2510 1200 2527 xc.
1221 2514 1250 2519 —
1267 2502 1285 2518 ¹³
1300 2503 1357 2530 lxm,
1374 2508 1420 2532 xe,
1440 2505 1475 2526 ll.
1492 2516 1520 2520 -
1536 2503 1553 2519 ¹¹
1568 2502 1653 2531 Zach„
1671 2508 1709 2532 xi,
1732 2504 1814 2526 1¹1.—

1044 2541 1063 2557 ¹⁵
1079 2541 1150 2570 Sup.‚
1168 2540 1203 2562 t7.

1076 2584 1109 2613 (a)
1124 2583 1184 2607 Coet.
1200 2581 1262 2606 edit.
1279 2588 1348 2605 cuin.
1362 2594 1392 2600 -
1408 2581 1442 2611 (ὁ)
1459 2582 1519 2605 Item
1533 2581 1586 2605 sed.

1831 1481 1923 1499 Ducere

1847 1515 1898 1530 oves

1821 1540 1872 1566 quid
1887 1541 1922 1560 sit.
