1987 3032
134 650 214 675 Repre-

123 680 200 699 hensio

108 710 135 730 do
157 716 212 736 qua-

108 742 167 760 tuor.

130 2173 210 2198 Super-

106 2202 148 2222 biae
174 2209 207 2223 re-

112 2233 205 2258 prehen-

107 2263 147 2283 sio.

232 252 290 282 338

230 325 316 352 nam,
337 318 472 353 passibus
487 318 609 353 amoris,
635 326 688 346 nee
711 319 859 353 gressibus
881 319 999 355 operis:

229 363 270 390 sic
285 365 327 391 est
341 372 418 392 nunc
434 365 470 392 dc
486 365 570 392 malis
586 365 773 398 doctoribus,
785 365 822 392 de
835 365 943 401 quibus
958 365 1000 393 di-

229 410 303 437 citur
317 411 325 427 ¹
346 419 352 438 :
381 421 394 436 α
414 411 467 444 Qui
491 411 594 438 tulistis
616 411 730 438 clavem
756 411 920 447 sapientiae,
946 412 1001 448 ipsi

228 464 289 484 non
304 457 457 489 introistis,
473 467 486 481 11
504 459 557 484 010.

264 504 307 530 41.
324 505 356 530 Ε1
369 503 500 538 sequitur
517 503 567 530 illa
580 511 663 539 0015,
679 504 709 531 111
727 512 787 539 qua
806 505 938 540 ipsorum
958 514 1002 534 re-

228 549 399 584 prehensio,
427 551 454 577 et
481 557 584 577 eorum
613 550 771 578 obstinatio
784 572 791 584 ,
821 551 1001 586 assignando

229 602 346 629 causaS,
368 603 459 630 quare
482 603 543 624 non
563 596 721 624 credebant
743 597 871 630 Christo,
893 606 946 625 nec
962 598 1000 625 ad

228 649 296 668 eum
311 641 479 676 veniebant,
491 642 532 669 ibi
547 652 553 669 :
572 643 729 670 claritatem
746 644 799 678 (ιι),
816 645 887 678 010.,
909 646 935 671 et
954 652 1001 671 re—

227 687 382 722 prehendit
403 697 452 716 eos
471 688 508 715 de
524 690 651 723 quatuor
667 698 673 716 :
697 689 810 724 primo,
827 689 863 716 de
886 689 1000 717 defectu

228 733 409 768 dilectionis;
430 735 578 768 secundo,
594 735 630 762 de
649 736 773 762 caecitate
792 736 898 763 erroris
909 757 917 770 ,
934 736 975 763 ibi
993 745 999 763 ι

227 782 281 814 Εῃο
295 782 370 813 veni,
388 783 457 814 etc.,·
474 781 556 808 tertio
566 802 574 815 ,
592 781 628 808 de
643 781 773 816 appetitu
793 781 893 816 gloriae
908 785 934 809 et
949 782 1001 809 ho-

226 827 322 862 noris,
333 827 374 854 ibi
387 837 393 855 :
407 829 540 860 Quomodo
551 831 679 863 potestis3
695 831 800 864 quarto
813 829 1001 865 reprehendit

227 872 264 900 de
284 873 398 901 defectu
417 874 612 908 credulitatis,
630 875 690 903 ibi:
712 876 803 903 Nolite
815 878 928 909 putare,
945 878 999 903 etc.

261 919 306 947 Ait
330 927 401 955 ergo
423 929 430 947 z
455 920 613 947 claritatem
639 929 690 947 72071
717 923 832 956 accipio,
859 922 929 957 quia
951 922 1001 950 ad-

227 965 350 993 duxerat
374 966 556 1000 testimonia,
581 969 613 994 ut
634 975 695 994 non
716 967 840 1003 accipiat
860 968 1001 1004 suspicio-

226 1019 294 1038 nem
317 1012 397 1047 apud
413 1021 463 1039 eos
477 1013 533 1040 hoc
554 1013 653 1040 recisse
674 1021 773 1041 amore
794 1004 910 1048 glorize,
927 1014 999 1042 510111

226 1058 377 1086 continuat
404 1059 628 1095 Chrysostomus
651 1059 662 1074 ²
691 1069 697 1087 :
730 1070 743 1085 «
767 1061 926 1088 claritatem
949 1069 1000 1088 non

226 1106 345 1139 accipio,
361 1106 391 1132 id
408 1107 465 1140 est,
487 1114 546 1133 non
568 1107 696 1141 indigeo.
711 1117 724 1132 >›
751 1109 782 1134 Et
803 1108 885 1142 ponit
901 1115 998 1135 exem-

225 1150 311 1185 plum
325 1160 331 1178 ε
350 1161 362 1176 κ
377 1152 425 1179 Sol
441 1160 457 1179 a
470 1152 595 1180 lucernae
610 1154 641 1188 (b)
658 1153 768 1180 lumine
786 1161 940 1189 nunquam
955 1163 1000 1181 su-

225 1196 327 1232 scipiet
343 1198 556 1232 adjectionem:
573 1199 666 1226 multo
682 1199 776 1234 magis
787 1208 841 1227 nec
856 1208 910 1234 ego
927 1200 1000 1227 indi-

226 1250 282 1277 geo
297 1243 428 1271 humana
453 1245 556 1279 gloria.
573 1255 586 1270 >)
609 1246 619 1262 Β
644 1256 656 1271 «
673 1246 801 1273 Gloriam
822 1254 919 1273 meam
939 1255 999 1274 non

226 1297 341 1324 quaero;
358 1300 370 1315 »
388 1291 482 1317 seduc
496 1293 580 1318 vitam
595 1292 726 1325 habeatis,
745 1292 795 1319 illa
814 1292 885 1320 dixi.

261 1337 305 1363 42.
326 1336 397 1363 Novi
416 1339 516 1371 autem,
533 1339 599 1371 quia
621 1338 786 1365 dilectionem
812 1340 860 1365 Det*
880 1347 932 1365 non
947 1339 997 1365 Ιια-

227 1381 294 1408 betis
314 1391 320 1409 z
348 1384 375 1409 et
402 1382 470 1410 ideo
492 1383 523 1409 in
547 1391 594 1410 1110
615 1391 675 1411 non
700 1384 834 1418 creditis,
860 1385 910 1420 qui
934 1393 1000 1412 sum

225 1427 332 1455 missus
348 1437 365 1455 a
379 1430 447 1456 Deo.
471 1431 502 1456 Et
525 1430 581 1456 1100
597 1429 664 1457 11100
680 1431 736 1463 ait,
754 1431 823 1465 quia
838 1439 998 1466 perseque-

225 1473 332 1502 bantur
347 1483 430 1509 eum,
445 1475 587 1510 quoniam
603 1484 703 1511 parem
718 1485 747 1503 se
761 1477 857 1511 ipsum
872 1477 999 1504 faciebat

226 1520 298 1554 Deo,
322 1521 362 1548 ait
384 1521 607 1556 Cln‘ysostomus
621 1522 631 1537 ⁶
648 1531 654 1548 :
677 1531 690 1546 «
706 1523 793 1554 Quasi
809 1523 886 1550 dieat
907 1531 912 1549 :
936 1524 999 1550 ‘Non

225 1569 345 1601 propter
359 1568 450 1594 Deum
464 1567 521 1594 hoc
538 1567 644 1602 facitis,
658 1568 710 1594 sed
728 1571 847 1603 propter
862 1569 999 1603 gloriam,

226 1620 318 1647 quam
331 1612 436 1648 petitis.
455 1624 467 1637 »
492 1613 568 1641 infra
581 1613 591 1629 ⁵
609 1621 615 1639 z
640 1623 653 1639 <t
668 1614 735 1646 Quae
760 1614 861 1642 audivi
884 1615 922 1643 01)
946 1623 998 1649 co,

225 1657 287 1685 haee
301 1659 420 1694 loquor.
434 1669 447 1684 »

261 1706 304 1732 43.
328 1707 360 1732 Et
375 1706 506 1741 sequitur
520 1706 707 1741 reprehensio
723 1706 759 1733 de
775 1707 900 1734 caecitate
919 1715 999 1735 erro-

225 1750 264 1778 ris
281 1760 287 1778 :
304 1752 359 1785 1390
374 1754 434 1778 veni
449 1754 478 1778 in
491 1754 596 1779 nomine
608 1754 696 1786 putris
710 1754 772 1779 mei.
787 1754 879 1788 Supra
889 1754 898 1769 ⁶
916 1762 922 1780 :
943 1762 955 1778 ι(
969 1754 1000 1781 ln

225 1798 347 1833 propria
370 1799 459 1826 venit.
482 1808 494 1824 11
520 1800 555 1825 Et
577 1807 629 1826 non
652 1801 793 1834 accepistis
818 1808 871 1834 me,
893 1800 1001 1828 scilicet

226 1844 375 1871 credendo
394 1853 447 1880 per
461 1844 562 1872 fidem.
585 1846 678 1880 Supra
697 1846 706 1862 ⁷
722 1854 728 1872 ε
752 1856 766 1871 (ι
785 1846 832 1873 Sui
848 1854 915 1873 eum
940 1854 1000 1874 non

225 1893 406 1925 receperunt.
422 1901 434 1916 11
453 1891 504 1917 Sed
522 1892 593 1918 alius
607 1893 709 1925 veniet,
733 1891 842 1919 scilieet
859 1893 1001 1920 Antichri-

226 1938 298 1969 stus,
316 1944 405 1971 quem
420 1937 466 1964 hic
487 1937 668 1972 aenigniatiee
685 1938 828 1972 ostendit,
851 1939 890 1966 ait
910 1939 1000 1974 Chry—

226 1984 372 2009 sostomus
381 1983 401 2010 ³.
420 1984 451 2009 In
465 1985 570 2010 nomine
584 1991 640 2017 suo,
654 1984 724 2018 quia
739 1986 749 2001 ⁹
760 1994 772 2009 α
783 1985 938 2012 extolletur
954 1993 1000 2012 su-

225 2035 280 2062 pra
300 2036 406 2062 omne,
422 2029 504 2064 quod
526 2029 632 2056 dicitur
656 2032 764 2056 Deus.»
782 2031 838 2058 Sed
859 2031 882 2058 si
903 2031 1001 2058 essetis

227 2076 358 2101 amantes
384 2076 490 2108 Deum,
514 2075 600 2102 illum
622 2075 766 2104 deberetis
788 2078 944 2113 persequi,
974 2079 1001 2104 et

225 2126 285 2147 non
300 2128 364 2153 me,
379 2121 418 2148 ait
433 2121 656 2156 Chrysostomus
669 2122 698 2149 ¹⁰.

260 2167 305 2193 44.
322 2168 355 2193 Et
375 2167 506 2202 sequitur
520 2167 571 2194 illa
592 2175 660 2203 pars
670 2189 679 2202 ,
696 2168 726 2194 in
741 2176 800 2204 qua
813 2169 1002 2204 reprehendit

226 2219 277 2239 eos
291 2212 328 2239 de
343 2213 473 2248 appetitu
488 2213 611 2241 honoris
623 2216 651 2241 et
667 2214 784 2248 gloriae:
804 2215 938 2246 Quomodo
950 2223 999 2249 po-

227 2260 301 2285 testis
319 2259 441 2292 credere,
463 2262 517 2286 etc.
544 2259 599 2287 Sed
616 2260 753 2295 quaeritur
768 2261 807 2288 ad
823 2261 1001 2288 evidentiam

225 2303 340 2338 litterae‚
369 2313 461 2340 quare
486 2306 631 2341 appetitus
653 2306 754 2341 gloriae
776 2307 913 2334 humanae
935 2315 999 2334 eva-

226 2353 292 2377 cuat
306 2350 415 2385 fidem,
440 2352 498 2378 sive
519 2352 650 2387 impetit?
672 2354 704 2379 Et
727 2352 765 2379 ad
786 2352 862 2379 istud
878 2361 999 2388 respon-

226 2395 374 2431 (lendum,
391 2397 474 2433 quod
496 2397 591 2432 gloria
611 2398 676 2425 talis
692 2398 784 2425 oritur
799 2407 834 2426 ex
849 2400 997 2434 superbia.

256 2466 263 2482 ¹
283 2467 350 2497 Luta,
370 2473 410 2498 111,
426 2468 464 2491 52.
484 2482 514 2487 —
537 2468 547 2483 ²
564 2469 705 2499 Chrysost„
728 2468 772 2492 ubi
792 2475 848 2500 sup.
865 2481 891 2486 —
913 2469 922 2483 ³
943 2469 998 2500 inf„

225 2506 283 2531 viu,
296 2503 334 2525 50.
345 2515 376 2519 —
394 2503 404 2519 ⁶
418 2504 557 2534 Chrysost„
573 2504 616 2527 ubi
634 2512 690 2534 sup.
705 2517 735 2521 —
749 2505 758 2521 ⁵
777 2505 834 2534 luiz,
849 2510 904 2535 vm,
920 2506 999 2528 26.—

227 2536 235 2550 ⁰
249 2537 321 2567 Sup.‚
342 2543 364 2567 1,
390 2541 425 2562 11.
447 2552 473 2555 -
497 2539 504 2552 ⁷
526 2540 586 2563 ibid.
606 2553 637 2556 —
654 2541 662 2553 ⁸
677 2539 816 2570 Clirysost„
837 2539 879 2562 ubi
898 2546 952 2570 sup.
968 2553 999 2557 —

225 2572 233 2585 ³
250 2572 256 2594 1
278 2572 366 2601 Thess„
385 2579 413 2601 11,
432 2575 454 2597 4.
471 2586 500 2590 —
517 2574 533 2587 '⁰
548 2574 690 2604 Clnysost„
706 2575 747 2597 ubi
763 2582 809 2604 sup
834 2587 865 2592 —
879 2575 896 2590 ¹¹
911 2577 998 2605 theg„

224 2606 326 2636 Mora!.,
340 2607 383 2631 lib.
399 2609 489 2638 xxxi,
502 2615 524 2631 c.
541 2615 604 2638 111,
615 2610 646 2632 ul.
662 2615 719 2639 xm,
734 2616 759 2634 n.
777 2611 815 2633 37.
831 2622 859 2626 ——
873 2611 892 2625 ¹2
909 2610 996 2638 Ecca„

224 2646 254 2669 x,
270 2643 308 2665 14.
324 2655 354 2659 —
376 2644 392 2658 ¹³
409 2644 414 2666 Ι
433 2644 500 2671 Cor.y
517 2649 539 2673 1,
555 2646 593 2666 31.
613 2657 641 2661 —
662 2645 681 2660 ¹³
697 2649 771 2675 nug„
793 2645 823 2668 (le
842 2645 918 2668 eiust.
936 2645 998 2674 Dei,

225 2675 268 2700 lib.
284 2677 314 2706 V,
329 2684 350 2701 0.
367 2679 495 2708 x11‚11.4.
509 2690 539 2696 —
557 2679 576 2694 ¹⁵
594 2679 655 2708 ssa„
674 2685 716 2709 XL,
737 2683 761 2704 ti.
776 2692 807 2697 —
821 2680 842 2696 ¹⁶
859 2681 866 2703 1
885 2681 959 2710 Tim„
977 2686 996 2710 1,

753 251 963 284 EVANGELII
986 251 1127 284 SANCTI
1149 252 1311 285 JOANNIS

1056 321 1088 347 Ut
1103 320 1182 347 enim
1197 320 1236 348 ait
1250 321 1404 356 Gregorius
1416 321 1447 356 ¹¹,
1466 321 1574 349 «radix
1589 321 1684 349 cuncti
1698 321 1770 349 mali
1779 329 1827 350 su-

1056 366 1169 402 perbia.
1180 377 1192 392 11
1202 366 1239 392 ¹²«
1254 367 1369 394 initium
1379 368 1474 395 omnis
1483 368 1593 403 peccati
1606 368 1755 404 superbia.
1767 378 1780 394 11
1795 369 1828 396 Et

1057 412 1094 440 dc
1109 413 1164 440 hac
1179 412 1323 440 virulenta
1336 413 1435 441 radice
1449 414 1637 450 proferuntur
1651 414 1828 450 principalia

1057 459 1144 492 vitia,
1161 459 1270 486 scilicet
1289 459 1383 486 inanis
1399 459 1506 494 gloria,
1528 463 1555 488 et
1568 461 1608 488 sic
1622 460 1659 487 de
1675 460 1748 488 aliis.
1766 461 1828 488 lna-

1057 505 1101 531 nis
1115 507 1213 532 autem
1229 505 1323 540 gloria
1347 507 1388 532 est
1409 513 1517 533 vanum
1531 506 1685 541 quoddam
1707 508 1734 534 et
1750 506 1828 534 vola-

1057 551 1120 584 tile,
1136 559 1266 587 auraque
1282 552 1436 585 mobilius,
1453 553 1492 580 ait
1503 553 1621 581 Seneca.
1638 556 1669 581 Et
1683 554 1754 590 quia
1769 562 1829 582 cre·

1058 598 1127 625 dere
1142 600 1185 625 est
1204 598 1233 625 in
1254 598 1417 626 humilitate
1433 599 1529 626 cordis
1545 607 1580 626 ex
1595 599 1695 628 divina
1713 601 1826 635 gratia:

1057 643 1120 679 ipsa
1149 644 1227 671 enim
1255 644 1328 671 tides
1354 645 1460 680 redigit
1480 645 1658 672 intellectum
1685 646 1715 673 in
1742 646 1827 674 obse-

1057 690 1160 725 quium
1175 690 1293 725 Christi,
1310 691 1377 718 idco
1393 691 1496 718 merito
1511 691 1550 719 ait
1564 691 1621 718 eis:
1633 691 1767 724 Quomodo
1780 700 1828 728 po-

1057 738 1132 763 testis
1153 737 1272 771 credere,
1290 737 1397 764 scilieet
1420 737 1451 764 in
1466 739 1572 772 Deum,
1588 737 1749 774 quaerendo
1764 739 1828 773 glo-

1055 783 1130 810 riam
1156 784 1243 818 ejus?
1266 783 1286 800 ¹²
1310 793 1323 809 (ι
1338 783 1390 816 Qui
1404 784 1556 818 gloriatur,
1575 784 1604 811 in
1626 784 1749 812 Domino
1764 783 1828 819 glo-

1056 829 1154 856 rietur.
1175 840 1188 854 »
1218 831 1252 856 Et
1281 831 1393 863 ylon'am
1420 830 1452 856 ab
1486 831 1599 857 invicem
1623 831 1757 865 accipitis.
1783 831 1830 858 Est

1873 463 1948 484 Iunis

1861 494 1931 520 gloria

1842 525 1894 551 quid
1911 525 1947 545 nit.

1870 837 1946 858 Gloria

1057 876 1135 902 enim
1147 875 1241 910 gloria
1251 875 1415 910 «judicium
1426 875 1593 909 hominum,
1604 876 1679 903 bene
1690 875 1727 903 de
1735 876 1829 903 homi·
1843 867 1894 893 '³⁸⁵⁶
1911 867 1947 887 'n‘

1055 921 1142 948 nibus
1158 922 1353 957 opinantium,
1365 932 1378 947 »
1396 922 1435 949 ait
1449 922 1627 956 Augustinus
1639 922 1668 949 ¹².
1679 923 1711 949 Et
1725 921 1762 949 de
1773 922 1829 950 hac

1055 967 1149 1002 gloria
1161 968 1180 984 ¹⁵
1194 977 1224 994 :«
1240 968 1338 996 Omnis
1353 976 1421 995 caro
1437 968 1566 1002 foenum,
1583 969 1610 995 et
1624 968 1720 995 omnis
1734 968 1829 1003 gloria

1055 1015 1117 1049 ejus
1133 1015 1217 1050 quasi
1233 1015 1288 1042 1105
1302 1014 1382 1042 foeni.
1398 1025 1411 1040 11
1428 1016 1463 1042 Et
1477 1016 1591 1049 Gloriam
1606 1023 1664 1049 quoe
1679 1023 1696 1041 a
1712 1016 1764 1042 Deo
1776 1017 1829 1049 est,

1054 1069 1106 1087 non
1129 1062 1252 1095 quoerz'tz's
1267 1069 1276 1088 :
1300 1061 1346 1088 0111
1369 1061 1423 1088 soli
1452 1061 1547 1096 gloria
1571 1060 1773 1095 attribuenda,
1800 1062 1829 1088 et

1055 1107 1138 1140 cujus
1152 1106 1243 1133 solius
1258 1108 1300 1134 est
1316 1106 1410 1141 gloria
1425 1106 1604 1142 qurerenda:
1620 1117 1633 1131 «ι
1647 1107 1705 1134 8011
1715 1106 1794 1134 0111111
1805 1107 1827 1124 ¹⁸

1055 1153 1111 1179 Deo
1127 1152 1223 1179 honor
1237 1155 1263 1179 et
1283 1152 1416 1187 gloria.»
1439 1154 1471 1180 Et
1492 1152 1510 1170 ¹⁷
1527 1162 1533 1180 ι
1554 1152 1707 1180 «Gloriam
1728 1159 1826 1180 meam

1054 1198 1136 1225 alteri
1152 1207 1213 1226 non
1229 1199 1320 1226 dabo.
1334 1209 1346 1224 11
1369 1200 1430 1226 Non
1446 1201 1488 1226 051
1503 1207 1572 1233 crgo
1589 1198 1683 1233 gloria
1698 1205 1827 1234 quaeren-

1055 1244 1093 1271 da
1109 1245 1146 1271 ab
1162 1245 1299 1279 homine,
1316 1244 1367 1271 sed
1382 1253 1399 1272 a
1414 1247 1471 1272 Deo
1482 1266 1490 1279 ,
1506 1247 1533 1272 et
1548 1245 1605 1272 hoc
1627 1245 1702 1272 velle
1721 1253 1758 1272 ex
1772 1252 1828 1280 pu-

1054 1290 1135 1317 ritate
1152 1291 1352 1318 eonseientioe:
1369 1291 1489 1318 «Gloria
1500 1291 1578 1318 enim
1592 1292 1613 1308 ¹⁸
1627 1293 1727 1318 nostra
1740 1291 1768 1325 (c)
1784 1292 1828 1318 est

1054 1336 1253 1364 testimonium
1272 1337 1453 1364 conscientiae
1474 1339 1588 1364 nostrae.
1609 1346 1622 1362 11
1644 1337 1714 1364 item
1737 1336 1827 1364 debet

1054 1390 1115 1409 esse
1131 1391 1167 1409 ex
1182 1391 1249 1410 vera
1266 1383 1432 1417 cognitione
1449 1383 1497 1409 Dei
1519 1391 1572 1418 per
1584 1382 1675 1410 fidem
1686 1382 1721 1409 ¹⁹:
1735 1391 1749 1407 α
1759 1382 1826 1410 Glo-

1053 1429 1164 1455 riamur
1175 1429 1205 1455 in
1221 1437 1272 1464 spe
1286 1429 1414 1456 filiorum
1431 1429 1489 1456 Dei.
1499 1439 1512 1454 ›>
1531 1428 1592 1457 151·ΞΟ
1608 1430 1707 1456 :«N0n
1721 1428 1828 1463 glorie-

1054 1477 1100 1501 tur
1114 1475 1231 1510 sapiens
1246 1475 1276 1501 in
1291 1475 1433 1510 sapientia
1447 1483 1509 1502 sua.
1519 1484 1532 1500 »
1545 1475 1714 1510 Etsequitur
1726 1483 1732 1501 :
1747 1484 1761 1500 ι(
1771 1474 1828 1502 Sed

1053 1520 1083 1546 in
1097 1520 1153 1547 hoc
1175 1520 1327 1554 glorietur,
1347 1521 1398 1555 qui
1418 1520 1571 1555 glori-atur,
1596 1520 1669 1547 scire
1695 1523 1723 1547 et
1741 1527 1828 1548 nosse

1054 1574 1111 1592 me.
1129 1576 1140 1591 11
1164 1568 1232 1593 Item
1249 1569 1291 1593 est
1310 1567 1406 1601 gloria
1425 1566 1584 1601 quaerenda
1600 1566 1630 1593 in
1648 1566 1827 1601 perfectione

1053 1612 1230 1646 poenitentiae
1244 1612 1263 1627 ²¹
1289 1621 1296 1639 z
1316 1622 1329 1638 «
1352 1613 1419 1640 Mihi
1445 1612 1522 1639 absit
1548 1612 1686 1647 gloriari,
1715 1612 1770 1640 nisi
1797 1612 1828 1640 in

1054 1666 1139 1685 cruce
1156 1658 1270 1685 Domini
1286 1659 1376 1686 nostri
1391 1660 1457 1686 Jesu
1471 1658 1583 1685 Christi.
1599 1668 1614 1684 »
1629 1660 1700 1686 ltem
1712 1660 1754 1686 est
1764 1658 1828 1693 glo-

1054 1704 1098 1731 ria
1120 1712 1189 1731 vera
1213 1706 1241 1731 et
1262 1704 1422 1739 quaerenda
1444 1705 1476 1732 in
1499 1705 1682 1732 adversitatis
1704 1704 1827 1733 tribula-

1054 1750 1133 1778 tione
1147 1752 1269 1786 propter
1284 1752 1375 1778 Deum
1390 1749 1411 1766 ²³
1425 1759 1431 1777 :
1453 1759 1467 1776 α
1482 1751 1648 1778 Gloriamur
1660 1751 1691 1778 in
1706 1751 1830 1779 tribula-

1055 1797 1224 1824 tionibus.»
1248 1799 1312 1824 Non
1336 1805 1406 1832 ergo
1431 1797 1525 1832 gloria
1547 1790 1778 1825 humana‘vana
1801 1800 1829 1826 et

1054 1844 1128 1872 falsa
1144 1848 1186 1872 est
1209 1845 1385 1880 quaerenda,
1409 1844 1462 1872 scd
1485 1844 1599 1878 divina,
1625 1844 1782 1879 gloriando
1796 1844 1828 1872 in

1054 1891 1136 1926 ipso,
1152 1894 1179 1918 et
1194 1892 1223 1918 in
1238 1892 1272 1918 iis
1287 1900 1352 1926 quae
1368 1891 1479 1918 ducunt
1493 1891 1532 1918 ad
1546 1891 1655 1926 ipsum.

1091 1939 1134 1964 45.
1149 1939 1180 1964 Et
1192 1937 1322 1972 sequitur
1336 1937 1439 1964 ultima
1453 1945 1538 1972 pare,
1551 1937 1582 1964 in
1597 1945 1656 1972 qua
1671 1937 1829 1972 reprehen-

1056 1983 1097 2010 dit
1118 1990 1168 2010 eos
1199 1983 1235 2010 de
1258 1982 1372 2010 defectu
1393 1984 1478 2010 reetae
1510 1983 1689 2010 credulitatis
1710 1992 1716 2010 :
1736 1984 1828 2012 Nolite

1053 2032 1168 2064 putare,
1185 2031 1250 2064 quia
1272 2037 1317 2063 eqo
1341 2032 1514 2056 accusaturus
1535 2031 1600 2063 sim,
1624 2031 1677 2057 etc.
1695 2030 1728 2057 Ut
1743 2029 1829 2057 habi·

1056 2078 1119 2102 tum
1134 2077 1176 2102 est
1191 2083 1298 2110 supra,
1315 2075 1374 2102 duo
1391 2075 1534 2102 adventus
1548 2075 1650 2102 Christi
1664 2084 1671 2102 :
1685 2075 1716 2102 in
1730 2075 1828 2111 primo

1055 2121 1136 2148 venit
1151 2121 1263 2148 salvare
1279 2123 1305 2148 et
1319 2121 1481 2154 remittere,
1495 2128 1584 2156 supra
1593 2121 1616 2138 ²³
1632 2129 1658 2148 :«
1670 2122 1734 2149 Non
1750 2121 1829 2149 misit

1056 2168 1131 2194 Deus
1145 2167 1240 2194 filium
1254 2175 1356 2200 sunm,
1372 2169 1404 2194 ut
1416 2167 1527 2201 judicet
1549 2166 1696 2194 mundum
1707 2187 1716 2200 ‚
1730 2167 1783 2194 sed
1797 2170 1829 2194 ut

1055 2213 1185 2240 mundus
1209 2213 1336 2240 salvetur
1356 2221 1409 2248 per
1423 2220 1500 2239 eum.
1521 2222 1535 2239 11
1555 2214 1587 2240 Et
1602 2213 1623 2229 ²⁴
1639 2222 1646 2240 :
1665 2222 1679 2238 «1
1700 2214 1762 2248 lpse
1786 2214 1829 2240 est

1056 2259 1224 2296 propitiatio
1239 2267 1294 2295 pro
1309 2259 1435 2294 peccatis
1446 2259 1562 2287 nostris.
1578 2270 1592 2285 »
1607 2261 1655 2287 Est
1669 2261 1769 2287 tamen
1780 2261 1829 2294 qui

1056 2310 1160 2333 accusat
1174 2297 1288 2339 Moyses}
1303 2305 1354 2340 qui
1367 2305 1406 2332 ait
1418 2304 1439 2321 ²⁵
1452 2314 1481 2332 ιιι
1492 2305 1666 2341 Prophetam
1679 2305 1827 2334 suscitabo

1055 2353 1125 2386 tibi,
1141 2362 1154 2378 11
1172 2352 1281 2379 scilicet
1301 2353 1398 2378 Jesum
1416 2351 1576 2385 Christum,
1589 2354 1642 2379 etc.
1658 2354 1690 2380 In
1706 2360 1756 2387 quo
1770 2360 1827 2388 spe-

1055 2400 1134 2432 ratis,
1149 2398 1219 2434 quia
1234 2397 1372 2425 dixerunt
1381 2397 1424 2433 (d)
1437 2397 1574 2433 discipuli
1585 2406 1697 2432 sumus,
1711 2397 1824 2426 infra²⁶.

1057 2463 1094 2485 17.
1109 2475 1139 2479 —
1157 2461 1176 2477 ¹⁷
1193 2463 1252 2491 lm„
1269 2467 1331 2491 nu,
1350 2462 1374 2485 8.
1386 2473 1416 2478 —
1431 2461 1448 2477 ¹⁵
1465 2462 1483 2484 ΙΙ
1501 2461 1567 2490 Cor„
1582 2467 1600 2490 1,
1616 2463 1654 2485 ¹2.
1667 2474 1697 2479 —
1712 2461 1733 2478 ¹⁹
1747 2462 1824 2491 Rom„

1055 2504 1080 2526 v,
1101 2498 1123 2520 2.
1140 2510 1170 2514 —
1186 2497 1206 2514 ²0
1221 2497 1380 2524 ,lez-em.,1x,
1396 2498 1439 2524 23,
1462 2498 1500 2520 24.
1521 2509 1551 2514 -
1571 2497 1586 2510 ²¹
1604 2496 1670 2527 Gal„
1686 2503 1724 2528 vl,
1744 2499 1780 2521 14.
1796 2511 1826 2515 -

1053 2532 1074 2547 ²2
1090 2532 1167 2561 leona,
1182 2537 1208 2561 v,
1223 2534 1245 2555 3.
1260 2545 1290 2549 —-
1307 2532 1327 2547 ²³
1344 2532 1417 2561 Sap„
1434 2536 1476 2560 111,
1498 2532 1535 2554 17.
1550 2543 1577 2547 ——
1597 2531 1615 2548 ²⁴
1633 2532 1638 2555 Ι
1654 2532 1736 2562 Joan„
1756 2538 1788 2563 11,
1800 2534 1823 2558 2.

1053 2579 1083 2584 -
1097 2567 1116 2583 ²⁵
1130 2568 1216 2596 Dent„
1229 2573 1304 2596 xviii,
1322 2568 1360 2590 15.
1371 2579 1402 2583 —
1417 2567 1439 2582 ²⁸
1451 2566 1509 2595 lus,
1525 2571 1559 2595 ix,
1576 2567 1614 2590 28.

1087 2610 1116 2638 (a)
1137 2610 1196 2633 Caet.
1216 2609 1275 2632 edit.
1295 2608 1354 2633 add.
1371 2609 1464 2631 autem.
1483 2620 1513 2625 —
1529 2607 1561 2636 (b)
1581 2608 1641 2633 Coet.
1659 2609 1718 2634 edit.
1737 2616 1825 2634 exem-

1052 2643 1122 2673 plum
1141 2651 1155 2667 a
1175 2643 1310 2668 lucernari.
1327 2655 1356 2661 —
1369 2642 1401 2673 (c)
1420 2643 1482 2666 Item
1503 2645 1596 2667 vestra.
1616 2656 1643 2662 -
1668 2644 1704 2675 (d)
1725 2645 1826 2678 Sapph:

1052 2680 1104 2703 Nos
1119 2680 1210 2710 Moysi.
