1987 3032
240 244 298 274 ³08

238 310 282 337 Sic
297 311 364 337 sunt
378 310 495 337 diversa
506 310 585 337 dona
598 308 743 341 fidelium,
759 309 900 343 tanquam
916 314 1006 333 mem-

237 356 298 384 bris
313 357 352 384 ad
365 364 533 384 mensuram
548 355 712 382 distributa.
729 354 785 382 Sed
801 354 938 387 chi-istm,
955 353 1005 388 qui

238 402 288 430 dat
298 403 387 437 dona,
395 410 454 430 non
467 402 505 429 ad
521 409 690 428 mensuram
698 399 868 435 accepitillo
884 399 1003 426 modo.»

236 450 269 476 Et
280 449 320 476 ibi
336 449 410 476 bene
425 448 461 475 de
480 448 545 474 hoc.
565 447 621 474 Sed
639 446 707 474 huic
725 446 842 474 videtur
858 445 1006 472 contradi-

236 502 311 528 cere,
328 495 410 530 quod
431 494 470 521 ait
494 494 718 529 Chrysostomus
742 492 762 526 ¹,
790 491 873 527 quod
896 491 957 525 hic,
974 490 1005 517 id

236 544 288 575 est,
303 541 429 568 Christus
449 540 721 567 immensurabilem
737 541 764 567 et
787 539 931 574 integram
945 546 1006 565 om—

234 595 303 614 nem
318 587 463 614 actionem
479 586 548 613 dicit
565 596 570 613 :
583 588 611 613 et
625 587 647 613 si
656 586 731 613 aetio
743 584 1004 617 immensurabilis,

234 633 326 661 multo
347 633 440 668 magis
454 633 615 660 substantia
636 642 642 660 :
659 632 709 668 qui
726 640 795 666 ergo
811 631 945 667 spirltum
961 631 1005 657 in-

233 680 348 707 finitum
363 680 471 707 scilicet
485 680 584 713 habet,
600 681 627 706 et
642 687 762 706 omnem
783 678 928 705 actionem
950 677 1004 704 ha-

232 726 292 754 bet.
316 728 348 754 Et
375 726 414 753 ad
438 725 516 753 istud
540 728 634 761 potest
656 725 839 760 responderi,
856 723 938 759 quod
954 730 1006 758 per

233 772 365 808 spiritum
379 772 549 806 intelligitur
562 771 608 798 vel
619 770 785 806 hypostasis
795 770 892 804 Verbi,
903 768 1005 796 ethuic

232 818 393 845 concordat
408 818 523 851 Glossa,
543 826 607 852 quae
623 817 671 850 ait,
689 816 771 852 quod
788 818 868 843 Pater
882 815 1004 850 plenum

232 867 259 892 et
273 864 435 900 perfeetum
454 864 583 891 Verbum
604 863 715 898 genuit,
733 865 761 890 et
776 862 816 889 sic
829 861 935 889 dicitur
950 862 1003 888 Pa-

230 914 274 938 ter
289 911 360 938 Filio
376 911 457 944 dare,
474 910 544 946 quia
561 910 659 945 ipsum
682 909 792 943 genuit.
814 908 893 935 Unde
908 907 1005 943 sequi-

230 959 277 985 tur
293 958 329 992 (v.
342 958 384 992 35)
402 967 407 984 :
426 959 505 984 Pater
524 958 618 990 diliyz't
638 957 753 987 Filium,
770 958 795 982 et
810 957 901 981 omnia
915 954 1002 987 dedit,

230 1003 261 1030 id
286 1006 343 1038 est,
367 1003 405 1030 ad
423 1002 620 1038 {equalitatem
645 1002 702 1029 sibi
726 1002 826 1036 genuit
841 1009 920 1034 eum,
933 999 978 1026 cui
994 998 1004 1013 ²

229 1057 291 1076 non
306 1051 349 1076 est
363 1050 466 1084 rapina
481 1058 511 1076 se
527 1057 589 1076 esse
609 1048 755 1084 aequalem
772 1049 840 1081 Deo,
852 1049 879 1074 et
889 1046 960 1074 alibi
973 1047 982 1063 ³
995 1055 1000 1072 :

233 1106 246 1121 «
260 1096 309 1123 Hic
335 1098 377 1123 est
397 1096 475 1122 filius
502 1104 585 1123 meus
607 1095 770 1122 dilectus.»
800 1096 833 1121 Ec
855 1095 944 1120 omnia
956 1094 1003 1120 de-

230 1143 282 1176 dit,
299 1145 364 1176 etc.,
380 1144 412 1170 ut
427 1145 522 1169 tantus
539 1144 614 1169 esset
626 1141 725 1174 Filius,
735 1144 862 1178 quantus
872 1143 898 1168 et
911 1142 1002 1174 Pater,

229 1189 392 1216 secundum
412 1188 606 1222 Augustinum
621 1187 677 1215 '’.⁸«
690 1187 794 1215 Omnia
809 1187 880 1214 mihi
896 1186 1001 1213 tradita

229 1237 323 1262 sunta
337 1237 419 1270 patre
445 1242 523 1261 meo.
543 1244 556 1259 ι)
574 1236 606 1261 Et
621 1234 691 1269 quia
713 1236 808 1260 tantus
829 1235 856 1260 ct
870 1233 935 1260 talis
950 1235 1002 1266 est,

228 1281 309 1315 ideo,
324 1283 356 1308 ut
373 1282 412 1308 ait
433 1281 533 1308 Glossa
549 1281 587 1316 (v.
605 1283 650 1313 36)
673 1290 679 1307 :
696 1280 748 1312 Qut
763 1280 846 1306 credit
861 1281 889 1305 in
903 1280 1001 1313 filium,

228 1327 287 1354 fide
302 1328 440 1363 perfecta,
456 1329 533 1354 hahet
554 1329 639 1353 vitam
659 1331 801 1359 oecer‘nam,
822 1325 891 1360 quia
905 1326 1002 1352 Jcsum

228 1374 382 1407 Christum,
399 1376 430 1400 ut
442 1372 518 1400 infra
533 1374 542 1389 ⁶
559 1382 565 1399 :
583 1383 595 1397 (ι
611 1374 674 1399 Hzee
690 1375 731 1399 est
751 1372 809 1398 vitu
830 1373 938 1398 {eterna
949 1391 958 1404 ,
974 1373 1004 1398 ut

229 1421 407 1454 cognoscant
429 1422 465 1446 te.
487 1430 500 1445 »
527 1419 577 1446 Vel
600 1419 690 1445 habet
710 1417 799 1445 vitam
819 1420 957 1444 {eternam
973 1416 1003 1443 in

227 1466 337 1500 radice,
354 1466 415 1493 sive
435 1465 464 1492 in
489 1465 612 1500 pignore
622 1466 647 1490 ⁷:
661 1475 673 1489 α
688 1464 795 1499 Pignus
808 1464 934 1498 spiritus.
949 1465 1003 1490 »Et

229 1512 370 1547 quoniam
383 1513 508 1538 Joannes
523 1511 634 1538 sciebat
645 1511 681 1545 (a)
696 1518 713 1537 a
733 1509 869 1545 supplicii
883 1508 1003 1535 commi-

229 1559 347 1586 natione
366 1558 518 1585 utilitatem
529 1579 537 1591 ,
552 1557 620 1584 ideo
641 1565 658 1583 a
675 1555 827 1583 contrariis
846 1557 928 1590 ponit
945 1562 1003 1581 ser-

229 1612 368 1638 monem,
392 1604 556 1631 secundum
582 1603 823 1638 Chrysostomum
836 1602 865 1635 ⁸;
878 1601 978 1628 dicens
995 1610 1001 1628 :

234 1652 305 1684 «Qui
320 1654 408 1677 autem
424 1653 461 1677 est
477 1650 630 1677 incredulus
642 1650 781 1681 leiomon
791 1649 892 1675 videbit
906 1649 1002 1681 vitam,

230 1696 261 1723 id
287 1698 345 1731 est,
366 1696 463 1732 ipsum
489 1695 604 1728 Filium,
625 1695 664 1722 ait
686 1695 786 1722 Glossa
803 1694 876 1720 :Sed
895 1695 939 1719 ira
956 1694 1005 1719 Dei

230 1745 330 1776 manet,
346 1752 358 1767 »
373 1745 426 1769 ete.
443 1742 498 1769 Sed
514 1742 664 1776 quaeritur,
676 1748 743 1767 eum
758 1740 839 1775 prius
854 1739 889 1766 sit
904 1738 1004 1766 venire

232 1797 323 1824 quam
337 1796 468 1821 manere,
484 1796 575 1823 quare
586 1788 625 1814 ait
640 1796 646 1814 z
663 1788 755 1813 Manet
771 1788 824 1818 ira,
837 1787 865 1812 et
875 1793 934 1812 non
946 1785 1002 1811 ait:

235 1836 314 1862 Venit
338 1837 390 1861 ira.
421 1836 452 1861 Et
479 1834 517 1861 ad
545 1834 601 1860 hoc
622 1832 781 1868 respondet
795 1831 971 1865 Augustinus
983 1833 1004 1864 ⁹,

233 1881 315 1916 quod
330 1881 459 1915 loquitur
474 1880 530 1907 hoe
545 1880 581 1906 de
602 1880 653 1906 illa
669 1880 727 1912 ira,
742 1878 778 1905 de
798 1886 857 1913 qua
867 1877 887 1893 ¹0
898 1886 923 1904 τα
939 1878 1005 1904 Om-

232 1935 284 1954 nes
307 1927 454 1953 nascimur
474 1926 525 1952 lilii
549 1926 607 1952 irae.
625 1936 637 1950 »
657 1927 687 1951 Et
701 1925 770 1960 quia
785 1923 927 1950 increduli
944 1931 1006 1949 ma-

233 1974 303 2000 nent
318 1980 377 1999 non
393 1972 553 2006 regenerati
569 1980 586 1998 a
609 1971 732 2003 Christo,
748 1970 815 1997 ideo
835 1972 861 1996 et
877 1969 929 1996 [ilii
943 1969 1003 1995 irae.

235 2021 304 2046 Item
325 2019 480 2054 quaeritur,
509 2026 599 2053 quare
628 2017 784 2044 terribilius
806 2016 935 2051 loquitur
959 2015 1006 2041 hic

234 2066 360 2092 Joannes
374 2065 410 2091 dc
427 2064 594 2096 increduli&
613 2072 703 2098 quam
726 2062 852 2090 Christus
868 2070 956 2096 supra
976 2062 1005 2095 ¹¹,

236 2111 287 2146 qui
298 2111 354 2138 ait:
372 2112 424 2144 Qui
437 2120 489 2137 uon
504 2111 588 2136 credie
599 2131 606 2143 7
618 2110 677 2143 jum
691 2109 830 2142 judicatus
855 2112 902 2135 est.
923 2109 954 2134 Et
968 2107 1006 2134 ad

236 2157 292 2184 hoc
307 2158 464 2192 respondet
476 2158 700 2191 Chrysostomus
719 2154 746 2188 ¹⁴²,
763 2155 844 2189 quod
858 2153 1005 2180 mitiuslo-

237 2205 320 2230 cutus
335 2206 377 2230 est
390 2203 517 2230 Christus
529 2223 537 2236 ‚
552 2210 588 2229 ne
607 2202 797 2228 aestimaretur
815 2200 896 2235 loqui
914 2200 1006 2234 gratia

237 2249 345 2276 amoris
356 2250 416 2283 sui;
432 2250 558 2276 Joannes
572 2256 654 2280 vero,
671 2249 773 2274 exutus
788 2246 825 2273 ab
842 2246 896 2272 hac
913 2246 1004 2280 suspi—

237 2295 335 2329 cione,
351 2294 561 2322 vehementiori
590 2294 677 2321 utitur
700 2300 845 2319 sermone.
867 2293 905 2318 Ex
923 2291 1006 2318 dictis

236 2342 324 2375 patet,
342 2341 424 2376 quod
446 2341 529 2368 electi
551 2340 600 2367 Dei
625 2340 661 2366 de
678 2339 751 2366 coelo
767 2340 920 2372 venerunt,
935 2337 1006 2372 quia

269 2412 277 2428 ¹
301 2412 442 2442 Chrysost„
477 2413 519 2435 ubi
557 2419 612 2441 sup.
638 2425 669 2428 —
692 2412 701 2426 '³
726 2409 829 2440 Philip„
859 2415 894 2437 ιι,
918 2410 940 2431 (ἶ.
975 2423 1005 2427 -

237 2447 245 2460 ³
272 2447 371 2475 Mrzllliq
397 2454 441 2476 ιιι,
468 2449 504 2470 17.
533 2460 559 2463 —
586 2448 595 2463 δ
620 2448 694 2475 Aur.5
720 2445 761 2468 ubi
788 2452 854 2474 sup..
878 2451 903 2467 ιι.
928 2445 950 2467 Ἰ,
975 2458 1004 2461 -

236 2482 246 2498 ¹¹
260 2482 360 2511 Meum,
380 2488 419 2510 xi,
437 2483 475 2504 27.
493 2495 522 2499 -
537 2484 545 2495 ⁶
561 2482 641 2508 Jonn..
665 2487 731 2508 xvii,
748 2483 769 2504 3.
787 2493 812 2496 —-
829 2480 838 2495 ⁷
855 2480 872 2502 ll
893 2479 959 2508 Corn,
980 2486 1003 2509 v,

237 2518 258 2540 5.
276 2516 305 2533 ’-
324 2518 331 2531 ⁸
347 2517 487 2547 Clirysosl„
503 2518 527 2539 in
542 2518 622 2546 dmin„
638 2517 706 2539 honi.
727 2521 786 2543 xxx,
803 2514 834 2538 al.
852 2520 923 2543 xxm,
940 2522 964 2537 n.
983 2517 1003 2538 l.

236 2566 265 2569 —
285 2553 295 2568 ⁹
316 2555 389 2582 Ana,
412 2552 452 2575 ubi
474 2560 538 2582 sup„
562 2559 586 2574 ιι.
611 2554 646 2575 13.
666 2565 691 2568 --
713 2551 733 2567 ¹⁰
752 2551 852 2579 Ephe-v„
878 2555 910 2579 ιι,
932 2552 954 2573 h'.
975 2563 1004 2567 -—

236 2588 254 2603 ¹¹
271 2589 343 2618 Sup.,
361 2588 427 2615 eod.‚
451 2591 487 2610 18.
504 2600 534 2603 -
551 2588 568 2601 ¹²*
581 2587 721 2617 Chrysost„
740 2585 782 2609 ubi
797 2592 852 2615 sup.
869 2597 894 2601 —
913 2585 931 2600 ¹³
947 2585 1004 2612 inf.v

235 2628 278 2653 XV,
299 2624 336 2647 19.
351 2635 381 2640 —
403 2623 422 2638 ¹⁴
443 2623 499 2650 tur..
521 2628 568 2652 xx,
589 2625 625 2644 τι.
647 2634 677 2638 —
700 2622 717 2637 ¹⁵
739 2622 744 2643 1
767 2621 845 2650 Petra,
867 2626 899 2649 iv,
923 2622 958 2644 Η.
974 2633 1004 2637 -

758 240 968 273 EVANGELll
992 239 1129 270 SANCTI
1152 239 1316 272 JOANNlS

1062 306 1196 333 membra
1209 308 1275 334 Jesu
1289 306 1410 342 Christi,
1425 309 1453 335 et
1466 307 1503 334 de
1519 307 1594 335 coelo
1616 307 1831 337 descenderunt

1062 352 1167 380 deifica
1183 353 1414 381 conversatione.
1438 353 1514 381 Infra
1528 353 1549 370 ¹³
1565 363 1571 380 :
1591 364 1604 378 ι(
1622 354 1700 389 Elegi
1722 362 1776 382 vos
1795 354 1831 383 de

1062 398 1185 432 mundo,
1203 409 1215 424 n
1233 401 1286 426 etc.
1303 400 1380 432 Quos
1408 399 1501 426 mittat
1515 401 1588 426 Deus
1612 400 1649 427 ad
1664 399 1737 427 alios
1752 400 1832 435 puri-

1061 444 1210 478 ficandOS,
1234 444 1465 479 illuminandos,
1488 445 1694 480 perficiendos,
1711 445 1747 473 de
1764 445 1831 481 qui-

1061 489 1117 516 bus
1132 490 1207 517 infra
1219 490 1239 507 Γ·
1255 499 1284 517 z«
1301 491 1378 518 Sicut
1390 499 1436 518 me
1448 491 1525 518 misit
1535 493 1624 525 Pater,
1639 494 1667 519 et
1681 499 1737 527 ego
1749 492 1831 520 mitto

1060 543 1154 563 vos.»
1181 537 1213 563 Et
1227 536 1299 563 tales
1327 536 1435 563 dehent
1459 536 1541 572 loqui
1567 537 1658 565 verba
1688 538 1749 571 Dei,
1770 545 1832 566 non

1060 582 1214 609 mundana
1225 603 1233 616 ,
1253 590 1313 609 non
1332 582 1475 616 carnalia,
1500 590 1553 610 nec
1574 583 1704 611 humana
1721 584 1740 600 ¹⁵
1754 592 1761 611 ;
1776 594 1790 609 α
1804 583 1832 611 Si

1061 628 1126 662 quis
1141 628 1282 663 loquitur,
1298 629 1380 664 quasi
1392 636 1541 656 sermones
1552 628 1610 655 nei.
1622 639 1634 654 ι)
1649 630 1680 656 Et
1694 629 1765 657 tales
1781 629 1831 658 de-

1060 673 1130 701 bent
1145 682 1206 702 esse
1221 675 1339 702 indivisi
1355 682 1371 702 a
1387 675 1510 708 Christo,
1531 674 1581 710 qui
1596 674 1685 702 habet
1697 675 1832 710 spiritum

1060 728 1120 747 non
1134 721 1172 747 ad
1188 729 1366 755 mensuram,
1392 723 1423 748 ut
1437 729 1491 748 suo
1513 721 1616 756 spiritu
1637 721 1832 756 vivificentur,

1060 770 1088 794 et
1101 770 1288 802 vegetentur,
1310 770 1337 795 et
1365 768 1542 795 roborentur
1571 768 1609 794 ad
1635 767 1830 803 operandum.

1059 813 1225 841 Secundum
1242 814 1320 840 enim
1344 813 1512 849 exemplum
1529 814 1680 848 Augustini
1697 815 1717 830 ¹⁶
1732 821 1832 849 supra,

1059 860 1133 887 sicut
1161 868 1220 887 una
1247 859 1346 887 anima
1372 859 1472 887 omnia
1498 862 1636 895 operatur
1656 860 1687 887 in
1709 860 1832 888 diversis

1059 906 1218 940 membris,
1238 906 1278 932 sic
1298 905 1426 932 Christus
1451 906 1481 932 in
1508 905 1650 933 membris
1677 907 1747 940 suis,
1775 907 1831 934 sibi

1059 952 1164 986 unitis,
1181 955 1209 979 et
1223 952 1261 979 ab
1286 960 1321 979 eo
1342 952 1503 979 vivificatis.
1521 952 1596 979 lnfra
1611 952 1631 968 ¹⁷
1646 961 1654 978 :
1675 952 1762 980 «Sine
1784 960 1832 980 me

1059 998 1132 1025 nihil
1150 998 1269 1034 potestis
1292 998 1396 1025 facere.
1415 1008 1428 1023 »
1446 999 1478 1025 Et
1501 998 1521 1015 ¹⁸
1537 1007 1543 1025 ι
1563 1008 1577 1024 ιι
1591 1000 1634 1025 An
1650 998 1832 1033 experimen-

1059 1047 1120 1071 tum
1135 1045 1197 1079 ejus
1210 1045 1348 1080 quaeritis,
1365 1044 1455 1080 quiin
1472 1052 1518 1072 me
1533 1044 1664 1079 loquitur
1679 1044 1807 1072 Christus
1817 1045 1831 1071 ⁵?

1059 1092 1090 1117 Et
1105 1091 1124 1107 ¹⁹
1140 1100 1148 1117 .·
1166 1100 1180 1116 (ι
1195 1091 1298 1118 Omnia
1313 1099 1433 1126 possum
1456 1090 1486 1117 in
1509 1098 1556 1123 eo,
1579 1089 1629 1125 qui
1646 1098 1692 1117 me
1717 1089 1831 1117 eonfor-

1058 1139 1134 1163 tat.»
1163 1138 1200 1163 De
1220 1136 1377 1164 dilectione
1399 1136 1499 1171 patris,
1520 1144 1579 1171 qua
1603 1135 1699 1170 diligit
1713 1135 1829 1170 Filium,

1057 1183 1132 1210 inl'ra
1147 1182 1168 1198 ¹⁰
1185 1192 1210 1209 2«
1222 1183 1298 1210 Sicut
1307 1183 1405 1210 dilexit
1417 1191 1462 1209 me
1470 1184 1561 1216 Pater,
1577 1184 1604 1209 et
1619 1190 1674 1217 ego
1689 1181 1782 1217 diligo
1794 1182 1829 1218 (b)

1058 1237 1120 1256 vos.
1131 1239 1144 1254 n
1162 1229 1213 1256 ubi
1229 1229 1340 1256 (licetur
1359 1229 1396 1256 de
1411 1229 1476 1256 hoc.
1494 1230 1525 1256 Et
1538 1231 1607 1256 nota
1623 1228 1660 1256 de
1675 1229 1732 1256 hoc
1746 1229 1829 1264 quod

1058 1275 1097 1302 ait
1111 1284 1116 1302 :
1128 1277 1175 1302 Ira
1190 1277 1239 1302 Dei
1256 1279 1345 1302 manet
1358 1283 1436 1309 super
1459 1283 1527 1308 eum,
1539 1274 1621 1310 quod
1640 1276 1682 1302 est
1701 1275 1830 1310 quadru-

1058 1321 1125 1356 plex
1140 1321 1183 1348 ira
1197 1321 1243 1348 Dei
1259 1330 1265 1348 z
1282 1321 1330 1348 vel
1344 1324 1440 1348 reatus
1453 1321 1546 1356 culpae
1561 1320 1728 1354 originalis,
1743 1323 1830 1356 prout

1059 1367 1169 1394 dictum
1184 1370 1243 1401 est;
1259 1367 1304 1394 vel
1333 1367 1440 1394 dicitur
1467 1367 1510 1394 ira
1534 1366 1582 1394 Dei
1597 1366 1707 1394 ablatio
1723 1366 1829 1395 divinae

1059 1414 1257 1448 castigationis
1264 1416 1384 1448 propter
1395 1413 1622 1440 obstinationem
1632 1413 1828 1448 peccantium,

1059 1462 1086 1486 et
1112 1459 1243 1487 dimissio
1270 1467 1372 1486 eorum
1389 1459 1419 1486 in
1440 1459 1566 1494 peccatis
1581 1459 1602 1476 ²¹
1622 1468 1628 1486 :
1649 1469 1661 1485 «
1674 1459 1828 1487 Auferetur

1059 1505 1138 1532 zelus
1152 1514 1235 1532 meus
1245 1513 1262 1532 a
1272 1508 1309 1539 te,
1325 1505 1486 1540 quiescam,
1495 1505 1665 1532 necirascar
1672 1505 1825 1540 amplius.»

1059 1553 1122 1578 Haec
1149 1552 1226 1578 enim
1246 1553 1292 1579 est
1321 1559 1430 1586 magna
1456 1551 1499 1578 ira
1527 1550 1595 1584 Dei,
1622 1551 1744 1587 quando
1767 1559 1828 1579 non

1060 1598 1179 1632 castigat
1194 1599 1314 1633 peccata
1335 1597 1532 1632 temporaliter
1553 1597 1592 1624 ob
1607 1596 1749 1624 demerita
1763 1605 1827 1633 pec-

1060 1645 1198 1677 cantium,
1210 1646 1241 1670 ut
1252 1644 1328 1677 juste
1343 1643 1501 1678 puniantur
1511 1642 1684 1670 aeternaliter
1698 1643 1719 1659 ²²
1730 1644 1828 1670 :«N0n

1060 1690 1184 1717 visitabo
1211 1697 1299 1725 super
1326 1689 1402 1716 filias
1430 1692 1540 1715 vestras
1551 1710 1559 1722 ,
1586 1697 1654 1716 cum
1678 1688 1828 1716 fornicatas

1059 1736 1176 1764 fuerint.
1189 1745 1202 1762 »
1218 1738 1250 1763 Et
1265 1735 1360 1763 estira
1377 1735 1424 1762 Dei
1439 1735 1596 1769 flagellatio
1618 1737 1745 1770 paternae
1762 1743 1826 1763 cor-

1060 1783 1200 1819 reptionis
1214 1782 1236 1799 ²³
1252 1792 1259 1808 :
1278 1792 1291 1808 α
1305 1785 1377 1810 Cum
1398 1782 1486 1809 iratus
1504 1781 1604 1815 fueris,
1625 1781 1832 1809 misericordiae

1060 1829 1263 1856 recordaberis
1280 1837 1286 1855 :
1303 1838 1316 1854 »
1332 1828 1352 1844 ‘³²
1375 1838 1387 1853 «
1403 1829 1494 1861 Quem
1523 1827 1601 1854 enim
1627 1827 1722 1862 diligit
1750 1829 1832 1861 Deus,

1061 1875 1190 1910 corripit.
1217 1886 1228 1899 n
1254 1876 1322 1902 item
1349 1876 1390 1902 est
1410 1875 1454 1901 ira
1480 1873 1539 1906 Dei,
1564 1873 1702 1908 irrogatio
1717 1875 1831 1902 aeternae

1062 1921 1259 1948 damnationis
1274 1922 1293 1937 ²⁵
1309 1930 1333 1948 z«
1350 1921 1413 1947 xidi
1429 1920 1532 1955 spiritu
1545 1920 1594 1946 irae
1610 1920 1672 1954 ejus
1687 1928 1748 1947 esse
1760 1928 1830 1947 con-

1062 1970 1203 2003 sumptos.
1219 1979 1232 1993 )ι
1253 1970 1283 1994 Et
1297 1967 1317 1984 ²⁶
1335 1977 1340 1993 :
1360 1977 1373 1992 a
1392 1968 1482 1994 Iratus
1502 1968 1543 1992 est
1562 1969 1664 1993 contra
1685 1974 1732 1993 me
1750 1966 1832 1994 furor

1062 2014 1133 2048 ejus.
1150 2025 1162 2039 »
1176 2016 1231 2041 Nee
1245 2013 1422 2047 intelligatur
1437 2012 1536 2047 aliqua
1546 2012 1706 2040 commotio
1718 2020 1736 2040 a
1749 2015 1831 2047 parte

1063 2062 1110 2087 Dei
1123 2081 1131 2094 ,
1148 2069 1215 2087 cum
1241 2060 1346 2087 dicitur
1371 2059 1465 2092 irasci,
1480 2058 1550 2093 quia
1567 2068 1580 2083 (ι
1594 2058 1638 2085 ira
1653 2058 1700 2085 Dei
1715 2066 1775 2086 non
1790 2062 1832 2087 est

1063 2108 1124 2142 ojus
1138 2108 1329 2142 perturbatio,
1355 2106 1407 2133 sed
1430 2105 1591 2140 judicium,
1607 2113 1667 2140 quo
1686 2105 1831 2140 irrogatur

1062 2162 1150 2189 poena
1170 2156 1302 2189 peccato,
1313 2163 1325 2178 n
1345 2153 1384 2180 ait
1401 2152 1578 2186 Angusssinus
1591 2151 1611 2167 ²⁷
1625 2159 1631 2177 :
1651 2160 1664 2175 (ι
1677 2153 1707 2178 Et
1719 2151 1772 2178 ista
1786 2152 1830 2179 ira

1063 2201 1115 2226 erit
1129 2200 1160 2226 in
1177 2200 1289 2234 judicio
1304 2198 1507 2234 implacabilis.
1525 2207 1537 2222 >³
1552 2199 1573 2215 ²⁸
1590 2207 1603 2222 u
1615 2198 1697 2225 zelus
1710 2201 1737 2225 et
1751 2198 1831 2225 furor

1062 2246 1115 2273 viri
1145 2254 1204 2272 non
1228 2248 1326 2281 parcet
1348 2246 1377 2272 in
1393 2246 1440 2273 die
1466 2246 1613 2273 vindictae.
1636 2256 1649 2272 ι»
1675 2245 1744 2273 ldeo
1768 2246 1832 2272 orat

1062 2293 1229 2327 Propheta⁹
1247 2302 1253 2319 :
1273 2302 1286 2317 «
1307 2292 1441 2326 Domine,
1471 2300 1505 2319 ne
1529 2292 1560 2319 in
1586 2292 1684 2320 furore
1708 2294 1758 2319 tuo
1786 2298 1831 2318 ar-

1063 2346 1135 2373 guas
1149 2346 1207 2372 me,
1222 2349 1235 2364 »
1253 2341 1304 2365 etc.

1063 2406 1081 2418 ¹⁴*
1094 2404 1168 2433 Aug,
1184 2403 1225 2426 ubi
1240 2410 1306 2433 sup„
1321 2410 1346 2427 n.
1363 2404 1399 2426 10.
1411 2416 1441 2420 -
1456 2404 1474 2418 ¹7
1487 2403 1543 2433 tufi,
1558 2408 1599 2431 xv,
1616 2404 1638 2426 5.
1652 2415 1681 2419 -—
1696 2402 1715 2418 ¹⁸
1728 2402 1746 2425 ll
1762 2402 1829 2432 Corn,

1063 2444 1124 2467 xm,
1148 2442 1169 2462 3.
1194 2451 1220 2454 -
1241 2439 1258 2454 ¹*
1279 2438 1382 2468 Pliilap„
1404 2444 1439 2466 iv,
1461 2440 1499 2461 13.
1521 2451 1549 2455 —
1567 2438 1589 2454 ²⁰
1610 2438 1667 2466 lus.,
1690 2443 1732 2465 xv,
1756 2439 1779 2461 9.
1800 2450 1830 2455 —

1062 2474 1082 2488 '²¹
1102 2474 1198 2501 Eum-11„
1221 2480 1277 2503 xri,
1299 2476 1336 2496 42.
1360 2487 1390 2491 —
1409 2474 1428 2489 ²²*
1444 2474 1507 2501 ose„
1528 2479 1563 2502 w,
1585 2475 1622 2497 34.
1644 2485 1669 2489 —
1691 2472 1709 2486 '¹³
1727 2472 1829 2502 Hebae„

1063 2511 1188 2538 111,{3.—
1203 2509 1222 2524 2⁸
1241 2511 1426 2537 V1·ov.‚111‚l·.‘.
1441 2521 1469 2525 —
1486 2509 1505 2524 ²⁵
1518 2508 1569 2533 Joh.
1587 2513 1619 2536 iv,
1638 2509 1660 2531 9.
1673 2520 1702 2524 -
1717 2508 1737 2523 ²⁰
1755 2507 1828 2538 ibid„

1061 2549 1115 2572 xix,
1134 2546 1168 2567 11.
1184 2557 1213 2561 -
1228 2544 1247 2560 ²¹¹
1262 2546 1335 2574 Aug,
1348 2544 1377 2566 de
1394 2544 1469 2566 Ca'vit.
1489 2543 1542 2572 Dei,
1557 2542 1599 2566 lib.
1617 2543 1670 2573 XV,
1687 2550 1709 2566 c.
1725 2548 1784 2567 xxv.
1798 2556 1829 2560 —

1061 2578 1080 2593 ²⁸
1095 2579 1177 2608 Pron,
1193 2585 1228 2608 vi,
1244 2581 1280 2603 34.
1297 2592 1327 2597 —
1345 2580 1363 2593 ²⁹
1378 2578 1446 2602 Psal.
1464 2584 1498 2608 Vl,
1515 2580 1537 2601 2.

1093 2621 1127 2650 (a)
1145 2624 1204 2645 ίάἰ.
1220 2622 1278 2645 edit.
1294 2622 1383 2645 sciens.
1399 2634 1428 2638 -
1443 2619 1473 2649 (h)
1494 2620 1564 2650 Vulq.
1580 2620 1694 2645 dilexit...
1711 2620 1796 2645 dilexi.

1866 1283 1900 1302 Ira
1911 1282 1951 1303 Dei

1852 1312 1946 1339 quadru-

1849 1343 1908 1370 plez.
