1987 3032
223 194 281 222 430
746 186 954 219 EVANGELH
979 186 1115 218 SANCTI
1137 187 1298 218 JOANNlS

223 257 338 290 rantiae,
357 256 405 283 vel
426 254 619 288 infidelitatis,
646 261 735 289 supra
757 255 764 270 ¹
794 263 799 281 z
829 264 842 278 ιι
856 253 994 280 Tenebroe

223 310 283 330 non
304 301 604 338 comprehenderun13
621 310 634 325 »
656 299 703 327 vel
718 299 845 327 tenebrze
859 299 994 333 malignae

223 349 404 377 odiositatis'2
422 358 428 376 z
444 359 456 374 ιι
468 349 520 381 Qui
536 348 598 375 odit
622 346 739 374 fratrem
755 354 858 380 suum,
874 346 904 372 in
919 349 995 373 tene-

223 396 284 423 bris
311 395 444 423 ambulat
459 404 465 421 ε
493 396 521 421 ct
550 393 613 420 tatis
637 393 746 427 nescit,
776 400 836 428 quo
863 392 960 419 vadat.
978 403 990 416 n

224 442 347 475 Quando
368 441 446 468 enim
464 439 556 467 credit
570 439 742 466 antecedere
752 460 759 472 ,
775 438 937 474 aliquando
952 447 994 466 rc-

224 487 361 521 troeedit;
371 487 418 514 vel
430 486 551 522 quando
562 485 685 513 aestimat
697 485 846 513 declinare
854 485 892 512 ad
903 493 994 512 unum

224 535 315 568 latus,
331 533 369 560 ad
385 532 466 560 aliud
482 532 571 559 vadit.
588 533 598 548 ³
616 542 629 556 ιι
645 533 675 559 111
691 531 817 559 tenebris
832 531 995 559 ambulavi-

224 588 304 614 mus,
320 579 506 615 palpavimus
520 579 592 606 sicut
608 578 676 605 caeci
690 578 832 613 parietem
843 598 852 610 ,
868 588 881 602 »
899 580 951 604 etc.

260 628 292 653 Et
303 626 434 661 sequitur
448 624 577 652 secunda
586 624 745 660 particula,
761 623 869 651 scilieet
884 623 997 650 absces-

225 674 267 701 sio
282 672 384 700 Christi
399 672 437 699 ab
460 671 515 704 eis,
541 671 601 698 sive
617 670 782 698 absconsio.
809 671 871 697 lIaec
894 671 997 696 Iocutus

225 722 261 746 est
276 720 364 752 Jesus,
390 721 414 744 et
437 719 523 751 abiit,
545 720 569 744 et
586 717 723 744 abscondit
746 724 790 750 se,
805 724 864 743 uon
886 716 924 743 ab
940 716 995 749 eis,

225 765 275 800 qui
290 764 391 792 videre
410 766 438 791 ct
461 763 582 798 diligere
605 765 770 797 coeperant,
793 764 820 790 et
840 762 890 797 qui
908 762 997 789 ramis

224 811 405 846 palmarum,
427 812 454 837 et
474 809 612 837 laudibus
635 809 755 836 obviam
776 810 928 841 venerant,
945 808 997 835 sed

225 857 351 890 abillis,
371 856 421 891 qui
445 855 601 889 videbant,
627 857 654 882 et
677 854 865 888 invidebant,
887 857 940 882 etc.
965 855 997 880 Ec

224 903 377 935 abscondit,
397 910 500 930 eorum
514 901 718 936 indignitatem
733 901 906 934 osteuden53
924 900 998 928 sicut

223 957 313 984 supra
336 948 469 976 similest:
501 958 514 973 «
538 947 698 975 Abscondit
722 955 769 981 se,
795 949 822 974 et
848 947 936 974 exivit
960 946 997 973 de

223 995 345 1031 templo.
360 1005 372 1020 υ
391 996 422 1022 Et
435 995 491 1022 hoc
504 995 618 1028 merito,
631 994 701 1029 quia
711 995 751 1029 (v.
768 995 811 1028 37)
826 1003 832 1020 :
847 994 909 1020 Cam
920 996 997 1020 tanta

222 1044 300 1076 είῃηα
313 1043 427 1075 fecisset,
443 1049 495 1068 non
509 1040 646 1068 credebant
670 1042 700 1067 in
721 1049 796 1067 eum:
815 1041 842 1067 et
857 1040 924 1067 ideo
940 1048 997 1067 me-

223 1089 278 1116 rito
293 1090 376 1116 erant
394 1087 508 1122 indigni
527 1087 680 1123 praesentia
703 1087 783 1121 ejus,
804 1089 831 1114 ct
851 1086 996 1114 doctrina.

225 1136 255 1162 Et
269 1135 325 1162 hoc
343 1135 380 1167 (v.
399 1134 453 1169 38),
465 1137 493 1160 ut
509 1141 592 1160 sermo
606 1135 684 1160 Isaioe
699 1134 908 1167 adimpleretur,
921 1141 997 1166 quem

225 1181 299 1208 discit
310 1182 319 1197 ⁵
336 1190 343 1208 ι
362 1182 483 1213 Domine,
506 1182 565 1214 quis
590 1179 705 1206 credidit
722 1179 831 1206 αιιιίίιιιί
847 1182 954 1212 nostro,
973 1181 998 1205 et

226 1228 361 1254 brachium
384 1228 489 1254 Domini
511 1228 556 1252 cui
580 1227 726 1252 revelatum
750 1229 787 1252 esc
801 1228 814 1251 Y
840 1226 890 1252 Per
915 1224 998 1260 quod

225 1273 312 1300 Filius
326 1272 492 1307 unigenitus
513 1272 654 1306 signatur,
670 1274 701 1298 ut
719 1271 757 1298 ait
772 1271 950 1305 Augustinus
964 1272 973 1286 a
990 1280 996 1297 :

228 1330 240 1345 ιι
249 1321 310 1355 lpse
326 1319 404 1346 enim
416 1320 458 1346 est
470 1318 624 1345 brachium
636 1317 760 1351 Domini,
776 1325 828 1352 per
843 1317 926 1352 quod
935 1325 997 1344 om-

225 1367 274 1394 nia
287 1366 362 1394 facta
375 1367 455 1399 sunt,
465 1375 478 1390 »
497 1372 585 1399 supra
596 1363 616 1390 ⁷.
636 1374 649 1389 ιι
660 1364 738 1390 Sicut
752 1363 831 1390 enim
844 1363 999 1390 brachium

224 1415 307 1440 tuum
324 1414 366 1439 est
385 1419 439 1447 per
454 1410 536 1447 quod
551 1410 698 1446 operaris,
720 1409 761 1437 sic
777 1409 826 1436 Dei
845 1409 999 1436 brachium

223 1462 265 1487 est
278 1459 406 1486 Verbum
422 1467 428 1485 :
444 1458 454 1474 ⁸
474 1465 528 1484 nec
553 1459 649 1484 tamen
675 1455 830 1484 brachium
844 1455 917 1482 illud
932 1463 999 1490 por-

224 1508 334 1533 rectum
354 1503 533 1537 extenditur,
557 1510 610 1529 nec
634 1502 789 1529 collectum
808 1501 998 1535 contrahitur,

223 1552 297 1579 sicut
310 1550 475 1583 brachium,
491 1548 573 1584 quod
588 1550 629 1575 est
643 1547 776 1583 corporis
791 1547 969 1581 membrum,
982 1557 994 1571 »

224 1597 386 1625 secundum
401 1595 603 1630 Augustinum.
620 1595 630 1610 θ
643 1604 656 1619 ιι
665 1593 822 1620 Brachium
832 1593 894 1627 ejus
905 1593 999 1619 domi-

225 1643 352 1671 nabitur.
369 1653 382 1668 »
404 1644 434 1670 Iu
458 1641 580 1669 brachio
597 1648 668 1675 ergo
684 1640 815 1674 signatur
831 1639 934 1673 Filius,
951 1647 996 1666 ra-

225 1691 303 1718 tione
317 1689 466 1726 potestatis
481 1691 508 1715 et
522 1687 648 1720 virtutis,
665 1689 692 1714 et
705 1686 817 1713 ratione
832 1685 997 1712 indivisibi-

225 1737 311 1765 litatis
326 1745 343 1764 a
358 1738 455 1769 Patre,
471 1737 503 1761 ut
521 1734 631 1761 dictum
647 1735 698 1760 est.
724 1734 756 1760 Et
775 1732 844 1767 quia
860 1732 972 1759 dixerat
990 1741 996 1758 :

227 1785 292 1817 Quis
313 1783 430 1810 credidit
459 1781 590 1808 auditui?
606 1780 690 1815 quasi
714 1779 813 1806 dieat:
832 1778 935 1812 Pauci,
950 1778 998 1805 vel

179 1859 182 1862 ,
227 1830 319 1864 nulli,
334 1829 433 1857 subdit
448 1828 486 1864 (v.
499 1828 540 1861 39)
559 1836 565 1854 :
582 1828 726 1861 Propterea
740 1834 792 1852 non
807 1828 930 1860 poterant
945 1833 998 1851 cre-

229 1877 307 1904 dere:
324 1877 494 1910 qut‘aiterwn
510 1874 583 1900 discit
599 1872 619 1889 ¹⁰
635 1874 672 1907 (v.
690 1874 731 1904 40)
747 1881 752 1898 :
771 1873 922 1899 Eaecoecavtt
937 1879 998 1898 ocu—

229 1924 265 1950 Ios
278 1930 381 1956 eorum,
395 1928 456 1948 non
472 1918 668 1946 illuminando
688 1918 800 1945 lumine
815 1917 899 1950 fidci3
917 1920 940 1944 et
956 1919 998 1944 z'n-

227 1969 337 1996 duravit
349 1975 408 2002 cor,
420 1967 451 1994 in
467 1965 574 1993 duritia
587 1964 796 2000 permittendo,
811 1966 839 1990 uc
854 1971 906 1990 non
921 1965 998 1990 intel-

227 2016 313 2049 ligant
329 2014 418 2047 eorde,
435 2012 542 2040 seilicet
564 2011 711 2038 intellectu
732 2010 896 2044 credend05
921 2012 944 2036 et
968 2013 997 2036 uc

227 2069 279 2088 non
291 2062 488 2092 convertantur,
499 2058 604 2085 affectu
617 2065 645 2084 se
656 2056 840 2091 colligendo,
855 2058 882 2083 et
896 2063 998 2083 aman-

229 2107 282 2141 do,
299 2109 323 2133 et
337 2113 427 2132 sanem
445 2113 502 2138 eos,
517 2103 625 2131 scilicet
640 2103 742 2130 efl'ectu
752 2123 759 2136 ,
781 2102 882 2135 donis,
899 2104 926 2128 et
941 2102 998 2128 vir-

228 2153 337 2181 tutibus
352 2151 542 2188 perficiendo.
559 2152 591 2177 Et
610 2150 648 2185 (v.
664 2148 709 2184 41)
734 2150 779 2175 hoc
798 2148 871 2175 dixit
893 2149 996 2182 Isaias,

228 2200 333 2234 quando
343 2199 414 2226 vidit
431 2199 543 2231 glorium
556 2197 612 2230 eius
626 2205 632 2222 ι
651 2195 669 2212 ¹¹
687 2195 770 2222 «Vidi
784 2194 940 2222 Dominum
953 2203 998 2221 se—

230 2247 346 2273 dentem
361 2252 448 2280 super
463 2243 571 2270 solium
585 2241 742 2270 excelsum.
756 2251 768 2267 »
781 2242 816 2268 Et
830 2242 882 2267 hoec
897 2241 998 2268 loculus

231 2295 267 2320 est
281 2293 313 2319 de
328 2300 355 2319 eo
372 2290 420 2326 (a),
441 2290 550 2317 scilicet
567 2288 747 2324 prophetice.
771 2287 826 2314 Sed
847 2287 999 2322 quaeritur,

232 2339 355 2374 qualiter
369 2338 408 2365 ait
422 2346 428 2364 :
445 2337 597 2363 Eaecoecavit
608 2336 694 2362 oculos
710 2341 798 2361 eoram
807 2354 815 2367 ,
827 2336 851 2360 et
864 2341 915 2360 non
925 2337 999 2368 pote-

264 2409 354 2438 ¹Sup.‚
369 2414 387 2437 1,
403 2409 425 2431 5.
441 2420 470 2424 —
486 2407 494 2421 '²
511 2407 516 2429 1
533 2407 657 2435 Jorm.‚11‚
674 2406 711 2428 11.
729 2417 754 2420 —
771 2404 779 2417 ³
794 2404 998 2432 Is11.‚th‚!l,-

233 2445 242 2460 b
257 2446 330 2474 sup„
355 2449 412 2472 xiii,
437 2444 474 2466 59.
497 2455 527 2459 —
550 2442 559 2457 ⁵
580 2442 639 2469 lsa.,
663 2445 724 2468 Lux,
745 2441 765 2463 1.
789 2452 813 2455 —
840 2438 849 2452 ¹⁵
872 2440 947 2469 Aug„
973 2440 998 2462 ιἰι

233 2481 313 2508 doum,
332 2480 404 2501 tract.
426 2483 487 2507 Liu,
511 2484 535 2499 u.
557 2478 579 2499 2.
601 2488 631 2493 -
650 2477 657 2490 ⁷
673 2476 746 2504 Sup.,
769 2480 792 2502 1,
813 2475 836 2496 3.
854 2486 879 2490 —
896 2474 904 2487 ¹⁵
923 2475 998 2503 Aug,

233 2515 304 2544 thid„
320 2520 345 2537 n.
361 2514 384 2536 3.
398 2525 426 2529 -
442 2514 450 2525 ¹⁸
467 2513 523 2541 lxo.⁷
541 2518 585 2540 11.,
603 2513 639 2534 tu.
656 2523 681 2527 —
700 2510 718 2526 ¹⁰
735 2509 806 2537 thid.,
823 2514 856 2538 vt,
876 2510 899 2538 9,
917 2510 953 2532 10.
969 2521 998 2525 —

235 2552 252 2567 ¹¹
275 2549 346 2579 ibid„
367 2551 386 2572 1.
404 2561 433 2564 —
457 2548 474 2562 '²
494 2547 559 2575 Luc,
579 2551 656 2575 xviii,
674 2546 710 2568 19.
726 2557 755 2561 -—
777 2543 795 2560 ¹³
809 2546 884 2574 Aug„
905 2543 997 2566 dediv-

235 2587 325 2616 Quoesl.
348 2583 509 2610 LXXXXIII,
531 2589 555 2612 q.
577 2588 615 2605 111.
636 2594 661 2597 —
688 2581 705 2596 ¹⁵
728 2579 786 2610 Joh,
806 2585 894 2610 xxxiv,
914 2580 954 2603 25.
968 2592 998 2596 -—

235 2622 255 2637 ¹⁸
269 2622 355 2650 Greg.,
370 2618 471 2643 Moral.v
488 2617 529 2640 tib.
547 2622 604 2643 xxia
620 2622 642 2639 c.
659 2621 693 2644 ix,
709 2622 734 2638 n.
748 2616 786 2638 24.
801 2627 832 2632 ——
846 2614 864 2630 ¹⁶
878 2615 953 2644 Aug„
969 2613 998 2637 de

1048 256 1110 280 runt
1136 253 1258 280 credere?
1284 254 1311 281 Si
1341 253 1419 280 enim
1442 260 1503 281 non
1523 255 1658 289 poterant
1681 253 1813 288 credere,

1048 306 1118 334 ergo
1133 307 1193 327 non
1207 299 1261 326 fuit
1282 299 1322 327 eis
1341 299 1560 335 imputandum,
1577 300 1659 335 quod
1679 307 1739 328 non
1753 307 1815 328 ere·

1049 345 1167 373 debant.
1186 347 1255 373 ltem
1277 346 1420 381 quamdiu
1443 349 1484 374 est
1508 346 1599 373 homo
1621 346 1651 374 in
1671 346 1734 379 via,
1755 346 1817 374 sive
1851 372 1858 376 .

1049 392 1153 425 viator,
1169 391 1258 419 habet
1271 391 1435 419 libertatem
1452 392 1578 424 arbitrii,
1598 395 1626 419 et
1646 394 1818 428 potestatem

1050 437 1249 466 consentiendi
1265 437 1363 472 gratiae
1379 447 1384 464 :
1402 440 1429 465 et
1451 438 1490 466 ita
1508 441 1537 465 ut
1552 438 1642 474 prius.
1660 440 1729 466 item
1741 445 1819 473 qum-

1049 484 1121 511 ritur
1136 483 1171 510 de
1185 484 1258 516 hoe,
1273 483 1355 518 quod
1369 483 1409 510 ait
1425 492 1432 510 2
1452 485 1604 512 Eaecoecavit
1619 486 1705 512 oculos
1719 491 1817 512 eorum.

1050 529 1161 557 Nullius
1177 529 1256 556 enim
1279 529 1449 564 privationis
1469 530 1542 558 Deus
1561 533 1603 558 est
1617 538 1726 558 causa:
1749 537 1818 564 ergo

1051 584 1104 603 nec
1124 575 1334 604 excaecationis
1360 578 1428 603 Item
1454 576 1504 603 lux
1529 577 1670 604 naturalis
1694 584 1754 604 non
1778 579 1821 604 est

1051 630 1139 650 causa
1162 622 1410 650 obtenebrationis
1426 632 1432 650 ε
1449 622 1540 650 multo
1555 623 1653 650 minus
1672 623 1724 652 lux
1737 623 1822 660 spiri-

1051 669 1137 697 tualis
1153 671 1227 696 esset
1246 677 1335 696 eausa
1354 669 1563 697 excaecationis.
1585 670 1653 697 item
1672 670 1820 705 quaeritur,

1052 715 1177 751 qualiter
1201 715 1240 743 ait
1261 725 1267 742 z
1294 716 1439 743 Indumvi'e
1461 724 1504 742 cor
1523 724 1626 748 eorum,
1653 723 1720 743 eum
1741 716 1822 744 solus

1053 763 1126 789 Deus
1145 762 1180 789 sit
1194 762 1290 789 bonus
1311 761 1329 777 ¹³
1354 771 1359 788 :
1379 771 1392 787 «
1415 763 1504 789 Nemo
1527 762 1641 795 bonus,
1667 762 1723 790 nisi
1745 762 1823 790 solus

1053 809 1135 835 neus.
1152 820 1164 832 υ
1186 810 1260 843 Ergo
1276 816 1364 835 nemo
1380 808 1412 834 fit
1435 808 1518 843 pejor
1538 810 1596 836 Deo
1615 808 1757 836 efficiente
1778 816 1823 836 se—

1052 854 1183 881 eundum
1212 854 1406 888 Augustinum
1430 854 1460 882 ¹³.
1485 854 1540 882 Sed
1569 854 1755 882 induratione
1792 854 1824 883 fit

1052 900 1142 927 homo
1158 901 1239 935 pejor
1253 910 1259 927 ε
1277 909 1346 934 ergo
1364 908 1423 927 uon
1438 902 1480 927 est
1493 908 1510 927 a
1526 902 1593 928 Deo.
1610 902 1642 928 Et
1656 901 1694 928 ad
1710 901 1764 928 ista
1776 908 1823 928 re-

1052 946 1261 981 spondendum
1275 949 1334 980 cst,
1351 946 1432 982 quod
1448 947 1601 974 excaecatio
1618 950 1646 974 et
1665 947 1823 975 obduratio

1053 992 1188 1020 dicuntur
1203 1001 1264 1020 esse
1279 1001 1296 1020 a
1310 995 1367 1020 Deo
1383 1001 1443 1020 non
1459 993 1604 1028 effective,
1620 993 1673 1020 sed
1686 992 1824 1021 dicuntur

1053 1047 1114 1066 esse
1129 1047 1146 1066 a
1161 1041 1232 1073 Deo,
1250 1039 1320 1074 quia
1334 1047 1394 1066 non
1409 1039 1460 1066 dat
1469 1039 1594 1073 gratiam
1607 1039 1824 1067 illuminantem

1052 1087 1080 1113 et
1094 1085 1274 1113 mollientem
1293 1085 1312 1100 ¹¹*
1335 1094 1340 1111 :
1361 1094 1374 1111 ιι
1390 1085 1502 1113 inducit
1525 1088 1656 1120 noctem,
1679 1088 1707 1113 et
1725 1088 1823 1114 conte-

1052 1135 1161 1160 rentur.
1176 1142 1188 1157 »
1205 1132 1246 1159 tbi
1262 1132 1280 1148 ¹³
1299 1143 1312 1157 ιι
1325 1132 1463 1160 inducere
1479 1134 1593 1160 noctem
1609 1132 1714 1160 dicitur
1729 1132 1824 1160 Domi-

1053 1186 1107 1206 nus
1122 1186 1181 1206 non
1197 1178 1279 1213 quod
1292 1178 1353 1213 ipse
1368 1179 1503 1206 tenebras
1517 1179 1630 1212 inserat,
1643 1178 1695 1206 sed
1706 1178 1776 1213 quia
1789 1178 1823 1213 (b)

1053 1225 1179 1252 obscura
1201 1224 1292 1252 corda
1315 1225 1500 1259 peccantium
1523 1224 1750 1252 misericorditer
1763 1232 1824 1252 non

1052 1270 1177 1298 illustrat
1193 1270 1237 1305 (c).
1255 1280 1267 1295 »
1288 1272 1319 1298 Et
1340 1271 1381 1298 ibi
1396 1271 1522 1298 multum
1538 1270 1575 1298 de
1590 1271 1657 1298 hoe.
1674 1270 1754 1298 Idem
1768 1272 1825 1298 Au-

1055 1317 1187 1351 gustinus
1203 1317 1223 1334 ¹⁶
1237 1326 1243 1343 :
1255 1326 1268 1342 ιι
1285 1318 1357 1344 Deus
1371 1317 1475 1344 dieitur
1485 1316 1578 1344 facere
1594 1316 1738 1349 tenebras,
1754 1316 1825 1351 quia

1054 1363 1154 1390 lumen
1169 1371 1229 1390 non
1245 1363 1311 1396 dat,
1334 1363 1381 1390 vel
1400 1363 1470 1398 quia
1490 1362 1586 1390 lucem
1607 1362 1740 1390 detrahit.
1755 1372 1768 1388 u
1793 1363 1825 1390 Et

1054 1417 1106 1444 per
1120 1409 1176 1436 hoc
1194 1409 1232 1436 ad
1248 1409 1328 1436 aliud
1344 1419 1349 1434 z
1367 1409 1472 1436 dicitur
1487 1409 1566 1436 enim
1581 1408 1719 1436 indurare
1730 1429 1739 1443 ‚
1755 1408 1825 1444 quia

1055 1463 1106 1482 cor
1120 1455 1282 1490 reprobum
1295 1455 1388 1489 gratia
1402 1463 1463 1482 nou
1481 1454 1593 1482 emollit
1604 1455 1624 1472 ¹⁷
1642 1464 1649 1482 :
1669 1465 1683 1480 ιι
1697 1455 1723 1482 Si
1735 1454 1826 1482 inclu—

1053 1501 1121 1528 serit
1145 1501 1315 1535 hominem,
1340 1501 1438 1528 nullus
1460 1504 1502 1528 est
1525 1501 1576 1536 qui
1601 1500 1722 1536 aperiat.
1742 1510 1754 1526 n
1781 1500 1825 1528 lbi

1053 1547 1208 1582 Gregorius
1224 1548 1244 1564 ¹⁸
1268 1556 1274 1574 2
1293 1557 1306 1572 «
1327 1548 1477 1575 lneludere
1500 1547 1547 1574 Dei
1572 1550 1614 1574 est
1636 1546 1742 1574 clausis
1763 1554 1824 1575 non

1054 1593 1177 1628 aperire.
1200 1604 1212 1617 »
1241 1595 1272 1621 Et
1298 1593 1446 1621 obdurare
1466 1601 1518 1628 per
1536 1593 1677 1627 justitiam
1705 1593 1824 1628 dicitur,

1054 1640 1175 1674 quando
1200 1648 1250 1667 cor
1272 1640 1432 1675 reprobum
1449 1647 1500 1674 per
1516 1639 1641 1674 gratiam
1656 1647 1715 1667 non
1733 1641 1826 1668 emol-

1053 1685 1085 1712 lit
1101 1685 1120 1701 ¹⁹
1135 1695 1141 1712 :
1154 1696 1167 1711 ιι
1183 1687 1242 1720 Ego
1257 1685 1403 1713 indurabo
1418 1686 1453 1720 (d)
1467 1693 1517 1713 cor
1532 1685 1603 1720 ejus.
1616 1696 1629 1710 »
1638 1686 1677 1711 ²⁰«
1685 1687 1759 1713 Deus
1771 1685 1826 1713 hu-

1051 1732 1099 1766 jus
1121 1732 1218 1759 saeculi
1241 1732 1397 1759 excaecavit
1420 1734 1531 1759 mentes
1556 1731 1760 1759 infidelium.»
1784 1732 1826 1759 lbi

1054 1778 1153 1805 Glossa
1167 1778 1203 1805 de
1219 1778 1262 1805 his
1281 1779 1355 1806 bene
1371 1787 1377 1804 :
1403 1788 1416 1804 «
1430 1779 1504 1805 Deus
1520 1778 1571 1813 qui
1585 1785 1646 1805 non
1660 1777 1756 1806 solum
1770 1777 1826 1806 bo-

1054 1832 1108 1851 nos
1126 1824 1215 1860 regit,
1237 1824 1289 1852 sed
1313 1824 1407 1852 malos
1426 1832 1480 1860 pro
1503 1824 1606 1852 merito
1624 1823 1793 1860 praeeipitat.
1808 1834 1822 1850 »

1055 1873 1085 1898 Et
1099 1871 1230 1906 sequitur
1245 1879 1251 1897 :
1272 1872 1305 1898 L‘c
1320 1879 1371 1897 non
1385 1871 1495 1898 videant
1513 1871 1560 1905 (e);
1578 1870 1661 1906 quod
1675 1877 1736 1897 non
1757 1869 1827 1898 facit

1054 1916 1181 1950 malitia,
1195 1917 1247 1944 sed
1258 1917 1379 1951 justitia.
1395 1918 1560 1950 Eoecoecavic,
1575 1916 1713 1952 inquam,
1728 1916 1826 1944 sinens

1053 1962 1148 1990 faeere
1164 1970 1214 1990 eos
1229 1963 1312 1998 quod
1326 1963 1439 1990 volunt.
1466 1965 1497 1990 Et
1515 1965 1593 1998 patet
1614 1970 1650 1990 ex
1664 1962 1749 1990 dictis
1761 1962 1826 1990 infi-

1055 2009 1167 2037 delium
1188 2010 1358 2044 excaecatio,
1377 2013 1405 2037 ct
1427 2009 1531 2037 merito
1546 2018 1606 2037 suae
1624 2009 1761 2046 nequitiae
1779 2009 1824 2037 in-

1055 2056 1185 2090 duratio,
1200 2058 1227 2083 ct
1242 2057 1272 2083 in
1286 2056 1344 2083 suis
1365 2056 1450 2084 malis
1471 2056 1629 2083 obstinatio
1644 2057 1666 2073 ²¹
1683 2065 1690 2083 :
1710 2065 1724 2081 ιι
1737 2056 1825 2091 Cujus

1054 2102 1117 2129 vult
1138 2102 1301 2136 miseretur,
1318 2105 1346 2130 et
1365 2110 1454 2138 quem
1473 2102 1536 2129 vult
1554 2101 1680 2130 indurat.
1693 2111 1706 2128 n
1729 2104 1761 2130 Et.
1777 2100 1799 2119 ’¹
1815 2111 1822 2130 :

1056 2158 1071 2174 «
1086 2150 1127 2176 Ex
1140 2151 1222 2184 parte
1236 2149 1356 2183 contigit
1372 2149 1482 2176 caeeitas
1495 2149 1526 2175 in
1542 2149 1643 2183 lsrael,
1655 2158 1669 2175 n
1681 2151 1734 2176 etc.
1745 2150 1778 2176 Et
1787 2148 1824 2176 de

1055 2194 1099 2222 his
1114 2195 1337 2230 Chrysostomus
1348 2194 1497 2227 ²³‚seilicet
1514 2205 1527 2220 «
1542 2194 1625 2230 quod
1641 2194 1730 2229 illud,
1741 2194 1824 2230 quod

1056 2240 1095 2267 ait
1115 2241 1216 2274 lsaias,
1242 2248 1303 2267 non
1326 2240 1442 2268 causale
1464 2243 1521 2275 est,
1543 2241 1596 2268 sed
1618 2243 1749 2268 eventus.
1770 2242 1824 2269 Ne-

1055 2295 1113 2322 que
1130 2288 1158 2322 (f)
1173 2286 1254 2321 dixit,
1272 2286 1307 2322 (9)
1322 2294 1383 2314 non
1397 2287 1598 2322 crediderunt,
1614 2287 1667 2315 sed
1683 2287 1825 2323 quoniam

1057 2360 1117 2383 Gen.
1139 2361 1203 2383 cont.
1226 2360 1344 2388 Manz‘eh„
1368 2360 1412 2383 lib.
1433 2360 1456 2390 Ι,
1475 2367 1501 2383 11.
1521 2362 1545 2390 7,
1567 2360 1650 2390 quoad
1666 2366 1779 2384 sensum.
1792 2372 1824 2377 —

1058 2395 1074 2410 ¹³
1090 2395 1148 2422 Job,
1172 2401 1223 2426 xii,
1247 2397 1284 2419 14.
1303 2408 1333 2412 —
1355 2396 1374 2411 *Β
1396 2396 1480 2426 Grcg.,
1503 2395 1604 2424 Marah,
1621 2396 1663 2419 lib.
1685 2396 1731 2425 M,
1752 2402 1775 2418 c.
1798 2400 1822 2424 V,

1055 2430 1086 2453 al.
1105 2436 1139 2460 ix,
1156 2437 1182 2454 n.
1203 2433 1237 2454 13.
1255 2444 1283 2448 -
1299 2431 1318 2446 ¹¹
1335 2431 1425 2460 End,
1447 2436 1492 2460 vu,
1507 2433 1528 2454 3.
1550 2444 1576 2448 -
1593 2431 1614 2447 ²⁰
1629 2432 1648 2454 ll
1664 2431 1732 2458 Corn,
1748 2435 1783 2458 iv,
1799 2431 1821 2453 4.

1056 2478 1085 2482 —-
1099 2466 1117 2480 ⁴³¹
1134 2466 1211 2495 Rom„
1226 2471 1262 2496 ix,
1279 2468 1315 2489 18.
1329 2479 1360 2482 —
1374 2466 1396 2482 ²²
1412 2466 1483 2494 thiat,
1499 2472 1535 2496 xi,
1551 2468 1588 2490 25.
1602 2479 1633 2482 —
1647 2465 1667 2480 ²³
1681 2465 1822 2496 Chrysost.‚

1056 2500 1097 2523 ubi
1112 2508 1179 2531 sun,
1194 2508 1220 2523 11.
1236 2502 1258 2524 2.

1087 2545 1120 2574 (α)
1134 2545 1197 2568 Caet.
1211 2545 1271 2569 edit.
1284 2545 1355 2568 deest
1367 2544 1396 2568 de
1407 2551 1444 2569 eo.
1454 2557 1483 2562 —
1496 2544 1528 2575 (b)
1543 2544 1583 2568 Al.
1599 2545 1676 2576 quod.
1693 2557 1719 2561 —
1736 2544 1765 2575 (c)
1779 2543 1821 2568 Al.

1054 2579 1168 2603 illustret.
1182 2593 1213 2598 —
1228 2581 1268 2611 (d)
1285 2580 1344 2604 Coet.
1360 2580 1419 2603 edit.
1440 2580 1579 2610 interrege.
1597 2593 1627 2598 —
1646 2581 1680 2611 (e)
1697 2581 1760 2604 ttem
1773 2586 1824 2603 cre-

1054 2614 1122 2639 dunt.
1137 2628 1167 2632 —
1182 2618 1215 2645 (s)
1230 2615 1319 2646 Suppl.
1336 2615 1395 2646 quia
1408 2615 1442 2639 id.
1456 2628 1486 2633 -
1499 2618 1533 2645 (9)
1549 2616 1636 2646 suppl.
1651 2616 1718 2640 ideo.

1979 1034 1987 1697 —.-„„—-.—————-—--.
