1987 3032
176 176 234 205 408
694 166 906 198 EVANGELII
930 164 1069 196 SANCTI
1093 165 1254 197 JOANNts

176 241 231 268 ista
252 239 414 267 infirmitas.
437 239 466 265 ln
488 239 590 265 Psalmo
611 238 617 253 ¹
635 245 641 263 z
666 247 677 258 «
698 234 752 268 Qui
773 233 948 270 propitiatur

176 286 315 314 omnibus
342 284 545 321 iniquitatibus
573 283 640 315 tuis,
664 292 676 306 n
703 281 811 308 scilicet
838 281 946 307 morta-

176 334 254 361 libus
274 342 280 360 :
301 343 314 359 ἰι
336 332 389 366 Qui
413 333 496 359 sanat
517 337 619 357 omnes
640 328 820 356 infirmitates
842 328 914 354 tuas.
931 337 943 352 »

176 382 246 408 Item
261 382 288 408 et
301 379 453 406 infirmitas
465 377 595 405 mortalis
610 377 709 412 culpa,
719 383 785 411 quse
797 374 904 402 occidit
913 375 923 391 ³
937 383 942 401 :

180 437 192 452 α
215 429 340 455 Juvenes
363 426 393 452 in
417 424 582 452 infirmitate
604 431 656 450 sua
681 422 796 449 cadent.
815 432 828 447 »
855 422 887 448 Et
910 421 946 448 de

176 473 307 509 utrisque
322 474 332 489 ³
344 482 350 499 ε
371 482 383 497 «
396 472 512 499 Auferet
525 470 663 498 Dominus
676 477 778 497 omnes
790 469 947 503 languores

176 523 252 554 tuos,
269 522 296 547 et
311 526 412 547 omnes
427 517 608 545 infirmitates
622 516 773 552 pessimas.
787 525 799 541 »
818 517 887 543 Item
907 517 948 542 cst

176 566 329 594 infirmitas
343 563 469 592 carnalis
482 562 724 598 concupiscentiae
739 569 904 597 aggravans
916 562 925 577 5
939 570 945 587 :

180 623 193 638 a
214 612 362 640 Infirmata
382 612 424 638 est
441 610 533 637 virtus
552 617 628 642 mea,
646 608 727 636 dedit
741 616 788 635 me
808 608 947 635 Dominus

177 659 206 686 in
234 666 325 686 manu
336 679 344 692 ,
366 657 402 685 de
432 665 491 692 qua
519 664 579 683 non
607 657 710 691 potero
739 662 902 689 resurgere.
932 664 944 680 n

176 706 186 720 ⁵
208 716 221 731 ιι
240 706 352 740 Corpus
372 703 461 738 enim,
481 702 563 739 quod
583 701 790 737 corrumpitur,
806 702 949 735 aggravat

177 751 317 779 animam.
334 762 346 775 ι)
363 752 433 778 Item
455 752 497 777 est
516 748 670 776 infirmitas
691 747 948 783 pusillanimitatis,

178 798 238 825 sive
254 797 430 825 modicitatis
442 796 512 823 fidei
527 796 536 812 ⁵
553 805 559 822 :
577 805 589 820 «
605 795 755 823 infirmum
770 794 799 821 in
815 794 874 821 fide
887 802 949 820 sus-

179 845 273 881 cipite.
288 855 301 871 »
320 846 350 872 Et
361 845 370 861 ⁷
386 853 392 871 ε
408 854 420 870 «
435 843 518 877 Quod
533 842 684 870 infirmum
698 841 761 875 fuit,
776 849 836 868 non
849 849 950 868 conso-

179 891 300 919 lidastis.
316 901 328 917 »
348 893 379 918 Et
393 891 428 917 de
444 889 611 917 infirmitate
626 888 749 924 peccati,
765 887 806 914 ihi
821 895 910 922 supra
920 888 929 901 ³
943 897 948 914 :

181 938 298 973 «Cujus
319 937 396 964 tilius
414 936 619 964 infirmabatur
641 934 857 970 capharnaum.
874 944 887 959 ι)
913 935 950 961 De

180 984 319 1020 mysterio
343 991 414 1011 vero
438 982 589 1017 unguenti,
612 981 642 1008 in
665 989 725 1017 quo
754 980 842 1008 Maria
868 980 951 1007 unxit

179 1031 270 1066 pedes
286 1030 411 1064 Domini,
426 1030 510 1057 infra.

216 1080 241 1105 3.
258 1079 290 1104 Et
310 1077 441 1112 sequitur
458 1076 509 1103 illa
532 1083 610 1110 pars,
634 1075 664 1101 in
688 1082 747 1110 qua
768 1074 950 1101 denuntiatio

179 1123 354 1151 infirmitatis
368 1122 512 1158 praedictae
527 1130 544 1149 a
558 1121 709 1148 sororibus
723 1121 778 1156 ipsi
794 1120 950 1155 Salvatori;

180 1173 207 1198 et
221 1171 271 1198 illa
291 1170 320 1197 in
336 1169 409 1196 duas
431 1179 436 1196 z
457 1169 566 1205 primo,
581 1168 767 1195 denunciatio
783 1167 838 1203 ipsi
853 1167 952 1194 Salva—

180 1217 249 1251 tori3
269 1216 411 1250 secundo,
428 1215 616 1243 denunciatio
638 1214 675 1241 ab
696 1214 767 1250 ipsis
791 1214 951 1249 discipulis,

180 1263 221 1291 ibi
236 1263 246 1278 ⁹
266 1273 272 1290 ;
290 1264 391 1291 Deinde
405 1263 527 1297 postlioec
543 1262 626 1295 dimit,
646 1262 698 1287 etc.
718 1262 748 1288 In
763 1260 859 1296 prima
874 1260 927 1287 tria
944 1269 949 1286 :

180 1310 287 1345 primo,
309 1309 372 1345 ipsa
395 1308 596 1341 denunciati0;
624 1307 770 1341 secundo,
795 1306 953 1334 Salvatoris

180 1357 344 1392 responsio,
357 1355 396 1383 ibi
409 1356 427 1371 ¹⁰
441 1365 446 1382 :
463 1355 596 1388 Audiens,
613 1356 678 1388 etc.;
695 1353 788 1387 tertio,
805 1362 895 1381 morae
907 1354 952 1389 ip-

180 1403 239 1430 sius
252 1403 281 1430 in
296 1403 374 1436 loco,
388 1402 418 1429 in
431 1409 491 1437 quo
507 1401 629 1434 audivit,
646 1400 835 1436 specificatio,
851 1401 891 1428 ibi
908 1401 925 1417 ¹¹
944 1411 949 1427 :

184 1451 216 1476 rt
231 1453 318 1476 aulem
334 1450 451 1481 audivit,
468 1450 521 1475 etc.
539 1450 569 1475 Et
583 1448 639 1475 hoc
655 1449 706 1481 est,
723 1447 806 1482 quod
821 1447 859 1475 ait
877 1457 882 1474 ι
900 1449 952 1474 Μί-

179 1499 269 1523 serunt
284 1503 395 1529 sorores,
411 1495 520 1522 scilicet
535 1495 667 1522 dolentes
683 1494 718 1520 de
735 1494 910 1527 intirmitate,
926 1497 953 1521 et

179 1544 328 1578 sperantes
352 1542 388 1569 de
409 1541 566 1569 Salvatore.
587 1542 652 1567 Ecce
670 1548 746 1575 quem
768 1548 852 1574 amas,
874 1542 951 1574 infir-

179 1591 285 1623 matum
307 1590 338 1615 ut
357 1588 396 1616 ait
414 1587 591 1623 Augustinus
607 1589 628 1604 ¹²
644 1596 651 1613 :
673 1597 685 1612 (ι
700 1588 763 1614 Non
779 1586 915 1614 dixerunt
944 1596 950 1614 z

179 1634 263 1669 Veni3
281 1635 389 1661 amanti
405 1634 483 1661 enim
499 1634 537 1669 (a)
553 1633 748 1660 nuntiandum
764 1633 826 1659 suit.
843 1632 952 1660 Sufficit

180 1681 268 1715 enim,
288 1683 319 1708 ut
344 1681 461 1708 noveris
482 1689 487 1707 :
511 1688 571 1707 non
596 1680 674 1707 enim
700 1687 791 1713 amas,
818 1682 844 1706 et
870 1681 952 1706 dese-

178 1728 228 1761 ris,
242 1737 254 1753 »
273 1729 326 1755 etc.
341 1729 378 1755 De
393 1728 457 1763 ipso
474 1728 551 1754 enim
569 1727 588 1743 ¹³
605 1735 610 1753 :
626 1736 638 1750 «
656 1729 714 1760 Ego
736 1726 889 1759 diligentes
903 1733 950 1753 me

177 1773 280 1808 diligo.
293 1785 306 1798 υ
322 1775 401 1807 Quae,
416 1774 455 1801 ait
468 1774 691 1809 Chrysostomus
706 1773 737 1807 ¹⁴,
756 1783 768 1798 «
784 1781 875 1808 quare
890 1780 950 1799 non

175 1820 357 1855 reliquerunt
374 1820 515 1847 fratrem?
536 1822 567 1847 Et
591 1828 681 1855 quare
711 1828 771 1846 non
795 1820 951 1847 adiverunt

175 1867 354 1894 salvatorem
374 1875 429 1902 pro
451 1866 541 1893 salute
562 1866 666 1899 fratris,
686 1866 759 1893 sicut
776 1866 841 1893 fecit
865 1875 951 1901 regu-

174 1912 220 1939 lus
233 1920 287 1948 pro
303 1913 395 1940 salute
406 1913 469 1946 filii,
483 1920 571 1948 supra
584 1913 612 1944 ¹⁵,
625 1915 651 1939 ct
662 1912 793 1939 centurio
807 1913 827 1929 ¹⁶
842 1921 894 1948 pro
906 1922 951 1941 sa-

175 1959 234 1986 lute
257 1960 356 1986 servi?
378 1959 496 1986 Videtur
520 1959 608 1992 enim,
629 1959 711 1994 quod
732 1959 839 1986 suerint
859 1959 949 1994 negli-

176 2008 276 2040 gentes
289 2005 326 2032 de
337 2005 431 2032 fratris
447 2005 550 2038 salute,
564 2007 590 2032 et
601 2006 687 2032 etiam
698 2008 947 2040 1‘›1·a³sunn‘›tuosa²,

177 2060 211 2079 ex
232 2059 292 2087 quo
314 2060 374 2078 non
395 2052 551 2079 adiverunt
570 2052 598 2078 in
621 2042 741 2087 propria
761 2060 887 2087 persona
911 2053 949 2079 ad

176 2098 366 2125 Salvatorem.
379 2109 391 2122 »
408 2100 438 2125 Et
449 2098 487 2125 ad
502 2098 578 2125 istud
593 2098 760 2133 respondet,
775 2098 856 2133 quod
876 2108 888 2123 «
903 2107 949 2124 ve-

176 2145 324 2171 hementer
350 2144 538 2171 confidebant
564 2144 600 2171 de
628 2144 752 2177 Christo,
772 2147 799 2171 et
826 2144 949 2171 multam

176 2190 325 2217 habebant
351 2190 388 2217 ad
410 2199 477 2217 eum
500 2190 737 2223 familiaritatem,
763 2193 790 2217 et
812 2190 949 2217 mulieres

177 2239 258 2263 erant
284 2237 416 2270 infirmae,
437 2238 464 2264 et
489 2236 695 2264 detinebantur
723 2245 740 2264 a
768 2237 858 2264 luctu.
886 2238 947 2264 Non

177 2289 258 2316 ergo,
278 2285 309 2310 ut
330 2285 548 2310 contemnentes
570 2283 710 2315 fecerunt,
726 2283 778 2309 sed
803 2291 838 2309 ex
860 2283 948 2310 vehe-

178 2328 267 2355 menti
276 2329 464 2356 confidentia.
478 2340 491 2355 »
506 2330 611 2362 Quaerit
627 2330 802 2363 Augustinus
810 2330 838 2364 ¹⁷,
854 2330 947 2365 quali-

178 2377 219 2402 ter
234 2382 286 2410 per
304 2376 453 2408 Lazarum,
469 2384 558 2411 quem
574 2376 693 2403 amabat
706 2377 798 2409 JesuS,
817 2376 948 2411 signatur

210 2435 215 2447 ¹
236 2434 299 2457 Psal.
315 2441 363 2464 (211,
383 2437 405 2458 3.
422 2448 451 2452 -
465 2436 473 2449 ²
488 2436 546 2466 lm„
564 2442 610 2465 XL,
627 2437 665 2459 34.
681 2449 710 2453 —
726 2436 734 2449 ³
750 2437 833 2465 Dent„
854 2443 946 2466 xxviii,

177 2471 216 2494 59.
230 2483 261 2487 —
280 2470 289 2485 ⁴
310 2469 406 2497 Tim-cn„
425 2477 441 2498 ι,
459 2473 495 2494 14.
515 2484 540 2488 —
562 2472 571 2487 5
590 2474 639 2501 sap
654 2490 659 2499 ‚
679 2478 719 2501 ix,
743 2474 777 2495 ῐῑ3.
796 2485 825 2489 --
841 2472 850 2486 5
869 2473 945 2500 Rom,

178 2510 231 2534 x1V,
253 2507 317 2528 t.—
337 2505 344 2518 ⁷
368 2506 462 2534 lizenum,
482 2512 570 2536 xxxiv,
592 2508 613 2530 4.
635 2520 664 2524 —
686 2508 693 2519 '³
715 2509 788 2537 sup„
811 2513 843 2537 iv,
864 2509 900 2531 siti.
916 2521 946 2525 —

179 2542 189 2556 ⁰
204 2540 261 2570 ins„
281 2541 304 2563 7.
318 2553 348 2557 —
370 2541 387 2556 '⁰
403 2541 458 2570 tuit,
484 2544 502 2564 i.
522 2554 552 2558 -—
574 2543 590 2557 ¹¹
611 2542 667 2572 tuit,
689 2544 711 2565 6.
726 2555 757 2559 --
778 2544 794 2558 ¹²
811 2545 885 2573 Aug„
903 2543 945 2565 ulii

179 2582 245 2605 sup„
260 2582 285 2598 n.
306 2577 328 2599 ὅ.
342 2589 372 2594 ·-
392 2576 411 2592 ¹³
431 2577 512 2603 Pror..
530 2582 590 2606 vm,
614 2579 649 2600 17.
665 2590 693 2594 —
711 2578 884 2608 ·5(;1ιι“)ἐοεῑ.,
905 2578 946 2601 utu

179 2617 233 2641 sup.
245 2611 305 2628 -·¹⁵
319 2611 392 2641 Sup.,
405 2617 445 2641 ιν,
459 2612 536 2635 47.—
549 2612 568 2627 ¹⁶
581 2613 680 2642 Mateta,
694 2618 749 2642 ιιιι,
762 2615 823 2636 51.—
840 2614 857 2629 ¹⁷
871 2615 945 2643 Aug„

1001 233 1157 268 peccator?
1173 234 1203 261 Et
1217 233 1255 262 ad
1269 234 1326 262 hoc
1340 236 1508 272 respondet,
1521 238 1603 273 quod
1618 248 1631 264 «
1645 239 1669 266 si
1684 240 1772 269 Filius

1002 279 1050 306 Dei
1071 286 1131 306 non
1148 282 1259 308 amaret
1273 284 1451 317 peccatores,
1467 283 1503 310 de
1523 284 1596 312 coelo
1612 285 1651 313 ad
1666 288 1772 315 terram

1001 333 1061 353 non
1077 325 1272 355 descendisset
1291 337 1297 354 :
1315 339 1327 353 υ
1345 332 1423 356 amat
1438 330 1516 358 enim
1530 331 1693 367 hominem,
1710 333 1773 361 odit

1000 374 1163 408 peccatum.
1180 375 1211 400 Et
1229 373 1413 403 insinuantur
1428 376 1482 404 tria
1496 377 1527 404 in
1542 385 1645 405 earum
1659 378 1774 407 denun-

1001 419 1119 446 tiatione
1136 428 1143 446 ;
1162 420 1305 454 professio
1319 423 1480 456 potestatis,
1494 423 1536 451 ibi
1555 434 1561 451 :
1584 426 1708 460 Domine;
1724 433 1773 453 ur-

1001 465 1099 500 gentia
1122 466 1309 500 necessitatis,
1329 467 1370 494 ibi
1393 477 1400 494 :
1417 470 1589 505 infirmatum
1609 471 1774 507 specialitas

1001 511 1215 546 familiaritatis,
1229 512 1269 539 ibi
1287 521 1293 540 ι
1316 514 1395 546 Quem
1413 523 1498 543 amas.
1514 516 1597 550 Quia,
1613 519 1645 544 ut
1662 517 1774 545 dictum

1002 560 1043 585 est
1057 558 1096 585 ab
1113 558 1283 593 Augustino,
1298 567 1359 586 non
1374 568 1466 596 amus,
1482 564 1508 588 et
1523 562 1642 591 deseris.

1037 605 1063 631 4.
1080 605 1111 631 Et
1129 604 1260 640 sequitur
1274 606 1435 633 secundum
1460 617 1466 634 :
1483 608 1605 636 Audiens
1623 613 1711 638 autem
1729 612 1773 638 Je-

1003 658 1058 685 sus,
1073 651 1146 678 dimit
1163 653 1201 678 eis
1223 660 1229 678 :
1246 653 1308 679 Hoec
1326 654 1470 687 infirmitas
1485 662 1537 681 non
1551 658 1590 682 est
1605 656 1641 682 ad
1653 659 1774 692 mortem,

1005 700 1032 725 et
1046 698 1085 725 ita
1099 698 1286 732 incurabilis;
1302 699 1349 726 sed
1358 707 1405 733 pro
1420 701 1507 734 ,qloria
1526 701 1583 735 Dei,
1594 701 1703 730 scilicet
1716 711 1776 731 ma-

1004 744 1179 779 nifestanda,
1195 745 1268 772 sicut
1282 753 1372 781 supra
1387 746 1407 763 ¹⁸
1422 746 1459 774 de
1480 755 1559 775 coeco
1575 750 1644 776 nato
1666 749 1777 777 dictum

1004 793 1054 818 est.

1041 840 1067 864 5.
1082 838 1216 872 Dilz'qebat
1227 840 1314 865 niuem
1325 840 1400 867 Jesus
1410 840 1558 867 Martham.
1575 841 1681 874 Quoerit
1690 842 1777 878 Chry-

1005 886 1151 912 sostomus
1175 884 1194 899 ¹⁹
1218 892 1309 920 quare
1333 885 1391 913 hoe
1412 894 1488 922 saepe
1512 888 1645 923 apponit,
1670 888 1778 916 scilicet

1006 931 1088 966 quod
1110 933 1183 958 Deus
1207 931 1350 967 diligebat
1366 932 1461 965 istum,
1481 936 1508 961 et
1527 935 1664 962 sorores?
1686 936 1718 962 Et
1739 935 1778 962 ad

1006 977 1082 1005 istud
1098 978 1266 1013 respondet,
1283 979 1366 1014 quod
1381 979 1421 1006 sic
1434 979 1484 1015 ait,
1499 980 1636 1008 erudiens
1650 989 1704 1009 nos
1717 989 1778 1010 non

1006 1024 1121 1059 tristari,
1136 1025 1159 1051 si
1182 1025 1282 1060 aliqua
1297 1025 1450 1054 infirmitas
1464 1027 1550 1054 fuerit
1564 1027 1641 1056 circa
1656 1028 1778 1062 amicos,

1007 1072 1076 1106 quia
1091 1071 1111 1087 '²⁰
1127 1072 1253 1104 :<‹Quem
1269 1072 1363 1107 diligit
1377 1074 1449 1100 Deus
1464 1074 1585 1109 castigat
1600 1083 1607 1101 :
1623 1084 1635 1100 n
1645 1075 1666 1092 ²¹
1683 1084 1697 1100 «
1710 1075 1778 1108 Quis

1007 1121 1047 1145 est
1062 1118 1147 1150 filius,
1165 1127 1254 1154 quem
1270 1127 1330 1146 non
1345 1120 1465 1155 corripit
1479 1121 1580 1156 pater?
1599 1132 1612 1146 »
1630 1121 1686 1149 sed
1701 1129 1779 1157 quae-

1006 1165 1094 1198 ritur,
1121 1173 1212 1200 quare
1236 1165 1369 1193 nominat
1394 1167 1533 1194 Lazarum
1562 1167 1675 1195 ultimo.
1706 1169 1778 1196 Cum

1007 1211 1085 1238 enim
1100 1211 1122 1227 ²²
1135 1212 1178 1238 vir
1192 1211 1227 1239 sit
1241 1219 1328 1247 caput
1342 1212 1616 1247 mulieriS,videtur,
1632 1213 1714 1249 quod
1729 1213 1779 1241 de-

1007 1258 1116 1285 buisset
1130 1258 1321 1293 praeposuisse
1337 1259 1443 1294 ipsum.
1465 1261 1496 1287 Et
1511 1259 1549 1286 ad
1565 1259 1642 1287 istud
1656 1267 1778 1295 respon-

1008 1304 1150 1338 dendum,
1166 1304 1327 1340 quodlicet
1340 1308 1433 1332 essent
1446 1305 1583 1333 mulieres
1599 1314 1681 1338 sexu,
1696 1308 1780 1334 erant

1007 1352 1105 1378 tamen
1124 1351 1215 1379 firmae
1238 1352 1268 1378 in
1293 1351 1410 1386 justitioe
1435 1354 1542 1386 actum,
1559 1354 1587 1380 et
1609 1352 1779 1381 illuminata?

1006 1397 1154 1425 intellectu
1174 1406 1227 1434 per
1248 1398 1348 1432 fldem,
1369 1401 1396 1425 et
1415 1398 1535 1426 fervidae
1550 1398 1580 1426 in
1601 1399 1706 1426 affectu
1725 1407 1780 1435 per

1007 1445 1177 1471 charitatem
1192 1454 1198 1471 ;
1215 1445 1293 1472 unde
1308 1446 1335 1472 et
1349 1452 1450 1472 earum
1465 1445 1501 1480 (b)
1515 1445 1574 1472 fide
1589 1445 1642 1472 fuit
1656 1446 1778 1473 Lazarus

1007 1490 1167 1518 suscitatus.
1185 1493 1215 1519 Et
1236 1491 1314 1525 ideo,
1333 1493 1452 1526 propter
1471 1492 1611 1518 virtutum
1633 1499 1779 1527 praeroga-

1007 1537 1096 1564 tivam
1112 1539 1139 1564 et
1157 1537 1370 1571 excellentiam,
1386 1537 1490 1564 merito
1508 1540 1729 1573 praeponuntur.
1747 1539 1780 1566 Et

1006 1585 1077 1611 nota
1092 1583 1210 1619 qualem
1226 1584 1367 1611 familiam
1387 1583 1491 1619 diligat
1512 1584 1542 1619 (c)
1558 1585 1643 1618 Deus,
1660 1586 1692 1611 et-
1707 1592 1778 1620 qua-

1006 1629 1065 1657 lem
1078 1630 1207 1657 animam
1223 1632 1309 1656 amet.
1327 1631 1377 1657 Per
1389 1630 1527 1657 Martham
1543 1630 1621 1657 enim
1635 1630 1779 1665 figuratur
1811 1638 1898 1659 Marum

1006 1676 1145 1711 perfectio
1171 1676 1235 1703 vitae
1264 1676 1338 1703 activ
1349 1685 1378 1711 ¹³3
1404 1684 1455 1712 per
1488 1677 1606 1704 Mariam
1635 1676 1778 1704 celsitudo
1793 1669 1846 1721 Ἓξ
1857 1669 1888 1689 ⁵¹·

1007 1722 1071 1750 vitae
1107 1722 1354 1758 contemplativam
1388 1731 1441 1758 per
1475 1724 1612 1751 Lazarum
1648 1723 1780 1758 signatur
1793 1706 1808 1727 g
1828 1715 1899 1760 31¹2„st

1006 1777 1131 1804 regnum
1150 1770 1310 1804 utriusque,
1327 1769 1387 1797 sive
1403 1769 1607 1797 ordinabilitas
1623 1770 1780 1805 praesiden-
1793 1771 1854 1797 quid·

1007 1816 1062 1843 tice.
1076 1815 1189 1851 Triplex
1210 1817 1251 1843 est
1271 1824 1363 1850 genus
1383 1815 1512 1850 vivendi,
1528 1815 1636 1844 scilicet
1651 1816 1778 1844 otiosum
1799 1813 1892 1862 Lazarus

1006 1862 1036 1889 in
1052 1862 1310 1897 contemplatione,
1326 1862 1386 1889 sive
1408 1862 1437 1889 in
1457 1863 1516 1890 vita
1535 1863 1776 1898 contemplativa,
1793 1848 1897 1909 qssripiex

1006 1912 1159 1937 actuosum
1173 1910 1201 1936 in
1216 1910 1275 1936 vita
1287 1910 1390 1943 activa,
1403 1912 1430 1937 et
1442 1910 1638 1945 compositum
1651 1918 1685 1937 ex
1701 1912 1778 1938 utro·
1805 1919 1878 1948 senus·

1007 1965 1075 1992 quc,
1092 1958 1122 1983 ut
1138 1957 1177 1983 ait
1200 1957 1376 1991 Augustinus
1392 1957 1422 1984 2³.
1440 1957 1520 1984 Unde
1543 1959 1569 1984 et
1591 1957 1631 1984 sic
1646 1957 1777 1985 viventes
1792 1944 1888 1965 mend*

1006 2003 1157 2037 signantur
1171 2011 1224 2038 per
1238 2005 1293 2030 tres
1308 2003 1397 2037 viros,
1410 2003 1528 2036 scilicet,
1544 2005 1614 2036 Noe,
1630 2003 1740 2038 Daniel,
1750 2006 1778 2031 et

1004 2050 1069 2083 Job,
1087 2052 1153 2083 ete,
1169 2052 1256 2085 prout
1275 2050 1395 2086 exponit
1414 2049 1569 2083 Gregorius
1583 2050 1605 2066 ⁴²⁵
1619 2049 1705 2077 bene.
1721 2051 1775 2078 Ta-

1005 2096 1063 2124 lem
1087 2096 1165 2123 enim
1185 2096 1337 2129 familiam,
1354 2098 1380 2123 ct
1400 2096 1488 2123 talem
1509 2096 1649 2128 animam,
1665 2096 1695 2122 in
1717 2103 1776 2131 qua

1004 2144 1110 2170 fuerint
1133 2143 1204 2170 tales
1223 2143 1305 2170 modi
1326 2142 1456 2176 vivendi,
1473 2142 1568 2176 diligit
1587 2141 1674 2169 Filius
1697 2142 1746 2169 Dei
1766 2150 1773 2168 :

1008 2199 1020 2214 «
1036 2190 1174 2217 Dominus
1189 2189 1267 2216 enim
1281 2190 1302 2205 -5
1318 2188 1413 2222 diligit
1424 2188 1527 2222 justos.
1545 2199 1557 2212 n

1040 2238 1065 2263 6.
1084 2238 1113 2263 Et
1129 2235 1263 2263 subditur
1279 2235 1393 2262 tertium
1406 2244 1412 2261 z
1430 2235 1531 2261 Mansit
1550 2234 1651 2261 duobus
1664 2234 1774 2268 diebus,

1005 2286 1035 2310 ut
1050 2282 1260 2318 adimpleretur
1275 2281 1479 2318 qua'riduum,
1495 2281 1534 2308 ait
1545 2280 1654 2308 Glossa.
1670 2281 1701 2308 Et
1717 2280 1774 2308 hoc

1005 2330 1089 2363 ideo,
1104 2331 1135 2356 ut
1157 2329 1195 2356 ait
1216 2329 1439 2364 Chrysostomus
1453 2328 1484 2362 ²²¹³,
1501 2329 1533 2354 ut
1547 2326 1647 2354 nullus
1666 2326 1773 2354 diceret

1004 2401 1045 2425 ubi
1066 2408 1120 2431 sup.
1137 2414 1166 2418 —
1187 2402 1204 2416 ¹⁵
1225 2402 1297 2430 Sup.¹
1316 2406 1354 2429 ix,
1372 2402 1393 2423 3.
1409 2413 1439 2417 —
1457 2400 1475 2416 ¹''
1490 2399 1630 2430 Chrysost„
1649 2398 1674 2421 in
1690 2398 1770 2426 loon„

1003 2437 1072 2460 Ιιοιιι,
1098 2443 1152 2465 rxi,
1175 2436 1196 2459 nl
1235 2442 1302 2466 mu,
1326 2443 1350 2459 ιι.
1380 2438 1400 2457 t.
1423 2447 1451 2452 -
1475 2435 1493 2449 ²⁰
1516 2435 1598 2462 Proin,
1622 2439 1664 2462 ιιι,
1690 2434 1725 2457 12.
1741 2445 1771 2450 -

1005 2473 1020 2488 '·'¹
1044 2472 1127 2499 lldm..
1147 2478 1196 2501 xii,
1220 2472 1241 2494 Ἴ.
1258 2484 1286 2488 --
1309 2472 1326 2485 ²³
1348 2473 1353 2494 1
1375 2472 1442 2501 Cuia,
1461 2475 1497 2499 xi,
1517 2472 1540 2492 3.
1563 2482 1591 2486 »-
1611 2468 1630 2484 ²³
1648 2469 1722 2497 Aug„
1743 2467 1772 2490 ιΙι·

1005 2508 1079 2531 ΟιυιΙ.
1105 2508 1162 2536 Dei,
1183 2507 1225 2530 lib.
1251 2506 1318 2535 XtX,
1342 2514 1362 2529 c.
1387 2511 1441 2529 xix.
1465 2518 1494 2522 —
1516 2504 1534 2520 ²¹
1558 2505 1643 2533 (ii-eg..
1668 2503 1770 2533 Moron,

1003 2543 1046 2567 liis.
1070 2543 1090 2571 t,
1113 2551 1132 2565 ·-.
1159 2549 1199 2570 xi,
1220 2542 1251 2565 ιιι.
1274 2548 1327 2570 xiv,
1344 2549 1369 2564 ιι.
1391 2543 1428 2564 20.
1444 2553 1474 2558 —
1495 2540 1514 2556 ²⁵
1532 2538 1596 2561 Psoi.
1612 2544 1686 2567 cxix,
1703 2539 1725 2561 ὃ.
1740 2550 1770 2555 -

1003 2577 1173 2607 metu-yson..
1195 2578 1236 2600 uhi
1257 2584 1311 2607 sup.
1332 2589 1359 2593 -—
1378 2576 1411 2605 (a)
1429 2574 1514 2604 suppl.
1540 2573 1725 2597 tantummodo.
1740 2585 1770 2590 —-

1005 2613 1037 2644 (1))
1054 2614 1113 2637 Coet.
1130 2612 1188 2636 edit.
1207 2619 1305 2636 eorum.
1318 2625 1344 2628 —
1361 2611 1388 2641 (c)
1404 2610 1492 2639 diligit.

1980 1686 1987 1758 ι
