1987 3032
656 210 861 243 EXPOSlTIO
883 209 924 241 IN
946 210 1031 241 CAP.
1054 210 1160 242 XVIII.
1668 215 1707 243 93

113 279 160 309 nit
174 279 207 308 in
229 279 297 318 ipso
317 286 400 308 anno
425 277 628 316 centuplum,
659 278 882 317 benedixitque

114 332 141 362 ei
157 332 324 368 Dominus,
340 332 371 361 et
392 330 603 369 locupletatus
618 332 676 360 est.
693 343 706 358 »
730 331 817 361 Unde
832 330 880 360 di-

115 385 195 415 citur
210 385 218 401 ¹
236 396 242 414 :
265 396 278 412 «
294 383 481 422 Centuplum
501 383 646 422 accipiet,
663 396 676 411 »
698 387 756 415 etc.
780 384 882 423 Super

115 446 209 477 quem
223 437 329 467 locum
344 436 418 466 dicit
433 435 647 475 Hieronymus
662 440 672 455 ⁹
692 448 698 467 z
716 449 730 465 «
746 437 803 473 Qui
818 446 883 467 car-

114 490 199 520 nalia
215 498 271 529 pro
287 489 418 520 Domino
431 489 597 527 dimiserit,
615 490 793 529 spiritualia
807 490 882 520 acci-

115 542 194 581 piet,
219 551 292 581 quae
315 542 551 581 comparatione
575 545 605 573 et
632 543 744 573 merito
768 543 817 573 sui
840 543 883 572 ita

114 597 220 633 erunt,
232 595 322 634 quasi
335 604 434 634 parvo
446 604 580 625 numero
592 596 789 626 centenarius
802 605 884 626 com-

114 650 243 686 paretur
260 648 312 685 (a).
324 659 338 675 »
353 647 440 678 Unde
456 657 493 678 ne
509 649 706 687 intelligatur
718 649 755 679 de
766 651 884 688 tempo-

114 700 171 730 rali
187 700 439 740 locupletatione,
458 701 572 732 dicitur
587 703 596 718 ³
614 713 642 731 t«
655 702 753 732 Nemo
767 704 813 732 est
827 702 883 742 qui

114 754 294 794 reliquerit,
310 766 324 782 »
344 757 415 791 ete,
437 766 450 783 (ι
465 755 520 794 qui
536 765 597 785 non
615 756 745 795 accipiat
768 755 883 785 centies

113 809 237 837 tantum
260 807 293 837 in
309 809 452 847 tempore
474 808 533 838 hoc
558 817 630 838 cum
655 808 881 847 persecutioni-

113 861 184 891 bus
210 872 223 888 n
251 860 352 900 Super
382 871 445 901 quo
475 862 542 892 loco
571 862 645 892 dicit
669 861 849 892 Bernardus
875 872 881 889 z

118 925 132 942 «
149 914 320 953 Signanler
341 915 479 953 additur,
505 925 577 945 cum
593 915 881 955 perseczctionz'bzc83

113 968 191 998 forte
214 969 298 998 enim
313 969 402 1007 quis,
427 978 500 999 cum
526 969 648 999 audiret
669 970 721 999 hic
744 969 883 1009 promitti

113 1022 315 1061 centuplam,
338 1023 528 1061 conjectaret
543 1023 602 1052 hoc
622 1023 703 1053 etde
724 1025 882 1062 tempora-

114 1073 197 1104 libus
212 1075 366 1104 exhiberi.
388 1074 448 1105 Sed
470 1076 614 1114 praecidit
636 1076 720 1105 hunc
742 1075 882 1105 intellec-

113 1129 181 1157 tum
213 1136 330 1157 nomen
363 1127 504 1158 additum
530 1129 773 1168 persecutionis.
803 1128 883 1165 Quid

112 1181 197 1210 enim
220 1183 265 1210 est
293 1183 426 1211 terrenae
455 1181 692 1219 consolationis,
712 1182 796 1220 quod
820 1191 883 1211 nou

112 1235 201 1265 facile
213 1235 387 1274 persecutio
402 1235 508 1265 tollat?
525 1235 606 1272 Quid
621 1237 785 1265 terrenum
801 1235 883 1264 inter

113 1289 347 1327 persecutiones
374 1289 471 1318 sancti
495 1291 651 1327 martyres
677 1289 882 1326 acceperunt?

114 1341 241 1371 Interim
270 1344 375 1371 tamen
396 1341 618 1380 undecumque
636 1340 697 1370 sint
713 1340 880 1379 accepturi,

113 1394 286 1424 dummodo
303 1395 342 1424 sit
359 1394 558 1432 centuplum,
575 1394 650 1423 dum
667 1393 768 1423 valeat
779 1395 884 1422 centu-

112 1446 245 1485 pliciter,
257 1446 392 1487 placeat,
402 1446 592 1483 consoletur,
605 1445 746 1482 delectet,
761 1447 791 1475 et
801 1454 883 1475 ame-

112 1501 177 1537 tur,
188 1500 265 1539 quid
278 1500 409 1530 insaniae
422 1501 468 1529 est
482 1499 565 1538 quod
578 1500 766 1529 cunctantur
779 1498 882 1529 homi-

111 1561 167 1583 nes
183 1553 362 1592 relinquere
375 1552 489 1591 simpla
503 1561 560 1591 pro
575 1551 752 1590 centuplis?
777 1563 790 1578 »

152 1605 283 1643 Quarto,
302 1608 457 1645 quantum
473 1605 512 1635 ad
527 1604 720 1645 paupertatis
735 1613 879 1634 remune—

112 1658 264 1689 rationem
282 1668 337 1697 per
356 1658 511 1697 gloriam,
535 1658 744 1697 subjungitur
768 1668 774 1687 z
790 1658 834 1688 Et
850 1657 882 1687 in

111 1712 225 1741 soecalo
241 1712 353 1750 futuro
371 1713 468 1744 m'tccm
484 1716 649 1742 adernam.
669 1711 760 1741 Recto
775 1713 880 1741 autem

112 1765 238 1795 nomine
252 1765 355 1803 gloria
366 1765 430 1795 vila
441 1769 562 1795 oetcrmz
574 1764 698 1801 dicitur,
717 1763 791 1803 quia
803 1763 883 1793 sicut

112 1819 266 1858 separatio
282 1828 300 1849 a
314 1820 398 1849 fonte
417 1819 489 1848 vitae
503 1827 589 1848 mors
605 1819 662 1854 est,
678 1819 708 1847 et
722 1817 882 1847 damnatio

112 1873 245 1908 aeterna,
274 1872 317 1901 sic
346 1872 528 1909 conjunctio
554 1880 627 1901 cum
660 1871 712 1900 illo
742 1872 788 1899 est
819 1870 882 1900 vita

113 1926 240 1954 aeterna.
260 1924 391 1963 Propter
415 1924 499 1963 quod
518 1924 551 1953 in
568 1923 692 1954 Psalmo
717 1923 882 1961 signanter

113 1977 226 2007 dicitur
242 1977 251 1993 ⁶
269 1988 274 2007 :
300 1988 313 2005 «
329 1977 480 2007 Torrenle
494 1977 665 2016 voluptatis
681 1978 743 2006 tuae
759 1976 882 2015 potabis

112 2039 176 2060 eos¹
200 2030 354 2066 Quoniam
374 2030 457 2070 apud
481 2032 511 2060 te
533 2032 579 2059 est
604 2029 673 2059 fons
696 2030 780 2060 vitae.
803 2040 816 2056 >³
844 2029 882 2059 Et

112 2085 193 2113 recte
209 2083 335 2113 additur
350 2083 510 2113 {eternitas
525 2083 615 2120 vitae,
632 2083 707 2122 quia
724 2083 882 2112 aeternitas

112 2136 191 2166 nihil
202 2135 287 2166 aliud
301 2138 348 2166 est
359 2145 455 2175 quam
472 2136 739 2166 incommutabilis
755 2135 828 2166 vitae
843 2136 878 2174 (h)

112 2190 177 2219 tota
191 2189 285 2219 simul
301 2191 331 2219 et
352 2190 488 2228 perfecta
507 2189 670 2228 possessio.
690 2188 726 2218 Et
740 2188 801 2218 tale
819 2190 879 2226 est,

112 2241 195 2281 quod
212 2242 332 2272 excedit
349 2242 536 2281 temporalia
549 2242 580 2271 in
597 2241 775 2276 infinitum,
791 2242 833 2271 ita
848 2243 882 2271 ut

115 2303 187 2325 vere
202 2295 325 2325 dicatur
340 2298 372 2324 ⁵:
395 2306 408 2323 «
430 2295 497 2325 Nou
521 2297 594 2325 sunt
618 2295 785 2333 condigna*
810 2304 881 2334 pas-

114 2347 216 2378 siones
232 2348 329 2386 hujus
347 2348 496 2387 temporis
511 2348 550 2378 ad
569 2348 709 2378 futuram
727 2347 860 2386 gloriam
871 2372 880 2385 ,

114 2409 186 2439 quae
202 2401 396 2431 revelabitur
413 2401 443 2430 in
465 2401 566 2431 nobis.
588 2412 602 2429 ))
623 2400 703 2437 Quia
718 2400 832 2430 dicitur
846 2401 855 2417 ⁸
873 2412 879 2431 z

119 2464 133 2481 «
149 2453 181 2484 Id
194 2454 277 2493 quod
298 2454 330 2484 in
346 2454 493 2493 praesenti
509 2456 556 2484 est
578 2456 837 2484 momentaneum
853 2457 883 2484 et

116 2505 183 2537 leve
202 2507 411 2538 tribulationis
431 2509 564 2545 nostrae,
586 2516 682 2546 supra
703 2507 833 2538 modum
850 2507 881 2537 in

150 2604 154 2616 '
174 2603 274 2634 Mallh„
289 2610 347 2633 xlx,
363 2606 401 2628 29.
417 2618 447 2622 -—
464 2606 474 2621 2
495 2605 606 2635 theron„
623 2606 646 2628 in
661 2605 763 2635 Malla„
778 2605 820 2629 lib.
841 2606 882 2628 ΙΙΙ.

117 2651 147 2655 -
161 2640 171 2653 ²2
185 2640 271 2669 Marc„
289 2646 313 2670 x,
326 2643 407 2665 :eo-30.
417 2653 446 2658 —
463 2643 470 2654 ⁴
486 2641 555 2664 Psal.
570 2647 648 2670 xxxv,
662 2642 725 2665 59-10.
738 2654 767 2658 —
781 2642 790 2657 ⁵
806 2642 883 2671 Rom„

118 2679 178 2703 vu1,
201 2676 237 2698 ¹8.
252 2687 282 2692 —
301 2676 310 2690 ⁶
333 2677 352 2699 ll
374 2676 440 2705 Corn,
459 2681 492 2706 ιν,
509 2677 546 2699 17.
568 2689 598 2694 -—
618 2677 624 2689 ⁷
644 2678 716 2707 sup„
739 2682 776 2705 vs,
798 2678 834 2700 38.
857 2690 882 2693 -

937 277 1128 307 sublimitate
1146 279 1273 307 aeternae
1296 277 1408 316 gloriae
1422 277 1546 316 pondus
1558 280 1706 317 operatur

937 329 969 359 in
993 330 1093 360 nobis.
1117 341 1131 357 »
1155 329 1220 360 Hoc
1234 330 1357 369 pondus
1381 330 1574 361 Immensum
1594 330 1704 369 gloriae

938 392 994 422 pro
1009 383 1070 413 levi
1087 383 1224 422 pondere
1240 391 1350 412 rerum
1372 383 1505 413 mercari
1521 392 1704 422 possumus,

938 436 1012 474 quia
1035 436 1205 475 praemium
1232 435 1452 475 superexcellit
1478 436 1627 466 meritum
1651 445 1707 476 per

937 497 1064 519 omnem
1084 490 1215 520 modum
1236 489 1245 505 ⁷
1267 500 1273 518 ι
1300 500 1313 517 «
1336 489 1517 519 Mensurarn
1536 489 1654 520 bonam
1677 491 1707 518 et

938 542 1111 572 confertam
1129 544 1159 572 et
1177 542 1369 581 coagitatam
1382 544 1413 572 et
1428 541 1707 581 supereffluentem

938 595 1055 625 dabunt
1066 595 1099 625 in
1111 596 1217 626 sinum
1228 598 1382 626 vestrum.
1396 606 1409 623 n
1422 595 1460 626 Et
1470 595 1540 626 ideo
1550 595 1666 626 dicitur
1675 594 1685 610 ⁸
1698 605 1704 624 ε

942 661 956 677 «
968 648 1037 679 Non
1048 649 1229 689 impediaris
1239 659 1328 680 orare
1335 659 1469 689 semper,
1477 659 1535 680 nec
1546 649 1661 680 veteris
1671 649 1704 688 (c)

938 710 1040 741 usque
1056 702 1093 732 ad
1106 704 1241 732 mortem
1255 702 1421 741 jiistifica1·i
1438 714 1444 732 z
1462 702 1612 742 quoniam
1628 711 1708 733 mer-

939 763 987 784 ces
998 754 1052 784 Dei
1068 756 1174 785 manet
1188 755 1221 784 in
1237 756 1405 785 aeternum.
1423 766 1437 783 n

979 810 1028 837 31.
1046 808 1225 847 Assamspit
1237 812 1344 838 (tatem
1354 809 1445 838 Jesas
1456 807 1633 845 duodecim,
1645 811 1703 838 etc.

939 860 1112 900 Postquam
1127 863 1346 900 paupertatem
1361 861 1495 891 ostendit
1511 861 1709 891 commenda-

938 913 1033 943 bilem
1073 916 1103 944 et
1147 914 1349 953 appetibilem
1389 923 1444 953 per
1485 914 1708 953 perfectionem

940 967 1045 997 meriti
1060 968 1107 997 sui
1117 991 1125 1005 ,
1143 970 1173 997 et
1189 977 1244 1006 per
1260 967 1531 1006 imperfectionem
1545 968 1706 1005 contrarii,

939 1022 969 1049 et
990 1021 1296 1051 consummationem
1321 1021 1446 1060 praemii
1469 1020 1636 1057 cumulati;
1659 1021 1710 1050 hic

941 1076 1051 1112 quarto
1072 1075 1207 1104 ostendit
1228 1083 1298 1104 eam
1317 1074 1553 1113 approbabilem
1569 1076 1599 1104 et
1616 1073 1708 1112 eligi-

939 1126 1034 1157 bilem
1055 1128 1176 1158 ratione
1197 1127 1334 1167 exempli
1358 1127 1595 1167 perfectissimi,
1619 1127 1709 1157 vide-

939 1180 1009 1210 licet
1021 1180 1135 1211 Christi
1147 1181 1302 1211 crucifixi.
1314 1179 1352 1210 Et
1364 1181 1515 1220 quoniam
1527 1180 1709 1219 exemplum

939 1232 1016 1263 illud
1041 1236 1145 1272 posset
1167 1233 1266 1264 videri
1290 1233 1450 1273 aliquibus
1476 1232 1710 1272 contemptibile

939 1287 1060 1316 ratione
1074 1286 1284 1323 infirmitatis,
1301 1286 1370 1316 ideo
1393 1286 1425 1315 in
1446 1285 1505 1315 hac
1525 1287 1612 1324 parte
1627 1294 1708 1324 prae-

939 1339 1076 1368 mittitur
1092 1339 1143 1368 hic
1158 1339 1340 1378 exemplum
1362 1338 1555 1377 dignationis
1574 1337 1686 1368 Christi
1701 1348 1707 1374 ;

940 1393 1091 1429 secundo,
1112 1392 1151 1422 ad
1173 1392 1256 1421 illius
1278 1392 1572 1429 confirmationem,
1594 1391 1707 1431 adjun—

940 1445 1028 1483 gitur
1042 1444 1234 1475 miraculum
1250 1444 1377 1475 virtutis
1391 1445 1424 1474 in
1442 1444 1708 1474 illuminationem

938 1497 1086 1536 pauperis
1101 1497 1187 1534 caeci,
1201 1497 1244 1527 ibi
1256 1500 1266 1515 ⁹
1284 1497 1431 1528 :Factum
1447 1501 1492 1527 est
1506 1501 1624 1534 autem,
1637 1505 1710 1527 eum

939 1550 1215 1589 appropinquaret
1238 1550 1377 1588 Jerz'clzo,
1407 1552 1465 1581 etc.
1490 1550 1577 1581 Circa
1600 1560 1707 1581 exem-

938 1603 1027 1642 plum
1041 1604 1244 1643 dignationis,
1257 1604 1343 1643 quod
1359 1604 1498 1634 consistit
1512 1604 1543 1633 in
1557 1604 1710 1634 sustinen-

939 1657 982 1686 tia
998 1657 1111 1694 crucis,
1134 1657 1268 1696 perfecte
1289 1656 1548 1694 describendum,
1571 1658 1710 1695 quatuor

938 1709 1195 1747 introducuntur,
1212 1710 1329 1740 scilicet
1345 1709 1526 1749 benignitas
1545 1710 1707 1749 magistri,

939 1763 1137 1802 profunditas
1157 1763 1317 1802 mysterii,
1335 1763 1488 1793 acerbitas
1503 1763 1664 1802 supplicii,
1679 1765 1710 1792 et

939 1816 1062 1846 caecitas
1071 1816 1172 1846 cordis
1183 1816 1316 1846 humaui
1325 1818 1469 1855 respectu
1478 1816 1549 1846 talis
1558 1816 1706 1855 exempli.

979 1869 1085 1899 Primo
1108 1869 1219 1908 igitur,
1241 1871 1397 1908 quantum
1418 1869 1456 1898 ad
1480 1869 1706 1907 benignitatem

939 1921 1092 1961 Magistri,
1104 1922 1270 1961 przemittit
1286 1933 1292 1952 :
1306 1922 1486 1961 Assumpsz‘t
1497 1925 1604 1952 autem
1619 1922 1708 1952 Jeszcs

938 1975 1117 2012 duodecim,
1130 1976 1189 2006 hoc
1199 1978 1246 2006 est
1256 1976 1452 2006 familiariter
1463 1976 1501 2006 ad
1511 1985 1543 2006 se
1553 1976 1689 2015 sumpsit
1699 1985 1706 2013 ;

938 2030 968 2058 ct
980 2028 1039 2058 hoc
1048 2028 1106 2058 fuit
1116 2029 1443 2067 miraediguationiset
1454 2029 1656 2068 benignitatis
1666 2029 1706 2059 ¹⁰:

943 2094 956 2110 (ι
980 2082 1138 2120 Expandit
1158 2082 1224 2111 alas
1249 2091 1338 2119 suas,
1365 2084 1396 2112 et
1421 2083 1593 2121 assumpsit
1616 2092 1705 2120 eum,

938 2137 1033 2175 atque
1048 2135 1185 2174 portavit
1200 2135 1232 2164 in
1246 2135 1389 2165 humeris
1403 2135 1477 2165 suis.
1493 2146 1506 2162 >³
1526 2135 1707 2174 Assumpsit

938 2191 1061 2226 autem,
1078 2190 1113 2218 ut
1127 2197 1181 2218 eos
1193 2187 1408 2218 consolaretur
1423 2188 1579 2225 docendo,
1594 2190 1624 2218 et
1637 2197 1707 2218 cou-

938 2242 1066 2272 solando
1081 2242 1216 2271 doceret.
1232 2240 1320 2270 Unde
1331 2241 1476 2271 subditur
1490 2251 1495 2270 :
1510 2240 1555 2271 Ec
1566 2241 1682 2271 ae'tz'llis
1695 2250 1705 2272 .·

938 2296 1021 2326 Ecce
1040 2293 1240 2324 ascendimus
1259 2293 1533 2331 Hierosolymam,
1553 2295 1705 2334 tanquam

939 2347 977 2377 ad
994 2347 1098 2378 locum
1115 2347 1231 2376 scilicet
1247 2345 1410 2385 passionis.
1433 2346 1540 2377 Glossa
1558 2357 1564 2377 :
1589 2358 1603 2375 «
1618 2347 1704 2379 Prae-

938 2401 1049 2431 videns
1072 2410 1112 2431 ex
1136 2400 1280 2439 passione
1305 2408 1363 2429 sua
1386 2399 1557 2438 discipulos
1582 2403 1706 2440 pertur-

939 2454 1069 2491 bandos,
1083 2452 1223 2492 praedicit
1234 2454 1264 2482 et
1277 2451 1430 2491 passionis
1440 2461 1579 2492 poenam,
1596 2455 1627 2483 et
1643 2453 1708 2492 glo-

940 2507 1021 2537 riam
1038 2505 1292 2543 resurrectionis,
1306 2507 1341 2535 ut
1358 2514 1431 2536 cum
1446 2506 1634 2537 morientem
1648 2516 1710 2536 cer-

942 2607 949 2617 *
969 2604 1055 2631 Ecclt„
1080 2609 1160 2633 xvui,
1184 2605 1222 2627 22.
1244 2616 1274 2620 —
1301 2605 1310 2616 ²
1338 2603 1393 2633 lnf.‚
1419 2610 1442 2626 v.
1468 2604 1508 2627 35.
1535 2617 1561 2621 —-
1589 2605 1605 2618 ¹⁰
1628 2605 1711 2636 Deua,

943 2646 1026 2669 xxxii,
1044 2642 1110 2663 ll.-
1127 2640 1162 2670 (α)
1179 2639 1239 2663 caet.
1251 2639 1312 2662 edit.
1325 2639 1567 2669 comparatur.—-(b)
1584 2639 1643 2662 Item
1653 2640 1710 2663 add.

941 2675 1078 2706 possessio.
1089 2688 1119 2692 —
1135 2676 1164 2705 (c)
1185 2674 1258 2705 Vulq.
1277 2677 1302 2698 et
1316 2682 1347 2698 ne
1363 2674 1482 2698 verearis.
