1987 3032
197 232 256 260 244

111 304 182 322 causa
197 294 307 323 racula.
324 303 337 320 »
353 294 446 322 Causa
459 300 529 320 vero
547 291 694 325 formalis,
711 298 776 326 quze
791 289 921 318 consistit
934 289 964 316 in

77 333 180 389 ¹1⁰ffi³gg⁵
196 341 264 368 libri
279 340 423 367 divisione
433 360 441 373 ‚
456 338 566 375 patebit
580 338 664 365 infra.
687 338 780 364 Causa
798 344 869 364 vero
889 336 964 363 fina-

74 394 95 413 lii
121 394 181 420 ejus·
196 387 231 415 lis
243 387 423 423 propinqua,
438 388 479 413 est
492 384 622 412 inductio
638 384 707 411 tidei
720 383 750 410 in
760 382 961 417 credentibus3

97 425 155 445 dem·
196 443 284 462 causa
299 442 370 461 vero
390 432 484 459 finalis
501 430 734 458 consummativa
755 432 781 456 et
798 428 835 465 (a)
850 429 964 463 ultima,

79 466 181 516 forffffiss
196 482 339 509 assecutio
374 480 438 506 vitae
470 480 590 504 [eternae.
626 477 705 503 Unde
730 476 769 503 ait
794 477 802 492 ¹
830 485 835 502 :
864 486 877 501 ιι
902 477 964 502 Haeo

74 526 173 551 “Jusdssm
194 528 301 563 scripta
316 528 397 560 sunt,
417 526 449 552 ut
470 523 608 556 credatis,
628 523 698 558 quia
716 524 796 550 Jcsus
821 524 863 549 est
886 521 964 548 filius

75 557 163 583 duple*
194 576 260 609 Dei,
277 576 304 602 et
322 577 353 601 ut
368 573 519 600 credentes
535 571 623 597 vitam
638 569 770 597 habeatis
782 571 931 596 [eternam.
947 577 959 592 ι)

228 622 275 648 His
289 619 444 656 premissis
459 618 497 646 ad
512 617 690 645 evidentiam
706 616 866 648 dictorum,
884 622 963 649 quze-

191 670 295 696 runtur
307 668 418 701 septem
431 664 658 700 quaestiuncula»,
675 670 801 698 quarum
814 661 909 696 prima
923 661 964 686 est

192 714 229 742 dc
244 714 331 748 hujus
346 712 483 739 doctrmae
502 710 686 743 necessitate,
704 711 731 736 ct
751 707 866 734 videtur
881 706 963 742 quod

191 761 227 788 sit
254 760 401 795 superflua
416 766 470 785 nec
480 756 676 792 suscipienda.
700 757 771 782 Nam
801 753 906 780 dieitur
928 751 960 779 ²:

80 819 175 843 Quaestio
195 810 276 834 «Nou
287 806 399 834 addetis
408 804 589 837 adverbum,
597 802 678 838 quod
688 802 772 828 vobis
781 800 962 837 loquor,nco

71 850 140 875 prima
150 849 176 870 ‘³⁶
191 854 325 882 auferetis
340 860 375 880 ex
397 860 442 879 eo.
462 862 473 876 »
492 852 522 877 Et
543 851 552 866 ³
578 859 584 876 :
610 859 622 874 «
637 848 723 882 Quod
738 846 875 882 praecipio
892 844 962 879 tibi,

69 881 176 931 dohetgjrffiae
190 900 246 928 hoc
267 902 378 926 tantum
393 898 498 931 facito,
514 905 567 923 nee
590 895 683 922 addas
705 893 871 929 quidquam
883 912 891 925 ,
908 898 962 918 nec

76 943 169 963 ”⁸⁶⁸³ss
190 946 316 973 minuas.
333 955 346 970 »
363 943 497 971 Doctrina
519 950 589 977 ergo
608 941 716 968 Veteris
730 937 904 966 Testamenti
921 938 963 963 est

71 975 122 993 tate.
190 991 353 1023 sufficiens,
376 998 428 1016 nec
444 989 504 1015 ulla
525 988 583 1015 alia
601 988 627 1015 ei
643 986 792 1014 addenda.
812 987 881 1012 Item
896 982 962 1010 finis

191 1038 286 1066 omnis
301 1044 377 1063 vera‘.
398 1035 522 1062 scientiae
543 1036 570 1061 et
592 1033 746 1066 doctrinas,
764 1033 805 1058 est
820 1029 962 1058 assecutio

83 1080 163 1124 52⁶2,
190 1082 426 1115 beatitudinis,ut
435 1080 656 1114 aitAugustinus
666 1078 675 1093 ¹¹
686 1088 712 1106 z«
722 1076 889 1112 Philosophi
901 1082 962 1102 non

79 1140 165 1155 asseeu-
190 1129 326 1156 videntur
342 1128 491 1155 laborasse
503 1127 532 1153 in
543 1125 646 1152 studiis
656 1124 728 1158 suis,
738 1123 793 1150 nisi
805 1124 835 1149 ut
847 1120 962 1148 inveni-

69 1165 254 1216 {11⁰d1111‘3125'rent
273 1184 333 1211 quo
352 1174 443 1201 modo
458 1172 621 1200 vivendum
642 1172 715 1198 esset
737 1167 961 1197 accommodate

191 1224 230 1251 ad
251 1221 464 1250 beatitudinem
482 1218 702 1254 capessendam.
719 1227 732 1242 n
755 1215 810 1243 Sed
829 1214 963 1242 doctrina

190 1269 298 1296 Veteris
312 1266 483 1295 Testamenti
492 1265 571 1292 ducit
583 1265 643 1298 ejus
660 1264 862 1290 observatores
873 1260 911 1287 ad
922 1259 963 1286 vi-

190 1318 251 1343 tam
266 1316 403 1342 aeternam
419 1313 427 1328 ⁵
446 1322 452 1339 ε
467 1321 481 1338 (ι
495 1312 522 1339 Si
531 1311 574 1338 vis
585 1309 701 1344 ingredi
712 1308 750 1336 ad
761 1308 865 1340 vitam,
878 1313 962 1333 serva

190 1361 330 1389 mandata
345 1370 353 1386 :
370 1371 382 1385 n
401 1367 487 1393 ergo,
502 1359 534 1384 ut
554 1357 644 1392 prius.
664 1356 747 1389 Item,
764 1355 875 1389 quanto
891 1352 962 1379 doc-

189 1408 266 1435 trina
290 1408 332 1434 est
361 1403 609 1440 compendiosior,
632 1403 711 1429 tanto
740 1398 962 1427 commendabi-

190 1455 247 1482 lior
262 1456 271 1471 ⁶
289 1464 295 1481 :
315 1464 327 1479 (ι
343 1453 470 1480 Verbum
488 1450 692 1478 abbreviatum
707 1448 772 1475 fecit
788 1449 861 1474 Deus
876 1453 964 1480 super

191 1503 337 1528 terram.»
366 1497 582 1533 Compendiosa
607 1504 677 1530 ergo
703 1494 836 1521 doctrina
856 1490 963 1518 Veteris

191 1546 363 1574 Testamenti
392 1546 434 1572 est
461 1541 705 1571 commendabilis
735 1542 762 1567 et
787 1538 933 1566 sufficiens
955 1546 960 1563 :

191 1601 301 1629 quare,
319 1594 350 1619 ut
363 1591 455 1626 prius.

226 1640 269 1667 Ad
285 1638 463 1666 contrarium
478 1634 708 1670 argumentatur.
724 1632 777 1659 Illa
789 1630 910 1659 scientia
922 1631 963 1656 est

191 1686 305 1717 melior,
329 1692 394 1719 quae
417 1684 458 1710 est
472 1682 598 1715 figurata
611 1687 663 1715 per
680 1678 786 1712 aliam,
804 1684 895 1712 quam
910 1674 961 1702 illa

190 1740 256 1767 quae
269 1732 310 1758 est
324 1730 419 1764 figura
434 1728 514 1762 ejus:
532 1726 584 1753 sed
598 1727 684 1752 Vetus
696 1723 910 1751 Testamentum
921 1722 963 1748 est

189 1778 286 1812 figura
305 1775 376 1803 Novi
395 1773 583 1805 Testamenti,
599 1771 638 1798 ait
659 1770 835 1805 Augustinus
862 1768 883 1794 ⁷.
908 1768 963 1794 No-

189 1824 278 1850 bilior
297 1830 367 1856 ergo
386 1822 428 1848 est
446 1819 566 1846 scientia
588 1817 660 1844 Novi
684 1814 856 1843 Testamenti
871 1820 961 1848 quam

190 1869 310 1903 Veteris,
327 1870 354 1895 et
372 1866 465 1901 magis
487 1864 659 1892 necessaria.
676 1864 747 1890 Item
761 1861 811 1888 illa
825 1859 960 1893 scientia,

191 1924 256 1951 quae
272 1915 313 1942 est
326 1912 492 1948 suppletiva
507 1910 626 1938 alterius
638 1930 646 1943 ‚
663 1910 705 1936 est
721 1907 816 1942 magis
830 1913 962 1933 neeessa-

191 1962 244 1989 ria.
260 1960 334 1988 Talis
351 1961 392 1986 est
406 1957 526 1985 scientia
545 1955 716 1990 evangeliea
730 1954 864 1989 respectu
879 1951 962 1986 lega-

191 2008 226 2035 lis
242 2008 251 2024 ⁸
273 2016 279 2034 :
308 2008 398 2033 «Non
412 2004 480 2032 veni
503 2003 618 2030 solvere
646 2001 762 2035 legem,
788 1998 840 2026 sed
866 1998 962 2025 adim-

190 2054 282 2089 plere.
292 2062 305 2079 >³
326 2054 400 2086 Ergo
414 2052 446 2078 ut
459 2049 540 2085 prius
554 2057 560 2075 ε
575 2047 658 2083 quod
669 2049 711 2074 est
726 2044 960 2077 concedendum,

90 2116 155 2136 Jesus
191 2102 253 2127 tum
281 2098 394 2126 ratione
418 2094 595 2124 auctoritatis
612 2095 679 2120 Jesu
696 2091 813 2125 Christi,
834 2089 961 2118 auctoris

75 2147 176 2168 Christus
191 2144 352 2173 immediati
378 2141 517 2170 doctrinae
543 2138 735 2173 evangelicae,
761 2139 823 2164 tum
849 2135 961 2163 ratione

82 2180 163 2229 ,ἓξὲξ
191 2193 267 2227 ejus,
284 2191 320 2218 de
336 2197 396 2225 quo
411 2191 467 2220 est,
490 2186 560 2222 quia
581 2187 623 2212 est
638 2185 674 2211 de
693 2185 759 2210 Jesu
774 2182 886 2209 Christo
902 2183 960 2208 Deo

91 2240 163 2260 dimus
192 2240 218 2265 et
234 2237 367 2269 homine,
390 2236 417 2262 et
436 2233 472 2260 de
491 2231 635 2267 mysteriis
656 2237 715 2257 suae
735 2227 959 2260 incarnationi53

70 2270 176 2327 ξξξζέξω
193 2286 253 2311 tum
272 2283 385 2310 ratione
405 2278 487 2307 modi
502 2275 700 2314 procedendi,
716 2275 785 2310 quia
801 2276 843 2301 est
857 2273 961 2300 celsior

68 2331 122 2352 liooe-
193 2332 220 2357 et
244 2326 481 2363 compendiosior
503 2324 532 2351 in
559 2321 738 2356 Evangeliis;
760 2322 823 2347 tum
848 2319 960 2346 ratione

193 2374 313 2409 majoris
335 2371 561 2400 inimediationis
586 2369 624 2396 ad
644 2368 735 2395 finem
752 2376 758 2393 :
782 2368 813 2393 ut
828 2365 906 2392 enim
921 2364 962 2391 ait

192 2419 368 2455 Augustinus
383 2420 406 2445 ⁹:
427 2428 439 2443 α
447 2416 571 2451 Vetus(b)
580 2415 796 2442 Testamentum
808 2412 912 2439 dicitur
921 2410 960 2438 ob

96 1013 156 1033 Finis

88 1043 160 1063 omnis

226 2482 233 2497 ¹
250 2480 307 2509 Ins„
324 2484 371 2507 xX,
390 2479 428 2501 31.
441 2490 471 2494 -
485 2478 493 2490 2
510 2477 641 2505 Deut.,1v,
657 2477 680 2497 2.
695 2486 725 2491 -
742 2473 750 2487 ³
764 2472 838 2501 lbid.‚
854 2477 901 2500 xii,
921 2472 961 2494 32.

191 2528 223 2533 -—
245 2516 253 2528 ⁴
274 2516 348 2544 Aug„
372 2512 401 2536 cle
428 2512 504 2535 civit.
532 2511 590 2539 Dffl',
619 2510 663 2532 Iib.
688 2508 785 2537 XVIII,
809 2514 831 2530 c.
856 2512 907 2530 xm.
931 2518 962 2522 —

192 2552 201 2567 ὓ
219 2550 320 2577 matth„
336 2554 397 2577 xlx,
414 2548 451 2570 Π.
468 2559 497 2563 —-
511 2546 520 2561 ὅ
539 2546 669 2574 Itom.,1x‚
685 2545 723 2567 25.
737 2556 767 2560 —
782 2544 788 2556 ⁷
805 2543 880 2571 Aug„
895 2542 958 2564 cont.

192 2586 289 2616 chst„
307 2584 349 2607 lib.
368 2582 425 2610 XII,
441 2588 463 2605 c.
482 2587 520 2604 111.
537 2592 566 2596 —
584 2580 592 2593 ⁸
609 2580 707 2608 Mutila,
723 2583 746 2607 v,
762 2578 798 2600 Π.
814 2589 843 2594 --
859 2576 869 2592 ⁹
886 2577 960 2606 Aug„

191 2621 220 2644 de
241 2620 317 2644 Civit.
337 2619 396 2648 Dei,
416 2616 460 2640 lib.
480 2617 514 2641 Χ,
531 2622 553 2638 c.
573 2620 632 2638 xxv.
649 2626 675 2630 -
699 2614 719 2629 ¹⁰
737 2612 811 2642 ibid„
834 2611 877 2635 lib.
893 2611 960 2640 XVI,

193 2662 214 2680 c.
229 2661 304 2685 xxvi,
321 2660 347 2677 n.
362 2654 386 2677 2.
403 2664 433 2670 —
448 2651 467 2667 ¹¹
482 2649 538 2674 Gal.
554 2655 575 2679 1,
590 2650 612 2672 8.
629 2661 657 2666 —
672 2649 691 2664 ¹⁸
705 2648 790 2676 Dent„
803 2652 856 2670 xvn
867 2664 875 2676 ,
892 2647 914 2669 G.

514 224 784 257 EXPOSITIONIS
809 223 848 254 IN
870 222 1131 255 EVANGE’LIUM
1154 224 1294 258 SANCTI
1316 226 1477 258 JOANNIS

1021 291 1165 325 promissa
1180 292 1327 320 carnalia:
1342 302 1356 319 >i
1373 294 1487 320 Novum
1498 293 1596 320 autem
1611 291 1651 320 ob
1666 290 1792 320 eoetestia

1020 337 1167 371 promissa
1189 345 1203 365 e
1226 338 1382 366 contrario.
1412 340 1444 366 Et
1467 338 1506 366 ad
1532 338 1647 373 objecta
1667 345 1791 374 respon-

1021 384 1167 420 dendum,
1184 386 1276 421 quod,
1293 386 1367 413 sicut
1379 386 1418 413 ait
1435 386 1611 420 Augustinus
1627 385 1648 402 ¹⁰
1664 394 1670 412 :
1688 395 1702 410 α
1716 384 1792 418 Quid

1021 432 1063 458 est
1076 432 1190 458 Novum
1203 433 1417 459 Testamentum
1426 452 1435 465 ‚
1447 432 1501 459 nisi
1514 431 1653 459 revelatio
1665 431 1792 459 Veteris?
1805 423 1905 473 ωἶξζξω

1021 479 1048 503 et
1063 477 1136 513 quid
1152 479 1194 504 est
1218 479 1319 511 Vetus,
1343 478 1397 504 nisi
1418 476 1488 505 N'ovi
1512 478 1691 506 occultatio‘.⁷
1708 488 1718 501 ι)
1746 478 1793 504 Est
1807 483 1874 509 quid,
1892 484 1913 503 ot

1021 530 1092 558 ergo
1115 523 1225 550 addere
1249 524 1288 551 ad
1310 524 1475 551 doctrinam
1496 523 1603 551 Veteris
1618 523 1792 551 'testamenti
1806 513 1858 564 ᾗζξᾱ
1871 514 1912 534 v*

1019 569 1203 604 appositione
1218 569 1367 604 falsitatis,
1384 569 1444 597 sive
1468 577 1566 604 pravae
1584 569 1791 604 expositionis,

1020 617 1047 642 et
1062 615 1102 641 sic
1117 615 1278 650 loquuntur
1293 618 1426 643 auctores
1442 615 1651 649 indifferenter,
1668 617 1700 642 ut
1712 616 1791 651 patet

1019 660 1061 688 ibi
1076 661 1105 687 in
1121 661 1231 689 Glossa.
1249 663 1279 688 Et
1297 661 1442 688 consimili
1460 660 1551 688 modo
1567 660 1697 696 loquitur
1715 663 1793 695 Apo-

1019 707 1110 734 stolus
1121 707 1139 723 ¹¹
1153 717 1158 733 :
1170 718 1182 732 «
1194 707 1268 734 Licet
1276 707 1399 742 angelus
1411 706 1590 741 evangelizet
1601 706 1686 734 vobis
1697 706 1789 740 aliud,

1019 762 1111 789 quam
1130 754 1360 789 evangelizatum
1376 756 1432 788 est,
1452 754 1609 781 anathema
1630 753 1665 780 sit
1681 762 1688 780 ε
1708 763 1722 779 n
1739 752 1793 780 ubi

1019 800 1057 827 ait
1071 800 1193 828 Glossa:
1214 810 1226 826 «
1246 803 1308 828 Non
1328 800 1394 827 dieo
1418 799 1484 835 plus
1496 820 1505 833 ‚
1526 799 1577 827 sed
1596 801 1793 835 praeterquam

1019 849 1060 874 est
1081 847 1321 882 evangelizatum.
1345 858 1358 871 »
1386 848 1457 874 Item
1482 848 1523 873 est
1546 845 1661 881 aliquid
1681 845 1792 873 addere

1019 894 1144 921 scientiae
1162 894 1201 921 ad
1220 894 1364 928 maj0rem
1384 893 1595 921 revelationem
1618 893 1646 919 et
1661 891 1792 919 elucida-

1018 939 1144 973 tionem,
1167 939 1248 967 etsie
1271 941 1312 967 est
1337 939 1438 967 addita
1463 938 1607 974 sapientia
1621 937 1793 973 evangelica

1018 985 1120 1020 legali,
1131 987 1163 1013 ut
1175 985 1286 1013 dictum
1297 987 1348 1013 est.
1357 985 1409 1012 Vel
1421 987 1462 1012 est
1475 984 1583 1012 addere
1595 983 1633 1011 ad
1648 984 1793 1018 majorem

1019 1031 1247 1066 completionem
1273 1033 1299 1058 et
1322 1031 1546 1066 perfectionem,
1575 1033 1602 1057 et
1624 1029 1665 1057 sic
1695 1029 1792 1057 adhuc

1018 1077 1152 1105 doctrina
1179 1077 1349 1112 evangelica
1375 1079 1417 1104 est
1443 1076 1632 1112 superaddita
1653 1075 1791 1103 doctrinae

1018 1123 1103 1158 legis.
1127 1126 1196 1152 Item
1215 1124 1361 1158 contingit
1375 1123 1489 1158 aliquid
1503 1122 1703 1158 superaddere
1719 1121 1790 1149 doc-

1018 1170 1099 1197 trinae
1114 1170 1153 1197 ad
1168 1170 1343 1205 ampliorem
1359 1169 1612 1197 confirmationem
1628 1170 1655 1195 et
1676 1167 1789 1195 firmio-

1018 1223 1081 1242 rem
1104 1216 1349 1249 testificationem,
1373 1217 1400 1242 et
1427 1215 1467 1242 sic
1491 1216 1604 1242 Novum
1626 1215 1790 1241 Testamen-

1018 1263 1081 1288 tum
1090 1265 1131 1289 est
1140 1261 1364 1297 superadditum
1377 1261 1470 1288 Veteri
1482 1261 1501 1277 ¹²
1515 1269 1521 1287 :
1533 1271 1546 1286 u
1556 1262 1587 1288 In
1599 1268 1649 1287 ore
1662 1259 1790 1287 duorum

1018 1307 1066 1335 vel
1085 1308 1173 1335 trium
1197 1308 1313 1335 testium
1336 1307 1422 1334 stabit
1445 1314 1532 1334 omne
1554 1305 1679 1333 verbum
1695 1314 1702 1332 :
1718 1315 1732 1331 »
1749 1305 1791 1333 ibi

1018 1353 1118 1381 Glossa
1136 1363 1142 1380 :
1168 1363 1180 1379 «
1198 1355 1258 1381 Duo
1278 1355 1376 1387 testes,
1402 1354 1488 1380 Vetus
1511 1354 1538 1379 et
1560 1353 1674 1379 Novum
1695 1352 1791 1379 Testa-

1018 1401 1165 1434 mentum,
1190 1401 1246 1426 tres
1272 1401 1376 1432 testes,
1398 1398 1563 1434 Prophetae,
1584 1397 1790 1432 Evangelium,

1019 1447 1047 1472 et
1061 1445 1207 1480 Apostoli,
1225 1455 1238 1471 »
1253 1447 1285 1472 ut
1306 1445 1345 1472 ait
1361 1444 1530 1480 simpliciter
1549 1443 1650 1471 Glossa
1666 1442 1788 1471 ibidem.

1018 1492 1070 1518 Per
1085 1491 1146 1518 haec
1168 1491 1206 1518 ab
1226 1491 1356 1525 objecta,
1373 1490 1443 1525 quia
1461 1489 1528 1516 licet
1546 1490 1692 1524 praecepta
1715 1488 1789 1523 legis

1018 1536 1126 1563 ducant
1140 1536 1178 1563 ad
1193 1536 1283 1563 vitam
1301 1537 1457 1568 aeternam,
1481 1537 1580 1562 tamen
1602 1542 1663 1561 non
1677 1534 1789 1561 ducunt

1017 1582 1072 1609 nisi
1080 1583 1167 1617 prout
1176 1582 1334 1617 implentur
1342 1581 1371 1608 in
1381 1581 1439 1608 fide
1449 1582 1588 1616 operante
1600 1588 1652 1615 per
1661 1579 1790 1607 dilectio—

1018 1636 1086 1655 nem
1095 1638 1103 1663 ;
1121 1629 1148 1655 et
1162 1628 1232 1663 quia
1246 1628 1320 1655 fides
1337 1629 1365 1654 et
1380 1626 1506 1654 charitas
1525 1626 1669 1653 docentur
1682 1627 1710 1653 et
1723 1633 1790 1653 sua-

1018 1674 1123 1701 dentur
1138 1674 1168 1700 in
1183 1673 1340 1708 Evangelio
1355 1672 1392 1700 ab
1409 1672 1473 1708 ipso
1489 1671 1638 1700 salvatore
1651 1671 1671 1688 ¹³
1688 1680 1715 1698 :«
1730 1673 1789 1699 Hoc

1018 1722 1059 1747 est
1073 1721 1251 1755 praeceptum
1266 1726 1384 1752 meum,
1399 1720 1430 1745 ut
1452 1717 1578 1752 diligatis
1595 1717 1737 1750 invicem,
1752 1717 1790 1744 si-

1018 1767 1066 1792 cut
1077 1765 1166 1792 dilexi
1176 1773 1228 1792 vos
1241 1774 1246 1792 :
1259 1775 1272 1790 x>
1289 1766 1315 1792 et
1330 1772 1397 1791 cum
1411 1764 1472 1791 haec
1483 1763 1605 1790 consilia
1618 1763 1788 1798 evangelica

1017 1811 1256 1846 superadduntur
1274 1811 1292 1826 ¹⁵
1310 1820 1316 1836 :
1337 1819 1350 1835 «
1364 1810 1391 1837 Si
1404 1809 1448 1836 vis
1461 1809 1607 1844 perfectus
1621 1817 1697 1843 esse,
1712 1809 1788 1837 vade

1018 1860 1045 1885 et
1059 1857 1152 1884 vende
1167 1857 1266 1884 omnia
1280 1864 1346 1891 quae
1360 1855 1452 1883 habes
1465 1864 1472 1882 ε
1490 1865 1503 1880 »
1519 1857 1546 1882 et
1557 1856 1577 1872 ¹⁵
1591 1863 1597 1882 :
1615 1864 1628 1880 t(
1638 1857 1701 1882 Non
1719 1855 1788 1883 veni

1017 1903 1130 1931 solvere
1148 1903 1260 1937 legem,
1275 1902 1327 1929 sed
1346 1901 1524 1936 adimplere,
1545 1911 1558 1927 »
1583 1903 1615 1928 ut
1635 1902 1712 1937 patet
1731 1901 1788 1929 ibi-

1018 1949 1087 1976 dem
1104 1958 1110 1976 :
1128 1949 1196 1976 ideo
1218 1948 1353 1976 doctrina
1365 1947 1536 1982 evangelica
1554 1955 1615 1975 non
1629 1948 1671 1975 est
1688 1955 1789 1983 super-

1017 1996 1087 2029 flua,
1111 1995 1164 2022 scd
1186 1994 1263 2021 utilis
1283 1996 1310 2021 et
1324 1993 1496 2021 necessaria.
1514 1995 1545 2021 In
1563 1994 1664 2021 Joanne
1680 1993 1710 2030 (c)
1737 1993 1758 2011 ¹⁶
1779 2003 1787 2021 :

1019 2051 1033 2067 «
1047 2044 1104 2069 Lex
1118 2049 1171 2076 per
1185 2043 1303 2077 Moysen
1319 2040 1387 2068 data
1408 2042 1448 2068 est
1456 2049 1464 2074 ;
1479 2040 1572 2074 gratia
1581 2041 1608 2068 et
1618 2040 1723 2068 veritas
1737 2048 1789 2075 per

1017 2088 1170 2115 Christum.
1196 2098 1208 2114 ι)
1241 2087 1283 2114 Ibi
1307 2086 1484 2121 Augustinus
1505 2085 1524 2102 ¹⁷
1550 2086 1587 2114 de
1615 2086 1789 2114 excellentia

1017 2133 1166 2168 Evangelii
1180 2135 1315 2168 respectu
1334 2132 1423 2167 legis,
1440 2134 1471 2158 ut
1487 2131 1597 2167 patebit
1611 2131 1733 2158 ibidem.

1052 2179 1186 2206 Secundo
1211 2178 1350 2214 quoeritur
1365 2178 1401 2204 de
1416 2177 1504 2212 hujus
1523 2176 1662 2204 doctrinae
1675 2185 1788 2204 nuncu·
1811 2183 1907 2208 Qnaestio

1016 2226 1146 2260 patione,
1158 2232 1249 2260 quare
1261 2223 1369 2250 scilicet
1379 2225 1500 2250 vocatur
1508 2224 1685 2257 Evanyelz'ca:
1697 2224 1788 2251 Evan-
1801 2214 1908 2270 ἒξῢζξξυζ

1017 2271 1127 2306 gelium
1137 2270 1216 2297 enim
1231 2272 1272 2297 est
1282 2269 1380 2296 bonus
1394 2269 1513 2296 nuntius
1527 2268 1574 2296 vel
1583 2268 1664 2296 bona
1673 2276 1786 2296 annun·
1802 2274 1908 2294 doctrinm

1016 2317 1110 2347 tiatio‚
1125 2318 1157 2343 ut
1171 2315 1211 2343 ait
1230 2315 1407 2349 Augustinus
1424 2313 1444 2331 ¹⁸
1459 2317 1550 2341 contra
1569 2316 1708 2342 Faustum.
1731 2314 1787 2341 Sed
1810 2311 1907 2361 ξξζζζξ

1017 2365 1084 2390 tunc
1099 2362 1252 2397 objicitur:
1268 2361 1353 2394 Quod
1367 2362 1409 2388 est
1421 2368 1576 2388 commune
1588 2360 1683 2388 omnis
1695 2360 1786 2387 scien-

1016 2410 1076 2442 tiae,
1100 2416 1162 2436 non
1188 2407 1276 2435 debet
1294 2406 1502 2442 appropriari:
1523 2407 1575 2434 sed
1598 2406 1693 2434 omnis
1715 2406 1786 2434 doc-

1826 392 1912 412 Novum

1019 2493 1036 2509 ¹³
1049 2494 1131 2522 loun.³
1148 2498 1190 2522 xv,
1208 2493 1245 2515 12.
1256 2504 1287 2509 ·—
1302 2492 1320 2508 ¹⁴
1336 2491 1437 2519 Mami„
1451 2496 1506 2521 mx,
1522 2492 1561 2514 21.
1573 2503 1599 2507 -
1616 2491 1636 2507 ¹⁶
1647 2491 1745 2518 Mami..
1762 2497 1788 2521 v,

1018 2529 1054 2552 17.
1074 2541 1100 2544 —
1123 2528 1144 2544 ’ὅ
1157 2528 1239 2557 λοιιιι.,
1256 2534 1278 2557 ι,
1295 2528 1333 2550 Π.
1348 2539 1378 2544 -—
1391 2527 1411 2542 ¹⁷
1427 2528 1500 2556 Aug„
1517 2526 1543 2548 in
1559 2526 1639 2555 loun..
1655 2527 1727 2550 tract.
1746 2532 1786 2557 111,

1015 2569 1041 2586 u.
1059 2564 1140 2586 Iit-20.
1158 2576 1185 2580 —
1205 2562 1223 2578 ¹⁸
1239 2562 1286 2592 Id.,
1302 2564 1366 2586 cont.
1382 2561 1478 2590 Μυσὴ,
1495 2560 1536 2583 lib.
1556 2561 1584 2590 II,
1600 2568 1623 2584 c.
1640 2566 1670 2584 11.

1048 2608 1083 2639 (a)
1100 2609 1162 2632 coet.
1180 2608 1239 2632 edit.
1257 2609 1303 2632 est.
1318 2620 1350 2625 —
1365 2606 1400 2638 (ὁ)
1420 2606 1480 2630 Caec.
1494 2606 1554 2630 edit.
1568 2606 1626 2631 add.
1643 2608 1737 2632 autem.
1758 2619 1788 2625 -—

1017 2645 1049 2674 (c)
1066 2644 1128 2667 (λεί.
1144 2643 1204 2667 edit.
1219 2644 1341 2667 loannes.
