1987 3032
182 242 220 270 84
724 232 936 266 EVANGELH
959 233 1100 265 SANCTI
1122 234 1234 266 LUGAE

222 304 338 342 Tertio,
354 307 507 344 quantum
524 304 562 333 ad
581 303 753 341 benignam
770 301 949 332 oblatorum

179 358 408 397 susceptionem
421 381 429 394 ,
445 356 570 387 additur
585 359 591 395 i
600 366 630 386 v.
649 356 701 385 *tol
716 367 722 385 z
738 356 827 385 Jesus
842 357 949 384 azctem

180 420 354 442 convocans
369 411 453 448 illos,
472 410 553 439 (lixit
566 419 575 440 .·
590 410 693 441 Sinite
707 418 823 448 ymerus
844 407 948 437 venire

179 464 224 494 ad
235 473 296 502 me,
312 468 341 495 et
354 464 450 494 nolite
467 467 569 494 vetare
581 472 642 499 θος,
658 470 738 501 quos
751 461 868 490 scilic-et
883 468 948 489 ma-

178 517 230 556 gis
248 517 367 548 dehetis
387 517 545 547 attrahere
564 518 593 545 ct
614 524 739 546 vocare.
768 514 855 544 Unde
870 513 945 544 dici-

176 573 228 601 tur
243 571 273 601 ¹:
296 571 403 601 «Misit
427 570 555 600 ancillas
580 578 654 599 suas
675 571 711 599 ut
736 569 885 598 vocarent
908 566 947 597 ad

175 632 296 662 arcem,
314 626 344 654 et
365 624 403 654 ad
420 623 537 653 moenia
553 622 709 653 civitatis:
727 633 741 649 n
764 621 889 660 Siquis
903 623 948 650 est

169 676 337 716 parvulus,
354 677 461 706 veniat
476 676 521 706 acl
530 686 591 706 me.
606 675 671 706 Hos
686 684 764 713 ergo
775 683 840 704 non
857 674 947 704 debe-

171 730 248 760 bant
261 732 385 767 vetare,
412 729 464 759 sed
480 738 593 760 vocare
608 732 618 747 ²
635 739 640 759 :
665 740 679 757 (ι
695 728 764 759 Noli
780 727 946 767 probibere

171 783 351 813 benefacere
366 791 442 813 eum
456 782 510 821 qui
526 783 626 822 potest
643 793 648 811 ι
677 781 701 811 si
716 780 820 818 vales,
837 782 867 809 et
881 780 945 819 ipse

171 836 312 866 benefac.
326 847 339 863 n
358 835 445 866 Unde
458 835 702 874 Chrysostomus
716 837 726 852 ³
744 845 750 864 ς
771 845 785 861 «
802 833 833 863 Si
845 833 945 862 sancti

172 890 269 920 futuri
294 892 386 928 sunt,
407 889 483 929 quid
505 890 618 919 vetatis
647 889 728 919 tilios
758 889 797 919 ad
822 890 943 927 patrem

172 943 306 973 venire?
323 944 355 973 Si
371 944 550 982 peccatores
566 942 663 972 futuri
679 944 761 979 sunt,
779 941 855 980 quid
870 950 941 970 sen-

172 996 303 1026 tentiam
331 995 543 1026 damnationis
571 995 717 1034 profertis
728 1019 737 1031 ,
769 996 942 1033 antequam

171 1050 297 1090 culpam
312 1050 469 1081 videatis?
489 1049 602 1086 Quales
616 1049 708 1079 modo
725 1050 817 1084 sunt,
835 1057 941 1077 meum

171 1106 236 1142 est3
253 1104 362 1143 quales
374 1112 450 1134 vero
467 1103 565 1134 futuri
579 1106 663 1140 sunt,
676 1103 818 1141 ipsorum
833 1113 839 1132 z
858 1102 941 1140 quod

170 1166 279 1188 meum
297 1160 361 1195 est,
385 1157 563 1193 honorate3
587 1156 671 1195 quod
699 1156 840 1194 ipsorum
869 1155 939 1191 crit,

169 1210 374 1241 miseremini.
392 1221 406 1237 n
438 1209 484 1240 Ex
514 1217 578 1249 quo
612 1208 776 1238 manifeste
798 1210 939 1247 apparet,

169 1264 253 1303 quod
268 1263 359 1303 pueri
375 1272 439 1293 non
451 1265 523 1292 sunt
538 1262 723 1301 prohibendi
738 1270 777 1291 ne
793 1261 941 1291 accedant

167 1318 204 1347 ad
221 1317 392 1348 Christum.
410 1317 445 1346 ln
460 1317 551 1355 cujus
561 1316 656 1345 etiam
669 1316 811 1354 signum,
826 1317 860 1345 ut
874 1315 939 1354 ipse

167 1380 200 1400 se
215 1370 369 1410 praeberet
390 1369 497 1409 pueris
512 1369 544 1398 in
560 1368 758 1408 exemplum⁷
774 1368 888 1398 dicitur
901 1368 939 1398 de

167 1424 235 1463 ipso
249 1433 346 1463 supra
359 1423 368 1439 ¹'
379 1423 462 1462 quod
471 1434 484 1451 (ι
495 1432 568 1453 cum
579 1423 678 1452 sactus
689 1424 770 1452 esset
779 1430 938 1451 annorum

166 1476 348 1513 duodecim,
366 1476 482 1506 relictis
504 1475 708 1515 parentibus⁷
731 1474 882 1504 remansit
906 1474 937 1503 in

165 1530 351 1561 Jerusalem.
370 1540 384 1557 »
413 1529 447 1559 In
474 1530 566 1568 cujus
580 1528 675 1558 etiam
691 1528 822 1566 signum
841 1527 938 1557 insan-

165 1584 246 1614 tium
272 1592 445 1622 puerorum
472 1582 644 1621 acceptavit
672 1580 875 1620 martyrium,
899 1580 937 1610 de

166 1646 230 1676 quo
245 1636 414 1667 Matlhaeus
429 1636 439 1652 ⁶
457 1645 463 1665 :
492 1646 506 1663 «
520 1635 645 1665 Mittens
659 1633 808 1670 Herodes,
826 1633 937 1663 occidit

165 1699 275 1721 omnes
290 1699 422 1730 pueros,
439 1689 493 1728 qui
510 1690 600 1719 erant
619 1688 651 1717 in
666 1687 838 1724 Bethleem,
855 1696 873 1717 a
889 1686 935 1715 bi-

166 1746 252 1773 matu
268 1745 300 1773 et
314 1730 404 1773 infra.
422 1753 435 1770 n
463 1741 498 1771 ln
513 1742 610 1780 hujus
625 1740 719 1770 etiam
740 1740 868 1777 signum
885 1749 934 1769 ac-

165 1796 481 1836 ceptavitpuerorum
488 1794 685 1834 praeconium
696 1793 913 1823 laudantium⁶
927 1803 933 1822 ε

169 1861 182 1877 α
198 1849 344 1880 Videntes
368 1849 525 1888 principes
549 1847 747 1877 sacerdotum
772 1848 802 1876 et
825 1845 934 1875 scribae

164 1902 320 1932 mirabilia
337 1910 409 1941 quae
424 1901 510 1938 fecit,
537 1902 567 1930 et
586 1909 702 1939 pueros
716 1899 887 1929 clamantes
903 1899 934 1928 in

163 1955 297 1994 templo,
315 1958 345 1985 et
359 1955 496 1985 dicentes
512 1965 518 1984 ι
544 1953 668 1983 Osanna
683 1952 747 1982 filio
764 1952 872 1989 David,
891 1952 935 1981 in—

163 2008 286 2047 dignati
301 2009 386 2044 sunt,
405 2010 435 2037 et
450 2007 599 2037 dixerunt
611 2006 638 2035 ei
658 2017 663 2034 ε
682 2005 779 2035 Audis
795 2004 871 2043 quid
884 2004 933 2033 isti

161 2061 289 2091 dicunt?
299 2060 389 2091 Jesus
405 2062 512 2090 autem
528 2058 607 2088 dixit
622 2058 667 2088 eis
681 2069 686 2087 :
704 2057 827 2097 Utique.
846 2056 933 2087 Nun-

162 2123 259 2154 quam
273 2112 396 2153 legistis
408 2137 415 2150 ,
432 2112 506 2151 quia
520 2121 559 2142 ex
575 2120 628 2141 ore
643 2110 810 2139 infantium
829 2112 859 2140 et
875 2110 934 2139 lac-

162 2168 296 2198 tentium
313 2166 470 2206 perfecisti
484 2165 611 2196 laudem
623 2165 637 2194 ἵ)
650 2176 664 2191 u
686 2166 743 2193 etc.
762 2163 844 2193 Licet
856 2172 933 2201 ergo

161 2220 253 2259 pueri
275 2220 457 2250 occidantur
477 2219 516 2249 ab
534 2217 675 2254 Herode,
698 2216 893 2256 repellantur
916 2226 935 2246 a

162 2272 340 2309 pharisaeis,
357 2271 547 2312 suscipiendi
560 2272 633 2301 sunt
646 2279 664 2299 a
676 2269 847 2308 discipulis,
859 2270 934 2308 qnia

160 2326 377 2364 suscipiuntur
414 2336 432 2355 a
469 2325 607 2362 Christo,
641 2326 671 2353 et
708 2332 726 2352 a
758 2323 830 2353 Deo.
871 2322 932 2352 Un-

159 2379 197 2409 de
209 2378 355 2410 Psalmus
384 2379 394 2394 ⁷
421 2389 427 2408 ε
459 2390 473 2405 α
501 2378 639 2408 Laudate
651 2401 659 2415 ,
690 2376 794 2416 pueri,
824 2376 933 2406 Domi-

157 2440 248 2468 num,
260 2443 274 2459 ))
298 2433 356 2462 ete.

201 2485 330 2523 Quarto,
347 2486 502 2524 quantum
516 2484 554 2514 ad
566 2483 748 2522 judicialem
763 2481 933 2512 humilium

195 2566 200 2578 ¹
217 2565 297 2591 Pron„
313 2569 354 2594 lx,
368 2565 390 2587 53.
407 2576 437 2580 —
452 2564 461 2579 ’Ξ
477 2564 558 2592 Pron,
574 2569 621 2592 ιιι,
644 2563 682 2585 27.
698 2576 723 2578 —
746 2562 756 2578 ³
777 2563 828 2585 lino
846 2564 934 2585 auctor

162 2601 234 2629 Oli-⁰1⁴.
260 2600 360 2630 imperf.
384 2600 409 2622 in
435 2598 536 2625 Mami„
560 2598 630 2621 boni.
656 2604 743 2626 xxxn,
769 2598 834 2620 iuter
857 2600 932 2627 Oper.

162 2636 303 2666 Chrysost.v
318 2637 380 2665 App.
402 2637 465 2657 tom.
479 2634 521 2657 Vi.
532 2647 561 2650 —
576 2637 583 2646 ⁴
597 2635 758 2663 >311p.,11.-l;<.
768 2646 798 2650 —
811 2633 932 2660 ⁵Maltl1„

162 2677 196 2700 ιι,
222 2673 256 2694 itt.
273 2683 301 2687 —
321 2672 329 2683 ⁶
351 2670 423 2698 ibid„
445 2670 605 2698 xxr,15-16.
624 2681 653 2685 —
671 2669 677 2681 ⁷
694 2668 764 2691 I'sal.
783 2674 849 2697 cxii,
868 2670 889 2692 1.
903 2681 933 2685 —

166 2708 195 2730 ΒΙ
213 2708 281 2731 (ma,
299 2711 350 2735 xiv,
367 2707 405 2729 20.
423 2718 448 2721 ψ
467 2706 475 2717 '³
487 2705 572 2733 Pron„
587 2710 651 2733 xxii,
671 2706 751 2726 1:3.—
769 2705 785 2719 ¹·
801 2705 932 2734 Sap..xi1,

1004 302 1279 341 approbationem,
1296 302 1506 342 subjungitur
1521 312 1529 333 :
1549 303 1674 335 Talium
1691 305 1776 335 em'm

1005 358 1050 384 est
1062 364 1198 394 reqnmn
1213 356 1273 386 Dei
1282 380 1290 393 ,
1308 356 1337 386 id
1353 358 1415 393 est,
1434 357 1540 395 pueris
1555 357 1719 387 similium.
1738 357 1776 388 Et

1003 409 1078 438 nota
1091 408 1174 447 quod
1190 409 1278 448 pueri
1294 409 1411 440 habent
1425 409 1530 449 aliqua
1553 410 1585 440 in
1606 419 1638 440 se
1656 410 1688 440 in
1704 410 1776 450 qui-

1003 458 1063 490 bus
1077 461 1294 492 assimilantur
1301 463 1346 492 eis
1357 462 1442 499 mali,
1454 464 1485 492 et
1495 462 1599 502 aliqua
1612 463 1645 493 in
1656 463 1775 502 quibus

1004 513 1218 544 assimilantur
1227 515 1273 545 eis
1282 514 1375 545 boni:
1390 517 1516 554 propter
1525 516 1610 554 quod
1623 515 1772 546 dicitur⁸:

1007 578 1021 593 «
1044 565 1145 596 Nolite
1171 568 1261 606 pueri
1285 568 1365 597 et'tici
1391 568 1551 605 sensibus,
1576 569 1629 599 sed
1655 568 1774 600 malitia

1002 619 1127 658 parvuli
1143 622 1250 651 estote.
1269 632 1284 649 »
1304 620 1426 651 Habent
1441 630 1580 660 namque
1599 622 1691 660 pueri
1709 625 1773 653 sto-

1001 671 1154 702 liditatem
1170 673 1201 703 in
1223 674 1344 704 ratione
1359 674 1370 689 ⁹
1393 683 1400 704 :
1430 686 1445 702 «
1465 673 1605 704 Stultitia
1626 674 1775 714 colligata

1001 725 1095 755 estin
1115 727 1208 756 eorde
1231 727 1330 766 pueri.
1352 738 1367 755 n
1384 726 1549 766 Sapiens¹⁰
1565 737 1595 757 z«
1609 726 1774 767 Tanquam

1001 779 1106 817 pueris
1131 779 1295 809 insensatis
1315 779 1474 818 Judicium
1500 781 1534 810 in
1558 780 1699 811 derisum
1718 781 1773 812 de-

1000 830 1104 861 disti.»
1120 831 1241 862 Habent
1252 833 1538 872 concupiscentiam
1548 833 1580 863 in
1589 834 1771 872 affectione;

1000 883 1204 915 Ecclesiastes
1219 887 1239 903 ¹¹
1256 895 1266 916 .·
1286 897 1300 913 «
1317 885 1371 916 Vae
1390 886 1458 924 tibi,
1480 888 1581 925 terra,
1607 888 1700 926 quus
1717 895 1773 918 rex

1001 946 1079 976 puer
1089 940 1144 975 est,
1157 941 1187 968 et
1200 940 1291 978 quus
1303 940 1458 979 princeps,
1471 951 1485 968 ι)
1495 942 1554 970 etc.
1567 940 1605 970 Et
1616 940 1637 957 ¹²
1651 951 1680 970 :a
1691 940 1774 971 Puer

999 990 1054 1029 qui
1071 991 1243 1022 dimittitur
1257 992 1413 1022 voluntati
1431 1002 1514 1030 suae,
1530 993 1695 1023 confundit
1709 1002 1774 1024 ma-

998 1044 1078 1073 irem
1095 1054 1196 1075 suam.
1208 1056 1222 1073 »
1241 1044 1363 1075 Habent
1378 1046 1472 1076 etiam
1488 1046 1724 1077 instabilitatem
1739 1047 1772 1076 in

998 1097 1179 1135 operatione
1196 1098 1218 1114 ¹³
1238 1109 1244 1128 :
1272 1110 1285 1126 «
1302 1098 1451 1129 Deficient
1465 1099 1575 1138 pueri,
1594 1101 1625 1129 et
1646 1098 1771 1130 labora-

998 1150 1087 1187 hunt,
1101 1152 1275 1190 etjuvenes
1286 1152 1318 1181 in
1329 1152 1513 1182 infirmitate
1523 1152 1662 1183 cadent.»
1677 1152 1716 1182 Et
1728 1152 1748 1168 ¹⁵
1763 1163 1769 1182 :

1001 1215 1015 1232 (t
1036 1204 1106 1235 Non
1126 1205 1226 1235 simus
1245 1205 1370 1245 parvuli
1391 1205 1596 1242 fluctuantes,
1609 1216 1623 1233 n
1649 1208 1708 1236 etc.
1734 1205 1772 1236 Et

997 1258 1067 1288 ideo
1082 1258 1184 1289 Isaicts
1196 1260 1217 1278 ¹⁵
1235 1270 1240 1289 :
1259 1270 1272 1287 «
1289 1258 1370 1289 Puer
1385 1261 1512 1289 centum
1529 1268 1688 1290 annorum
1705 1268 1771 1290 mo-

996 1311 1106 1349 rietur7
1122 1314 1152 1341 et
1167 1314 1320 1351 peccator,
1333 1323 1347 1340 n
1363 1315 1422 1342 etc.
1437 1312 1560 1342 Habent
1575 1315 1690 1352 praeter
1700 1312 1770 1343 haec

996 1363 1085 1401 pueri
1101 1365 1271 1403 puritatem
1283 1364 1302 1379 ¹⁶
1317 1376 1347 1394 z«
1359 1364 1512 1405 Praecepit
1526 1374 1583 1395 rex
1598 1365 1769 1406 praeposito

995 1418 1216 1448 eunuchorum
1232 1421 1268 1448 ut
1281 1418 1495 1449 introduceret
1510 1428 1637 1458 pueros,
1651 1419 1685 1449 in
1700 1419 1769 1459 qui-

995 1469 1054 1499 bus
1064 1470 1150 1501 nulla
1166 1473 1247 1501 esset
1260 1471 1396 1501 macula.
1410 1482 1424 1498 υ
1444 1471 1516 1501 ideo
1529 1472 1645 1503 dicitur
1657 1473 1678 1489 ¹⁷
1694 1483 1724 1502 :a
1734 1472 1766 1503 Si

995 1524 1104 1554 mundi
1125 1527 1199 1554 sunt
1219 1525 1323 1564 pueri,
1349 1525 1488 1555 maxime
1512 1534 1530 1554 a
1555 1525 1765 1561 mulieribus,

994 1577 1197 1607 manducent.
1221 1588 1235 1605 »
1260 1578 1297 1608 Et
1332 1578 1430 1608 David
1460 1589 1465 1607 :
1496 1577 1673 1608 «Fuerunt
1694 1587 1769 1609 vasa

994 1638 1165 1668 puerorum
1181 1634 1299 1661 sancta.
1314 1642 1328 1659 »
1343 1631 1466 1662 Habent
1480 1631 1714 1671 simplicitatem
1726 1633 1746 1651 '⁸
1759 1643 1766 1663 ι

998 1694 1011 1711 α
1022 1683 1069 1713 Ex
1084 1685 1196 1714 studiis
1211 1685 1276 1715 suis
1291 1684 1481 1724 intelligitur
1493 1694 1587 1725 puer,
1605 1685 1630 1714 si
1646 1685 1766 1716 munda

993 1739 1021 1765 et
1044 1739 1128 1767 reeta
1151 1740 1226 1768 sunt
1240 1747 1336 1777 opera
1351 1739 1431 1777 ejus.
1446 1749 1460 1766 »
1483 1739 1579 1769 Oseas
1590 1739 1611 1759 ¹⁹
1624 1748 1635 1769 .·
1654 1749 1669 1767 (ι
1684 1738 1768 1769 Puer

994 1789 1102 1827 lsrael,
1116 1793 1145 1820 et
1160 1790 1255 1821 dilexi
1267 1800 1340 1821 eum
1356 1794 1484 1831 propter
1495 1791 1762 1831 simplicitatem.»

993 1841 1031 1872 Et
1043 1843 1065 1859 ²⁰
1081 1854 1109 1872 1«
1123 1843 1205 1880 Scio,
1220 1844 1298 1874 Deus
1312 1853 1401 1874 meus
1411 1868 1418 1881 ‚
1434 1845 1519 1884 quod
1532 1845 1646 1884 probes
1659 1844 1763 1881 corda,

992 1898 1021 1925 ct
1043 1896 1288 1935 simplieitatem.
1311 1908 1325 1925 υ
1354 1897 1477 1927 Habent
1500 1897 1689 1928 docilitatem
1707 1897 1729 1915 ²¹
1756 1906 1763 1926 :

996 1960 1010 1977 «
1032 1948 1116 1979 Puer
1138 1958 1226 1979 eram
1255 1950 1460 1988 ingeniosus,
1488 1953 1518 1980 et
1541 1950 1671 1980 sortitus
1693 1959 1765 1981 sum

991 2002 1131 2032 animam
1147 2003 1274 2033 bonam.
1294 2014 1308 2031 n
1325 2002 1362 2033 Et
1373 2004 1414 2032 ¹²:
1437 2015 1450 2030 «
1462 2003 1530 2033 Noli
1547 2003 1733 2034 subtrahere
1747 2013 1766 2033 a

991 2065 1090 2095 puero
1105 2056 1318 2096 disciplinam3
1337 2057 1362 2087 si
1377 2057 1463 2086 enim
1483 2057 1677 2096 percusseris
1689 2066 1763 2088 eum

995 2109 1099 2147 virga,
1125 2118 1189 2139 non
1214 2109 1381 2139 morietur.
1399 2120 1413 2137 n
1433 2108 1533 2139 Habet
1555 2110 1762 2140 amicabilita-

992 2163 1054 2191 tem
1066 2162 1090 2180 ²³
1103 2173 1129 2191 :a
1143 2161 1217 2192 Erat
1232 2162 1438 2201 Omnipotens
1452 2171 1578 2192 mecum
1589 2186 1597 2200 ,
1614 2165 1645 2192 et
1659 2162 1691 2192 in
1707 2162 1765 2192 cir-

991 2216 1077 2245 cuitu
1093 2224 1163 2246 meo
1179 2215 1269 2254 pueri
1285 2215 1385 2245 mei.»
1403 2214 1469 2245 ΕΗ·
1485 2225 1511 2245 z«
1526 2213 1596 2245 Noli
1608 2214 1688 2245 mihi
1701 2223 1766 2245 mo-

992 2268 1088 2298 lestus
1103 2278 1184 2307 esse,
1202 2268 1278 2308 quia
1299 2268 1389 2307 pueri
1411 2268 1474 2298 mei
1495 2276 1622 2298 mecum
1646 2270 1761 2298 sunt.»

991 2322 1115 2352 Habent
1126 2322 1379 2352 tractabilitatem
1392 2322 1412 2338 ²⁵
1426 2321 1593 2352 :«San1uel
1607 2321 1766 2352 ministra-

991 2375 1043 2405 bat
1052 2378 1123 2406 ante
1133 2376 1242 2406 faciem
1251 2374 1392 2413 Domini,
1404 2384 1485 2415 puer
1494 2375 1652 2405 accinctus
1661 2375 1763 2414 ephod

991 2427 1085 2459 lineo.
1100 2440 1113 2456 »
1133 2428 1171 2458 Et
1186 2428 1224 2458 de
1238 2428 1353 2467 Joseph
1369 2428 1514 2458 dicitur²⁵
1526 2427 1682 2467 :«J0seph
1697 2436 1765 2467 pas-

992 2491 1030 2513 25.
1042 2504 1071 2507 —
1085 2492 1101 2506 ¹¹
1117 2490 1204 2520 Eccle„
1220 2497 1245 2520 x,
1262 2491 1296 2514 iss.
1313 2503 1343 2507 —
1360 2490 1380 2506 ¹²
1394 2490 1659 2519 Proz=.v.xx1x,15.-
1676 2490 1692 2504 ¹³
1705 2490 1762 2518 Iso..

991 2531 1038 2554 XL,
1058 2528 1096 2549 30.
1116 2540 1144 2543 -
1168 2526 1185 2542 ¹⁸
1204 2526 1304 2556 Eplzes„
1327 2531 1365 2554 lv,
1384 2527 1421 2549 44.
1436 2538 1465 2542 -
1486 2525 1505 2541 ¹⁵
1519 2526 1579 2555 Isth,
1598 2530 1658 2554 ur,
1675 2526 1714 2549 20.
1735 2538 1761 2542 -

993 2562 1013 2577 ¹¹·
1036 2562 1106 2587 Dum,
1126 2568 1142 2588 Ι,
1161 2563 1180 2584 i.
1196 2574 1225 2578 —
1247 2562 1263 2577 ¹7
1281 2562 1286 2584 Ι
1309 2561 1373 2591 Κεφ,
1391 2565 1444 2587 XXI,
1461 2561 1483 2589 li,
1498 2561 1520 2582 5.
1536 2573 1566 2577 —
1583 2559 1600 2575 '⁸
1616 2560 1698 2588 Pron„
1718 2566 1760 2588 xx,

994 2598 1028 2619 li.
1050 2609 1078 2612 —
1103 2597 1120 2611 ¹¹
1142 2598 1205 2623 ose..
1226 2603 1269 2625 λι,
1298 2599 1318 2619 l.
1340 2608 1365 2612 -
1388 2596 1408 2610 ²⁰
1431 2595 1436 2618 Ι
1458 2595 1556 2625 Par-at„
1578 2601 1655 2623 xxix,
1677 2597 1712 2619 17.
1731 2609 1761 2613 —

991 2632 1008 2646 ²¹
1025 2631 1094 2661 Sap„
1110 2637 1165 2661 vni,
1180 2634 1215 2654 m.
1232 2645 1258 2648 —
1275 2632 1295 2647 ²³
1307 2632 1390 2658 Pron„
1401 2635 1475 2660 xxiii,
1492 2632 1527 2654 ¹3.
1541 2643 1571 2647 —
1586 2630 1606 2646 ²³
1618 2630 1672 2659 Job,
1687 2637 1760 2660 xxix,

991 2668 1014 2689 5.
1032 2679 1062 2682 —
1080 2666 1097 2679 ²⁸
1119 2668 1192 2696 Sup.y
1217 2673 1253 2696 xi,
1274 2668 1296 2690 7.
1313 2679 1343 2683 —
1359 2665 1378 2682 ²⁸
1397 2665 1403 2688 Ι
1425 2665 1491 2695 Req.y
1511 2670 1538 2695 u,
1556 2666 1592 2690 ¹8.
1608 2678 1636 2683 —
1653 2666 1672 2680 ²⁵
1689 2666 1760 2696 Gen„

990 2708 1090 2731 xxxx-n,
1106 2704 1127 2724 2,
