1987 3032
738 191 942 223 EXPOSITIO
966 191 1005 223 ΙΝ
1027 191 1109 223 CAP.
1135 192 1216 224 VIII.

181 261 269 297 capit,
284 260 336 288 sed
351 260 421 296 quia
440 260 530 287 totam
543 258 705 286 veritatem.
721 258 779 286 Nisi
794 258 872 286 enim
886 258 948 286 fue-

179 308 216 335 rit
234 307 332 335 anima
355 314 445 341 capax
465 304 607 338 veritatis,
626 305 717 332 homo
744 307 786 332 est
806 305 945 332 mendax.

180 353 267 380 Aliud
280 353 359 380 enim
373 353 424 385 est,
440 351 531 378 homo
552 352 594 377 est
607 358 708 383 verax,
732 351 802 386 qnia
825 350 949 386 percipit

180 399 349 432 veritatem3
364 397 446 424 aliud
462 399 513 431 est,
533 404 624 424 verax
648 398 732 428 Deus,
755 396 825 431 quia
849 396 949 431 genuit

179 445 339 472 veritatem.
356 445 448 471 Homo
468 445 509 470 est
529 451 627 476 verax,
642 442 847 478 participando
871 442 947 469 veri-

180 493 282 519 tatem:
293 491 366 517 Deus
377 491 418 516 est
426 496 515 516 verax
524 489 572 523 (a),
583 488 748 523 generando
759 488 920 515 veritatem.
931 498 944 514 »

180 538 243 564 Haec
262 536 322 563 ille.
345 537 378 563 Et
402 535 470 562 ideo
491 535 567 562 bene
587 534 794 570 appropriatur
814 534 871 561 hoc
892 543 947 562 no-

179 590 258 617 men,
277 583 383 616 Veram,
410 581 483 609 Patri
491 590 498 615 ;
524 582 552 608 et
579 582 687 608 Veritas
711 581 793 608 Filio.
811 580 819 596 ¹
837 590 850 605 «
872 581 950 608 Sicut

179 629 269 656 homo
284 636 385 661 verax,
401 628 451 663 qui
476 627 546 654 dicit
560 627 651 654 verba
666 634 754 661 vera3
779 626 820 653 sic
843 627 949 654 dicitur

179 677 254 702 Deus
265 682 365 707 verax,
381 673 451 709 quia
465 673 564 708 genuit
582 673 720 706 Verbum,
743 673 825 708 quod
846 675 949 700 estve-

179 721 258 748 ritas.
274 731 287 745 »
306 721 368 747 Haec
380 720 438 747 ille.
454 721 490 746 Et
505 727 561 753 eye,
578 727 636 753 quoe
652 719 749 745 audivi
763 727 779 745 a
800 720 889 753 Patre,
907 720 949 746 Io-

180 775 262 802 quor:
279 766 361 793 etsie
374 765 524 792 veritatem
542 765 661 799 loquor.
682 765 769 791 Suum
796 765 874 792 enim
895 773 948 792 au-

180 813 243 840 dire
258 814 310 845 est,
325 820 411 839 suum
435 819 497 838 esse
520 819 537 838 a
556 812 653 844 Patre,
674 811 714 838 ait
737 811 914 844 Augustinus
926 830 947 846 5,

180 860 207 886 et
221 859 306 886 estin
318 858 428 892 Glossa,
447 856 576 893 supra‘2':
596 867 609 882 «
629 857 706 885 Sicut
720 857 820 891 audio,
839 858 879 885 sic
900 858 948 892 ju-

181 905 258 932 dico.
274 906 334 932 »Et
353 904 494 940 quoniam
513 903 555 931 illi
579 905 660 930 erant
682 903 814 930 carnales
837 904 876 938 (v.
891 905 948 938 27),

181 959 232 978 non
246 953 431 985 coqnoverunt,
451 952 515 984 quia
529 952 633 984 putrem
655 949 761 976 dicebat
781 951 873 977 Deum.
894 950 950 977 Sed

181 1005 272 1032 quare
299 996 377 1024 istud
409 996 553 1032 apponit?
583 995 749 1031 Respondet
779 995 950 1031 Chrysosto-

180 1043 266 1070 mus³
282 1051 289 1069 :
307 1052 322 1068 ι(
342 1042 385 1070 Ad
407 1042 623 1069 ostendendum
651 1042 809 1069 amentiam
835 1049 948 1076 eorum,

181 1088 249 1124 quia
265 1088 374 1116 faciens
388 1089 479 1122 signa,
492 1090 519 1115 et
530 1088 649 1121 (100005,
660 1095 722 1114 non
737 1087 852 1114 attraxit
864 1095 923 1114 eos.
934 1097 947 1112 »

182 1136 213 1161 Et
227 1134 369 1169 quoniam
379 1133 450 1161 tales
465 1135 557 1168 erant,
573 1133 673 1160 subdit
687 1141 746 1169 quo
757 1135 889 1168 tempore
905 1141 951 1160 co-

182 1183 332 1216 gnoscent.
347 1182 374 1208 et
388 1188 440 1215 per
454 1187 545 1215 qnam
559 1179 639 1206 viam
654 1180 691 1214 (v.
708 1179 752 1214 28)
769 1188 775 1206 :
793 1180 856 1206 Cum
876 1180 951 1206 exal-

182 1228 304 1254 taveritis
324 1228 422 1253 Filium
442 1226 566 1259 hominis,
585 1225 694 1252 scilicet
714 1225 745 1252 in
767 1233 863 1259 cruce,
891 1227 951 1252 tunc

181 1274 351 1307 cognoscetis,
374 1272 482 1299 scilicet
496 1271 656 1305 credendo,
679 1273 744 1306 quia
762 1280 807 1305 eqo
822 1279 891 1305 sum,
908 1271 951 1298 Fi-

181 1318 237 1346 lius
252 1319 300 1346 Dei
319 1326 406 1346 verus
429 1327 435 1345 :
464 1318 547 1353 quasi
572 1317 697 1351 diceret,
723 1317 762 1344 ait
781 1317 952 1352 Chrysosto-

181 1372 247 1391 mus
257 1365 266 1381 '⁴
276 1373 303 1391 :«
310 1367 388 1392 Tunc
398 1364 525 1391 maxime
537 1363 704 1390 existimatis
711 1363 855 1398 quoniam
862 1363 952 1398 erepti

182 1411 259 1438 eritis
272 1418 290 1438 a
305 1418 352 1437 me
369 1419 375 1437 ε
392 1413 459 1438 1000
472 1410 600 1437 maxime
615 1409 726 1443 5010115,
743 1409 885 1444 quoniam
896 1417 951 1444 ego

181 1465 258 1490 sum,
273 1457 381 1483 scilicet
396 1456 483 1483 Filius
499 1455 561 1489 Dei,
576 1458 602 1482 et
616 1455 709 1489 gratia
725 1456 756 1490 (b)
781 1455 951 1489 signorum,

181 1505 208 1530 et
218 1502 311 1537 gratia
327 1502 468 1537 captionis
485 1501 528 1537 (c),
544 1504 571 1528 et
586 1501 680 1536 gratia
693 1501 922 1528 resurrectionis.
936 1511 948 1526 n

182 1549 261 1576 Unde
285 1548 440 1576 dixerunt5
465 1557 471 1575 ι
495 1558 508 1573 «
523 1549 593 1575 Vere
615 1547 693 1574 filius
714 1547 764 1574 Dei
786 1549 846 1574 erat
861 1547 947 1574 iste.»

181 1595 261 1622 Unde
285 1595 477 1629 Augustinus8
499 1603 504 1621 :
531 1604 544 1619 «
565 1593 776 1621 Exaltationem
798 1593 868 1620 dicit
886 1601 952 1628 pas-

180 1642 280 1675 sionis,
300 1649 360 1668 non
384 1640 614 1676 glorificationis.
638 1650 652 1665 n
680 1640 810 1675 Supra⁷:
836 1649 849 1665 ε(
875 1639 952 1667 Sicut

181 1687 317 1715 exaltavit
328 1688 440 1723 Moyses
454 1688 617 1721 serpentem
629 1685 659 1712 in
676 1685 801 1719 deserto,
816 1695 828 1711 »
841 1686 952 1712 01010-

179 1733 238 1760 1108
253 1743 259 1761 :
276 1742 289 1758 α
304 1734 378 1760 Cum
393 1733 537 1760 exaltatus
550 1732 633 1759 fuero
649 1740 667 1759 a
679 1733 765 1765 terra,
782 1731 883 1758 omnia
894 1734 952 1758 tra-

180 1780 249 1807 ham
264 1779 303 1806 ad
318 1788 364 1806 me
380 1779 486 1814 ipsum.
503 1788 516 1804 »
530 1780 561 1805 Et
574 1779 655 1811 nota,
672 1777 754 1812 quod
769 1777 882 1812 ubique
893 1778 950 1804 ait:

180 1826 245 1859 Ego.
263 1827 294 1852 L't
308 1825 386 1852 enim
396 1825 434 1852 ait
444 1824 620 1859 Augustinus
630 1825 640 1840 ⁹
657 1833 664 1851 z
682 1834 695 1848 (ι
711 1823 809 1850 001015
819 1824 953 1851 creatura

180 1870 330 1898 mutabilis
345 1873 396 1904 est,
411 1872 438 1897 et
454 1870 549 1897 omnis
564 1870 663 1896 anima
685 1869 777 1896 modo
803 1872 844 1896 est
861 1870 951 1903 mala,

180 1917 271 1945 modo
286 1917 378 1951 bona,-
393 1917 424 1943 id
444 1916 525 1951 quod
542 1918 594 1949 cst,
613 1923 674 1942 non
698 1918 749 1948 est,
772 1915 843 1950 quia
857 1918 951 1943 muta-

179 1963 239 1990 bile
255 1965 306 1990 est.
323 1964 396 1990 Deus
418 1964 516 1989 autem
540 1961 624 1997 qnod
647 1963 699 1995 est,
723 1961 779 1988 1100
804 1963 859 1995 est;
882 1961 950 1989 ideo

178 2009 334 2045 proprium
348 2016 457 2035 nomen
471 2008 527 2035 sibi
541 2007 658 2035 retinuit
672 2016 678 2034 :
713 2009 772 2042 Ego
798 2015 880 2041 sum,
900 2008 951 2043 qui

180 2063 255 2082 sum,
278 2065 291 2080 »
309 2055 371 2082 Haec
394 2054 454 2082 ille.
480 2054 536 2081 Sed
559 2053 685 2089 qualiter
708 2053 748 2080 ait
775 2062 781 2080 :
812 2054 952 2087 (309701500-

181 2102 228 2134 tis,
244 2102 309 2134 etc„
325 2101 395 2136 qnia
413 2108 502 2135 supra
521 2100 560 2127 ait
577 2109 582 2126 :
608 2101 640 2126 In
661 2102 768 2134 peccato
785 2102 870 2126 oestro
894 2108 950 2126 mo-

181 2149 311 2174 riemini?
326 2149 356 2174 Et
371 2147 410 2174 ad
425 2146 502 2174 istud
523 2146 765 2181 respondendum
787 2146 951 2174 secundum

181 2194 312 2221 Clossam
328 2201 393 2229 quae
407 2193 456 2227 ait,
481 2193 562 2228 quod
578 2193 669 2228 aliqui
687 2194 781 2220 essent
796 2193 949 2227 cognituri.

182 2240 262 2267 Unde
283 2239 461 2274 Augustinus
476 2239 506 2272 ¹⁰,
527 2239 609 2274 quod
627 2250 640 2265 «
654 2239 746 2274 aliqui
771 2240 949 2274 compuncti,

181 2286 232 2321 qui
241 2286 414 2320 sanguinem
424 2285 573 2312 saeviendo
581 2285 734 2318 fuderunt,
746 2285 895 2313 credendo
905 2286 950 2313 bi—

181 2333 296 2360 berunt.
311 2341 324 2358 »
342 2331 422 2358 Unde
437 2331 572 2358 dixerunt
589 2333 671 2359 Petro
687 2331 706 2347 ¹¹
721 2340 727 2358 ε
746 2340 759 2356 «
772 2331 847 2364 Quid
866 2332 951 2360 facie-

212 2404 219 2419 ¹
235 2405 310 2435 Aug„
326 2404 350 2427 z'n
364 2404 445 2432 dorm„
457 2404 527 2427 tract.
542 2409 607 2432 xxxx,
622 2410 648 2427 n.
663 2405 731 2427 14.-
743 2403 753 2420 2
765 2404 865 2434 Sup.,v,
880 2406 949 2429 30.-

181 2440 189 2453 ³
204 2440 343 2470 Chrysost.¹
356 2439 398 2463 ubi
414 2446 481 2468 sup.,
493 2446 519 2461 0.
531 2440 553 2462 2.
566 2452 595 2456 -
605 2438 614 2454 ⁴
631 2438 702 2468 ibid„
719 2445 743 2462 n.
760 2440 813 2462 2.-
830 2440 839 2456 ⁶
851 2440 949 2471 Manli„

183 2480 266 2504 xxvn,
284 2475 322 2498 54.
343 2487 372 2491 —
393 2475 402 2490 ‘³
422 2476 496 2505 Aug„
516 2476 541 2496 in
563 2474 643 2503 joam,
666 2475 739 2497 tract.
764 2480 812 2504 XL,
832 2482 857 2498 0.
880 2477 902 2499 2.
920 2490 949 2493 -

183 2510 190 2523 7
206 2511 276 2540 sup..
292 2516 330 2539 111,
348 2511 381 2533 14.
398 2522 429 2527 —
444 2509 454 2525 θ
474 2509 530 2538 ins„
547 2515 596 2537 xu,
613 2511 651 2532 33.
668 2522 697 2526 —
715 2510 724 2525 ⁰
740 2510 814 2539 Aug„
830 2511 855 2534 in
869 2511 950 2541 loun„

183 2545 253 2567 tract.
273 2550 367 2573 xxxix,
389 2551 414 2567 0.
437 2546 458 2568 8.
484 2557 509 2560 -—
533 2544 551 2559 ¹⁶
573 2544 644 2574 thid„
663 2546 734 2567 tract.
758 2551 804 2573 XL,
827 2552 852 2567 0.
874 2547 896 2570 2,
920 2560 949 2563 -

184 2578 201 2593 ¹¹
217 2579 278 2607 Act„
295 2584 322 2606 ιι,
339 2580 378 2603 37.
393 2593 416 2596 —
435 2580 453 2595 ¹⁷
467 2580 542 2609 Augu,
558 2578 630 2609 ibid„
644 2586 669 2602 n.
684 2580 706 2603 3.
719 2592 749 2597 -
766 2580 783 2595 ¹³
796 2579 867 2610 thid„
884 2588 908 2604 n.
925 2583 949 2604 5.

183 2625 213 2630 --
229 2613 246 2629 ¹⁴
261 2614 317 2642 inf»,
335 2620 357 2644 x,
372 2617 409 2639 30.
428 2628 453 2633 —
470 2616 484 2628 ¹³
502 2614 557 2644 tut„
574 2619 625 2644 MV,
644 2616 723 2637 10.—
737 2615 756 2630 ¹⁶
771 2616 894 2646 Sup.‚1v‚
910 2617 948 2641 34.

1715 195 1773 223 379

1004 266 1079 290 0105,
1102 258 1158 286 viri
1181 258 1302 286 fratres?
1323 268 1337 285 »
1362 259 1396 285 Et
1415 266 1431 285 α
1450 266 1491 285 me
1516 260 1574 293 ipso
1595 259 1667 291 facio
1691 259 1771 286 nihil.

1004 305 1077 338 Quia
1097 305 1210 332 dixerat
1229 314 1235 332 ε
1258 306 1313 340 Ego
1338 313 1410 336 sum,
1434 305 1517 340 quod
1546 306 1588 331 est
1616 312 1773 332 commune

1005 351 1123 378 cuilibet
1137 359 1279 386 personae,
1295 359 1331 378 ne
1354 351 1484 378 dicerent
1502 350 1639 384 haeretici,
1664 351 1774 378 scilicet

1005 396 1173 430 Sabelliani,
1189 397 1271 432 quod
1285 397 1347 432 ipse
1369 397 1420 433 qui
1438 399 1479 424 est
1500 399 1592 429 Pater,
1611 398 1652 423 est
1670 396 1771 432 Filius3
1793 404 1892 453 ιιῖγῗιςῑοῑ

1754 444 1772 476 l,
1788 435 1815 453 Sa
1833 440 1845 468 e
1862 440 1891 453 ia-

1004 441 1083 476 ideo,
1099 443 1137 470 ad
1151 443 1207 470 hoc
1227 443 1406 477 cavendum,
1422 443 1462 470 ait
1477 452 1484 470 :
1499 444 1525 470 A
1540 451 1580 469 mc
1601 443 1671 476 facio
1691 443 1752 469 nihi

1005 488 1075 523 quia
1089 496 1107 515 a
1121 497 1167 515 me
1182 497 1243 516 non
1257 497 1333 522 sum,
1349 489 1401 516 sed
1415 497 1432 516 a
1446 490 1538 522 Patre,
1555 489 1624 515 dicit
1643 489 1776 523 Augusti-

1004 535 1098 561 nus12.
1115 536 1149 562 Et
1163 537 1231 563 sicut
1245 537 1335 563 docuit
1350 544 1388 563 me
1404 537 1494 569 Pater,
1505 536 1558 562 hoec
1574 536 1675 570 loquor.
1690 537 1731 569 Et,
1744 537 1776 562 ut

1005 581 1042 608 ait
1057 582 1234 616 Augustinus
1244 582 1266 598 ¹³
1282 591 1288 608 z
1307 592 1321 607 «
1335 584 1398 609 Non
1412 581 1648 616 imaginandum,
1664 581 1710 608 vel
1726 589 1776 608 co-

1004 625 1158 660 gitandum
1168 647 1177 657 ‚
1207 626 1290 661 quod
1317 627 1399 653 Pater
1423 625 1524 653 docuit
1551 625 1655 652 Filium
1665 646 1674 659 ,
1703 625 1777 652 sicut

1004 672 1094 699 homo
1110 672 1193 699 faber
1207 672 1302 699 filium
1322 680 1418 699 suum.
1435 672 1492 700 Sed
1516 672 1572 699 hoc
1595 673 1636 699 est
1662 673 1776 699 Patrem

1005 717 1111 745 docere
1130 718 1245 752 Filium,
1261 718 1400 745 scientem
1419 718 1525 745 scilicet
1544 718 1594 753 (d).
1624 719 1683 745 Hoc
1698 717 1776 744 enim

1005 765 1047 790 est
1061 764 1133 792 Filio
1149 772 1222 798 esse,
1236 764 1319 799 quod
1330 771 1425 791 nosse.
1442 774 1454 790 u

1041 812 1084 837 29.
1101 811 1137 837 Et
1152 812 1200 844 qui
1214 811 1288 836 misit
1308 818 1366 841 me,
1382 809 1491 837 scilicet
1504 811 1596 845 pater,
1614 817 1712 836 mecum
1727 811 1775 837 est.

1004 855 1114 883 Ι1111ε1””
1133 865 1139 883 ε
1160 858 1243 891 «Ego
1259 858 1287 883 et
1302 857 1384 883 Pater
1402 864 1496 883 unum
1514 863 1625 883 sumus.
1641 866 1654 880 »
1672 857 1707 882 Ec
1726 864 1779 882 non

1004 903 1117 937 reliquit
1132 911 1172 929 me
1192 904 1292 936 solum,
1309 902 1379 937 quia
1396 911 1410 927 «
1423 910 1478 937 ego
1502 902 1532 929 in
1547 903 1646 936 Patre,
1659 903 1685 928 et
1698 903 1779 928 Pater

1006 948 1034 974 in
1051 956 1098 975 me
1113 950 1163 983 est,
1175 959 1187 974 »
1202 948 1277 976 infra
1287 949 1319 982 ¹⁵,
1335 950 1401 983 quia
1416 956 1474 983 qztae
1488 949 1593 983 placita
1607 951 1670 975 sunt
1686 949 1721 982 ci,
1735 949 1778 980 fa-

1006 996 1045 1021 cio
1061 1003 1176 1029 semper;
1195 1003 1283 1030 supra
1297 994 1450 1022 16;((Μο05
1465 994 1549 1021 cibus
1564 996 1614 1026 cst,
1629 996 1661 1021 ut
1673 993 1779 1021 faciam

1006 1041 1190 1068 voluntatem
1205 1041 1303 1068 Patris.
1317 1051 1330 1066 »
1345 1043 1377 1068 Et
1391 1041 1432 1068 ibi
1449 1040 1485 1067 de
1500 1040 1566 1067 hoc.
1583 1040 1638 1068 Sed
1654 1040 1778 1075 opponit

1006 1087 1184 1122 Augustinus
1201 1088 1220 1104 ¹⁷
1238 1096 1244 1114 z
1263 1087 1317 1114 «Si
1341 1089 1422 1114 Pater
1442 1088 1539 1114 tecum
1559 1089 1618 1121 est,
1642 1087 1778 1122 Domine,

1006 1133 1096 1160 ambo
1119 1133 1252 1167 venistis,
1280 1141 1342 1160 non
1356 1141 1433 1160 unus
1455 1133 1493 1160 ab
1515 1133 1573 1160 alio
1588 1133 1730 1160 missus.»
1748 1135 1780 1161 Et

1007 1179 1046 1206 ad
1060 1179 1117 1206 hoc
1131 1179 1292 1214 respondet
1308 1188 1314 1206 :
1327 1180 1400 1206 Cum
1415 1179 1505 1206 ambo
1521 1178 1609 1206 simul
1623 1179 1690 1213 sint,
1704 1188 1779 1207 unus

1006 1227 1105 1252 tamen
1120 1225 1226 1252 missus
1242 1227 1301 1258 est,
1316 1225 1388 1252 alter
1402 1225 1490 1252 misit.
1507 1225 1602 1253 Missio
1624 1225 1719 1260 enim,
1735 1226 1779 1253 in-

1007 1271 1137 1298 carnatio
1157 1273 1221 1298 est:
1243 1271 1405 1298 incarnatio
1428 1272 1526 1298 autem
1552 1273 1594 1298 est
1617 1271 1698 1306 Filii,
1717 1279 1780 1299 non

1008 1317 1107 1344 Patris
1122 1319 1154 1344 Et
1169 1319 1239 1344 nota
1254 1317 1336 1353 quod
1351 1319 1450 1352 posset
1464 1325 1525 1344 esse
1540 1317 1639 1345 thema
1650 1318 1681 1344 in
1696 1318 1779 1345 Exal-

1007 1363 1116 1390 tatione
1127 1363 1225 1390 Crucis
1237 1373 1243 1390 ;
1258 1364 1322 1390 Cum
1333 1364 1519 1390 exaltaveritis
1531 1364 1632 1390 Filium
1647 1364 1779 1398 hominis,

1009 1411 1071 1436 tunc
1092 1411 1249 1443 cognoscetis
1262 1429 1270 1442 ,
1285 1411 1351 1443 quia
1374 1417 1418 1443 eqo
1442 1417 1509 1436 sum.
1534 1411 1565 1436 Et
1579 1411 1716 1444 notantur
1737 1410 1779 1438 ibi

1007 1455 1063 1482 tria
1079 1464 1085 1481 :
1103 1455 1200 1490 primo
1210 1475 1219 1489 ,
1234 1454 1408 1482 humilitatis
1427 1456 1493 1482 Jesu
1508 1455 1610 1482 Christi
1631 1456 1779 1484 indubita-

1006 1501 1074 1529 bilis
1089 1502 1211 1536 veritas,
1228 1502 1269 1529 ibi
1282 1511 1288 1529 z
1309 1503 1395 1529 Filius
1410 1503 1525 1530 hominis
1533 1512 1541 1537 3
1558 1503 1687 1530 secundo
1698 1524 1707 1537 ,
1719 1512 1779 1531 suae

1008 1547 1109 1574 mortis
1125 1548 1163 1575 ad
1186 1547 1424 1576 satisfaciendum
1446 1556 1500 1584 pro
1520 1556 1626 1583 genere
1647 1549 1778 1577 humano

1007 1593 1108 1621 dehita
1123 1594 1306 1628 congruitas,
1322 1594 1364 1621 ibi
1380 1603 1386 1621 :
1403 1594 1468 1621 Cum
1484 1596 1680 1626 escaltaveritis,
1706 1597 1759 1623 etc.
1769 1605 1777 1630 3

1007 1640 1108 1674 tertio,
1123 1639 1268 1675 passionis
1286 1642 1353 1667 Jesu
1365 1640 1467 1667 Christi
1482 1640 1656 1676 potestativa
1669 1641 1778 1669 virtuo-

1007 1686 1089 1720 sitas,
1107 1685 1167 1713 ibi:
1184 1686 1368 1720 Coquoscetz's,
1388 1688 1442 1714 etc.
1458 1686 1503 1714 Ait
1517 1695 1585 1721 ergo
1603 1695 1609 1714 :
1623 1688 1710 1714 Filius
1731 1688 1777 1714 lto-

1007 1733 1104 1765 mini33
1122 1731 1160 1758 ad
1184 1732 1392 1759 redimendum
1407 1733 1486 1759 enim
1504 1740 1597 1767 genus
1613 1733 1778 1761 humanum

1007 1777 1109 1804 debuit
1124 1785 1185 1805 esse
1200 1778 1277 1804 filius
1290 1778 1430 1811 hominis,
1447 1778 1497 1813 qui
1511 1779 1701 1806 redimeret.¹‘³
1722 1789 1735 1805 «
1750 1779 1777 1807 Si

1006 1823 1092 1850 fucrit
1106 1831 1160 1859 pro
1175 1832 1210 1851 eo
1234 1824 1357 1859 angelus
1372 1824 1498 1859 loquens
1520 1833 1597 1852 unus
1615 1825 1652 1852 de
1674 1825 1777 1852 simili-

1006 1869 1072 1903 bus,
1082 1880 1094 1895 »
1106 1871 1171 1903 etc„
1183 1870 1265 1905 quod
1280 1870 1401 1905 exponit
1414 1870 1456 1897 ibi
1471 1871 1626 1905 Gregorius
1637 1871 1700 1898 ¹⁹de
1710 1873 1778 1899 Jesu

1006 1916 1117 1943 Christo
1143 1916 1274 1943 solvente
1298 1925 1392 1944 unum
1420 1917 1456 1944 de
1476 1917 1638 1949 similibus,
1658 1917 1689 1944 id
1712 1918 1775 1952 est,

1006 1970 1125 1997 poenam
1136 1970 1190 1997 pro
1202 1970 1308 1997 genere
1319 1963 1460 1991 humano.
1472 1965 1503 1990 Et
1515 1963 1556 1990 ibi
1570 1963 1646 1990 bene
1658 1963 1695 1991 de
1707 1964 1774 1991 hoc.

1004 2008 1025 2024 2⁰
1049 2019 1062 2034 «
1076 2008 1232 2036 Prudentia
1253 2009 1315 2043 ejus
1340 2009 1481 2044 percussit
1502 2009 1672 2044 superbum.
1699 2020 1711 2035 »
1734 2010 1777 2037 lbi

1006 2055 1161 2089 Gregorius
1176 2055 1194 2071 ‘2¹
1211 2055 1286 2082 bene
1301 2064 1327 2082 z«
1343 2055 1471 2088 Qualiter
1485 2056 1614 2091 oportuit
1628 2056 1776 2083 immolari

1005 2108 1060 2135 pro
1076 2109 1182 2135 genere
1197 2101 1328 2129 humano
1339 2101 1491 2129 hominem
1504 2109 1521 2128 a
1533 2102 1620 2137 culpa
1632 2102 1774 2129 immacu-

1006 2148 1083 2181 tum,
1100 2147 1196 2182 qualis
1209 2147 1264 2174 fnit
1278 2147 1417 2175 Christus.
1429 2158 1441 2173 »
1455 2149 1487 2175 Et
1499 2147 1550 2175 iste
1558 2148 1635 2174 filius
1647 2148 1775 2175 hominis

1005 2192 1059 2220 suit
1073 2193 1103 2220 in
1118 2201 1202 2220 cruce
1223 2194 1374 2221 exaltatus.
1399 2194 1473 2221 Mors
1488 2196 1586 2221 autem
1607 2194 1700 2221 crucis
1723 2194 1776 2222 fuit

1007 2248 1138 2275 congrua
1157 2240 1195 2268 ad
1211 2240 1425 2267 ostendendam
1440 2240 1607 2273 victoriam,
1623 2243 1655 2267 ut
1676 2240 1715 2268 ait
1733 2241 1776 2268 ibi

1005 2287 1229 2322 Chrysostomus
1251 2286 1282 2320 Ἠ,
1311 2288 1342 2313 ut
1365 2286 1499 2313 habitum
1523 2287 1565 2313 est
1590 2294 1678 2322 supra
1689 2307 1698 2320 ,
1722 2287 1774 2315 ubi

1005 2332 1116 2360 (lictum
1147 2334 1189 2360 est
1210 2342 1216 2360 :
1241 2332 1350 2367 Oportet
1378 2333 1495 2359 emitari
1520 2333 1607 2366 filium
1636 2333 1750 2361 hominis
1763 2354 1774 2366 ,

1005 2417 1035 2421 —
1052 2404 1071 2420 ²⁷
1091 2404 1165 2433 Aug„
1183 2403 1226 2426 uhi
1243 2409 1310 2432 sup„
1329 2409 1355 2425 n.
1374 2404 1398 2425 6.
1413 2414 1443 2418 -
1464 2401 1482 2418 ¹⁸
1496 2401 1553 2431 Joh,
1575 2408 1672 2433 xxxnl,
1690 2405 1729 2427 23.
1744 2417 1774 2421 —

1004 2440 1023 2455 Γ)
1045 2440 1132 2468 Greg„
1152 2437 1253 2467 1110»an
1276 2438 1317 2461 lib.
1338 2437 1428 2466 XXlV,
1448 2444 1470 2460 c.
1491 2443 1522 2468 11,
1543 2444 1569 2461 0.
1591 2439 1616 2461 2.
1632 2451 1658 2455 --
1679 2439 1701 2454 5⁰
1718 2438 1774 2469 Job,

1005 2479 1080 2503 xxm,
1104 2475 1138 2496 12.
1161 2486 1190 2489 —
1211 2473 1226 2486 ²¹
1248 2474 1334 2503 Gl'eg.,
1357 2472 1459 2503 Moral„
1479 2472 1522 2496 lib.
1548 2473 1630 2503 XVlI,
1653 2480 1676 2497 c.
1699 2479 1773 2502 xvm,

1005 2510 1036 2533 al.
1058 2515 1124 2538 xxx,
1141 2515 1167 2531 n.
1183 2510 1222 2531 46.
1238 2521 1269 2525 —
1283 2508 1303 2523 ²²
1317 2508 1460 2539 Chrysost.,
1478 2509 1503 2531 in
1522 2509 1601 2537 loen„
1617 2509 1688 2533 honi.
1702 2514 1772 2539 XXVI,

1004 2545 1035 2568 al.
1052 2549 1135 2573 xxvll,
1151 2550 1176 2567 0.
1194 2546 1214 2566 ι.
1231 2555 1260 2560 -
1276 2542 1311 2572 (α)
1329 2544 1388 2566 Coet.
1404 2543 1464 2566 edil.
1481 2543 1581 2568 veritas.
1597 2557 1626 2561 -
1643 2544 1673 2573 (h)
1692 2545 1770 2567 Graec.

1005 2581 1092 2604 ἕνεκεν.
1105 2592 1135 2596 -
1151 2580 1179 2609 (c)
1196 2579 1251 2609 Ley.
1267 2578 1370 2607 excidii,
1390 2578 1481 2601 scilice!
1498 2578 1567 2602 urbis
1586 2579 1770 2609 lli'mmulymoe.

1005 2628 1033 2633 -
1051 2615 1085 2644 (d)
1102 2614 1188 2645 Suppl.
1206 2614 1308 2645 gignere
1323 2614 1361 2638 vel
1376 2614 1502 2645 genuisse.
