1987 3032
191 207 249 236 262
710 201 919 234 EVANGELH
941 201 1082 234 SANCTI
1104 200 1266 233 JOANNIS

191 271 236 299 Ait
251 271 330 299 enim
344 272 539 307 11113115111135ί
554 281 560 298 :
577 272 676 298 «Posse
690 269 800 297 habere
821 269 913 296 fidem
927 269 962 296 si-

193 319 241 345 cut
252 326 338 354 posse
353 318 461 346 habere
477 317 644 345 charitatem
654 338 662 348 ,
679 318 720 343 est
734 317 846 343 naturae
866 315 961 342 homi-

191 372 263 392 num
274 375 281 396 ;
292 364 330 400 (a)
342 365 414 392 sicut
423 364 531 392 habere
543 363 721 396 charitatem,
729 364 770 390 est
781 361 879 396 gratiae
889 361 961 388 fide-

190 410 264 438 lium
282 420 288 438 :
304 420 318 436 »
336 418 407 445 ergo
427 410 480 437 ista
498 411 626 445 potestas
644 410 686 436 cst
706 417 723 436 a
737 410 841 435 natura
864 407 959 435 homi-

191 464 263 484 num
273 477 283 491 ,
304 464 365 484 non
381 464 416 484 ex
436 456 515 483 dono
539 455 619 482 fidei.
643 456 675 482 Et
689 454 727 482 ad
742 453 820 481 istud
840 461 960 489 respon-

191 502 342 536 dendum,
367 501 450 538 quod
469 501 566 528 differt
592 501 689 528 dicere
717 500 960 536 possibilitatem,

189 549 362 585 potentiam,
372 549 545 584 potestatem
555 557 562 574 :
574 546 753 583 possibilitas
765 546 845 574 enim
855 546 961 573 dicitur

189 595 254 631 ipsa
265 594 489 630 susceptibilitas
503 593 661 621 materialis
675 595 702 621 et
713 596 843 627 remota3
858 594 960 628 poten-

189 642 229 669 tia
244 641 349 668 dicitur
368 640 495 676 amphus
517 640 676 676 disposita,
692 639 847 675 'possibilis
862 641 960 666 tamen

190 687 287 715 adhuc
307 687 346 715 ad
365 687 500 722 opposita
507 696 515 721 ;
536 688 662 722 potestas
677 685 783 713 dicitur
804 685 888 721 quasi
904 692 959 720 po—

189 735 278 762 tentia
287 735 380 769 stans,
396 733 504 761 scilicet
514 733 585 769 quia
597 732 737 768 disposita
749 734 777 759 et
790 731 960 767 propinqua

190 782 229 810 ad
244 783 352 810 actum.
367 784 452 810 Posse
467 789 538 816 ergo
555 781 684 815 credere,
698 781 731 807 ut
745 779 849 807 dicitur
863 787 880 807 a
894 787 960 814 pos-

189 829 325 856 sibilitate
348 828 464 864 prima,
490 829 532 855 est
549 829 659 854 naturae
678 827 834 854 hominum
845 836 852 860 3
873 833 959 861 posse

189 883 259 903 vero
282 875 422 909 credere,
447 876 479 901 ut
508 873 614 900 dicitur
633 881 651 900 a
671 872 802 908 potentia
830 871 958 899 secundo

188 922 281 949 modo
292 921 369 948 dicta
377 942 385 955 ,
399 922 441 948 est
454 920 610 947 hominum
624 918 796 946 habentium
807 918 959 945 scientiam

188 968 270 1003 Legis
285 970 312 996 et
325 968 492 1003 Scripturae5
507 967 681 1002 potestatem
694 973 765 992 vero
780 964 890 992 habere
905 967 960 992 ter-

189 1015 229 1042 tio
243 1014 335 1042 modo
349 1013 457 1041 dictam
474 1013 523 1049 (b),
539 1014 581 1040 est
600 1011 792 1039 credentium.
813 1011 893 1038 Unde
914 1019 959 1038 se-

189 1061 288 1097 quitur
302 1060 349 1087 hic
361 1081 370 1094 ‚
386 1059 469 1095 quod
485 1059 568 1086 illam
585 1058 667 1085 dedit
681 1059 722 1085 hz‘s
740 1059 788 1092 qui
802 1058 913 1084 credunt
930 1059 959 1084 in

188 1109 294 1135 nomine
318 1107 382 1142 ejus.
402 1106 470 1134 Ideo
492 1106 640 1141 signanter
664 1105 702 1132 ait
721 1104 768 1131 1110
787 1106 956 1139 potestatem.

189 1154 245 1183 Sed
261 1157 329 1182 tunc
344 1153 495 1189 quaeritur,
506 1160 597 1187 quare
608 1151 706 1187 potius
717 1151 772 1184 ait,
786 1150 869 1186 quod
882 1151 959 1178 dedit

187 1203 344 1236 potestatem
355 1199 553 1231 credentibus,
567 1197 662 1232 magis
677 1205 768 1232 quam
779 1197 955 1224 amantibus.

187 1247 231 1275 Ad
251 1246 334 1282 quod
354 1244 616 1280 respondendum,
639 1243 710 1278 quia
727 1243 809 1278 quod
823 1243 897 1270 fides
916 1245 959 1270 est

187 1294 283 1329 prima
301 1290 456 1325 virtutum,
472 1293 503 1318 ut
519 1290 558 1317 ait
577 1289 754 1324 Augustinus
768 1288 790 1323 ²,
804 1289 871 1316 ideo
887 1297 957 1317 con-

187 1340 336 1368 venienter
356 1339 415 1372 ait,
435 1337 518 1374 quod
538 1337 613 1363 dedit
633 1336 716 1363 illam
733 1338 892 1371 potestatem
916 1336 957 1363 his

187 1390 235 1422 qui
249 1387 375 1421 credunt,
392 1387 446 1413 etc.
471 1387 503 1412 Et
519 1384 555 1412 de
570 1383 770 1411 munificentia
785 1383 833 1410 Dei
855 1383 885 1410 in
900 1383 959 1411 col-

186 1434 296 1461 latione
318 1433 406 1468 hujus
429 1431 592 1467 potestatis,
617 1430 794 1465 Augustinus
819 1430 895 1458 bene
914 1432 924 1447 ³
950 1440 956 1458 :

192 1491 205 1506 (ι
222 1482 326 1514 Magna
347 1478 554 1506 benevolentia
566 1498 575 1511 ,
599 1484 705 1511 magna
731 1476 932 1504 misericordia
948 1487 956 1511 ;

187 1526 292 1555 unicus
307 1526 339 1560 (c)
359 1526 446 1552 natus
461 1525 523 1557 est,
538 1525 565 1550 et
582 1523 676 1550 noluit
696 1530 814 1550 manere
840 1531 925 1550 11335.
941 1533 955 1549 »

188 1575 219 1600 Et
234 1572 366 1608 sequitur
383 1580 388 1598 :
409 1580 422 1596 (t
435 1572 513 1598 Hunc
530 1569 608 1597 misit
628 1569 659 1596 in
678 1569 825 1596 mundum
845 1572 876 1596 ut
898 1577 958 1597 non

189 1620 262 1646 esset
276 1626 352 1645 unus
362 1638 371 1651 ,
387 1616 439 1644 sed
459 1616 581 1643 haberet
595 1615 696 1643 fratres
712 1615 886 1650 adoptat0s;
903 1624 957 1643 nec

188 1664 283 1692 timuit
298 1664 407 1691 habere
423 1663 590 1690 cohaeredes
603 1684 610 1697 ,
631 1663 701 1697 quia
724 1662 878 1690 haereditas
896 1671 957 1690 non

188 1711 220 1738 fit
234 1712 375 1745 angusta,
398 1710 421 1736 si
440 1709 525 1736 multi
543 1709 736 1744 possederint.
748 1718 762 1733 )›
779 1710 841 1735 Haee
863 1708 921 1736 ille.
939 1710 957 1736 E

187 1757 334 1785 contrario
348 1758 390 1783 est
405 1755 442 1782 de
456 1755 640 1789 hominibus,
657 1755 708 1790 qui
726 1754 831 1782 nolunt
850 1755 959 1782 habere

187 1805 288 1832 fratres
307 1805 335 1830 et
349 1802 533 1836 cohaeredeS‚
553 1804 583 1829 ut
602 1801 644 1828 ibi
664 1801 851 1836 prosequitur
870 1801 956 1829 bene.

188 1853 220 1879 Et
240 1851 380 1887 quoniam
397 1849 537 1886 praemisit
559 1849 595 1876 de
616 1850 757 1884 potestate
772 1869 782 1882 ,
806 1857 865 1884 qua
886 1848 959 1876 fiunt

187 1897 322 1925 homines
333 1897 386 1924 filii
401 1897 460 1930 Dei,
477 1895 648 1930 subditque
665 1895 768 1922 ordine
781 1897 809 1922 et
824 1903 884 1930 quo
897 1903 960 1922 mo-

189 1944 228 1972 do
244 1944 310 1978 fiat3
329 1943 400 1979 quia
414 1951 475 1970 non
492 1950 528 1969 ex
542 1941 699 1977 complexu
715 1942 863 1976 conjugii,
886 1942 959 1969 sicut

189 1990 339 2018 continuat
353 1988 548 2023 Augustinus,
563 1988 590 2014 et
604 1988 691 2014 etiam
707 1987 816 2015 Glossa.
834 1987 903 2015 ldco
919 1995 961 2014 50-

190 2037 289 2073 quitur
305 2036 342 2071 (v.
362 2036 402 2070 13)
420 2044 427 2062 ι
453 2036 505 2068 Qui
520 2043 572 2061 non
588 2042 620 2061 em
634 2035 827 2068 sanquz'nibus,
852 2034 960 2062 scilicet

190 2082 354 2111 commixtis
361 2080 537 2108 seminibus*
549 2089 555 2107 ε
567 2080 762 2115 «Coagulatus
777 2088 841 2107 sum
852 2080 882 2107 in
893 2088 960 2107 san-

191 2129 296 2165 831110,
310 2139 322 2155 ι)
335 2136 380 2155 nec
396 2136 428 2154 ezr
441 2128 579 2154 voluntate
590 2128 689 2160 carnis,
703 2126 735 2153 id
747 2128 799 2160 est,
815 2126 941 2154 foeminae
950 2148 957 2159 ,

192 2175 356 2203 secundum
383 2173 575 2207 Augustinum
586 2193 594 2207 ,
623 2181 688 2207 quse
712 2172 829 2200 infirma
853 2175 894 2200 est
904 2194 912 2207 ,
933 2175 960 2201 et

192 2221 304 2249 emollit
318 2221 356 2248 ad
375 2220 530 2247 libidinem
541 2229 548 2254 3
571 2227 654 2254 neque
674 2227 706 2246 eae
726 2220 863 2246 voluntate
883 2221 940 2246 vt're'
950 2241 958 2253 ,

190 2268 222 2295 id
237 2270 295 2301 est,
317 2267 372 2294 viri
387 2265 640 2302 concupiscentia,
657 2265 742 2300 quasi
762 2265 839 2292 dicat
855 2275 860 2292 :
880 2267 959 2293 Dedit

191 2315 228 2341 eis
240 2317 396 2348 potestatem
409 2315 478 2347 filios
494 2314 543 2340 Dei
557 2314 632 2347 fieri,
645 2314 671 2339 et
685 2313 726 2339 sic
736 2312 816 2339 nasci
831 2320 867 2339 ex
881 2314 938 2340 Deo
949 2335 957 2347 ,

190 2368 251 2387 non
271 2360 343 2387 sicut
362 2361 521 2387 nascuntur
544 2358 681 2387 homines
706 2367 741 2386 ex
766 2359 959 2394 sanguinibus

191 2406 282 2434 modo
299 2406 376 2433 dicto
387 2406 396 2421 ⁵
414 2416 419 2432 ε
432 2405 537 2438 «Quod
551 2407 653 2433 natum
668 2406 709 2432 est
725 2413 760 2432 ex
775 2413 872 2439 carne,
890 2413 958 2433 0310

191 2454 249 2487 est;
266 2452 348 2488 quod
373 2454 474 2479 natum
499 2460 533 2480 ex
555 2451 672 2487 spiritu,
695 2451 813 2487 spiritus
832 2454 882 2479 est.
897 2461 910 2478 ι)
929 2454 960 2480 Et

222 2539 229 2554 ¹
242 2539 316 2567 Aug„
327 2537 356 2560 (Ιο
368 2537 424 2560 Ver.
436 2537 515 2560 Innoc
520 2543 584 2566 ,spo
575 2538 596 2559 t
608 2537 675 2559 med.
688 2549 715 2553 —
729 2536 736 2550 ²
748 2536 795 2565 ld.²
810 2535 839 2559 de
853 2536 958 2566 Perfeci.

185 2575 284 2604 Jusm„
313 2580 338 2596 n.
365 2574 408 2595 ¹1¹.-
429 2572 458 2594 ιΙ
483 2572 514 2594 I)
517 2579 537 2594 ι,
562 2572 686 2595 [XXXIII
710 2554 810 2600 Qucesf„
840 2577 958 2602 111111.

190 2609 348 2637 -3111.,1”ιι
367 2609 447 2631 joun..
468 2609 498 2630 1·.
522 2613 551 2631 τ’.
575 2614 597 2629 11.
622 2610 637 2629 l
678 2621 700 2622 j
760 2616 772 2628 ι
795 2625 811 2635 .,
831 2614 837 2627 1
873 2609 916 2631 ,2.
932 2621 959 2623 ῌ

192 2643 271 2673 ⁵1nf.,
291 2627 335 2673 ili,
355 2645 378 2666 6.
397 2655 426 2660 --
447 2643 496 2666 11
491 2650 538 2664 um
571 2648 611 2671 ix,
627 2645 649 2665 s.
669 2655 697 2658 —
743 2644 795 2671 mg
801 2659 816 2672 .,
837 2650 860 2665 ιι
877 2643 959 2672 donn„

1015 269 1057 297 ibi
1075 269 1152 296 bene
1176 268 1212 296 de
1234 268 1301 296 hoc.
1317 267 1361 295 Sic
1376 267 1482 295 dicitur
1493 268 1503 285 ⁸
1520 276 1526 295 :
1544 277 1558 294 ι(
1571 270 1635 297 Non
1655 270 1708 306 qui
1729 270 1783 299 fflii

1015 315 1129 350 carnis,
1144 315 1176 342 hi
1194 314 1247 342 filii
1266 313 1327 342 Dei.
1340 324 1354 340 1)
1370 314 1426 341 Sed
1439 314 1556 342 videtur
1573 315 1657 351 loqui
1680 316 1783 345 incon-

1015 371 1098 398 grue,
1111 362 1232 398 quando
1243 369 1276 389 ea:
1286 362 1461 395 sanguinibus
1472 361 1502 388 in
1511 361 1628 397 plurali,
1643 370 1711 390 cum
1721 371 1782 392 non

1015 408 1128 436 dicatur
1149 407 1311 436 secundum
1326 407 1534 435 Grammaticos
1549 407 1580 434 in
1596 408 1716 444 plurali.
1736 410 1781 438 Ad

1015 456 1096 491 quod
1107 454 1266 491 respondet
1276 454 1476 489 Augustinus7,
1487 454 1569 490 quod
1583 465 1596 479 «
1607 455 1677 490 quia
1689 463 1781 491 groece

1014 503 1142 537 positum
1155 503 1197 528 est
1209 499 1371 536 pluraliter,
1382 499 1485 528 maluit
1498 501 1546 528 ille
1557 521 1566 535 ‚
1580 502 1631 537 qui
1643 502 1782 538 interpre-

1015 549 1141 582 tabatur,
1156 548 1196 574 510
1210 554 1337 583 ponere,
1349 548 1377 573 et
1386 547 1470 582 quasi
1485 547 1582 574 minus
1595 547 1684 576 latine
1697 548 1782 585 loqui

1014 594 1177 622 secundum
1191 593 1411 627 GrammaticOS,
1425 595 1452 620 et
1465 594 1562 620 tamen
1578 594 1725 631 explicare
1734 603 1782 624 ve-

1014 641 1138 668 ritatem.
1159 640 1186 668 Si
1201 640 1279 667 enim
1294 639 1403 667 diceret
1423 640 1454 667 in
1473 640 1614 676 singulari
1635 649 1781 678 numero,

1014 694 1075 714 non
1093 686 1133 713 sic
1154 686 1321 721 explicaret.
1343 687 1383 713 Ex
1397 686 1590 721 sanguinibus
1602 687 1681 715 enim
1694 689 1783 717 maris

1014 736 1041 761 et
1058 733 1184 761 foeminae
1199 734 1358 760 nascuntur
1377 732 1525 764 homines,
1544 733 1575 760 id
1590 735 1650 767 est,
1665 735 1782 762 semini-

1014 780 1070 808 bus
1084 779 1266 812 commixtis,
1283 781 1315 806 ut
1327 778 1438 806 dietum
1449 781 1499 806 est.
1517 781 1549 806 Et
1563 779 1679 807 subdit:
1695 790 1709 807 (ι
1719 782 1783 809 Non

1016 825 1149 852 timemus
1167 824 1274 852 ferulas
1298 825 1580 860 Grammaticorum,
1597 825 1669 854 dum
1683 828 1783 855 tamen

1014 871 1053 899 ad
1069 871 1221 899 veritatem
1235 870 1380 905 solidam,
1403 873 1430 899 et
1454 871 1609 898 certiorem
1629 873 1782 908 pervenia-

1014 926 1089 945 mus.
1103 928 1116 943 »
1134 917 1190 945 Sed
1205 917 1344 953 quaeritur
1358 925 1448 953 quare
1462 917 1528 945 fecit
1544 918 1725 946 mentionem
1745 918 1782 947 de

1014 965 1124 992 carnali
1139 964 1337 1000 generatione.
1354 964 1398 992 Ad
1420 964 1502 1000 quod
1516 965 1676 1000 respondet
1691 965 1782 1001 Chry-

1013 1013 1159 1038 sostomus
1168 1012 1189 1045 ⁸,
1205 1011 1289 1046 quod
1301 1020 1315 1036 «
1327 1010 1395 1038 ideo
1411 1012 1623 1038 rememoratus
1636 1013 1678 1038 est
1688 1011 1781 1047 illius,

1013 1059 1044 1085 ut
1057 1057 1265 1092 humilitatem,
1277 1057 1307 1084 id
1324 1059 1364 1084 est
1374 1078 1383 1092 ‚
1398 1057 1551 1085 utilitatem
1563 1057 1651 1093 primi
1665 1060 1782 1093 partus,

1013 1103 1121 1130 scilicet
1134 1103 1270 1136 carnalis,
1285 1105 1311 1130 et
1324 1103 1542 1131 mirabilitatem
1558 1104 1586 1130 et
1597 1102 1782 1132 altitudinem

1013 1149 1145 1182 secundi,
1156 1149 1206 1184 qui
1216 1151 1257 1176 est
1268 1156 1322 1184 per
1336 1149 1470 1183 gratiam,
1485 1150 1705 1184 cognoscentes,
1716 1157 1781 1178 ma-

1013 1203 1102 1230 gnam
1117 1196 1309 1231 suscipiamus
1322 1196 1359 1223 de
1374 1197 1432 1224 Deo
1447 1195 1704 1231 intelligentiam.»
1717 1198 1780 1224 Hoee

1013 1243 1071 1270 ille.

1048 1290 1091 1316 14
1107 1290 1143 1316 Et
1162 1289 1213 1315 Vev
1215 1289 1274 1315 bum
1296 1296 1368 1322 caro,
1392 1290 1445 1316 etc.
1471 1289 1504 1315 Et
1526 1289 1657 1323 sequitur
1678 1290 1783 1325 quarta
1819 1294 1902 1319 Quarta

1012 1335 1169 1371 particula,
1188 1335 1218 1362 in
1241 1335 1310 1371 quia
1327 1335 1482 1370 dignatixae
1496 1335 1705 1364 incarnationis
1719 1336 1782 1364 Filii
1796 1324 1902 1351 paruo-11·

1014 1382 1062 1409 Dei
1077 1382 1271 1409 manifestatio
1286 1384 1328 1409 est
1344 1390 1349 1408 z
1366 1382 1399 1408 Ει
1412 1382 1528 1409 Verbum
1543 1390 1603 1409 caro
1617 1384 1778 1415 factumest.

1013 1430 1045 1456 Et
1060 1429 1210 1456 continuat
1222 1428 1398 1463 Augustinus
1414 1430 1424 1445 ⁹
1447 1429 1488 1456 510
1504 1437 1510 1455 :
1532 1438 1544 1453 (1
1554 1429 1593 1456 Ne
1608 1428 1783 1458 miraremur

990 1513 994 1516 .
1014 1477 1040 1502 et
1055 1475 1276 1502 exhorreremus
1287 1477 1395 1502 tantam
1410 1475 1552 1510 gratiam,
1565 1475 1636 1510 quia
1647 1475 1782 1504 homines

1014 1530 1050 1549 ex
1065 1523 1122 1549 Deo
1141 1522 1217 1556 3311,
1234 1522 1317 1558 quasi
1337 1530 1472 1549 securum
1491 1524 1519 1550 te
1540 1522 1660 1556 faciens,
1673 1523 1732 1550 ait:
1747 1523 1783 1550 Ee

1017 1569 1129 1595 Verbum
1143 1576 1203 1595 caro
1217 1569 1321 1601 factum
1336 1571 1385 1602 est,
1397 1567 1482 1603 quasi
1497 1567 1573 1595 dicat
1586 1577 1592 1594 :
1607 1568 1682 1601 Quid
1696 1568 1784 1596 mira-

1013 1614 1067 1648 ris,
1091 1614 1161 1649 quia
1182 1614 1316 1641 homines
1333 1622 1367 1641 ex
1389 1616 1447 1641 Deo
1472 1614 1653 1642 nascuntur?
1668 1614 1784 1643 attende

1014 1661 1112 1696 ipsum
1135 1663 1225 1688 Deum
1249 1663 1350 1688 natum
1372 1669 1407 1688 ex
1435 1661 1615 1688 hominibus.
1632 1671 1646 1687 »
1674 1661 1786 1689 Eodem

1013 1707 1106 1734 modo
1122 1707 1271 1734 continuat
1291 1707 1515 1742 Chrysostomus
1535 1707 1554 1723 ¹⁰
1575 1716 1581 1734 z
1599 1717 1613 1733 «
1628 1707 1786 1736 lneffabilis

1014 1754 1135 1781 honoris
1148 1754 1231 1788 ponit
1249 1762 1383 1787 causam,
1399 1754 1480 1789 quod
1506 1756 1548 1781 est
1562 1754 1690 1781 Verbum
1704 1754 1785 1787 fieri,

1015 1808 1152 1834 carnem,
1184 1802 1211 1827 et
1240 1800 1457 1827 Dominatorem
1485 1800 1613 1828 formam
1637 1801 1785 1837 suscipere

1015 1847 1100 1874 servi.
1117 1856 1130 1872 »
1148 1846 1167 1862 ¹¹
1184 1855 1198 1871 ι(
1210 1848 1273 1874 Non
1294 1846 1429 1881 rapinam
1448 1846 1604 1873 arbitratus
1619 1847 1703 1874 estse
1722 1840 1785 1874 esse

1015 1893 1160 1929 aequalem
1182 1895 1258 1927 Deo,
1277 1892 1402 1920 formam
1421 1892 1496 1920 servi
1518 1892 1677 1928 accipiens,
1694 1902 1708 1918 1)
1729 1895 1785 1921 010.

1015 1940 1070 1967 Sed
1087 1939 1226 1975 quceritur
1245 1939 1281 1966 de
1296 1939 1444 1966 intellectu
1459 1938 1561 1973 hujus,
1577 1946 1644 1965 cum
1659 1938 1782 1967 dicitur:
1809 1936 1904 1962 Quaestio

1019 1987 1132 2013 Verbum
1147 1994 1206 2013 caro
1221 1988 1324 2019 factum
1340 1988 1393 2019 est,
1410 1986 1459 2012 aut
1479 1987 1520 2012 est
1535 1992 1659 2013 sensus:
1675 1984 1785 2013 factum
1799 1968 1906 2021 Ῑῖζῑί,“”1“

1016 2035 1057 2060 est
1087 2040 1172 2066 caro,
1200 2032 1231 2058 id
1258 2034 1316 2066 est,
1345 2034 1490 2059 mutatum
1517 2032 1548 2059 in
1577 2039 1712 2067 carnem3
1736 2033 1786 2059 aut

1015 2079 1098 2114 quod
1113 2079 1240 2105 Verbum
1266 2078 1297 2105 fit
1325 2078 1390 2113 ipsa
1416 2085 1502 2112 caro,
1531 2080 1581 2105 aut
1609 2077 1692 2113 quod
1715 2085 1784 2105 0310

1015 2126 1143 2152 mutetur
1174 2125 1206 2151 in
1237 2124 1365 2151 Verbum
1379 2134 1387 2158 ;
1411 2125 1438 2151 et
1464 2126 1586 2159 uterque
1614 2131 1715 2150 sensus
1743 2125 1785 2151 est

1015 2171 1112 2199 falsus.
1142 2172 1174 2198 Et
1197 2170 1236 2197 ad
1268 2170 1346 2197 istud
1370 2169 1529 2204 respondet
1561 2169 1784 2204 Chrysostomus

1015 2218 1090 2245 bene
1104 2216 1125 2233 ¹2¹
1149 2226 1155 2244 ε
1180 2215 1265 2249 Quod
1289 2215 1328 2243 ait
1344 2224 1350 2242 :
1369 2225 1382 2241 «
1397 2216 1508 2242 Verbum
1528 2223 1588 2242 caro
1607 2216 1709 2247 factum
1727 2217 1781 2250 est,

1014 2272 1075 2292 non
1089 2262 1362 2291 transmutationem
1372 2261 1557 2296 substantiae,
1573 2269 1626 2289 nec
1642 2263 1784 2289 transmu-

1016 2314 1104 2339 tatam
1116 2310 1307 2338 substantiam
1323 2309 1353 2336 in
1367 2317 1500 2344 carnem,
1509 2309 1561 2337 sed
1572 2309 1666 2337 carnis
1674 2316 1783 2337 assum-

1015 2358 1148 2393 ptionem
1161 2357 1366 2392 repraesentare
1380 2355 1500 2389 volens,
1518 2355 1575 2383 ait:
1594 2356 1707 2382 Verbum
1722 2362 1783 2382 caro

1014 2407 1116 2438 factum
1133 2407 1179 2432 est.
1198 2404 1229 2431 Et
1250 2403 1318 2437 hoc,
1336 2404 1367 2430 ut
1390 2402 1552 2430 obstrueret
1570 2409 1623 2430 ora
1636 2402 1783 2430 haeretico-

1017 2503 1045 2524 tr.
1063 2506 1091 2529 11,
1111 2507 1137 2523 11.
1154 2501 1192 2523 14.
1210 2512 1240 2516 -
1256 2498 1264 2512 ⁵
1281 2498 1419 2529 Chrysost,
1435 2499 1460 2521 in
1474 2498 1554 2526 Joan.,
1568 2497 1639 2522 hom.
1658 2503 1693 2527 111,
1707 2497 1740 2521 al.
1757 2504 1782 2528 x,

1015 2544 1040 2560 11.
1061 2538 1083 2559 3.
1099 2549 1128 2553 —
1147 2538 1155 2548 ²¹
1175 2537 1249 2565 Aug„
1269 2534 1311 2558 ubi
1330 2540 1397 2564 sup.,
1415 2540 1440 2556 u.
1461 2534 1497 2556 15.
1515 2544 1544 2550 —
1563 2533 1583 2550 ¹⁰
1600 2532 1741 2564 Chrysost„
1757 2534 1783 2557 ιή

1015 2572 1095 2600 soum,
1116 2571 1184 2593 hom.
1202 2576 1214 2593 θ’
1225 2589 1232 2600 ,
1248 2569 1279 2592 al.
1297 2575 1337 2599 x1,
1354 2576 1379 2592 u.
1396 2571 1417 2592 1.
1431 2580 1460 2586 —-
1479 2568 1494 2583 ¹¹
1510 2567 1615 2598 Philip„
1629 2574 1662 2598 11,
1678 2570 1701 2598 6,
1716 2569 1740 2593 7.
1753 2581 1783 2586 —

1019 2608 1033 2620 ¹³
1049 2607 1189 2636 Chrysvsv,
1203 2605 1245 2628 ubi
1260 2612 1327 2635 sup„
1340 2612 1365 2627 u.
1381 2603 1477 2633 2.—(n)
1490 2602 1576 2633 Suppl.
1590 2603 1684 2627 habere
1695 2603 1781 2628 fidem.

1016 2655 1044 2659 -
1060 2641 1093 2671 (b)
1111 2642 1168 2664 caet.
1185 2640 1244 2664 edit.
1259 2640 1398 2663 dictum.—
1412 2640 1442 2668 (c)
1457 2639 1517 2662 Item
1533 2645 1610 2662 [13110.
