1987 3032
275 263 312 292 36

274 327 459 366 rebellium,
482 327 628 358 subditur
647 326 698 357 hic
719 325 857 356 secundo
878 322 1043 362 descriptio

274 380 488 411 evacuationis
511 382 743 420 praeceptorum
766 377 938 417 legalium,
963 384 1042 414 quo-

274 442 346 463 rum
361 442 455 464 causa
472 433 633 471 Pharisaei,
650 433 811 471 erigentes
824 428 1040 468 supercilium,

274 485 387 516 Christi
402 486 590 516 documenta
601 485 801 525 spernebant,
816 488 845 513 ct
860 490 951 512 suam
965 489 1040 511 ava-

272 539 377 569 ritiam
397 539 577 578 palliabant.
596 537 633 568 Et
657 538 810 578 quoniam
834 536 886 566 lex
908 534 1041 565 Mosaica

271 601 327 632 per
341 593 503 623 Christum
517 595 563 623 est
578 594 746 628 evacuata,
766 590 808 620 ita
828 588 913 628 quod
935 588 1042 618 manet

271 648 428 685 quantum
445 646 483 676 ad
500 645 697 685 spiritualem
717 642 961 681 intelligentiam
977 650 1041 671 cae-

271 699 504 737 remonialium,
516 701 546 729 et
555 698 720 729 litteralem
731 696 964 727 observantiam
978 702 1041 724 1110-

271 751 409 790 ralium;
443 752 513 783 ideo
541 752 574 782 in
605 751 664 781 hac
695 752 781 790 parte
809 749 948 779 insinuat
976 756 1040 777 11011

270 804 373 835 50111111
401 805 475 844 ipsis
498 805 580 843 legis
603 803 842 834 evacuationem
865 800 1039 832 secundum

269 856 504 888 observantiam
523 856 704 893 litteralem,
720 864 834 887 verum
856 854 949 884 etiarn
977 853 1038 882 im-

269 910 440 949 plotionem
468 910 643 940 secundum
672 908 915 947 intelligentiam
945 905 1036 945 spiri-

268 963 402 1001 tualem,
430 966 461 994 et
483 964 682 994 durationem
701 986 708 999 ,
732 964 762 992 et
789 960 965 992 secundum
985 961 1039 998 jus

267 1016 387 1046 morale
401 1018 431 1046 et
444 1016 590 1056 copulam
604 1014 819 1054 conjugalem.

308 1068 415 1098 Primo
430 1069 541 1106 igitur,
562 1070 718 1108 quantum
739 1067 777 1097 ad
799 1066 1037 1097 evacuationem

267 1121 349 1159 legis
376 1121 551 1151 secundum
585 1120 819 1151 observantiam
848 1118 1035 1156 litteralem,

267 1173 340 1203 dicit
358 1185 364 1204 ε
380 1174 446 1204 Lex
461 1178 490 1204 et
505 1173 672 1213 Prophetae
688 1182 786 1212 usque
803 1171 847 1201 (id
859 1172 1013 1202 Jommem
1024 1180 1037 1209 ,-

266 1227 357 1266 quasi
380 1227 462 1257 dicat
481 1226 649 1257 Pharisaeis
667 1236 674 1256 :
694 1225 763 1256 Non
786 1225 904 1255 debetis
925 1233 1036 1263 super-

266 1279 374 1310 cilium
398 1280 522 1318 erigere
546 1288 603 1319 pro
624 1279 706 1317 legis
728 1278 939 1314 observantia,
960 1276 1036 1316 quia

262 1333 329 1371 jam
344 1334 444 1362 cessat
457 1334 612 1371 quantum
627 1331 666 1361 ad
682 1331 819 1361 litteram
835 1332 865 1360 et
879 1331 1032 1368 figuram.

264 1385 303 1416 Et
320 1387 394 1415 nota
413 1385 497 1424 quod
520 1385 591 1415 licet
613 1384 754 1414 Christus
777 1384 881 1414 dicere
903 1385 1007 1422 posset
1026 1393 1032 1412 :

264 1448 364 1478 usque
387 1447 455 1475 me,
480 1438 555 1477 quia
575 1441 583 1455 ¹
605 1449 619 1465 «
633 1437 704 1467 finis
726 1436 807 1475 legis
829 1435 971 1466 Christus
996 1435 1035 1465 ad

259 1491 437 1531 jiistitiam,
464 1502 478 1519 1)
502 1493 573 1528 etc„
603 1490 716 1520 maluit
737 1492 844 1519 tamen
868 1488 1035 1519 nominare

264 1544 497 1575 Praecursorem
514 1546 666 1582 tanquam
689 1551 781 1573 suam
803 1550 933 1579 vocem,
959 1541 1034 1580 quia

262 1605 318 1636 per
334 1597 433 1636 ipsius
447 1596 576 1627 ‚Ioannis
596 1595 807 1635 ministerium
824 1597 969 1625 ostensus
989 1595 1035 1623 est

262 1649 364 1688 digito
376 1650 492 1688 Agnus
506 1651 517 1667 ²
535 1660 541 1679 z
564 1660 578 1676 «
595 1648 672 1679 Ecce
690 1657 795 1686 agnus
812 1648 878 1685 Dei,
894 1656 964 1677 ecce
979 1647 1034 1686 qui

262 1701 357 1740 tollit,
375 1712 389 1730 1)
409 1704 467 1732 etc.
490 1701 528 1731 Et
548 1701 613 1741 ipse
630 1702 698 1740 J'am
719 1701 846 1740 incoepit
869 1700 1033 1731 ostendere

261 1754 429 1784 veritatem
457 1756 617 1793 apertam,
648 1763 683 1783 ae
710 1762 766 1792 per
792 1753 852 1783 hoc
881 1760 1034 1782 evacuare

262 1807 403 1845 figuram
418 1818 424 1836 z
440 1807 514 1846 quia
530 1807 615 1837 enim
631 1806 681 1836 lex
696 1810 726 1836 et
746 1805 909 1845 prophetae
925 1814 1034 1835 omnes

262 1860 487 1899 promittebant
502 1859 662 1889 Christum
677 1859 838 1895 futurum,
856 1861 885 1887 et
899 1858 1034 1888 Joannes

263 1912 398 1942 ostendit
421 1914 625 1951 praesentem,
649 1911 720 1940 ideo
740 1911 792 1940 lex
816 1913 846 1940 et
872 1911 1034 1949 prophetie

263 1975 363 2004 usque
387 1965 426 1995 ad
447 1965 619 2001 Joannem,
642 1964 716 2003 quia
740 1972 803 1993 non
825 1963 925 2002 potuit
950 1963 1034 1993 ultra

263 2019 414 2048 nuntium
435 2017 597 2057 properari
619 2017 670 2055 (a),
691 2016 775 2056 quod
797 2016 892 2046 claret
910 2016 1035 2046 venisse

264 2071 443 2101 testimonio
466 2070 606 2101 Joannis.
632 2069 670 2099 Et
692 2069 767 2108 quia
789 2069 861 2098 finis
883 2069 965 2106 legis
989 2071 1035 2099 est

263 2132 320 2162 per
335 2123 570 2153 inchoationem
585 2122 661 2152 novi
678 2121 885 2157 Testamenti,
900 2121 970 2151 ideo
985 2131 1032 2151 se-

264 2176 375 2216 quitur
394 2185 401 2206 :
419 2176 475 2207 Eae
493 2184 528 2205 eo
547 2183 683 2214 refluum
704 2174 764 2204 Dei
784 2173 1033 2213 ercmqelz'mlar,

264 2229 295 2258 id
310 2230 372 2266 est,
386 2229 426 2258 ab
441 2237 477 2259 eo
492 2227 707 2266 Evangelium
727 2227 839 2265 gratiae
855 2227 1032 2256 inchoatur.

266 2280 353 2311 Unde
373 2281 502 2313 Marcus
517 2281 561 2319 .³⁵.³
581 2279 743 2310 «Initium
767 2279 935 2318 Evangelii
962 2279 1036 2309 Jcsu

266 2334 380 2364 Christi
388 2334 443 2364 filii
455 2334 519 2372 Dei,
530 2335 610 2364 sicut
617 2333 770 2373 scriptum
778 2335 824 2363 est
832 2333 864 2362 in
877 2332 955 2362 isaia
966 2342 1036 2371 pro-

265 2386 376 2425 pheta:
392 2385 468 2415 Ecce
480 2394 540 2424 ego
551 2386 640 2416 mitto
652 2384 803 2424 angelum
814 2394 933 2422 meum,
946 2395 960 2411 »
975 2387 1033 2414 ete.

266 2437 304 2468 Et
318 2438 428 2468 beatus
445 2438 547 2469 Lucas
565 2438 603 2467 ab
621 2438 690 2476 ipsa
709 2438 791 2467 beati
810 2437 940 2468 Joannis
959 2446 1034 2467 con-

267 2490 409 2530 ceptione
424 2490 457 2520 111
478 2499 537 2520 5110
552 2489 726 2528 Evangelio
741 2489 908 2520 exordium
924 2498 1036 2528 sump-

266 2543 307 2573 sit
320 2543 330 2558 ¹·
345 2553 352 2573 z
371 2555 385 2571 «
400 2543 472 2573 Fuit
492 2543 524 2572 in
537 2543 648 2573 diebus
659 2542 800 2580 Herodis,
817 2554 831 2570 »
852 2544 910 2572 etc.
929 2541 1015 2572 Unde
1026 2566 1034 2580 ,

267 2598 303 2626 ut
318 2596 417 2636 ipsius
438 2595 620 2635 praedicatio
643 2604 727 2625 nova
746 2595 974 2634 ostenderetur,
991 2595 1037 2625 di-

301 2676 306 2688 ¹
323 2675 401 2704 Rom„
415 2680 442 2705 x,
456 2675 479 2698 4.
490 2687 519 2692 -
535 2674 543 2688 ²
557 2675 636 2701 Joan„
653 2680 670 2704 1,
687 2674 725 2697 29.
737 2686 766 2691 —
781 2674 790 2690 '³
802 2675 891 2703 it1r11·c.,
911 2680 928 2704 Ι,
945 2676 993 2698 1-2.
1008 2686 1034 2691 —

269 2712 363 2746 fSup„
380 2716 402 2739 1,
418 2710 440 2734 5.
455 2722 487 2727 —-
501 2710 510 2726 ⁶
524 2710 610 2740 Mar-c„
628 2715 650 2739 1,
669 2710 691 2732 4.
709 2722 739 2726 —
755 2712 762 2721 ¹·
776 2710 876 2738 illailla,
892 2715 933 2739 xl,
954 2710 991 2732 12.
1007 2722 1036 2727 —

822 255 1032 289 EVANGELII
1055 254 1193 286 SANCTI
1215 255 1327 287 LUCAE

1102 322 1184 352 citur
1197 326 1207 341 ⁶
1223 322 1306 362 quod
1328 325 1394 354 erat
1411 334 1426 352 «
1447 323 1622 363 baptizans,
1645 325 1675 354 et
1694 323 1869 363 praedicans

1100 375 1296 414 baptismum
1311 376 1504 415 poenitentiae
1520 376 1551 406 in
1569 376 1786 406 remissionem
1801 384 1870 415 pec-

1099 430 1282 459 catorum.»
1304 429 1340 459 Et
1359 429 1433 469 quia
1455 429 1634 468 praedicatio
1656 429 1785 461 Joannis
1811 429 1869 460 ruit

1100 481 1299 520 paenitentia,
1324 483 1356 512 in
1376 491 1439 522 qua
1459 482 1555 513 homo
1575 483 1645 512 sacit
1666 482 1725 512 sibi
1751 482 1869 513 violen-

1099 535 1187 573 tiam,
1200 536 1270 566 ideo
1281 536 1383 566 addit:
1396 536 1441 567 Et
1452 536 1554 565 onmis
1565 536 1597 565 in
1609 536 1692 566 illud
1701 537 1764 566 vim
1774 536 1867 575 facil,

1098 588 1182 627 quod
1198 589 1376 628 expressius
1391 588 1504 618 dicitur
1519 588 1529 604 ⁶
1544 599 1550 618 :
1574 600 1588 617 α
1602 588 1629 618 Α
1645 589 1756 619 diebus
1769 588 1867 619 «10311-

1097 640 1146 669 nis
1162 640 1309 680 Baptistae
1326 650 1428 681 usque
1443 650 1543 677 nunc,
1560 650 1699 679 regnum
1714 641 1868 672 coelorum

1098 693 1162 723 vim
1178 694 1307 733 patitur,
1325 696 1355 724 et
1369 694 1497 724 violenti
1513 694 1642 733 rapiunt
1658 693 1747 724 illud.
1762 704 1776 722 n
1793 693 1868 726 Haec

1097 748 1204 777 autem
1221 749 1266 777 est
1280 747 1446 784 violentia,
1462 755 1526 786 qua
1539 747 1610 786 quis
1629 746 1752 777 excedit
1766 747 1868 778 virtu-

1097 800 1159 829 tem
1177 798 1463 829 naturalcin.U11de
1478 798 1560 830 Beda
1573 809 1601 829 :«
1616 799 1734 838 Magna
1747 800 1794 831 vis
1808 802 1867 839 est,

1096 852 1246 882 violentia
1262 852 1392 890 grandis
1410 854 1471 888 est,
1488 861 1546 883 nos
1561 854 1644 883 terra
1660 853 1786 892 genitos
1801 862 1868 884 coe-

1096 904 1200 935 iorum
1222 905 1327 935 sedem
1349 913 1510 944 quaercre,
1532 905 1690 944 possidere
1709 906 1791 937 velle
1812 915 1869 946 per

1097 958 1263 994 virtutem,
1289 958 1374 997 quod
1398 967 1462 988 non
1491 958 1655 997 potuimus
1681 961 1788 989 tenere
1811 968 1868 999 per

1094 1013 1253 1041 naturam.
1270 1021 1284 1039 1)
1304 1011 1378 1041 Haec
1401 1011 1496 1040 etiam
1521 1013 1581 1048 est,
1605 1019 1678 1050 quae
1698 1011 1797 1042 vincit
1818 1012 1866 1042 in-

1095 1064 1313 1094 curvationem
1334 1066 1476 1101 naturae;
1498 1064 1582 1094 unde
1606 1063 1713 1095 Glossa
1739 1076 1747 1096 :
1771 1076 1786 1093 (ι
1807 1064 1866 1096 Fa-

1094 1117 1215 1147 ciamus
1233 1117 1299 1147 vim
1316 1120 1454 1155 naturae,
1478 1119 1514 1147 ut
1534 1125 1598 1147 non
1613 1117 1651 1148 ad
1669 1120 1796 1149 terrena
1810 1127 1868 1149 nos

1093 1169 1271 1209 demergat,
1288 1170 1341 1199 sed
1357 1170 1395 1199 ad
1410 1179 1560 1209 suprema
1574 1179 1606 1201 se
1622 1171 1738 1209 erigat.
1756 1182 1771 1199 ι)
1793 1171 1867 1202 Haec

1093 1223 1188 1252 ctiam
1202 1225 1249 1252 est
1263 1223 1423 1258 violentia,
1436 1232 1498 1262 qua
1511 1224 1582 1263 quis
1592 1224 1691 1254 vincit
1705 1228 1865 1264 torporem

1093 1275 1249 1313 pigritiam
1276 1276 1361 1306 unde
1392 1275 1475 1306 Beda
1503 1287 1508 1306 :
1538 1288 1552 1305 «
1576 1276 1685 1308 Omnis
1715 1277 1770 1316 qui
1800 1277 1866 1307 vim

1093 1329 1181 1366 facit,
1203 1329 1385 1358 vehementi
1404 1329 1508 1359 studio
1529 1332 1697 1369 properat,
1719 1338 1784 1360 non
1806 1332 1867 1360 tor-

1092 1382 1178 1422 penti
1199 1381 1341 1412 lentescit
1360 1382 1485 1412 affectu.
1502 1393 1516 1410 »
1536 1382 1590 1413 Est
1605 1391 1684 1421 ergo
1699 1383 1772 1413 fidei
1788 1383 1864 1414 reli-

1093 1435 1183 1473 giosa
1198 1435 1346 1464 violentia
1356 1459 1363 1472 ,
1381 1435 1533 1473 segnities
1548 1435 1729 1466 criminosa.
1746 1435 1864 1475 Magna

1091 1487 1176 1517 enim
1192 1487 1347 1517 violentia
1361 1489 1424 1523 est,
1440 1487 1516 1517 dum
1532 1488 1605 1527 quis
1620 1497 1675 1528 per
1693 1489 1760 1519 vim
1775 1491 1806 1519 et
1820 1489 1864 1519 ri-

1091 1549 1204 1578 gorem
1228 1540 1424 1579 poenitentiae
1447 1541 1575 1580 mitigat
1595 1542 1796 1572 severitatem
1813 1542 1863 1572 di-

1090 1593 1174 1623 vinae
1197 1593 1380 1630 sententiaa,
1407 1593 1484 1623 dum
1512 1603 1568 1633 per
1593 1594 1770 1624 orationem
1798 1594 1861 1625 hu-

1089 1645 1197 1675 milem
1220 1646 1349 1675 inclinat
1372 1646 1600 1676 districtionem
1623 1647 1805 1677 sublimem.
1826 1646 1862 1677 Ι11

1090 1699 1181 1737 cujus
1196 1699 1302 1737 figura
1317 1699 1435 1728 dictum
1451 1701 1497 1728 est
1509 1698 1604 1729 Jacob
1619 1701 1750 1730 strenuo
1764 1699 1862 1731 lucta-

1089 1752 1149 1781 tori
1161 1752 1170 1768 ⁷
1192 1762 1198 1782 :
1213 1763 1226 1780 «
1238 1752 1269 1781 Si
1284 1753 1393 1781 contra
1410 1750 1509 1781 Deum
1524 1752 1613 1782 fortis
1627 1752 1726 1790 suisti,
1742 1756 1861 1792 quanto

1089 1804 1193 1843 magis
1225 1807 1333 1834 contra
1366 1804 1512 1834 homines
1542 1805 1746 1844 praevalebis!
1779 1817 1794 1834 »
1823 1805 1861 1836 Et

1090 1860 1163 1887 nota
1176 1857 1259 1896 quod
1270 1858 1380 1887 heatus
1392 1856 1573 1888 Bernardus
1585 1858 1753 1897 distinguit
1763 1859 1773 1875 ⁸
1786 1868 1861 1898 qua-

1089 1912 1162 1939 tuor
1188 1919 1306 1948 genera
1334 1910 1503 1940 hominum
1529 1911 1758 1949 possidentium
1781 1920 1859 1951 reg-

1089 1972 1170 1992 num
1189 1963 1342 1993 cu‘flornm
1359 1974 1365 1992 ;
1393 1962 1446 1992 alii
1469 1972 1606 2001 namque
1630 1964 1784 1995 violenter
1805 1974 1861 1995 ra-

1089 2016 1199 2055 piunt;
1226 2015 1278 2045 alii
1303 2018 1502 2052 mercantum
1531 2015 1585 2045 alii
1612 2016 1781 2055 furantur;
1809 2017 1860 2048 alii

1089 2068 1334 2108 compelluntur.
1353 2068 1399 2098 Illi
1415 2077 1554 2107 namque
1569 2069 1714 2108 rapiunt,
1732 2071 1787 2109 qui
1807 2070 1863 2101 de-

1089 2121 1274 2160 relinquunt
1285 2121 1402 2158 omnia,
1412 2123 1626 2159 etsequuntur
1634 2121 1794 2153 Christum
1801 2133 1810 2160 ;
1822 2123 1862 2153 ad

1090 2183 1170 2214 quos
1189 2174 1299 2204 referri
1314 2176 1415 2213 potest
1436 2173 1514 2204 illud
1529 2176 1539 2192 ⁹
1557 2185 1563 2204 ε
1585 2185 1598 2202 ι(
1619 2173 1745 2205 Catulus
1763 2175 1862 2206 leonis

1090 2227 1189 2263 Juda;
1211 2227 1249 2257 ad
1271 2227 1428 2266 praedam,
1449 2227 1494 2256 fili
1515 2227 1574 2264 mi,
1596 2228 1773 2259 ascendisti.
1789 2239 1804 2257 1)
1824 2229 1862 2260 Et

1091 2280 1208 2310 iterum
1225 2279 1341 2309 ibidem
1359 2280 1379 2296 ¹⁰
1395 2290 1426 2308 z«
1443 2278 1610 2318 BenJ'amin
1625 2280 1720 2320 lupus
1735 2290 1835 2321 rapax
1852 2291 1859 2311 :

1093 2340 1185 2361 mane
1206 2331 1348 2361 comedet
1366 2331 1525 2370 praedam,
1543 2334 1573 2362 et
1595 2341 1727 2371 vespere
1745 2333 1863 2364 dividet

1091 2384 1200 2423 spolia.
1217 2395 1231 2412 »
1251 2383 1429 2414 Mercantur
1452 2387 1559 2414 autem
1579 2384 1635 2424 qui
1651 2385 1727 2415 dant
1740 2387 1862 2425 tempo-

1091 2437 1184 2474 ralia,
1211 2439 1246 2467 ut
1271 2437 1427 2476 accipiant
1452 2439 1581 2467 aeterna.
1604 2436 1646 2467 De
1667 2437 1784 2476 quibus
1807 2446 1862 2468 su-

1091 2498 1149 2528 pra
1167 2491 1185 2507 ¹¹
1202 2500 1231 2519 2«
1247 2489 1350 2519 Facite
1364 2489 1456 2520 vobis
1477 2489 1634 2527 sacculos,
1651 2490 1706 2528 qui
1726 2498 1790 2520 non
1811 2498 1865 2521 ve-

1091 2545 1263 2573 terascunt.
1278 2554 1292 2570 »
1314 2543 1351 2573 Et
1370 2544 1391 2559 ¹²
1411 2553 1417 2573 :
1433 2553 1447 2571 (1
1459 2541 1564 2572 Facite
1579 2542 1669 2572 vobis
1684 2542 1802 2573 amicos
1825 2543 1864 2574 de

1092 2601 1098 2614 ⁷
1125 2601 1195 2630 Gen„
1219 2606 1307 2627 xxxv,
1328 2601 1366 2624 28.
1389 2612 1419 2617 —
1450 2600 1458 2613 ⁸
1482 2600 1568 2628 Rern„
1596 2598 1675 2624 Sent..
1699 2602 1764 2623 sent.
1791 2601 1813 2624 4.
1833 2613 1864 2619 —

1091 2635 1101 2650 ⁹
1117 2635 1189 2664 Gen„
1204 2641 1276 2664 xcix,
1293 2636 1314 2658 9.
1328 2648 1358 2652 -
1376 2636 1393 2651 ¹·
1408 2634 1482 2664 ibid„
1497 2635 1536 2657 27.
1550 2646 1580 2651 --
1598 2634 1615 2650 ¹¹
1631 2635 1705 2665 Sup„
1721 2641 1770 2666 111,
1783 2636 1863 2659 33.—

1092 2670 1111 2686 ¹²
1127 2671 1200 2700 Sup„
1216 2676 1238 2692 v.
1255 2672 1276 2693 9.

1123 2710 1156 2740 (a)
1175 2709 1269 2733 Forsan
1288 2709 1427 2739 leqemlum,
1448 2708 1512 2731 ultra
1527 2715 1571 2738 per
1585 2708 1701 2732 nuntium
1716 2709 1861 2740 proepurari.

1896 1978 1981 1999 coelum

1876 2012 1929 2035 quot
1938 2015 1982 2030 mo-

1876 2040 1910 2059 dis
1929 2045 1980 2065 pos-

1876 2070 1981 2091 sidentur.
