1987 3032
748 230 952 261 EXPOSITIO
976 230 1011 261 lN
1035 230 1119 261 CAP.
1144 230 1209 261 xil.

184 302 190 317 ¹
207 301 275 329 ideo
290 301 344 328 fuit
361 308 436 327 unus
455 298 550 326 malus
569 298 642 324 inter
664 297 834 330 duodecim,
850 298 880 323 ut
894 304 948 323 nos

181 347 275 375 malos
290 347 457 379 toleremus,
473 352 509 372 ne
526 351 631 379 corpus
647 343 747 370 Christi
764 343 944 370 dividatur.»

216 396 241 420 7.
255 394 286 420 Et
295 392 425 427 sequitur
440 390 570 417 defensio
586 389 727 422 mulieris,
747 389 807 416 sive
827 396 947 416 excusa-

180 441 220 468 tio
236 448 253 467 a
268 440 427 472 salvatore,
442 438 483 465 ibi
500 448 506 464 :
522 438 610 464 Sinite
625 438 710 470 illam,
727 438 779 463 etc.
795 435 947 468 Quaeritur,

181 493 270 521 quare
287 484 425 512 Dominus
434 492 495 511 non
507 483 648 518 corripuit
661 482 776 516 Judam,
788 482 828 508 sic
840 481 946 516 injtistc

178 531 403 565 indignantem?
419 531 450 556 Et
465 529 503 557 ad
521 530 577 556 hoc
595 528 753 564 respondet
775 528 946 562 Chrysosto-

178 577 274 611 mus2,
304 576 386 611 quod
409 576 502 602 multa
529 574 749 609 longanimitate
778 576 946 600 convertere

178 631 245 650 eum
260 622 387 650 volebat.
405 623 436 648 Et
450 629 517 648 cum
532 621 587 648 hoc
603 628 691 655 supra
707 619 847 654 corripuit
866 627 944 654 eum,

178 669 299 704 quando
320 668 358 695 ait
376 677 382 695 ε
402 677 415 692 (ι
436 669 511 694 Unus
530 675 565 694 ex
590 666 674 693 vobis
695 665 832 692 diabolus
853 667 904 699 est,
930 675 942 690 »

177 723 265 750 supra
277 716 297 749 ³3
313 722 366 742 nee
381 716 478 741 tamen
493 712 616 740 mollivit
630 720 698 739 eum
710 711 890 746 redargutio.
906 712 947 739 Si-

177 763 242 793 nite,
259 761 364 796 inquit,
380 761 465 793 illam,
479 762 508 786 ut
524 761 553 785 z'n
571 759 614 785 dz'e
628 759 771 792 sepulturae
787 766 848 784 meoe
862 762 946 785 servet

177 808 256 835 illud.
274 807 330 834 Sed
350 806 476 842 qualiter
499 806 593 840 potuit
606 805 659 832 hoc
685 804 759 837 fieri,
781 812 847 830 cum
868 804 946 831 dica-

178 856 223 881 tur
233 853 253 887 ⁶,
277 853 358 889 quod
383 862 395 876 α
416 851 518 879 effudit
545 853 728 886 unguentum
751 858 838 885 super
860 852 946 885 caput

177 900 257 934 ejus?
270 909 282 924 >i
300 901 373 933 Ergo
388 906 449 925 non
458 898 553 933 potuit
567 897 685 924 servari.
703 899 733 924 Et
741 896 777 924 ad
794 896 871 923 istud
886 904 946 923 res-

177 945 371 981 pondendum
393 944 555 971 secundnm
574 943 706 971 Glossam
727 943 784 976 hic,
804 942 886 978 quod
905 943 946 969 in-

177 991 370 1026 telligendum
390 993 432 1018 est
454 1000 459 1017 ε
476 991 574 1024 Sinite,
590 992 619 1016 ut
638 992 722 1016 seruet
737 989 821 1022 illud,
846 988 876 1016 id
892 991 943 1022 est,

178 1041 291 1074 partem
309 1038 397 1071 illius,
415 1040 468 1065 etc.

213 1087 238 1112 8.
259 1086 302 1111 Me
317 1087 405 1111 autem
424 1091 475 1110 non
495 1090 596 1117 semper
611 1082 750 1108 habebitis.
779 1082 850 1108 Cum
865 1081 944 1108 dica-

178 1131 241 1158 1111ὅ
258 1139 264 1157 :
283 1129 465 1157 «Vobiscum
484 1136 559 1160 sum,
582 1135 674 1162 usque
695 1127 733 1154 ad
756 1135 944 1154 consumma-

177 1178 285 1204 tionem
308 1175 413 1209 saecnli,
435 1186 447 1201 »
471 1174 595 1210 qualiter
619 1174 657 1201 ait
677 1173 723 1200 hic
743 1182 748 1200 :
765 1174 825 1201 Non
844 1181 945 1207 semper

174 1232 213 1250 mc
237 1223 389 1249 habebitis?
414 1223 445 1248 Et
463 1221 502 1248 ad
522 1220 599 1247 istud
624 1219 782 1255 respondet
809 1220 943 1253 Augusti-

176 1271 245 1296 nus5
259 1268 430 1304 dupliciter:
447 1267 543 1302 primo
558 1266 660 1299 modo,
676 1266 757 1301 quod
770 1266 825 1292 hoc
840 1266 944 1300 loque-

176 1317 261 1343 batur
277 1315 315 1342 ad
330 1315 447 1347 Judam,
462 1314 514 1341 sed
529 1321 604 1340 unus
618 1312 714 1340 malus
729 1321 835 1347 corpus
850 1312 944 1339 malo-

175 1370 240 1389 rum
255 1361 360 1396 signat,
377 1361 450 1387 sicut
464 1368 539 1387 unus
552 1360 648 1386 bonus
664 1367 769 1394 corpus
783 1359 942 1392 bonorum,

174 1410 205 1435 ut
225 1409 330 1434 Petrus
355 1407 455 1433 Dicens
479 1414 549 1440 ergo
574 1406 620 1432 hic
643 1405 740 1438 Judie,
760 1404 943 1438 significavit,

174 1453 256 1489 quod
268 1453 348 1487 mali,
369 1454 521 1479 manentes
537 1452 618 1485 mali,
633 1459 693 1478 non
713 1453 794 1478 erant
809 1459 875 1478 eum
891 1451 943 1477 ha-

174 1499 276 1532 bituri,-
294 1499 341 1526 vel
356 1499 439 1526 aliter
451 1499 471 1532 ⁷,
487 1498 569 1533 quod
585 1505 645 1524 non
668 1499 749 1524 erant
771 1505 838 1524 eum
859 1496 942 1523 habi-

174 1545 228 1572 turi
252 1553 351 1572 secum
370 1544 533 1571 secundum
556 1545 692 1570 naturam
713 1543 874 1570 humanam
899 1550 942 1570 as-

173 1594 330 1626 sumptam,
346 1590 406 1617 sive
422 1590 606 1625 praesentiam
626 1589 730 1617 carnis.
747 1599 759 1614 «
775 1589 941 1616 Secundum

175 1641 271 1664 lamen
285 1637 475 1672 majestatem,
492 1636 709 1672 providentiam
724 1638 751 1663 et
765 1635 942 1663 invisibilem

173 1684 313 1719 gratiam,
341 1691 456 1718 semper
481 1683 618 1717 impletur
647 1682 722 1709 illud
765 1692 771 1709 :
802 1683 941 1709 Vobiscum

171 1738 238 1763 sum,
256 1740 269 1755 n
287 1732 339 1756 etc.
361 1730 423 1756 flaec
445 1729 504 1756 ille.
526 1730 557 1755 Et
574 1729 628 1755 ista
647 1728 739 1755 verba
758 1730 839 1755 erant
863 1728 942 1754 suffi<

172 1776 276 1803 cientia
295 1775 411 1802 mollire
431 1775 553 1808 Judam;
579 1777 606 1801 et
623 1777 719 1801 tamen
739 1774 811 1800 nihil
834 1774 941 1800 horum

172 1822 365 1849 insanientem
386 1821 452 1847 fecit
475 1828 543 1847 eum
566 1820 692 1854 molliri,
712 1820 751 1847 ait
771 1820 941 1855 Chrysosto-

171 1870 264 1895 mus&
282 1869 321 1894 Ex
337 1867 419 1894 dictis
433 1869 521 1902 patet,
545 1867 627 1902 quod
647 1866 746 1894 nullus
770 1866 858 1893 debet
875 1866 939 1901 glo—

171 1914 238 1941 riari
255 1914 291 1941 de
305 1913 481 1941 sublimitate
503 1913 635 1947 honoris,
652 1913 698 1940 vel
718 1912 876 1947 dignitatis,
892 1914 939 1940 vel

170 1959 377 1996 professionis,
404 1959 457 1986 nisi
486 1959 593 1986 habeat
617 1959 707 1986 vitam
729 1959 939 1987 condecentem

170 2006 313 2041 dignitati.
338 2006 427 2033 sudas
450 2006 528 2033 enim
553 2006 606 2032 fnit
628 2014 705 2032 unus
729 2014 765 2032 ex
787 2006 938 2041 discipulis

170 2053 295 2085 Domini,
310 2054 337 2079 et
352 2054 450 2079 tamen
464 2052 596 2087 perditus
610 2054 637 2079 et
653 2052 817 2079 damnatus.
831 2052 840 2067 ⁹
856 2062 868 2077 «
884 2054 936 2080 No-

168 2099 216 2126 lite
231 2098 372 2133 gaudere,
394 2098 463 2133 quia
483 2097 599 2132 spiritus
623 2098 706 2125 vobis
730 2098 936 2133 subjiciuntur,

168 2145 219 2172 sed
230 2145 259 2171 in
274 2145 331 2171 hoc
346 2144 482 2179 gaudete,
495 2143 577 2178 quod
590 2144 712 2171 nomina
722 2146 816 2171 vestra
830 2145 936 2180 scripta

167 2190 277 2217 suntin
290 2189 378 2217 coelis.
396 2199 409 2216 n
427 2191 495 2217 {tem
509 2191 587 2224 patet
606 2197 641 2216 ex
663 2190 755 2224 dictis,
773 2191 855 2225 quod
875 2199 936 2219 non

168 2236 276 2263 debent
292 2235 411 2270 gloriari
426 2235 517 2271 aliqui
535 2235 570 2262 de
587 2236 735 2263 affluentia
750 2244 848 2263 rerum
862 2239 935 2264 tem-

166 2282 326 2317 poralium,
341 2281 397 2308 nisi
412 2281 519 2308 fuerint
532 2281 603 2308 boni
619 2291 624 2308 :
642 2282 722 2309 Judae
736 2282 824 2315 enim,
840 2282 895 2309 suri
909 2285 936 2310 et

168 2327 285 2361 latroni,
300 2327 417 2354 fuerunt
431 2327 578 2354 commissi
600 2327 699 2354 loculi.
718 2329 754 2354 lie
770 2328 876 2355 talibus
891 2328 911 2344 ¹⁰
926 2338 932 2356 :

169 2383 182 2400 «
200 2373 355 2400 Dueuntin
373 2372 459 2400 honis
478 2373 540 2400 dies
565 2381 644 2407 suos,
663 2375 690 2401 et
713 2374 743 2401 in
764 2376 872 2409 puncto
895 2375 935 2402 ad

166 2420 314 2447 infernum
340 2419 529 2446 descendunt.
550 2430 563 2446 »
581 2422 649 2447 ltem
672 2422 750 2455 patet
770 2420 817 2448 hic
836 2429 934 2449 exem-

200 2516 205 2531 ¹
224 2516 296 2545 Aug„
312 2514 355 2538 ubi
372 2521 438 2544 sup,
454 2521 478 2538 n.
496 2516 533 2537 10.
549 2527 579 2531 -
598 2514 606 2528 ²
620 2515 759 2545 Chrywst,
775 2516 817 2539 ubi
834 2523 889 2546 sup.
905 2531 934 2534 —

167 2550 177 2565 ³
194 2551 317 2580 Sup.,V1,
331 2551 369 2573 71.
381 2562 410 2566 —
426 2550 435 2566 ⁴
449 2549 550 2578 Matm„
565 2555 635 2580 xxvi,
649 2551 671 2573 7.
686 2562 717 2566 -—
733 2550 826 2581 ⁶1hid.,
842 2557 933 2581 xxvm,

169 2586 207 2608 20.
225 2597 255 2601 —-
274 2585 283 2600 ³
304 2587 378 2615 Aug,
397 2585 439 2608 ubi
458 2592 503 2614 sup
517 2603 524 2614 ,
543 2592 567 2607 11.
588 2588 621 2608 12.
637 2598 666 2602 -
682 2586 691 2600 ⁷
709 2585 780 2614 111111,
801 2594 826 2609 11.
848 2588 883 2609 12.
903 2601 934 2604 -

171 2620 179 2631 “
196 2619 334 2649 Clirysost.,
350 2620 391 2643 ubi
408 2627 462 2650 ¹sup.
478 2633 508 2636 —
523 2622 531 2630 ''
548 2620 612 2649 Lina,
633 2626 657 2649 x,
676 2622 713 2643 ΔΟ.
729 2634 759 2637 -
777 2622 793 2637 ¹0
806 2621 860 2650 Jub,
879 2628 935 2653 xxi,

176 2655 212 2677 13.
224 2666 253 2671 -
270 2654 286 2669 ¹¹
304 2656 376 2684 Aug„
392 2655 433 2677 uhi
447 2661 513 2685 sup.y
529 2662 554 2678 11.
573 2656 598 2678 10
612 2657 635 2678 ct
652 2657 685 2678 tt.
700 2668 726 2672 -
741 2656 760 2671 ¹2
773 2656 881 2686 1bid.‚11.
899 2659 932 2680 m.

1717 236 1754 263 1ιὲ
1761 237 1769 263 l

1004 296 1098 331 plum,
1112 297 1194 332 quod
1207 297 1279 324 boni
1298 305 1358 324 non
1377 299 1444 325 sunt
1463 299 1680 332 contemnendi,
1709 299 1775 326 licet

1004 343 1039 369 sit
1054 343 1149 370 malus
1168 343 1242 370 inter
1263 351 1324 376 eos,
1342 343 1414 371 dum
1432 352 1492 371 non
1518 345 1634 372 faveant
1658 345 1775 372 malitiae

1004 388 1091 416 illius.
1108 389 1187 416 Unde
1203 391 1230 416 et
1245 389 1379 425 discipuli
1399 393 1478 417 erant
1494 391 1588 423 electi,
1604 391 1671 418 licet
1684 391 1773 418 ludas

1004 435 1099 461 malus
1123 437 1197 462 esset
1223 435 1298 462 inter
1326 444 1385 463 eos.
1408 438 1477 463 Item
1502 438 1580 471 patet
1604 436 1650 463 hic
1674 443 1772 463 exem-

1004 480 1086 515 plum
1106 481 1192 508 bonis
1209 481 1354 509 tolerandi
1367 481 1471 515 malos,
1491 484 1578 517 prout
1602 482 1641 509 ait
1661 484 1774 516 Augus-

1004 526 1123 561 tinus¹¹,
1139 535 1200 554 non
1222 528 1259 563 (a)
1281 528 1310 555 in
1341 528 1469 555 favendo
1494 528 1545 562 eis,
1567 528 1619 555 sed
1639 528 1774 563 longani-

1003 573 1087 611 miter
1102 575 1294 608 expeetando,
1311 576 1337 602 et
1350 574 1500 610 patientia.

1039 621 1064 646 9.
1076 620 1106 646 Et
1121 620 1252 655 sequitur
1264 620 1400 647 ultimum
1415 629 1421 647 ε
1433 621 1560 655 Οορηουίί
1575 622 1663 655 turba,
1676 622 1729 648 etc.
1742 622 1775 648 Ut

1003 666 1042 692 ait
1055 666 1231 700 Augustinus
1242 666 1271 700 ¹2,
1296 667 1476 695 «curiositas
1495 675 1545 695 eos
1560 668 1691 702 adduxit,
1713 675 1774 695 non

1003 711 1135 739 charitas.
1152 722 1164 737 »
1182 712 1262 739 Unde
1279 714 1429 748 seqnitur:
1450 715 1584 741 Venerunt
1597 722 1649 741 non
1661 717 1773 748 propter

1001 759 1098 792 Jesum,
1114 759 1160 786 sed
1179 762 1209 786 ut
1223 761 1355 786 Lazarum
1369 760 1497 787 viderent.
1514 760 1579 787 Plus
1594 761 1672 787 enim
1689 769 1773 788 cura-

1002 804 1073 831 bant
1088 805 1186 832 videre
1199 806 1411 839 resuscitatum,
1436 814 1527 841 quam
1542 807 1660 834 credere
1675 815 1771 833 resusa

1002 851 1109 878 citanti.
1138 853 1170 878 Et
1198 851 1268 887 quia
1294 852 1333 878 sic
1364 852 1522 880 veniebant
1547 855 1666 888 propter
1690 855 1773 880 Laza-

1001 905 1067 923 rum
1083 898 1120 931 (v.
1139 898 1192 932 10),
1209 900 1391 931 coqilaverwzt
1407 900 1543 932 principes
1566 907 1624 925 cum
1645 899 1772 932 occidere,

1002 950 1018 969 a
1042 943 1149 978 quibus
1178 943 1327 971 oriebatur
1351 946 1410 971 tota
1434 944 1566 971 malitia:
1589 945 1627 980 (v.
1646 945 1688 979 11)
1709 947 1773 979 quia

1002 991 1082 1016 multi
1092 998 1124 1017 ex
1137 989 1223 1017 turba
1237 991 1387 1022 credebant,
1399 991 1451 1017 sed
1463 998 1522 1018 non
1533 999 1567 1018 ex
1577 991 1771 1026 principibus,

1001 1044 1088 1071 supra
1099 1036 1129 1062 ¹³³.
1145 1037 1214 1063 Etut
1228 1036 1267 1063 ait
1277 1037 1490 1071 Augustinus&
1502 1038 1581 1072 patet
1597 1047 1609 1062 t(
1625 1037 1712 1064 stulta
1725 1045 1773 1064 eo-

1001 1090 1068 1109 rum
1088 1082 1235 1117 cogitatio,
1260 1085 1286 1109 et
1306 1091 1381 1109 csrca
1404 1083 1522 1109 szrvitia.
1549 1083 1698 1117 Dominus,
1722 1083 1772 1118 qui

1002 1129 1139 1156 suscitare
1157 1129 1252 1164 potuit
1270 1131 1431 1161 mortuum,
1446 1136 1544 1155 nonne
1563 1131 1662 1163 posset
1687 1129 1773 1155 susci-

1003 1178 1062 1203 tare
1085 1176 1235 1202 occisum?
1257 1187 1269 1201 »
1295 1176 1378 1211 quasi
1404 1176 1512 1202 diceret
1533 1185 1538 1202 :
1565 1176 1688 1211 planum
1715 1178 1771 1210 est,

1003 1222 1084 1256 quod
1100 1225 1206 1256 posset.
1224 1222 1278 1249 Sed
1289 1223 1437 1257 quaeritur,
1454 1222 1578 1257 qualiter
1590 1230 1649 1249 non
1665 1222 1772 1257 cogita-

1001 1268 1240 1296 bantinterficere
1250 1269 1414 1302 Dominum,
1425 1269 1474 1304 qui
1485 1270 1504 1285 ¹⁵
1515 1279 1528 1294 (ι
1540 1269 1681 1296 dederant
1690 1277 1771 1296 man-

1001 1313 1115 1347 datum,
1133 1316 1164 1341 ut
1184 1315 1436 1350 apprehenderent
1451 1323 1528 1349 cum,
1543 1325 1555 1339 »
1569 1323 1658 1350 supra
1671 1316 1770 1350 proxi-

1000 1361 1069 1387 rno‘?
1080 1362 1111 1387 Et
1118 1361 1155 1388 ad
1166 1361 1242 1388 istud
1252 1360 1409 1396 respondet
1417 1361 1640 1396 chrysostomus
1648 1361 1678 1395 ¹⁸,
1688 1362 1770 1396 quod

999 1406 1128 1433 furorem
1157 1415 1259 1434 eorum
1282 1407 1451 1440 extinxerat,
1474 1407 1578 1434 sedans
1603 1415 1653 1434 eos
1676 1415 1769 1435 reces-

1000 1453 1092 1486 sione,
1108 1461 1167 1488 qua
1180 1453 1251 1480 abiit
1266 1453 1295 1480 in
1321 1453 1481 1487 regionem,
1503 1454 1586 1488 juxta
1609 1454 1767 1488 desertum,

999 1507 1099 1534 supra,
1111 1500 1247 1534 proximo
1258 1500 1288 1526 ¹⁷.
1298 1501 1329 1526 Et
1339 1502 1416 1535 patet
1427 1508 1529 1527 eorum
1542 1500 1621 1534 jugis
1634 1500 1768 1534 maligni-

998 1547 1051 1578 tas,
1068 1547 1095 1572 ct
1109 1545 1337 1580 iinmitigabilis;
1358 1554 1412 1572 nec
1433 1546 1628 1578 document&
1649 1554 1702 1573 nec
1717 1547 1769 1573 mi-

997 1591 1114 1624 raculis,
1130 1599 1184 1618 nee
1199 1592 1340 1627 exemplis
1362 1592 1535 1619 dimiserunt
1558 1592 1694 1627 persequi
1711 1594 1767 1620 Do-

997 1637 1120 1671 minum,
1138 1640 1164 1664 et
1176 1638 1319 1665 miracula
1334 1638 1406 1672 ejus,
1423 1640 1450 1664 et
1464 1638 1548 1664 facta.

1033 1687 1064 1711 Et
1081 1685 1211 1720 sequitur
1229 1685 1280 1712 illa
1306 1693 1384 1720 pars,
1403 1685 1432 1711 in
1453 1693 1512 1720 qua
1532 1685 1688 1721 descriptio
1713 1687 1766 1713 ad-

996 1733 1099 1757 ventus
1113 1731 1269 1758 Salvatoris
1284 1731 1314 1757 in
1328 1731 1541 1766 Jerosolymam
1557 1740 1563 1758 ι
1575 1733 1607 1758 In
1618 1735 1766 1759 crastinum

996 1784 1066 1810 vero,
1082 1778 1136 1804 etc.
1157 1778 1188 1803 Et
1202 1777 1242 1803 ibi
1266 1777 1320 1803 tria
1338 1786 1343 1803 :
1360 1776 1456 1812 primo
1476 1779 1611 1804 narratur
1635 1778 1765 1806 obviatio

995 1822 1097 1857 populi
1112 1823 1167 1858 ipsi
1183 1823 1335 1856 Salvatori,
1353 1824 1380 1850 et
1394 1823 1502 1850 modus
1517 1823 1708 1858 obviationis;
1724 1833 1764 1851 se-

995 1869 1092 1896 cundo
1103 1869 1238 1896 subditur
1249 1869 1404 1904 descriptio
1417 1869 1510 1903 modi,
1526 1878 1585 1904 quo
1602 1870 1663 1905 ipse
1675 1871 1763 1904 venit,

994 1915 1035 1941 ibi
1048 1916 1086 1942 ¹8:
1102 1917 1137 1941 Et
1148 1917 1252 1942 invenit
1266 1917 1340 1942 Jesus
1359 1917 1479 1949 asellum,
1503 1917 1568 1950 etc.;
1588 1916 1672 1943 tertio
1695 1917 1764 1943 sub—

990 1961 1122 1996 jungitur
1137 1961 1241 1997 populi
1255 1961 1453 1989 testimonium
1468 1961 1522 1996 ipsi
1541 1962 1694 1997 Salvatori,
1710 1970 1764 1990 nec

992 2015 1053 2034 non
1068 2010 1095 2035 et
1112 2008 1323 2035 Pharisaeorum
1336 2008 1538 2041 murmuratio,
1554 2007 1594 2035 ibi
1613 2009 1632 2024 ¹²³
1649 2019 1654 2034 :
1678 2010 1764 2036 Testi-

992 2056 1110 2080 monium
1126 2062 1196 2088 erqo,
1212 2055 1265 2081 etc.

1028 2102 1071 2127 12.
1083 2102 1114 2126 In
1129 2101 1277 2126 crastinum
1292 2102 1396 2133 autem,
1415 2099 1523 2127 scilieet
1538 2100 1585 2128 die
1601 2100 1761 2135 dominica,

991 2148 1068 2174 turba
1088 2148 1187 2179 multa,
1210 2147 1276 2179 etc„
1297 2154 1355 2172 cum
1370 2145 1522 2180 attulissent,
1545 2147 1608 2181 quia
1623 2147 1700 2173 Jesus
1716 2155 1760 2174 ve-

990 2195 1044 2226 nit,
1074 2192 1104 2219 id
1126 2194 1186 2226 est,
1212 2192 1242 2218 in
1269 2191 1412 2219 veniendo
1429 2194 1490 2219 erat
1518 2192 1556 2227 (v.
1575 2193 1616 2227 13)
1630 2214 1637 2227 ,
1654 2201 1760 2227 accepe-

990 2242 1052 2266 runt
1076 2247 1160 2265 ramos
1180 2239 1333 2272 palmarum
1349 2258 1358 2271 ,
1387 2238 1426 2265 ad
1451 2238 1594 2272 litteram,
1618 2239 1759 2266 habentes

990 2285 1175 2312 occasionem
1197 2292 1233 2311 ex
1247 2284 1340 2311 Veteri
1360 2286 1542 2311 'testamento
1556 2285 1579 2301 20
1601 2293 1607 2311 z
1628 2295 1641 2310 «
1654 2285 1758 2313 Aflerte

988 2331 1108 2358 frondes
1123 2330 1207 2357 olivae
1217 2351 1225 2363 ,
1245 2332 1272 2356 et
1286 2329 1406 2356 frondes
1420 2329 1493 2364 ligni
1509 2330 1715 2366 pulcherrimi,
1732 2333 1759 2359 et

988 2384 1087 2404 ramos
1109 2376 1312 2412 palmarum.»
1338 2377 1373 2402 Ec
1391 2377 1573 2410 processerunt
1591 2378 1694 2404 obviam
1709 2379 1733 2404 ei
1750 2387 1756 2404 :

989 2430 1049 2458 quo
1065 2423 1098 2457 (b)
1123 2429 1293 2457 processum
1306 2442 1314 2455 ,
1338 2421 1398 2448 sive
1424 2422 1642 2456 processionem
1662 2423 1759 2458 signat

988 2518 1017 2522 —
1033 2504 1051 2520 ¹³
1065 2506 1136 2534 sup„
1150 2509 1196 2533 vn,
1212 2504 1249 2526 48.
1264 2515 1294 2520 -
1309 2502 1328 2518 ¹⁶
1341 2503 1415 2533 Aug„
1430 2502 1490 2527 ibid,
1505 2516 1534 2520 —
1548 2504 1566 2519 ¹⁵
1581 2504 1652 2535 Sap„
1669 2510 1704 2534 xi,
1717 2506 1755 2529 56.

990 2553 1015 2556 -
1040 2540 1056 2553 ¹⁸
1070 2539 1210 2569 Chrysost„
1229 2540 1255 2560 in
1276 2538 1357 2567 loun„
1378 2538 1446 2562 hom.
1471 2544 1529 2569 LxV‚
1552 2539 1582 2563 al.
1604 2545 1675 2570 LXVI,
1689 2547 1715 2563 n.
1734 2543 1756 2564 1.

988 2588 1017 2592 -
1041 2575 1058 2590 ¹⁷
1079 2576 1151 2604 Sup,
1174 2579 1213 2603 xx,
1238 2575 1276 2597 54.
1297 2586 1327 2590 —
1347 2573 1367 2589 ¹⁸
1392 2573 1503 2603 1ns.,14.
1518 2587 1548 2591 —
1567 2575 1711 2604 ¹⁹1nf.,17.
1729 2588 1755 2592 —-

988 2610 1042 2631 ²011
1061 2609 1202 2638 Esd.,v11¹,
1219 2610 1255 2631 15.

1019 2658 1050 2687 (a)
1070 2658 1130 2681 (cet.
1145 2657 1203 2681 ellit.
1219 2656 1287 2681 deest
1301 2663 1362 2682 non.
1378 2671 1408 2675 —-
1425 2657 1458 2688 (h)
1475 2658 1530 2689 Leq.
1546 2665 1630 2689 quem.
