1987 3032
202 189 260 217 470
719 185 930 217 EVANGELII
953 185 1092 217 SANCTI
1115 186 1277 218 JOANNIS

201 261 276 282 nemo
300 254 373 280 tollet
387 261 404 280 a
418 254 501 280 vobis.
517 254 594 290 Infra
613 253 720 280 eodem
735 258 742 274 ¹
759 261 765 279 :
785 254 818 279 Ut
840 253 970 287 gaudium

201 303 317 328 vestrum
328 301 366 326 sit
371 300 489 334 plenum.
501 299 642 332 Quaeritur
652 298 698 325 hic
707 298 921 333 magistraliter,
931 305 969 325 an

202 345 326 382 apostoli
342 347 511 373 meruerunt
527 345 563 379 (a)
574 366 581 378 ,
601 344 647 371 vel
663 344 821 371 timuerunt
843 344 882 370 sic
906 344 970 371 tris-

202 391 302 420 tando.
319 393 351 419 Et
365 391 478 418 videtur
494 390 576 426 quod
594 392 763 418 meruerunt
778 391 814 425 (a)
828 410 835 421 ‚
851 390 921 425 quia
936 389 945 404 ²
962 399 968 417 z

205 448 218 465 «
233 439 260 467 Si
281 438 476 474 compatimur
491 438 536 473 (b),
553 439 580 465 et
595 438 843 472 conregnabimus
863 447 869 465 z
888 448 901 462 »
919 437 971 465 sed

200 485 256 521 ipsi
278 484 532 519 compatiebantur
555 483 707 511 tristando.
726 486 794 511 Item
809 484 890 511 illam
907 484 971 510 tris-

202 531 293 558 titiam
312 532 442 557 secutum
463 531 505 557 est
523 530 680 564 gaudium,
700 532 731 557 ut
751 530 790 557 ait
813 530 859 557 hic
877 539 884 557 :
900 538 970 564 ergo

200 579 232 604 ut
248 577 339 612 prius.
361 578 430 604 Item
452 578 513 603 erat
532 576 569 603 de
589 576 721 603 absentia
736 575 822 609 boni,
838 576 947 603 scilicet
963 584 970 603 ε

200 625 267 651 ‚lesu
282 622 394 650 Christi.
410 622 454 650 Ad
475 622 654 650 contrarium
669 622 811 657 arguitur.
827 623 920 657 Supra
932 622 972 649 ait

201 668 329 696 Christus
344 669 354 685 ³
371 677 377 695 :
398 678 410 693 «
425 670 488 696 Non
507 668 640 696 turbetur
659 676 710 696 cor
723 671 862 696 vestrum.
878 678 890 694 »
909 669 972 695 Fuit

201 722 271 750 ergo
287 714 400 742 tristitia
414 715 568 742 dehortata
583 722 600 742 a
616 715 743 748 Christo,
759 717 786 741 et
801 714 840 742 ita
855 714 972 742 videtur

200 769 261 788 non
276 761 366 788 bona.
383 762 453 788 Item
468 761 568 796 supra¹⁵
583 761 623 788 ait
640 770 646 788 :
665 770 678 785 «
693 761 720 788 Si
736 760 898 795 diligeretis
912 769 970 794 me,

201 807 385 842 gauderetis,
401 807 472 842 quia
486 807 565 834 vado
581 807 620 834 ad
635 808 762 841 Patrem,
776 818 788 831 >1
803 806 910 834 scilicet
920 815 972 842 pcr

203 854 370 891 passionem
384 863 390 881 1
404 861 475 888 ergo
491 853 603 880 tristitia
618 853 654 880 de
669 853 726 880 hoc
740 860 801 880 non
814 853 867 880 fuit
880 853 969 881 bona.

201 902 232 928 Et
260 900 298 927 ad
327 899 404 927 istud
432 899 627 935 respondetur
655 899 849 926 communiter
861 920 868 932 ,
890 899 972 934 quod

200 946 312 973 tristitia
323 945 429 972 dicitur
440 945 531 979 bona,
548 944 595 972 vel
608 945 699 978 mala,
711 953 728 972 a
742 946 823 980 parte
839 944 970 979 originis.

200 993 305 1020 Omnes
327 992 404 1019 enim
427 991 548 1019 affectus
567 991 597 1018 in
617 999 718 1018 amore
739 991 925 1024 radicantur,
942 993 973 1018 ut

199 1040 278 1074 patet
302 1038 340 1066 ab
365 1037 527 1072 Augustino
541 1037 551 1052 ⁵
566 1057 574 1071 ,
599 1037 651 1064 ubi
675 1036 730 1071 ait,
754 1037 836 1072 quod
855 1048 866 1061 α
888 1045 973 1067 amor

200 1086 326 1114 sentiens
355 1085 438 1120 quod
465 1084 638 1112 adversatur
655 1105 663 1118 ,
693 1083 805 1111 tristitia
836 1086 888 1110 est.
910 1093 924 1109 ι)
942 1086 973 1112 Et

201 1133 271 1168 quia
292 1133 334 1159 est
352 1139 437 1158 amor
452 1130 593 1163 carnalis,
612 1132 639 1157 et
662 1130 820 1163 naturalis,
836 1132 863 1157 et
878 1130 972 1157 socia-

200 1179 249 1213 lis,
268 1177 314 1205 vel
329 1177 531 1210 charitativus,
547 1176 607 1203 sive
623 1176 796 1211 spiritualis,
817 1176 856 1203 ita
876 1178 918 1203 est
934 1176 969 1203 de

202 1224 313 1252 tristitia
329 1232 335 1250 :
351 1226 378 1251 et
393 1223 464 1259 quia
481 1222 645 1257 diligebant
664 1222 828 1255 Christum,
844 1224 871 1249 et
886 1222 970 1257 spiri-

202 1270 334 1304 tualiter,
365 1271 392 1296 et
418 1268 584 1302 socialiter,
612 1270 639 1295 et
667 1268 754 1295 etiam
782 1268 971 1296 naturaliter:

202 1317 272 1353 quia
290 1317 381 1344 homo
404 1315 506 1342 similis
526 1315 583 1349 eis,
598 1317 625 1342 et
649 1314 718 1350 quia
739 1314 889 1350 speciosus
909 1323 971 1350 prae

202 1364 269 1391 filiis
282 1363 453 1396 hominum,
470 1364 497 1389 et
511 1361 669 1397 pulchrum
685 1363 726 1388 est
745 1360 827 1396 quod
849 1361 974 1388 delectat

203 1411 291 1438 etiam
305 1408 493 1441 naturaliter,
508 1409 540 1434 ut
559 1407 598 1434 ait
617 1407 810 1441 Augustinus;
827 1407 895 1434 ideo
910 1407 973 1434 tris-

202 1457 264 1484 titia
278 1463 381 1483 eorum
397 1454 433 1481 de
453 1453 636 1489 separatione
647 1461 664 1480 a
674 1453 784 1480 Christo
796 1455 857 1480 erat
871 1453 974 1480 lauda-

202 1503 270 1530 bilis
286 1504 313 1529 et
325 1501 482 1528 meritoria,
496 1502 528 1527 Et
541 1500 611 1535 quia
626 1500 733 1526 modus
748 1499 864 1526 debitus
879 1500 974 1534 requi-

203 1549 275 1576 ritur
291 1548 321 1574 in
335 1546 462 1580 tristitia,
479 1546 546 1573 ideo
563 1545 737 1572 hortabatur
751 1553 802 1572 eos
816 1545 972 1579 Dominus,

203 1597 234 1622 ut
256 1602 317 1621 non
338 1593 585 1620 conturbarentur
601 1591 829 1618 immoderantia
844 1591 971 1618 tristitiae.

204 1642 235 1667 Et
249 1647 301 1676 per
314 1639 375 1666 haec
391 1639 429 1666 ad
444 1638 568 1672 objecta.
585 1639 617 1664 Et
629 1639 699 1664 nota
712 1637 795 1672 quod
809 1637 848 1664 ait
864 1646 870 1664 t
888 1638 974 1663 Modi-

204 1694 279 1719 cum,
295 1688 320 1712 et
342 1692 393 1712 non
416 1684 544 1711 videbitis
570 1692 619 1710 me.
646 1683 813 1710 Secundum
838 1683 972 1717 Augusti-

205 1740 274 1759 num
290 1733 323 1758 ⁶:
349 1741 362 1756 ιι
389 1730 534 1758 Modicum
563 1732 605 1756 est
629 1731 721 1756 totum
749 1729 891 1764 spatium,
914 1737 974 1764 quo

204 1785 330 1813 praesens
346 1777 484 1805 saeculum
499 1775 650 1812 pervolat,
664 1776 693 1802 in
709 1783 769 1811 quo
785 1783 845 1802 non
859 1775 976 1802 videtur

206 1824 344 1852 Dominus
360 1843 367 1850 .
384 1834 396 1848 υ
414 1825 447 1850 Et
469 1825 565 1850 iterum
582 1822 714 1849 modicum
730 1830 739 1848 .·
756 1831 769 1847 «
783 1823 814 1848 Et
828 1821 976 1848 videbitur

204 1871 325 1898 veniens
338 1870 376 1897 ad
389 1870 532 1904 judicium
545 1869 613 1902 ,ubi
629 1869 700 1895 nihil
717 1868 973 1903 interrogabimus

206 1917 277 1952 quia
291 1916 364 1944 nihil
377 1915 604 1943 desiderandum
623 1914 803 1947 remanebit,
814 1914 887 1941 nihil
898 1922 977 1949 quae-

205 1963 331 1991 rendum
346 1961 456 1989 latebit.
473 1972 486 1986 n
505 1962 567 1987 Haec
591 1960 650 1987 ille.
677 1962 708 1987 Et
731 1960 769 1987 ita
789 1960 866 1987 istud
883 1962 976 1995 potest

206 2008 327 2042 intelligi
344 2007 380 2034 de
396 2007 564 2034 modicitate
579 2006 741 2033 durationis
761 2006 848 2040 hujus
864 2008 976 2041 tempo—

206 2055 245 2082 ris
271 2054 384 2084 totalis,
400 2053 495 2080 donee
509 2054 519 2069 ⁷
535 2053 670 2080 videatur
696 2053 769 2079 Deus
800 2054 925 2079 Deorum
947 2053 975 2079 in

206 2101 284 2128 Sion.
300 2110 312 2125 »
331 2101 341 2116 ⁸
358 2110 371 2125 «
386 2099 501 2133 Sciens,
517 2099 587 2134 quia
607 2098 758 2125 modicum
782 2101 897 2133 tempus
921 2098 975 2125 ha-

209 2148 265 2174 bet.
291 2147 353 2173 »Et
375 2148 416 2172 est
443 2144 595 2172 modicum
617 2144 768 2177 durative‚
796 2144 866 2179 quia
887 2144 976 2172 finem

208 2193 304 2220 habet.
326 2194 336 2209 ⁰
354 2202 367 2217 «
389 2193 499 2219 Fratres
524 2190 582 2217 mei
606 2190 807 2226 praetcrierunt
834 2198 880 2217 me
905 2190 978 2218 sicut

209 2242 330 2267 torrens.
347 2249 359 2264 »
379 2238 420 2267 Ibi
436 2237 590 2272 Gregorius
605 2237 624 2253 ¹⁰
641 2246 647 2264 :
667 2246 680 2261 ι(
694 2237 780 2269 Quod
792 2237 849 2264 fine
866 2237 977 2264 claudi-

210 2288 268 2319 tur,
285 2285 408 2320 longum
426 2293 487 2313 non
506 2286 556 2311 est.
573 2294 585 2309 n
603 2285 673 2311 Item
695 2286 736 2310 est
756 2284 907 2311 modicum
928 2292 977 2311 ex-

242 2369 247 2381 ¹
267 2368 323 2395 lut,
340 2369 379 2391 24.
395 2381 425 2385 —
440 2367 616 2396 ²11T1·m.,1i,
635 2367 670 2389 12.
686 2379 714 2383 -
732 2366 742 2382 ³
758 2367 829 2395 sup„
846 2371 897 2395 ςιν,
914 2368 935 2389 l.
949 2379 978 2384 —

210 2404 217 2417 ⁴
233 2404 305 2433 Sup„
325 2408 378 2432 xiv,
402 2404 439 2426 28.
459 2416 489 2420 —
508 2403 518 2418 ¹⁵
537 2404 611 2431 Aug„
632 2401 661 2424 (le
681 2401 755 2425 Givz't.
777 2401 829 2430 Dei,
849 2401 892 2424 Iib.
911 2402 976 2431 XIV,

211 2447 232 2462 r.
254 2444 303 2467 v11,
325 2444 350 2460 n.
372 2439 394 2460 2.
414 2451 444 2455 —
464 2438 472 2451 ⁰
493 2437 538 2466 td„
560 2438 584 2459 ιἰι
605 2438 684 2465 λίπω,
709 2437 780 2459 tract.
801 2442 839 2466 ct,
859 2443 884 2460 n.
907 2438 929 2460 6.
948 2450 978 2454 —

211 2474 218 2487 ⁷
233 2472 505 2499 Psal rtxx111,s.-
520 2472 530 2488 Β
545 2472 628 2501 Apum,
643 2478 690 2501 xxi,
710 2473 745 2494 12.
760 2485 790 2489 -
802 2472 810 2485 ¹³
821 2471 873 2499 lob,
891 2478 925 2501 vi,
940 2473 976 2495 15.

212 2522 238 2526 -
257 2508 278 2525 ¹⁰
289 2508 375 2537 Greg.‚
390 2507 491 2534 Mor-td„
507 2507 549 2530 lii).
566 2507 624 2535 Vll,
644 2513 665 2530 c.
682 2512 713 2537 X,
728 2507 759 2529 al.
777 2512 836 2536 xm,
851 2514 876 2530 u.
895 2507 933 2530 31.
949 2520 978 2523 —

213 2545 226 2558 ¹¹
243 2543 302 2573 Joh,
320 2549 368 2572 xx,
388 2543 410 2566 5.
426 2555 455 2558 —
474 2543 492 2558 1²*
508 2544 592 2571 (ivea,
613 2541 714 2570 Moral„
734 2542 776 2565 lib.
796 2542 849 2570 XV,
866 2549 887 2565 c.
906 2548 932 2565 11.
948 2555 978 2559 -

211 2579 230 2595 ¹³
246 2578 303 2605 Job,
323 2584 376 2607 xxt,
393 2579 429 2601 13.
443 2590 471 2594 —
490 2577 506 2593 ¹⁸
523 2578 607 2605 Greg„
623 2577 721 2607 Marah,
738 2577 779 2600 lib.
798 2577 851 2606 XV,
869 2584 890 2599 e.
907 2582 977 2607 xxlv,

211 2614 243 2638 al⁴
259 2619 338 2644 me,
351 2620 377 2637 n.
394 2614 432 2637 49.
445 2625 474 2630 —
490 2612 510 2628 ¹⁸
521 2611 574 2641 job,
593 2617 628 2643 ix,
641 2613 678 2635 25.
697 2625 721 2628 —
741 2612 759 2628 ¹ss
775 2613 860 2642 Greg„
875 2612 975 2641 Moral„

1025 253 1133 280 cessive
1149 273 1158 286 ,
1182 253 1253 288 quia
1280 252 1352 280 nihil
1381 255 1424 280 est
1450 254 1591 290 temporis
1618 255 1673 282 nisi
1704 262 1792 283 nunc.

1026 300 1043 315 ¹¹
1062 308 1075 324 «
1091 299 1235 326 Gaudium
1255 299 1414 335 hypocritae
1435 301 1474 328 ad
1486 301 1575 328 instar
1596 301 1706 337 puncti.
1723 312 1736 328 n
1754 302 1796 330 lbi

1025 345 1181 380 Gregorius
1195 346 1216 362 ¹²
1231 345 1267 372 de
1280 346 1337 373 hoc
1351 346 1462 374 bene.¹³
1471 348 1523 374 «ln
1538 350 1647 382 puncto
1659 347 1699 375 ad
1712 347 1798 376 infer-

1026 399 1064 419 na
1079 391 1270 418 descendunt.
1287 401 1300 417 ι»
1321 392 1476 426 Gregorius
1493 394 1510 409 ¹¹*
1528 393 1661 421 similiter
1677 393 1714 421 de
1729 394 1795 422 hoc.

1026 438 1095 465 Item
1115 437 1267 464 modicum
1289 439 1331 465 est
1354 445 1455 466 cursus
1476 438 1619 467 celeritate
1640 439 1659 460 ¹⁵
1675 448 1682 466 :
1699 449 1714 465 α
1735 439 1798 467 Dies

1025 483 1083 510 mei
1099 483 1262 511 velociores
1277 483 1393 511 suerunt
1403 491 1531 512 cursore.
1544 494 1557 510 ι)
1570 485 1724 520 Gregorius
1735 486 1766 520 (c)
1779 485 1799 502 ¹⁶

1026 529 1151 565 qualiter
1167 530 1225 557 vita
1239 537 1291 565 per
1311 531 1470 565 augmenta
1492 530 1592 558 tendat
1612 531 1744 567 quotidie
1759 531 1799 559 ad

1026 575 1126 603 finem.
1144 578 1174 603 Et
1191 577 1210 592 ¹⁷
1228 585 1234 603 :
1254 585 1268 601 ιι
1284 576 1347 603 Dies
1370 576 1427 603 mei
1450 575 1580 604 velocius
1605 577 1797 612 transierunt,

1027 629 1117 656 quam
1137 629 1154 648 a
1183 624 1294 649 texente
1318 621 1375 649 tela
1397 621 1570 656 succiditur,
1586 624 1614 649 et
1633 624 1799 660 consumpti

1026 669 1093 694 sunt
1101 668 1212 703 absque
1222 667 1281 695 ulla
1290 676 1350 703 spe.
1361 667 1418 693 »¹⁸«
1426 669 1530 695 Breves
1539 668 1607 695 anni
1617 670 1796 697 transeunt.»

1027 715 1058 740 Et
1080 713 1164 748 ideo,
1180 713 1210 740 in
1230 714 1286 741 hoc
1312 713 1431 741 modico
1455 716 1604 750 tempore,
1624 715 1800 743 sustinendae

1026 759 1230 786 tribulationes
1253 762 1280 787 et
1304 760 1537 795 persecutiones,
1559 762 1590 787 ut
1614 763 1681 795 post
1704 761 1800 788 modi-

1027 814 1094 833 cum
1118 806 1253 834 videatur
1268 807 1341 833 Deus
1364 806 1395 833 in
1409 805 1513 840 gloria.
1533 807 1553 823 ¹⁹
1571 816 1584 831 ι(
1597 806 1641 834 Ad
1656 809 1799 842 punctum

1027 852 1056 879 in
1084 852 1202 880 modico
1232 852 1375 887 dereliqui
1391 854 1437 886 te,
1459 854 1485 880 et
1506 852 1535 879 in
1564 853 1800 881 miserationibus

1027 899 1143 934 magnis
1167 900 1358 935 congregabo
1373 901 1410 926 te.
1426 909 1439 925 »
1457 900 1478 915 2⁰
1496 910 1509 925 α
1521 899 1549 927 Si
1563 902 1630 935 post
1647 900 1799 928 modicum

1027 945 1110 973 tollat
1132 954 1179 973 me
1204 946 1296 973 factor
1319 954 1411 973 meus.
1430 955 1443 971 »
1456 946 1475 964 2¹
1495 955 1509 971 «
1525 947 1594 973 Ecce
1617 946 1709 981 judex
1732 949 1798 974 ante

1024 992 1147 1026 J'anuam
1166 992 1280 1019 assistit.
1304 1003 1316 1017 >1
1335 993 1364 1019 In
1385 992 1438 1019 isto
1461 992 1580 1020 modico
1593 992 1662 1027 justi
1682 992 1800 1028 plorant

1026 1038 1074 1065 hic
1101 1040 1220 1073 peccata
1253 1046 1306 1065 sua
1340 1040 1368 1065 et
1399 1038 1543 1072 aliorum,
1566 1038 1738 1074 plangentes
1759 1038 1798 1066 ob

1027 1083 1189 1111 incolatum
1223 1084 1311 1119 hujus
1336 1084 1469 1112 miseriae.
1492 1083 1514 1101 ²²
1536 1094 1549 1109 (ι
1574 1085 1650 1111 Beati
1674 1084 1726 1120 qui
1749 1084 1799 1111 lu-

1027 1132 1106 1164 gent.
1120 1140 1132 1156 »
1152 1130 1208 1158 Sed
1223 1131 1338 1157 mundus
1352 1130 1481 1164 gaudebit
1492 1130 1523 1157 in
1537 1129 1713 1158 vanitatibus
1727 1130 1798 1164 suis,

1028 1178 1056 1203 et
1080 1176 1279 1211 voluptatibus
1292 1197 1300 1210 ,
1325 1178 1352 1203 et
1377 1176 1593 1211 cupiditatibus.
1611 1176 1634 1192 ²³
1649 1185 1663 1201 ει
1677 1176 1732 1203 Cor
1753 1183 1798 1203 sa-

1027 1223 1159 1257 pientum
1181 1223 1233 1250 ubi
1257 1222 1386 1257 tristitia;
1403 1230 1454 1249 cor
1474 1222 1631 1249 stultorum
1654 1221 1706 1249 ubi
1728 1221 1798 1249 laeti-

1027 1269 1076 1296 tia.
1093 1279 1106 1294 »
1124 1268 1144 1284 ‘³²
1162 1270 1232 1296 «Vae
1251 1268 1337 1296 vobis
1349 1290 1358 1301 ,
1381 1268 1432 1304 qui
1454 1275 1532 1295 nunc
1555 1267 1665 1295 ridetis.
1683 1277 1696 1293 »
1714 1269 1747 1294 Et
1762 1266 1799 1294 de

1028 1315 1084 1343 hoc
1098 1315 1128 1342 in
1144 1315 1305 1342 Collatione
1318 1314 1499 1350 praedieabili
1510 1313 1541 1341 ²⁵.

1064 1361 1149 1394 Quod
1163 1369 1234 1388 vero
1250 1361 1382 1396 sequitur
1399 1369 1405 1387 τ
1421 1361 1521 1387 Mulier
1535 1368 1593 1386 cum
1605 1360 1699 1394 parit,
1712 1360 1802 1386 tristi-

1030 1409 1096 1434 tiam
1112 1408 1201 1441 habet,
1219 1409 1284 1441 etc.,
1296 1406 1459 1434 secundum
1476 1406 1670 1441 Augustinum
1686 1404 1707 1422 ²⁶
1720 1415 1733 1431 α
1749 1406 1801 1432 Ec-

1029 1454 1117 1481 clesia
1131 1453 1257 1480 fructum
1272 1453 1384 1480 laboris
1401 1460 1477 1479 nunc
1491 1452 1615 1488 parturit
1629 1451 1799 1479 desideran-

1030 1500 1085 1534 do,
1105 1507 1183 1526 nunc
1206 1501 1247 1526 est
1268 1499 1397 1535 paritura
1419 1499 1577 1526 cernendo.
1594 1500 1626 1526 Et
1639 1498 1708 1526 ideo
1723 1505 1800 1525 mas-

1029 1546 1150 1580 culum,
1175 1545 1317 1581 quoniam
1343 1545 1381 1572 ad
1410 1547 1515 1572 statum
1545 1544 1800 1580 contemplationis

1030 1594 1133 1619 cuneta
1160 1591 1322 1619 referuntur
1349 1590 1446 1618 officia
1475 1590 1605 1618 actionis.
1626 1601 1639 1616 »
1657 1592 1720 1618 Ilaec
1739 1590 1799 1618 illc.

1030 1640 1082 1665 Per
1106 1637 1260 1664 mulierem
1289 1644 1360 1672 ergo
1380 1636 1507 1663 Ecclesia
1534 1636 1646 1664 ratione
1662 1636 1802 1664 obedien-

1031 1683 1106 1711 tialis
1128 1683 1319 1718 subjectionis
1339 1682 1395 1709 sub
1410 1682 1535 1716 Christo,
1552 1682 1603 1718 qui
1622 1685 1664 1710 est
1681 1683 1726 1710 vir
1739 1683 1801 1718 ejus

1030 1730 1143 1757 ratione
1167 1729 1287 1756 fervidae
1307 1728 1470 1755 dilectionis
1483 1749 1492 1762 ,
1515 1730 1542 1755 ct
1556 1728 1668 1756 ratione
1691 1728 1801 1756 sedulae

1032 1775 1210 1811 operationis
1220 1797 1228 1808 ,
1243 1775 1354 1802 ratione
1369 1774 1424 1809 pice
1443 1774 1670 1810 compassionis,
1683 1776 1712 1802 et
1725 1774 1802 1802 salu-

1031 1822 1092 1848 bris
1117 1821 1282 1848 nutritionis
1308 1821 1502 1848 infirmorum.
1529 1820 1604 1847 Talis
1628 1822 1670 1848 est
1697 1820 1802 1848 mulier

1032 1867 1202 1895 naturaliter
1216 1866 1234 1882 ²⁷
1249 1876 1261 1892 u
1279 1875 1285 1893 :
1297 1866 1422 1894 Mulieris
1433 1866 1517 1893 bonae
1531 1866 1635 1894 beatus
1649 1866 1703 1900 vir,
1719 1876 1733 1891 i>
1747 1868 1801 1894 etc.

1033 1916 1064 1941 Et
1077 1914 1138 1940 haec
1153 1913 1275 1948 parturit
1287 1912 1421 1940 divinum
1436 1913 1562 1940 verbum
1577 1912 1608 1939 in
1622 1912 1758 1945 matrice,
1770 1912 1802 1940 id

1033 1962 1091 1994 est,
1106 1960 1136 1986 iu
1158 1959 1316 1993 memoria,
1335 1958 1522 1994 suscipiendo
1542 1960 1569 1985 et
1584 1958 1737 1986 retinendo
1754 1967 1760 1984 :
1776 1959 1804 1985 et

1034 2014 1094 2041 quo
1113 2006 1227 2033 bonum
1248 2004 1433 2039 organizatur
1457 2003 1627 2031 meditando
1642 2004 1693 2039 (d),
1709 2003 1804 2031 vivifi-

1034 2055 1114 2079 catur
1133 2051 1342 2079 consentiendo
1353 2071 1362 2084 ,
1377 2051 1406 2077 et
1419 2050 1578 2085 parturitur
1590 2049 1742 2085 operando
1755 2049 1777 2066 ²⁸
1794 2058 1800 2076 :

1036 2108 1050 2124 «
1068 2098 1275 2133 Concepimus‚
1291 2099 1319 2124 et
1336 2096 1556 2132 parturivimus.
1580 2105 1594 2121 »
1614 2097 1646 2123 Et
1659 2103 1712 2131 per
1725 2103 1804 2123 mas-

1035 2144 1149 2178 culum,
1164 2151 1239 2179 opus
1259 2143 1434 2178 perfectum,
1452 2144 1479 2168 et
1492 2141 1644 2175 validum,
1664 2143 1691 2168 et
1712 2141 1803 2168 haere-

1034 2190 1173 2218 ditarium
1194 2189 1276 2224 regni
1298 2187 1413 2221 aeterni,
1429 2186 1516 2222 quale
1536 2194 1611 2222 opus
1630 2186 1726 2214 studet
1739 2187 1802 2214 dia-

1034 2237 1121 2264 bolus
1136 2236 1278 2263 devorare
1290 2235 1309 2250 '⁴⁹
1323 2243 1349 2261 :a
1362 2235 1451 2261 Draco
1466 2233 1542 2260 stetit
1557 2240 1657 2260 coram
1668 2232 1802 2267 muliere,

1034 2317 1078 2339 lib.
1097 2316 1142 2346 tx,
1157 2322 1179 2338 c.
1194 2320 1249 2344 xvi,
1266 2314 1297 2337 al.
1317 2320 1383 2342 xxx,
1403 2319 1428 2336 n.
1446 2313 1483 2335 46.
1502 2325 1530 2329 —-
1551 2311 1569 2328 ¹⁷
1587 2311 1646 2340 Job,
1668 2318 1716 2341 vn,
1734 2314 1758 2336 6.
1773 2325 1804 2329 -

1037 2353 1054 2367 ¹⁵
1069 2351 1142 2381 thid„
1155 2356 1208 2380 xvi,
1224 2351 1263 2374 23,
1274 2362 1303 2366 —-
1319 2349 1337 2365 ¹⁹
1351 2349 1407 2375 1an
1424 2353 1475 2377 mv,
1488 2349 1511 2370 7.
1527 2360 1557 2364 —
1572 2348 1591 2364 ⁷⁰
1602 2346 1657 2377 Joh,
1672 2353 1752 2376 xxxii,
1763 2348 1801 2370 22.

1034 2399 1064 2403 —
1079 2387 1096 2402 ²¹
1112 2386 1164 2415 Job,
1180 2393 1206 2415 v,
1222 2386 1243 2409 9.
1260 2397 1288 2402 -
1302 2385 1321 2400 ’·“Ξ
1333 2383 1436 2411 ΜιιιιΙι.,
1454 2388 1477 2411 ν,
1492 2384 1514 2406 5.
1530 2395 1559 2400 -
1574 2383 1594 2398 ²³
1610 2382 1700 2408 Eccle.,
1716 2387 1764 2410 vn,
1777 2383 1801 2405 ὅ.

1034 2436 1063 2440 -
1075 2422 1095 2438 ‘³¹’
1112 2423 1177 2450 Luta,
1195 2426 1230 2451 vt,
1245 2421 1284 2444 25.
1300 2432 1329 2436 -
1344 2419 1364 2434 ²⁵
1378 2418 1434 2441 Viti.
1453 2417 1555 2447 Callet„
1570 2424 1626 2441 Lxx.
1641 2429 1672 2434 --
1689 2417 1708 2431 ’Ν
1727 2418 1801 2447 Aug„

1035 2457 1077 2481 ubi
1094 2464 1160 2487 ειη»,
1177 2463 1203 2480 11.
1219 2457 1241 2479 5.
1260 2467 1289 2472 —
1304 2455 1324 2470 ’Π
1341 2453 1429 2483 Ecca),
1446 2458 1523 2481 xxvi,
1541 2455 1562 2476 1.
1578 2464 1607 2469 —
1621 2451 1642 2467 ’Β
1656 2452 1713 2480 lstz.¹
1729 2457 1800 2480 xxvi,

1037 2495 1073 2517 18.
1090 2506 1115 2509 -—
1133 2494 1152 2508 ²⁹
1167 2492 1252 2522 Aper„
1269 2496 1315 2519 xii,
1333 2491 1355 2512 4.

1066 2541 1100 2570 (a)
1122 2540 1191 2564 Edit.
1216 2539 1272 2563 Ven.
1294 2538 1460 2562 moeruerunt.
1475 2548 1504 2552 -
1526 2535 1558 2564 (b)
1583 2534 1653 2564 I'ulq.
1670 2534 1802 2558 sutiuueri-

1033 2583 1099 2600 mus.
1120 2589 1151 2593 -—
1171 2575 1201 2605 (c)
1223 2573 1311 2605 Suppl.
1337 2571 1452 2596 ostendit.
1480 2583 1505 2586 —
1528 2569 1565 2599 td)
1588 2570 1647 2593 t'aet.
1667 2569 1726 2592 edet.
1752 2576 1803 2594 me-

1034 2612 1134 2635 diaudO.
