1987 3032
206 208 264 237 552
713 200 977 233 COLLATIONES
1000 199 1292 232 PRAEDlCABlLES

208 274 235 300 et
249 271 353 299 ardere
367 271 536 307 perfeetum.
547 280 560 296 n
575 273 606 298 Et
621 270 661 297 ibi
676 269 751 296 bene
767 268 803 295 de
818 267 884 295 hoc.
896 266 977 294 Unde

208 319 256 352 ait,
273 317 356 353 quod
374 316 450 345 «fuit
461 317 566 345 ardens
581 317 609 344 in
625 316 720 351 seipso
738 314 900 342 vehementi
914 321 978 340 aus-

208 364 318 392 teritate
341 363 589 395 conversationis,
617 370 686 395 erga
705 360 848 388 Christum
875 359 977 386 intimo

208 410 320 438 fervore
341 410 520 443 devotionis,
550 416 619 443 erga
640 409 794 443 peccantes
818 405 978 433 constantia

208 456 308 484 liberae
316 456 552 491 increpationis‚»
566 457 596 482 ut
609 454 648 481 ibi
664 452 867 488 exemplificat.
882 454 911 479 Iit
925 451 978 478 isto

209 503 315 530 ardore
334 502 388 529 suit
402 502 512 529 lucens.
530 501 591 528 Fuit
610 501 688 528 enim
707 502 710 514 '⁸
726 500 791 535 plus
807 506 897 534 quam
913 506 979 534 pro-

209 549 306 584 pheta.
324 550 355 575 Et
370 548 405 574 de
421 548 474 575 ista
489 548 608 575 lucerna
623 549 649 574 ²:
670 549 780 573 «Nemo
792 545 874 581 ponit
889 545 978 572 lucer—

209 601 278 620 nam
300 594 354 620 sub
379 593 496 627 modio,
521 592 572 619 scd
594 600 681 628 super
700 591 927 623 candelabrum,
950 592 980 617 ut

209 640 304 666 luceat
320 638 457 666 omnibus
478 639 528 674 qui
546 639 574 665 in
591 638 681 665 domo
698 639 795 671 sunt,»
813 637 842 664 id
856 638 912 671 est,
929 636 979 672 qui

210 687 240 714 in
255 686 389 714 Ecclesia.
403 686 483 713 Unde
494 686 603 721 deipso
621 684 746 712 Ecclesia
759 685 854 711 cantat
868 683 943 711 illud
953 684 978 710 ³:

214 732 310 760 «Dedi
330 735 357 760 te
382 732 411 759 in
430 732 525 759 lucem
547 732 710 767 gentium.»
739 731 787 758 Hic
813 730 891 757 enim
911 731 952 756 est
972 731 980 746 ⁵

213 779 350 815 «lampas
371 781 536 815 contempta
551 779 587 813 (a)
605 777 684 813 apud
701 777 890 812 cogitationes
909 775 982 803 divi-

211 828 281 852 tum.
291 835 304 851 n
322 825 366 852 Ad
380 825 466 860 hujus
481 825 690 858 imitationem,
712 824 846 851 doctores
865 824 892 850 et
911 830 982 858 prae-

211 871 356 900 dicatores
378 871 486 899 debent
507 880 568 899 esse
593 871 718 898 lucernae
738 870 872 898 ardentes
894 872 920 897 et
940 870 981 897 lu-

211 920 318 946 centes.
333 919 365 945 Ut
379 918 457 946 enim
474 918 514 945 ait
528 917 704 953 Augustinus
719 917 746 943 ³:
767 918 819 943 «Et
832 916 981 951 prophetie

212 967 239 993 et
258 964 383 1000 apostoli
396 965 523 992 lucernae
533 965 659 992 fuerunt.
671 974 684 989 n
700 964 779 991 Unde
791 963 861 990 etde
876 963 982 990 sanctis

211 1011 390 1039 animalibus
410 1011 515 1038 dicitur
528 1012 538 1028 ⁶
557 1020 563 1038 :
589 1021 601 1036 (t
616 1013 753 1046 Aspectus
776 1018 878 1037 eorum
899 1009 982 1044 quasi

212 1059 345 1093 aspectus
367 1057 531 1085 carbonum
548 1057 624 1092 ignis
647 1056 831 1089 ardentium,
851 1058 877 1083 et
899 1056 982 1091 quasi

213 1106 347 1139 aspectus
366 1103 605 1139 lampadarum.»
623 1103 708 1136 Quod
724 1102 843 1138 exponit
857 1102 898 1129 ibi
915 1104 982 1129 Gre-

213 1150 312 1184 gorius
326 1151 335 1167 ⁷
355 1150 392 1177 de
409 1149 588 1177 doctoribus.
606 1151 637 1177 Et
660 1150 802 1184 quoniam
821 1148 897 1176 istud
921 1156 983 1176 vcr-

212 1195 285 1224 bum
313 1196 366 1223 fuit
394 1196 572 1224 verificatum
606 1196 634 1223 in
663 1199 762 1223 sancto
792 1195 917 1222 Antonio
946 1194 982 1221 de

213 1242 317 1270 ordine
336 1242 458 1270 fratrum
480 1243 623 1270 Minorum
635 1263 642 1275 ,
659 1245 689 1269 ut
703 1242 741 1269 ait
760 1243 982 1276 commentator,

214 1289 322 1316 scilicet
334 1289 448 1323 Abhas,
465 1289 532 1317 ideo
556 1288 609 1316 sibi
625 1289 716 1323 possit
735 1288 868 1324 adaptari
881 1296 983 1315 conve·

214 1335 336 1362 nienter.
350 1335 460 1362 Etenim
474 1335 589 1362 fervore
605 1334 723 1368 amoris,
738 1337 765 1361 et
775 1334 881 1361 ardore
894 1334 984 1361 devo-

213 1381 300 1408 tionis
311 1402 317 1414 ,
336 1383 363 1408 et
380 1381 558 1408 sublimitate
582 1381 837 1416 contemplationis
854 1380 915 1416 ipse
932 1379 984 1407 suit

214 1427 388 1461 illustratus,
405 1430 432 1455 et
446 1427 627 1455 illuminatus
646 1427 674 1454 in
690 1427 795 1455 divinis
810 1427 941 1458 theoriis,
958 1430 985 1454 et

213 1474 327 1501 arcanis
342 1474 555 1509 scripturarum
569 1473 729 1509 mysteriis,
744 1476 830 1508 prout
845 1473 884 1500 ait
897 1474 983 1500 Com-

214 1520 358 1545 mentator
369 1518 490 1546 ibidem.
505 1520 536 1546 Et
547 1518 587 1545 sic
600 1518 651 1545 tuit
665 1518 764 1545 lucens
779 1517 852 1544 aliis.
867 1519 903 1544 Dc
919 1518 983 1552 ipso

214 1564 380 1591 verificatur
394 1565 468 1592 illud
480 1565 505 1591 ⁸:
525 1564 673 1591 «Surrexit
688 1564 781 1591 Helias
797 1564 881 1599 quasi
898 1564 983 1598 ignis,

214 1613 241 1638 et
251 1611 376 1638 verbum
390 1611 468 1638 illius
482 1611 565 1646 quasi
577 1611 672 1638 facula
684 1610 814 1637 ardebat.
826 1620 838 1635 >1

403 1715 514 1742 Collatia
533 1715 690 1748 trz'yesima,
713 1722 750 1748 vr,
771 1715 796 1741 9.

250 1801 298 1826 Est
318 1799 360 1825 hz'c
379 1806 446 1832 puer
470 1807 554 1832 unus,
580 1800 626 1832 (fui
654 1799 731 1825 habet
760 1800 876 1833 quinque
903 1806 984 1833 panes

215 1846 382 1878 hordeaceos,
400 1847 425 1872 ec
441 1845 506 1872 duos
521 1846 614 1879 pisces.
631 1845 785 1880 Supposita
803 1845 984 1879 expositione

214 1891 291 1919 beati
312 1891 482 1926 Augustini,
504 1899 569 1926 quin
594 1893 672 1926 patet
696 1891 727 1917 in
749 1890 872 1924 Glossis,
892 1899 983 1926 expo-

214 1937 312 1965 nendo
326 1937 387 1964 haec
402 1937 493 1964 verba
509 1937 545 1964 de
561 1937 695 1970 doctore,
712 1937 765 1964 tria
779 1937 964 1964 insinuantur
977 1946 982 1964 :

214 1991 342 2020 quorum
356 1984 485 2019 primum
501 1987 544 2011 est
557 1983 685 2010 doctoris
701 1991 858 2011 numerosa
876 1984 984 2010 virtuo-

214 2030 293 2064 sitas,
309 2030 350 2057 ibi
366 2039 372 2057 :
389 2031 460 2057 Puer
476 2037 561 2063 unus;
578 2029 740 2056 secundum
761 2032 803 2056 est
823 2029 985 2056 documen-

215 2079 309 2103 torum
333 2075 484 2111 Scripturae
507 2075 603 2102 solida
626 2075 749 2109 veritas,
772 2075 836 2102 ibi:
863 2077 985 2109 Quinque

214 2130 310 2156 panes3
331 2122 447 2150 tertium
464 2124 505 2149 est
523 2121 742 2157 adimpletionis
763 2121 902 2149 doctrinae
919 2129 984 2157 per-

215 2168 387 2201 sectibilitas,
399 2168 440 2195 ibi
457 2177 464 2195 ε
482 2169 576 2195 Habet.

251 2214 295 2241 Ait
309 2222 380 2249 ergo
397 2223 403 2241 :
420 2215 491 2241 Puer
505 2222 584 2247 unus,
596 2213 692 2249 qualis
705 2214 793 2240 (lebet
807 2221 869 2241 esse
886 2214 986 2241 doctor

217 2260 374 2295 spiritualis
390 2269 396 2287 ε
414 2268 488 2295 puer
507 2260 585 2287 enim
605 2262 647 2286 est
672 2259 801 2286 mundus
824 2260 983 2287 sanctitate.

218 2307 297 2333 Unde
310 2306 414 2334 dicitur
429 2314 446 2333 a
459 2308 595 2341 puritate,
612 2306 650 2333 ait
667 2305 793 2333 Isidorus
807 2306 825 2332 ⁹.
851 2307 882 2332 Et
900 2308 931 2333 ut
947 2306 986 2333 ait

251 2391 258 2405 ¹
277 2390 376 2420 Mami„
393 2395 427 2418 xr,
445 2392 467 2413 9.
483 2403 513 2406 —
528 2390 536 2403 ²
551 2390 617 2418 Luc„
635 2395 670 2419 xi,
686 2392 723 2412 2532.
738 2402 767 2406 —
782 2390 791 2405 ³
805 2390 945 2418 lsa.‚x1.1x,
963 2390 985 2412 G.

219 2438 249 2442 —
263 2424 338 2452 ΜΙΟΙ),
358 2431 409 2454 ΧΗ,
463 2438 493 2442 --
510 2426 519 2441 ⁵
535 2426 608 2455 Aug„
630 2425 671 2447 ubi
690 2431 745 2454 sup.
768 2431 851 2455 prom,
872 2432 896 2447 n.
918 2427 940 2447 3.
959 2437 983 2440 -

221 2461 229 2473 ⁸
244 2459 342 2486 Ezech„
358 2466 381 2488 1,
397 2461 434 2483 13.
450 2473 479 2477 --
496 2459 503 2475 7
520 2462 605 2489 (ἔπῃ,
622 2460 646 2482 in
663 2459 760 2487 Ezech„
777 2459 820 2482 lib.
838 2461 855 2489 I,
871 2460 940 2483 honi.
962 2465 985 2487 v,

221 2502 246 2518 n.
272 2498 294 2517 υ.
316 2507 347 2512 -
366 2494 377 2510 ⁸
402 2494 490 2523 Ecclz'„
514 2501 609 2522 xuni,
639 2497 658 2518 t.
685 2508 715 2512 —
736 2495 746 2510 ⁰
773 2494 840 2522 isich,
866 2494 986 2525 Elymas„

220 2530 263 2554 lit».
283 2531 329 2559 XI,
350 2537 372 2553 c.
392 2535 419 2553 11.
440 2543 469 2547 -
488 2531 508 2546 ¹⁰
526 2530 664 2561 Clirysost.,
685 2531 709 2553 ιἰι
729 2530 829 2560 ΔἲΙιιίΙΙι.,
846 2530 915 2553 hom.
934 2536 985 2558 ΗΧ,

222 2565 253 2588 al.
270 2571 347 2593 LVIII,
367 2572 393 2588 n.
410 2568 431 2589 2.
450 2579 475 2582 ——
493 2566 509 2581 ¹¹
527 2565 598 2593 thid..
615 2566 684 2588 hom.
701 2571 773 2593 inu,
792 2565 824 2588 al.
845 2571 905 2594 ini,
922 2572 946 2588 n.
963 2566 985 2588 4.

222 2613 252 2618 ——
274 2602 295 2617 ⁴2
313 2602 389 2631 Hug.,
408 2601 437 2624 (le
457 2601 541 2624 Venit.
563 2600 657 2630 mmzcli,
679 2600 721 2623 lib.
745 2601 774 2629 ΙΙ,
794 2603 850 2630 post
874 2600 940 2624 med.
956 2613 987 2617 —

223 2634 243 2649 ¹³
256 2636 337 2664 duan„
354 2642 406 2667 xxj,
426 2637 447 2659 ij.
462 2649 492 2653 —
512 2635 528 2648 '¹
544 2635 641 2659 Malih..
661 2641 710 2661 xit.
728 2638 761 2658 ts.
778 2649 803 2652 —
821 2636 840 2651 ¹⁵
857 2635 986 2666 1sa.‚xm,

1030 266 1253 302 Chrysostomus
1273 270 1312 295 ¹⁰:
1333 271 1428 297 «Puer
1447 272 1489 298 est
1506 271 1635 299 mundus
1656 273 1694 301 ab
1721 274 1796 302 invi-

1032 312 1080 340 dia
1090 334 1097 346 ,
1114 314 1141 340 et
1155 320 1172 340 a
1187 314 1438 349 concupiscentia,
1451 319 1478 344 et
1493 316 1556 344 aliis
1571 318 1767 353 passionibus.
1782 330 1796 346 ι)

1031 358 1100 386 Item
1110 359 1127 378 ¹¹
1142 368 1167 386 2«
1181 361 1225 386 Est
1237 360 1394 394 subjectus,
1409 362 1538 396 humilis,
1550 364 1692 392 obediens
1703 366 1737 401 (b)
1748 374 1798 402 pa-

1032 405 1161 432 rentibus
1177 405 1351 440 specialiter,
1362 407 1422 435 sive
1437 409 1493 436 sint
1507 409 1620 446 inopes,
1631 411 1691 439 sive
1701 419 1772 447 non,
1783 423 1796 439 n

1033 450 1071 478 ait
1090 451 1322 486 Ctirysostomus.
1346 454 1415 480 Item
1436 462 1509 489 puer
1527 459 1570 483 est
1586 457 1710 492 simplex
1732 465 1798 486 vera

1033 497 1208 524 innocentia.
1229 497 1309 525 Ludo
1330 498 1409 526 enim
1428 500 1553 536 simplici
1568 505 1595 529 et
1606 502 1753 531 innocenti
1769 511 1799 533 se

1033 546 1145 571 exercet
1151 554 1159 578 5
1176 552 1229 571 nec
1244 546 1285 571 est
1299 544 1455 579 sollicitus,
1472 554 1526 574 nec
1547 547 1711 577 inordinate
1730 558 1801 578 con-

1034 589 1172 624 cupiscit,
1187 590 1338 625 loquendo
1361 590 1398 618 de
1418 593 1653 628 concupiscentia
1673 596 1800 631 peccati,

1034 635 1073 663 ait
1085 637 1166 670 Ilugo
1177 636 1206 663 ¹².
1218 636 1291 664 Talis
1301 637 1389 664 debet
1402 645 1463 665 esse
1478 638 1662 674 praedicator,
1674 641 1719 668 vel
1734 641 1802 670 doc-

1034 684 1079 710 tor
1100 682 1296 718 spiritualiter.
1321 683 1401 711 Unde
1423 684 1496 712 int'ra
1517 685 1557 713 ait
1571 686 1703 715 Salvator
1716 688 1803 716 disci-

1034 728 1111 764 pulis
1128 729 1147 746 ¹5
1163 738 1170 756 ε
1190 729 1317 764 «Pueri,
1335 731 1481 766 numquid
1504 731 1733 767 pulmentarium
1754 734 1804 763 ha-

1034 774 1129 802 betis?
1142 785 1154 800 n
1174 777 1201 802 et
1218 775 1234 791 '⁵
1252 784 1258 802 z
1274 786 1286 800 «
1300 777 1370 803 Ecce
1386 785 1460 812 puer
1475 785 1568 812 meuS,
1585 787 1673 814 quem
1686 779 1771 816 elegi.
1788 791 1801 806 n

1036 823 1066 848 Et
1082 821 1102 838 ¹⁵
1118 830 1123 848 :
1144 832 1157 847 ι(
1173 823 1243 849 Ecce
1268 830 1322 857 ego
1343 824 1371 850 et
1391 823 1475 858 pueri
1493 824 1561 852 mei.
1578 835 1592 850 n
1609 827 1641 853 Et
1655 826 1672 842 ¹⁶
1686 835 1692 853 :
1709 836 1723 852 α
1737 827 1804 860 Qui-

1035 875 1161 903 cumque
1172 868 1369 896 humiliaverit
1380 877 1409 897 se
1419 870 1491 898 sicut
1500 871 1641 906 parvulus
1651 872 1713 908 iste,
1722 883 1736 899 r
1748 875 1803 901 etc.

1035 914 1108 942 Talis
1123 914 1211 942 debet
1224 915 1333 943 habere
1349 923 1457 951 panes,
1473 917 1582 945 scilicet
1597 918 1694 946 solida
1715 919 1805 948 docu-

1035 963 1133 988 menta
1148 961 1318 997 scriptume,
1335 969 1401 997 quae
1423 962 1560 990 dicuntur
1580 972 1672 999 panes
1693 965 1805 994 ratione

1035 1006 1264 1035 fundamentalis
1276 1008 1498 1044 principalitatis
1512 1009 1586 1037 inter
1599 1010 1748 1046 alimenta,
1760 1020 1804 1040 ra-

1037 1053 1114 1081 tione
1131 1062 1189 1081 suae
1201 1054 1428 1090 appetibilitati5‚
1440 1057 1467 1082 et
1481 1055 1592 1084 ratione
1607 1056 1734 1085 efficacis
1747 1058 1805 1086 vir-

1037 1100 1104 1128 tutis
1118 1100 1155 1127 ad
1172 1100 1330 1135 alendum,
1346 1103 1374 1129 et
1387 1101 1499 1129 ratione
1515 1110 1574 1130 suae
1589 1103 1718 1131 utilitatis
1733 1113 1741 1132 z
1758 1106 1805 1131 πὰν

1037 1147 1115 1174 enim
1130 1154 1237 1181 graece,
1254 1147 1359 1174 dicitur
1378 1155 1451 1175 omne
1470 1148 1569 1185 latine.
1591 1151 1623 1177 Et
1640 1149 1697 1177 hoc
1719 1150 1803 1186 ideo,

1037 1193 1107 1228 quia
1129 1201 1196 1220 cum
1215 1193 1297 1220 omni
1317 1193 1384 1221 cibo
1403 1194 1536 1229 ponitur,
1556 1195 1604 1223 vel
1625 1196 1696 1231 quia
1716 1204 1804 1225 omne

1037 1239 1147 1266 animal
1161 1248 1230 1266 eum
1244 1240 1369 1275 appetit,
1385 1240 1424 1268 ait
1440 1241 1567 1268 Isidorus
1584 1242 1612 1275 ¹⁷,
1627 1242 1754 1278 loquens
1767 1243 1804 1271 de

1038 1293 1124 1322 pane.
1147 1287 1178 1314 Et
1198 1286 1228 1313 in
1250 1287 1358 1314 caeteris
1375 1286 1447 1314 cibis
1467 1286 1556 1315 vincit
1573 1288 1658 1323 panis
1681 1288 1805 1324 utilitas,

1038 1333 1077 1360 ait
1087 1332 1263 1366 Augustinus
1273 1332 1303 1366 ¹⁸,
1316 1332 1383 1360 ideo
1392 1333 1495 1360 merito
1507 1333 1537 1360 in
1550 1334 1677 1368 panibus
1690 1335 1808 1370 signan-

1039 1381 1084 1406 tur
1106 1378 1203 1406 solida
1218 1378 1397 1406 documenta
1411 1379 1575 1415 Scripturas.
1594 1380 1615 1397 ¹⁹
1634 1390 1647 1406 «
1657 1382 1807 1410 comedite

1039 1433 1147 1461 panem
1171 1433 1280 1452 meum.
1298 1435 1310 1451 »
1342 1427 1374 1452 Et
1388 1426 1408 1441 ²⁰
1426 1434 1431 1452 :
1457 1436 1470 1451 «
1483 1426 1557 1454 Mitte
1584 1434 1692 1462 panem
1720 1436 1807 1464 super

1040 1474 1219 1499 transeuntes
1234 1479 1335 1507 aquas.
1348 1482 1361 1497 ν
1378 1474 1408 1499 Et
1421 1472 1481 1499 haec
1497 1473 1674 1501 documenta
1689 1473 1806 1509 signan-

1039 1520 1085 1545 tur
1100 1518 1231 1553 quinque
1246 1518 1382 1553 panibus,
1395 1519 1465 1553 quia
1481 1519 1661 1553 originaliter
1674 1520 1808 1548 derivan-

1040 1566 1084 1591 tur
1099 1572 1116 1591 a
1127 1565 1219 1591 Veteri
1227 1566 1408 1591 Testameuto
1424 1564 1444 1580 ‘-'¹
1460 1573 1486 1591 ια
1500 1566 1573 1592 Rota
1583 1565 1700 1593 enimin
1709 1566 1806 1594 medio

1039 1613 1121 1637 rotfe.
1144 1620 1157 1635 »
1184 1611 1216 1637 Et
1238 1610 1274 1637 de
1295 1610 1340 1637 his
1360 1610 1390 1637 in
1415 1610 1509 1645 figura
1524 1610 1545 1627 ²⁹·
1560 1620 1566 1638 :
1581 1621 1593 1636 «
1609 1611 1636 1639 Si
1656 1611 1748 1640 habes
1769 1612 1808 1640 ad

1039 1664 1162 1683 manum
1176 1656 1224 1682 vel
1243 1656 1374 1691 quinque
1388 1664 1490 1690 panes.
1505 1667 1518 1683 »
1537 1658 1568 1684 Et
1586 1657 1658 1685 tales
1672 1658 1808 1686 dicuntur

1039 1702 1206 1736 hordeacei,
1221 1702 1290 1737 quia
1308 1712 1321 1728 «
1337 1702 1430 1730 littera
1444 1703 1516 1737 legis
1531 1703 1633 1731 vestita
1646 1706 1688 1731 est
1705 1704 1808 1739 tegmi-

1040 1748 1127 1776 nibus
1142 1748 1305 1776 carnatium
1317 1751 1577 1783 sacramentorum,
1593 1749 1631 1777 ad
1645 1750 1808 1778 medullam

1039 1795 1143 1822 hordei
1158 1795 1207 1822 vix
1222 1795 1400 1830 pervenitur,
1415 1795 1478 1822 »ait
1493 1795 1669 1830 Augustinus
1681 1795 1712 1823 ²⁸.
1732 1797 1806 1824 Dici-

1040 1842 1086 1868 tur
1101 1841 1179 1868 enim
1194 1841 1319 1868 hordeum
1333 1841 1378 1875 (c),
1393 1841 1477 1876 quod
1489 1841 1550 1876 ejus
1561 1841 1756 1877 spicahabeat
1765 1850 1807 1870 or-

1041 1888 1133 1922 dines,
1150 1888 1190 1915 ait
1204 1887 1330 1915 Isidorus
1347 1886 1376 1914 2³.
1395 1889 1426 1914 Et
1446 1887 1509 1914 talis
1523 1888 1608 1922 panis
1623 1890 1665 1915 est
1678 1896 1766 1916 sanus
1781 1891 1808 1917 et

1040 1934 1185 1962 virtuosus
1197 1934 1236 1961 ad
1247 1933 1445 1961 nutriendum.
1458 1934 1538 1961 Unde
1552 1934 1584 1961 in
1597 1934 1694 1970 figura
1702 1935 1723 1952 ²⁵
1737 1936 1809 1963 :uvi-

1041 1981 1166 2008 debatur
1182 1980 1251 2008 mihi
1265 1980 1349 2016 quasi
1366 1980 1403 2015 (cl)
1420 1980 1636 2008 subcinericeus
1645 1981 1739 2016 panis.
1749 1990 1763 2006 ι)
1777 1982 1810 2009 Et

1040 2027 1170 2063 sequitur
1191 2035 1197 2053 :
1223 2026 1390 2054 «Percussit
1413 2026 1487 2053 illud
1511 2029 1598 2061 atque
1622 2027 1771 2054 subvertit.
1793 2036 1806 2053 n

1041 2076 1097 2100 Duo
1117 2075 1217 2108 pisces,
1241 2073 1318 2100 dicta
1338 2072 1542 2108 prophetatum
1565 2074 1592 2100 et
1611 2072 1810 2106 Psalmorum,

1041 2121 1091 2156 qui
1115 2121 1182 2146 sunt
1204 2119 1235 2146 in
1257 2118 1487 2146 condimentum.
1504 2118 1547 2145 Ait
1565 2118 1640 2146 infra
1654 2118 1674 2136 ²⁶
1691 2128 1697 2146 :
1720 2129 1734 2144 «
1747 2120 1810 2147 Non

1041 2167 1177 2195 valebant
1192 2167 1304 2194 trahere
1318 2168 1377 2193 rete
1398 2174 1457 2201 prae
1471 2165 1658 2194 multitudine
1672 2166 1808 2202 piscium,

1042 2213 1143 2248 idest,
1160 2212 1404 2240 multimodorum
1426 2211 1622 2239 intellectuum
1645 2212 1807 2247 Scripturae.

1041 2260 1133 2288 Multis
1156 2259 1252 2287 modis
1274 2258 1337 2286 aliis
1355 2260 1450 2294 potest.
1470 2258 1578 2294 exponi
1599 2258 1762 2291 moraliter,
1778 2259 1810 2285 ut

1042 2342 1070 2363 18
1092 2352 1121 2356 —
1135 2339 1155 2355 ¹⁶
1165 2339 1270 2367 Mutet„
1287 2344 1360 2365 xviii.
1378 2340 1384 2361 ‘i
1407 2351 1435 2354 —
1455 2339 1467 2351 ¹³
1486 2337 1553 2367 Isid„
1569 2337 1688 2368 Elymol„
1699 2337 1742 2361 lib.
1757 2337 1808 2366 XX,

1043 2383 1064 2399 c.
1081 2381 1105 2398 tt.
1121 2387 1151 2391 -—
1169 2376 1187 2390 *ὅ
1203 2376 1317 2403 August.,
1335 2373 1367 2396 ml
1381 2373 1494 2397 Probum.
1510 2373 1582 2403 epist.
1599 2378 1669 2402 cxxi,
1685 2372 1716 2396 ul.
1732 2378 1808 2400 cxxx,

1043 2418 1064 2433 c.
1084 2416 1142 2439 vili,
1160 2416 1185 2432 u.
1206 2413 1242 2432 Iti.
1257 2421 1288 2426 —
1308 2410 1485 2437 ¹⁴·'P1-ov.‚1x,
1501 2410 1523 2432 ἴ).
1541 2421 1569 2424 -
1583 2408 1604 2424 ²⁰
1621 2406 1710 2433 Eccle..
1729 2412 1768 2434 xl,
1786 2408 1807 2429 ¹.

1043 2459 1071 2462 —-
1093 2445 1111 2461 ²¹
1135 2444 1230 2474 Ezech„
1252 2451 1272 2474 1,
1290 2445 1326 2467 ¹16.
1347 2456 1377 2460 —
1399 2443 1418 2458 ’Ἰ
1434 2444 1439 2466 Ι
1458 2443 1523 2473 siey..
1540 2449 1597 2472 xxi,
1613 2444 1635 2466 3.
1650 2454 1680 2459 -
1694 2441 1715 2458 ²³
1735 2442 1808 2471 Aug„

1043 2481 1067 2503 in
1090 2481 1173 2510 Jomz„
1199 2482 1271 2503 tract..
1297 2484 1369 2505 xxrv.
1395 2485 1420 2502 n.
1449 2480 1471 2502 ὅ,
1495 2490 1525 2495 -
1548 2478 1567 2494 ²⁴
1593 2477 1661 2506 isid„
1687 2475 1808 2506 Etymol.,

1042 2514 1084 2538 lib.
1106 2515 1189 2542 xvii,
1211 2522 1233 2538 c.
1255 2520 1290 2538 III.
1306 2527 1336 2531 —
1356 2514 1377 2530 ²⁵
1395 2513 1486 2542 Judic„
1511 2519 1560 2542 vn,
1584 2514 1618 2536 13.
1637 2524 1666 2529 -
1684 2511 1705 2527 ἱ·
1726 2510 1809 2538 dorm..

1042 2555 1097 2580 xxi,
1112 2552 1134 2574 6.

1076 2599 1108 2628 (α)
1127 2599 1186 2622 Caee.
1207 2598 1267 2622 edit.
1285 2599 1412 2622 contenta.
1429 2609 1459 2614 —
1481 2596 1514 2627 (b)
1535 2596 1594 2619 Item
1612 2594 1757 2619 obedientia
1780 2607 1811 2612 —

1045 2634 1074 2664 (c)
1091 2634 1128 2658 Al.
1144 2634 1252 2658 ordeum.
1270 2647 1295 2651 —--
1313 2634 1347 2664 (d)
1364 2633 1424 2656 Caee.
1439 2632 1497 2656 edit.
1513 2631 1564 2662 qui.
