1987 3032
71 2005 102 2028 Qu
107 2006 168 2023 atuor

96 2034 148 2059 figu-

85 2066 160 2085 rantur

71 2096 92 2115 111
103 2097 165 2116 Petro
170 2110 175 2116 .

780 175 986 207 EXPOSITIO
1010 175 1049 206 IN
1071 176 1157 207 CAP.
1179 176 1202 208 1.

197 245 247 273 tati
273 244 454 279 adoptatum.
479 243 549 269 ltem
572 243 710 277 quaeritur
738 249 830 278 quare
856 249 967 270 nomen

199 291 273 318 Petri
286 290 339 317 suit
357 291 514 322 mutatum,
529 290 557 315 et
576 288 618 315 sic
639 289 871 317 solemnizatum.
895 290 966 316 Item

198 344 235 364 ex
250 344 309 372 quo
325 336 380 362 ista
393 334 513 361 nomina
528 335 610 361 erant
622 334 799 362 insinuativa
811 335 965 369 virtutum,

197 390 288 418 quare
307 389 368 408 non
392 379 508 407 fuerunt
530 380 668 415 imposita
692 382 775 408 Petro
800 381 838 408 ab
858 380 939 407 initio
955 401 964 415 ,

197 428 269 456 sicut
295 426 399 454 Joanni
426 428 435 443 ¹
462 434 550 461 supra
567 447 575 461 ,
604 427 701 461 primo
728 426 867 462 capitulo.
895 428 965 454 Item

197 481 286 510 quare
300 481 378 500 nunc
392 480 453 499 non
467 473 618 500 imitantur
632 473 752 500 nomina
772 473 966 500 communiter

195 520 226 547 in
240 519 430 546 conversione
443 518 478 555 (α)
489 519 527 547 ad
543 519 702 553 Christum,
715 519 772 546 sive
788 519 818 546 in
833 527 965 555 assump-

194 566 273 593 tione
289 565 479 600 dignitatum,
495 567 527 593 ut
542 565 595 592 fuit
616 567 685 592 tunc
709 565 745 592 de
761 567 862 600 Petro,
878 567 905 592 et
929 565 964 592 de

194 611 262 639 filiis
274 611 421 646 Zebedaei,
439 612 489 647 qui
504 611 623 638 fuerunt
637 611 733 638 vocati
744 612 753 627 2
768 613 821 645 filii
837 613 963 638 tonitrui.

194 659 227 685 Et
238 658 278 685 ad
292 658 371 685 istud
384 657 542 693 respondet
556 657 795 693 chrysostomus,
810 657 862 684 ubi
876 665 965 692 supra

193 704 285 737 bene,
301 704 384 740 quod
403 706 469 739 post
484 704 735 739 nuncupationem
756 711 772 730 a
795 704 963 738 progenito-

193 750 289 784 ribus,
306 750 488 777 consuetudo
503 749 557 776 fuit
571 750 698 784 antiquis
709 757 726 776 a
740 749 828 776 rebus
842 749 965 777 nomina

192 804 320 831 ponere,
335 795 408 822 sicut
427 795 480 822 fuit
504 795 540 822 de
563 795 710 823 Abraham
732 797 758 822 et
778 796 862 829 Sara,
878 797 905 822 et
924 795 965 822 sic

193 842 231 868 de
254 841 333 875 aliis,
357 843 385 868 et
404 841 461 868 hoc
475 862 484 875 ,
508 843 628 876 propter
652 841 965 869 commemorationem

193 889 405 916 beneficiorum
432 889 536 923 Dei‚et
561 888 668 924 quibus
696 897 732 915 ex
761 889 857 924 prima
883 890 964 916 aetate

193 935 284 962 virtus
298 935 491 968 clarescebat,
510 934 591 961 illinc
614 934 736 961 nomina
755 937 963 970 susceperunt,

192 984 225 1009 ut
239 981 292 1008 fuit
305 981 341 1008 de
356 983 486 1015 Joanne3
501 981 610 1016 quibus
631 982 728 1007 autem
749 981 841 1008 virtus
862 983 964 1016 postea

194 1027 322 1054 debebat
334 1028 452 1062 augeri,
467 1029 569 1063 postea
583 1028 763 1063 nuncupatio
779 1028 874 1063 posita
892 1028 961 1062 fuit,

193 1072 266 1098 sieut
286 1072 333 1099 hic
348 1072 401 1099 suit
413 1073 522 1100 factum
538 1073 574 1099 de
590 1074 690 1107 Pctrof:
708 1075 735 1100 et
756 1073 796 1100 sic
810 1073 963 1108 responsio

192 1117 231 1144 ad
254 1117 313 1144 duo
335 1118 431 1153 prima
455 1121 542 1154 patet.
566 1120 610 1146 Ad
631 1120 713 1147 aliud
734 1120 892 1156 respondet
907 1120 963 1147 ibi—

193 1163 261 1190 dem
285 1165 295 1180 3
311 1184 321 1197 ,
342 1165 424 1199 quod
442 1174 454 1189 «
478 1173 556 1192 nune
576 1173 668 1192 unum
692 1174 801 1193 nomen
820 1166 963 1193 habemus

192 1218 308 1244 omnes,
324 1211 406 1246 quod
421 1213 463 1238 est
478 1212 573 1246 majus
588 1212 740 1246 omnibus,
754 1212 862 1239 scilicet
877 1213 962 1247 quod

191 1256 300 1284 fuimus
315 1258 475 1292 nuncupati
491 1259 650 1292 Christiani,
663 1260 689 1285 et
699 1258 753 1292 file'z'
764 1260 822 1292 Det,
832 1260 858 1285 et
871 1260 961 1292 amici,

192 1302 274 1337 quod
295 1310 405 1330 nomen
430 1305 472 1330 est
489 1304 636 1330 sufficiens
654 1304 808 1337 suscitare,
825 1306 853 1330 et
867 1304 962 1331 facere

191 1356 246 1375 nos
259 1348 451 1376 animosiores
465 1349 504 1376 ad
517 1349 629 1376 virtutis
642 1349 851 1384 operationem.
866 1360 880 1375 n
899 1350 962 1376 Haec

193 1394 251 1422 ille.
274 1396 311 1421 De
334 1395 379 1421 his
403 1398 499 1422 autem
524 1395 693 1423 nominibus
710 1397 737 1422 et
757 1403 859 1422 eorum
874 1395 962 1423 inter-

191 1440 404 1476 pretationibus
431 1441 562 1474 Magister
590 1441 620 1468 in
648 1443 780 1468 Historiis
813 1442 897 1469 bene.
924 1443 961 1469 De

191 1488 322 1522 tempore
343 1494 414 1513 vero
433 1487 594 1514 vocationis
619 1487 851 1522 discipulorum,
873 1490 900 1515 et
925 1488 961 1515 de

191 1532 309 1566 ordine,
332 1532 463 1560 similiter
485 1533 617 1567 Magister
640 1533 670 1559 in
691 1534 830 1561 Historiis.
855 1534 888 1560 Et
905 1536 961 1561 Au-

191 1578 362 1613 gust’musb,
378 1578 429 1605 ubi
450 1579 508 1612 ait,
532 1579 658 1614 loquens
680 1579 716 1606 de
740 1579 795 1607 ista
806 1580 960 1608 vocatione

191 1624 264 1651 Petri
295 1626 322 1652 et
344 1625 466 1652 Andreae
491 1626 518 1652 et
540 1624 689 1660 Philippi,
711 1627 739 1652 et
759 1626 960 1659 concludens,

191 1670 273 1705 quod
285 1679 299 1695 «
311 1670 536 1705 intelligendum
554 1672 595 1698 est
614 1679 673 1698 non
691 1672 731 1698 sic
746 1679 795 1699 eos
804 1672 961 1700 Dominum

189 1716 317 1751 vidisse,
332 1719 363 1743 ut
379 1716 405 1743 ei
424 1717 488 1751 jam
506 1717 739 1752 inseparabiliter
763 1718 959 1753 cohaererent,

189 1762 242 1789 sed
266 1764 379 1790 tantum
401 1763 573 1797 cognovisse
589 1783 598 1796 ,
622 1762 688 1798 quis
709 1765 810 1797 esset,
833 1772 960 1799 eumque

189 1811 309 1838 miratos
324 1811 362 1838 ad
377 1811 498 1845 propria
508 1818 664 1838 remeasse.
681 1821 694 1836 »
709 1812 772 1838 Haec
787 1811 847 1839 ille.
862 1812 960 1839 Caeteri

190 1859 287 1884 autem
302 1856 491 1890 Evangelistae
506 1859 624 1884 narrant
637 1857 673 1883 de
688 1858 841 1884 vocatione
857 1865 960 1885 eorum

190 1902 229 1929 ad
260 1902 444 1937 sequendum
472 1902 628 1929 Dominum
655 1903 898 1938 inseparabiliter.
928 1906 960 1931 Et

191 1948 274 1983 quod
292 1950 371 1983 patet
397 1956 432 1975 ex
453 1948 623 1975 nominibus
638 1949 709 1982 istis,
727 1950 809 1985 quod
833 1952 960 1985 quatuor

190 1994 353 2029 figurantur
369 1994 398 2021 in
412 1996 493 2022 Petro
504 2015 513 2029 ,
529 2003 656 2030 quorum
680 1995 808 2030 primum
829 1998 871 2023 est
885 1996 958 2023 obe-

191 2040 306 2067 dientiae
320 2040 469 2067 humilitas
485 2040 545 2067 sive
560 2041 778 2076 promptitudo,
798 2042 839 2069 ibi
856 2051 862 2069 :
881 2043 920 2069 Tu
934 2050 959 2070 es

189 2086 280 2114 Simon
294 2107 302 2119 ‚
323 2086 406 2122 quod
431 2086 635 2122 interpretatur
656 2086 798 2114 obediens
814 2089 823 2104 ⁵
835 2098 843 2122 3
859 2096 959 2115 secun-

190 2132 263 2159 dum
293 2133 334 2159 est
363 2132 460 2166 gratiae
486 2132 680 2159 numerositas
705 2133 763 2160 sive
787 2133 957 2168 plenitudo,

189 2178 230 2206 ibi
248 2187 254 2205 :
271 2179 358 2205 Filius
381 2179 498 2210 Joanna,
521 2178 603 2213 quod
622 2179 826 2214 interpretatur
846 2179 958 2207 colum-

188 2224 229 2252 ba
262 2233 270 2258 3
284 2223 401 2251 tertium
420 2225 462 2251 est
481 2224 569 2251 officii
585 2225 711 2259 dignitas
727 2225 786 2253 sive
800 2225 956 2260 celsitudo,

189 2270 229 2297 ibi
247 2278 253 2296 :
272 2272 312 2296 Tu
325 2270 459 2297 vocaberis
474 2271 588 2305 Cophes,
609 2271 691 2306 quod
715 2272 794 2299 idem
817 2274 858 2299 est
876 2272 958 2307 quod

190 2317 320 2352 caput⁷3
341 2318 479 2351 quartum
500 2318 542 2344 est
562 2317 759 2352 intelligentiae
779 2317 957 2353 limpiditas,

223 2411 230 2425 ¹
246 2410 312 2440 Luc„
327 2416 344 2440 1,
362 2413 400 2433 122.
416 2423 444 2427 —
460 2412 469 2425 '²
482 2411 569 2440 Marc„
586 2418 623 2441 ιιι,
642 2414 677 2435 Π.
693 2425 722 2430 -
737 2413 746 2429 ³
761 2413 901 2443 Chrysost„
915 2415 958 2438 ubi

191 2452 257 2475 sup„
273 2452 289 2468 n
313 2447 335 2468 3.
350 2458 381 2462 -
396 2446 405 2460 '⁴
418 2447 492 2475 Aug„
507 2446 535 2468 tlt?
547 2446 618 2470 Cone.
634 2448 740 2477 Emmy„
754 2448 797 2471 lib.
814 2450 844 2478 11,
858 2456 880 2472 e.
894 2455 956 2479 xvii,

191 2487 215 2503 n.
234 2481 273 2503 37.
293 2493 323 2498 —
344 2481 352 2494 ¹⁵
370 2481 450 2510 νῶΐ),
477 2481 577 2504 Audivit
596 2489 640 2505 seu
665 2482 826 2506 obedivit.—
854 2486 862 2498 ³
884 2484 956 2513 mv,

191 2514 322 2538 Columba.
338 2527 365 2531 —
382 2516 389 2529 ἲ
406 2515 490 2543 RD'D,
504 2518 588 2545 μευ-,ιη
601 2518 703 2546 mal-h,
716 2518 804 2547 Caput.
818 2531 848 2536 —
862 2519 872 2534 Β
883 2520 955 2548 nnn,

193 2560 372 2597 interpretatus
387 2564 433 2585 cst.
446 2574 476 2580 —
490 2564 498 2575 ²
514 2547 582 2590 07⁸7ae
603 2563 739 2591 [iamavit.
767 2571 811 2587 seu
834 2566 957 2595 Depona-

192 2596 234 2618 vit.
250 2607 278 2612 —
299 2597 319 2612 ¹⁰
333 2597 434 2626 Mutila„
455 2603 489 2627 IV,
511 2602 518 2620 ι
533 2605 540 2627 3
556 2598 643 2626 Marc„
662 2604 681 2627 ι1
699 2601 740 2628 ’123
757 2598 822 2629 Luc„
839 2606 873 2630 ιν,
889 2603 911 2624 1.
927 2614 956 2618 -—-

1731 183 1789 211 279

1020 242 1081 270 sive
1097 243 1255 276 claritudo,
1272 243 1355 279 quod
1368 244 1501 278 signatur
1514 244 1545 271 in
1559 252 1610 279 eo,
1628 246 1710 281 quod
1724 246 1764 274 ait
1780 256 1787 274 :

1020 291 1132 324 Petrus,
1147 290 1198 325 qui
1217 289 1422 325 interpretatur
1437 297 1600 324 agnoscens
1615 291 1635 318 ⁸.
1652 293 1714 319 Haec
1728 293 1788 320 fue-

1020 338 1085 363 runt
1096 336 1127 362 in
1137 337 1230 370 Petro,
1242 338 1269 363 et
1279 336 1387 363 debent
1399 344 1461 363 esse
1473 336 1504 363 in
1513 337 1572 364 suis
1581 337 1787 374 imitatoribuS‚

1019 383 1051 408 ut
1064 383 1144 416 patet
1158 382 1365 409 consideranti.

1055 429 1100 454 43.
1116 429 1148 455 Et
1163 428 1294 463 sequitur
1305 436 1373 463 pars
1384 428 1415 455 in
1428 436 1488 463 qua
1503 428 1539 456 de
1556 429 1710 456 vocatione
1726 430 1789 458 Phi-

1019 473 1108 508 lippi,
1121 473 1162 500 ibi
1180 483 1186 500 ι
1202 475 1236 500 In
1248 475 1394 501 crastinum
1403 494 1410 506 ‚
1428 475 1482 501 etc.
1495 475 1528 501 Et
1542 474 1583 501 ibi
1597 475 1653 502 tria
1662 495 1671 509 ‚
1683 475 1789 504 scilicet

1020 519 1082 553 ejus
1105 519 1236 546 inventio
1253 540 1261 552 ,
1287 520 1313 546 et
1332 519 1442 546 inventi
1463 520 1580 548 vocatio
1593 541 1602 554 ,
1621 522 1649 548 et
1671 522 1787 557 vocati,

1020 566 1162 599 quantum
1184 565 1223 592 ad
1245 565 1345 592 locum
1367 566 1541 600 nativitatis,
1565 566 1743 598 notificatio,
1758 571 1790 595 ut

1019 612 1098 646 patet
1112 612 1142 638 in
1156 612 1260 639 littera.
1278 613 1322 640 Ait
1336 621 1405 647 ergo
1420 622 1426 640 :
1443 615 1475 640 In
1492 616 1639 641 crastinum
1654 615 1740 641 voluit
1750 616 1789 641 irc

1020 659 1049 684 in
1067 657 1220 692 Galiloeam,
1235 658 1343 686 scilicet
1362 667 1379 686 a
1393 659 1507 692 Judaea,
1524 659 1575 686 ubi
1590 662 1650 687 erat
1664 661 1789 687 Joannes

1019 703 1170 738 baptizans
1183 724 1192 737 ,
1217 704 1256 731 ait
1282 705 1380 731 Glossa
1397 726 1405 738 ,
1432 707 1459 732 ct
1485 705 1542 732 1100
1571 706 1787 734 convenienter.

1020 749 1135 777 Galilaea
1150 750 1227 776 enim
1243 750 1349 777 dicitur
1364 751 1579 786 transmigratio
1589 772 1598 786 ,
1615 752 1662 778 vel
1678 752 1790 780 revela-

1020 795 1058 822 tio
1074 796 1083 812 9
1099 805 1107 830 3
1122 797 1149 823 ct
1164 796 1230 823 ideo
1246 798 1401 823 vocaturus
1424 797 1584 832 discipulos
1605 798 1642 824 ad
1665 806 1789 832 sequen—

1021 841 1110 875 dum,
1133 841 1201 869 illuc
1223 842 1325 877 vadit:
1350 844 1378 869 et
1401 843 1437 869 de
1466 842 1522 868 hoc
1546 843 1575 869 in
1599 843 1708 870 Glossa.
1733 844 1790 871 Sed

1020 888 1144 922 qualiter
1157 887 1237 914 110οῨ
1257 887 1327 923 quia
1351 887 1400 914 alii
1420 888 1608 922 Evangelistae
1623 892 1742 916 narrant
1759 890 1790 923 ¹⁰,

1020 934 1103 969 quod
1116 936 1183 969 post
1202 933 1403 960 testimonium
1424 934 1544 960 Joannis
1566 934 1670 961 ductus
1696 937 1737 962 est
1759 936 1789 962 in

1020 980 1176 1007 desertum.
1191 981 1223 1007 Et
1234 979 1346 1006 ibidem
1361 979 1379 994 ¹¹
1396 979 1510 1014 dicitur,
1527 980 1610 1015 quod
1626 989 1692 1007 cum
1704 983 1790 1008 Joan-

1019 1034 1070 1053 nes
1092 1028 1165 1053 esset
1188 1026 1327 1059 traditus,
1342 1027 1419 1053 venit
1434 1026 1463 1053 in
1485 1026 1644 1053 Galilfeam.
1661 1027 1718 1054 Sed
1733 1027 1790 1054 ad—

1018 1073 1075 1100 huc
1099 1080 1159 1099 non
1186 1075 1246 1099 erat
1272 1074 1397 1099 Joannes
1428 1072 1550 1099 traditus
1571 1081 1578 1106 ;
1604 1072 1664 1099 imo
1688 1075 1790 1107 postea

1018 1118 1185 1153 baptizavit,
1201 1120 1232 1145 ut
1246 1121 1324 1153 patet
1339 1118 1414 1145 infra
1428 1118 1448 1133 ¹²
1465 1126 1471 1144 :
1488 1126 1557 1152 ergo
1574 1126 1633 1145 non
1645 1126 1722 1145 nune
1738 1119 1791 1146 ivit

1018 1165 1049 1192 in
1065 1165 1222 1192 Galilaeam.
1238 1165 1271 1191 Et
1285 1164 1323 1191 ad
1338 1164 1414 1191 istud
1430 1164 1671 1199 respondendum
1687 1173 1789 1192 secun-

1019 1212 1091 1238 dum
1107 1211 1301 1246 Augustinum
1314 1212 1346 1244 ¹³,
1366 1211 1417 1237 ubi
1438 1211 1565 1238 multum
1588 1211 1624 1237 de
1646 1211 1713 1238 hoc.
1733 1212 1789 1238 Sed

1018 1258 1048 1285 in
1069 1266 1186 1285 summa
1206 1258 1302 1293 potest
1322 1257 1378 1284 dici
1391 1278 1400 1290 ,
1419 1259 1451 1284 ut
1470 1257 1507 1284 ab
1530 1257 1594 1292 ipso
1615 1258 1788 1292 extrahitur,

1018 1304 1101 1339 quod
1114 1303 1223 1338 duplex
1239 1303 1293 1330 fuit
1308 1303 1450 1330 adventus
1461 1303 1562 1330 Christi
1581 1303 1611 1330 in
1623 1303 1787 1330 Galilaeam:

1017 1350 1130 1385 primus
1155 1351 1222 1384 post
1244 1349 1443 1376 testimonium
1472 1349 1606 1382 Joannis,
1630 1350 1789 1384 antequam

1019 1396 1180 1423 mitteretur
1205 1395 1236 1422 in
1261 1403 1423 1429 carcerem,
1448 1397 1475 1422 et
1500 1395 1537 1422 de
1559 1395 1615 1422 hoc
1637 1395 1721 1423 silent
1739 1395 1788 1422 alii

1019 1441 1227 1476 Evangelistae3
1245 1441 1394 1468 secundus
1413 1441 1466 1468 fuit
1480 1441 1625 1468 adventus
1638 1443 1706 1476 post
1719 1442 1788 1468 mis-

1017 1488 1131 1514 sionem
1145 1487 1264 1514 Joannis
1286 1487 1316 1513 in
1340 1494 1504 1520 carcerem,
1520 1487 1556 1513 de
1578 1495 1637 1522 quo
1656 1487 1731 1514 infra
1744 1487 1764 1504 ¹¹⁴
1779 1496 1786 1514 :

1019 1533 1081 1560 etin
1092 1533 1189 1568 primo
1198 1533 1325 1560 adventu
1334 1532 1451 1559 fuerunt
1466 1533 1512 1559 isti
1528 1533 1568 1559 sic
1579 1533 1687 1566 vocati,
1696 1535 1723 1560 et
1736 1533 1790 1560 suit

1017 1588 1095 1615 aqua
1114 1587 1256 1607 conversa
1278 1579 1309 1605 in
1326 1578 1447 1612 vinum,
1462 1578 1538 1606 infra
1552 1580 1582 1605 ¹⁵.
1602 1580 1634 1606 Et
1654 1579 1716 1606 haec
1736 1579 1790 1606 fuit

1016 1625 1132 1653 vocatio
1156 1625 1369 1660 discipulorum
1394 1625 1433 1652 ad
1447 1625 1549 1652 fidem.
1571 1627 1608 1652 De
1626 1625 1684 1652 alia
1697 1633 1786 1653 voca-

1016 1672 1095 1699 tione
1110 1692 1119 1705 ,
1141 1679 1207 1706 quae
1230 1670 1283 1698 tuit
1305 1671 1343 1698 ad
1366 1670 1577 1706 perfectionem
1592 1692 1601 1705 ,
1625 1671 1788 1706 loquuntur

1016 1718 1066 1746 alii
1081 1718 1280 1752 Evangelistae.
1295 1718 1375 1744 Unde
1391 1717 1615 1752 Chrysostomus
1631 1718 1651 1734 ¹³
1668 1727 1674 1744 :
1691 1726 1705 1743 «
1720 1719 1788 1744 Post

1016 1764 1196 1800 baptismum
1219 1764 1293 1792 nihil
1316 1771 1386 1790 eum
1407 1763 1576 1791 describunt
1601 1763 1708 1790 dixisse
1736 1763 1786 1790 alii

1016 1810 1220 1845 Evangelistae;
1237 1811 1288 1838 sed
1303 1810 1403 1837 media
1416 1809 1545 1842 silentes,
1560 1809 1669 1836 seilicet
1684 1817 1702 1836 a
1712 1808 1787 1844 bap-

1016 1857 1129 1884 tismate
1155 1864 1249 1892 usque
1278 1858 1345 1891 post
1370 1855 1535 1891 captionem
1564 1855 1699 1889 Joannis,
1721 1862 1787 1890 quae

1015 1904 1113 1931 autcm
1130 1903 1165 1939 (b)
1181 1903 1256 1931 facta
1278 1904 1344 1930 sunt
1363 1902 1465 1930 Christi
1483 1901 1627 1930 miracula
1642 1901 1752 1929 dicunt.
1769 1911 1782 1927 »

1016 1950 1081 1976 Haec
1092 1949 1152 1976 ille.

1050 1998 1197 2023 Etinvem‘t
1214 1997 1378 2031 Philippum.
1399 1998 1430 2024 Et
1443 1996 1562 2032 proprie
1583 1997 1622 2024 ait
1639 2005 1646 2024 :
1666 1997 1783 2023 Invenit.

1014 2042 1093 2069 Talia
1114 2042 1251 2069 dicuntur
1272 2042 1405 2076 inveniri,
1431 2051 1496 2077 quae
1517 2050 1578 2069 non
1600 2044 1703 2076 essent,
1727 2041 1783 2068 nisi
1797 2046 1903 2068 Inveniri.

1016 2090 1110 2116 essent
1124 2088 1255 2124 quaesita,
1267 2090 1295 2115 et
1308 2088 1427 2115 inventa
1443 2089 1486 2124 (c).
1503 2090 1573 2116 Item
1584 2088 1614 2115 in
1627 2089 1684 2115 hoe
1698 2090 1782 2114 nota-

1014 2137 1071 2169 tur,
1086 2135 1169 2170 quod
1184 2134 1310 2162 Christus
1331 2143 1398 2162 eum
1422 2135 1581 2170 quaerebat,
1597 2136 1629 2161 ut
1642 2141 1695 2169 per
1717 2141 1785 2160 eum

1014 2181 1186 2209 salvaretur.
1209 2180 1288 2207 Unde
1313 2180 1445 2215 sequitur
1468 2189 1474 2206 :
1497 2181 1568 2206 Dicit
1600 2181 1624 2206 ei
1643 2188 1648 2206 :
1673 2180 1786 2213 Sequere

1014 2235 1069 2261 me,
1094 2234 1154 2254 non
1178 2226 1309 2261 corporis
1331 2234 1441 2261 gressu,
1463 2225 1516 2252 sed
1539 2225 1598 2252 fide
1620 2227 1647 2252 et
1667 2225 1783 2252 affeetu.

1014 2273 1120 2306 Quaerit
1139 2274 1236 2300 autem
1257 2273 1480 2307 Chrysostomus
1492 2272 1512 2288 ¹⁷
1528 2280 1534 2298 :
1556 2280 1568 2296 t(
1585 2272 1678 2304 Quare
1699 2273 1786 2299 vocat.

1014 2319 1154 2346 Dominus
1168 2319 1323 2354 Apostolos
1339 2326 1356 2345 a
1370 2317 1496 2349 Galilaea,
1513 2319 1540 2344 et
1555 2325 1646 2352 quare
1665 2316 1707 2352 (d)
1725 2317 1784 2352 pri-

1015 2384 1032 2399 ¹¹
1056 2383 1157 2411 Matri,
1178 2389 1212 2412 iv,
1232 2384 1269 2406 112.
1289 2395 1320 2400 -
1341 2383 1362 2398 1²
1383 2382 1440 2412 tnf.,
1463 2387 1504 2411 111,
1524 2383 1563 2405 23.
1580 2392 1611 2399 --·
1632 2381 1740 2411 ¹³Ang„
1755 2380 1785 2404 de

1015 2418 1087 2442 Cone.
1105 2419 1210 2448 Evauy„
1226 2418 1269 2441 lib.
1287 2419 1317 2447 lt,
1333 2424 1354 2441 c.
1373 2423 1447 2447 xviii,
1463 2424 1487 2441 n.
1504 2418 1542 2441 42.
1556 2429 1587 2434 —
1603 2417 1618 2431 ¹²
1636 2417 1693 2447 inf„
1709 2423 1745 2446 iv,
1760 2419 1783 2439 3.

1014 2467 1043 2472 -
1059 2455 1077 2470 ¹⁵
1094 2454 1150 2483 Ins„
1167 2460 1199 2483 ιι,
1216 2456 1239 2477 2.
1254 2466 1285 2470 —
1300 2454 1319 2469 ¹⁶
1335 2453 1476 2483 Chrysost„
1497 2453 1521 2476 in
1541 2453 1620 2483 loun„
1641 2452 1711 2476 hom.
1732 2457 1784 2481 xvi,

1014 2490 1045 2513 al.
1064 2495 1126 2518 xm,
1143 2496 1169 2512 n.
1185 2492 1241 2512 Γ».-
1260 2489 1279 2504 ¹⁷
1294 2488 1368 2517 ibid..
1382 2488 1454 2512 110111.
1472 2494 1526 2518 xix,
1541 2489 1573 2512 ai.
1590 2494 1634 2518 xx,
1652 2495 1677 2511 11.
1695 2490 1717 2510 1.

1046 2532 1079 2561 (a)
1099 2531 1159 2553 (ω’.
1178 2530 1236 2553 alst.
1257 2530 1458 2553 conversatione.
1476 2543 1506 2547 -
1524 2529 1558 2561 (b)
1576 2530 1632 2559 Ley.
1649 2531 1706 2559 post
1721 2528 1782 2552 lnce.

1014 2580 1042 2583 >-
1066 2568 1094 2596 (c)
1116 2566 1231 2589 Fortasse
1250 2566 1392 2595 legendum,
1412 2573 1468 2595 quie
1490 2572 1541 2589 non
1563 2567 1648 2589 essent
1667 2564 1782 2593 inventa,

1015 2601 1060 2624 nisi
1076 2602 1162 2624 essent
1176 2601 1289 2631 quaesita.
1300 2613 1330 2618 ——
1345 2601 1382 2631 (d)
1400 2601 1488 2631 διιμμί.
1505 2608 1528 2623 a.

1820 435 1909 455 Vocatio

1805 465 1906 491 Philippi.

1805 758 1902 779 Galilaea.

1814 1353 1898 1375 Adven-

1817 1415 1897 1435 Christi

1804 1445 1826 1464 in
1847 1445 1907 1464 Gali-

1803 1477 1874 1496 laeam.

1833 2316 1905 2340 Quare
