1987 3032
631 253 835 286 EXPOSITIO
858 253 896 284 IN
918 252 1005 284 CAP.
1027 249 1102 284 XIX.
1611 252 1668 282 115

78 326 282 366 pretiosorem
300 332 396 364 quam
412 331 479 361 me,
496 321 669 352 dummodo
692 329 841 352 consum-

79 388 163 409 mem
187 387 314 410 cursum
333 386 441 407 meum
466 378 496 407 et
517 375 730 406 ministerium
754 372 843 403 verbi

78 432 161 471 quod
177 431 291 470 accepi.
304 442 317 459 n
337 430 387 460 Sic
398 432 427 460 et
442 429 582 460 Christus
597 428 740 459 faciebat.
756 426 843 457 Unde

77 484 147 514 licet
165 484 204 514 ad
225 473 352 523 tempus
374 482 517 513 Judaeam
543 481 742 517 declinasset,
769 479 844 519 quia

77 536 217 567 nondum
228 538 358 566 venerat
367 536 446 565 hora
456 535 539 573 ejus,
552 543 638 564 nunc
649 533 713 563 ibat
722 532 844 563 tradere

77 589 215 619 animam
224 598 313 619 suam
324 590 449 627 propter
460 596 517 617 nos
532 587 565 616 in
576 595 690 616 manus
699 585 844 616 inimico-

77 650 162 679 rum,
175 641 348 672 secundum
364 640 441 670 illud
453 644 461 659 ¹
480 651 486 670 :
508 639 607 670 «Dedi
621 639 765 669 dilectam
781 637 845 668 ani-

77 703 162 725 mam
171 704 274 725 meam
283 694 316 724 in
326 702 440 724 manus
448 692 651 723 inimicorum
662 693 760 730 ers.1›
773 690 844 722 Ideo

77 747 261 777 ascendebat
275 745 521 785 Jerosolymam,
538 745 612 784 quia
624 768 631 781 ‚
648 744 729 774 sicut
749 752 845 782 supra

77 799 194 830 dictum
216 801 262 830 est
278 803 299 836 ²,
321 810 335 827 a
350 807 415 829 non
435 798 516 837 capit
534 797 720 837 prophetam
742 795 844 835 perire

77 855 166 883 extra
184 852 368 883 Jerusalem.
382 862 395 879 >³
417 850 519 887 Quare
534 852 641 880 autem
655 849 716 879 hoc
726 849 741 878 ‘?
757 848 845 879 Ratio

77 914 172 944 supra
185 907 247 942 est,
264 905 339 944 quia
354 904 413 934 hoc
428 903 528 942 exigit
541 902 726 933 excellentia
741 901 844 941 ponti-

76 957 188 995 ficalis,
207 957 400 996 magistralis
415 958 444 986 et
458 956 557 995 regiae
573 955 747 993 dignitatis,
761 956 791 985 et
804 954 841 994 (a)

73 1010 209 1049 judaicae
226 1010 364 1049 persidiae
382 1008 590 1039 excaecandae.
611 1007 698 1038 Unde
714 1008 842 1038 Glossa:

78 1074 91 1091 a
115 1063 216 1093 Finita
238 1062 403 1102 parabola,
429 1062 515 1092 vadit
539 1061 784 1101 Jerosolymam,
811 1063 846 1091 ut

77 1115 219 1146 ostendat
233 1115 271 1145 de
282 1115 425 1154 ejusdem
437 1115 574 1144 maxime
586 1115 720 1145 civitatis
729 1116 846 1145 eventu

76 1167 258 1208 parabolam
274 1167 368 1198 fuisse
382 1167 590 1207 praemissam.
603 1178 617 1195 n

118 1223 167 1251 29.
192 1221 238 1252 Et
262 1222 387 1260 factum
411 1224 468 1257 est,
493 1229 566 1250 eum
589 1219 845 1260 appropinquas-

79 1278 138 1311 set,
155 1275 212 1304 etc.
228 1273 398 1313 Postquam
413 1272 585 1304 confutavit
597 1272 612 1303 J
617 1273 781 1303 udaeorum
795 1273 847 1302 do·

78 1327 248 1364 lositatem,
271 1327 465 1365 impietatem
489 1327 519 1355 ct
539 1325 769 1362 curiositatem,
795 1325 847 1354 hic

77 1379 219 1418 sequitur
232 1381 342 1417 quarta
354 1387 426 1417 pars
440 1377 639 1416 principalis,
654 1377 687 1406 in
698 1387 761 1417 qua
776 1387 847 1408 con-

78 1433 160 1462 futat
180 1430 448 1467 incredulitatem,
472 1439 545 1469 quae
567 1430 599 1459 in
623 1430 771 1460 cordibus
791 1430 848 1461 Ju-

78 1485 220 1515 daeorum
233 1483 293 1513 fuit
307 1492 400 1513 causa
411 1484 441 1512 et
456 1482 546 1512 radix
556 1483 702 1513 omnium
718 1483 846 1522 praedic-

78 1540 195 1568 torum.
213 1537 370 1567 Dividitur
388 1537 495 1566 autem
513 1535 581 1566 haec
601 1545 674 1575 pars
698 1537 729 1567 in
752 1537 845 1575 duas,

78 1590 109 1619 in
134 1599 271 1629 quarum
300 1589 402 1629 prima
428 1589 568 1620 confutat
597 1589 847 1620 incredulitatem

78 1642 262 1673 Judaeorum
281 1651 338 1682 per
356 1642 450 1679 facta3
468 1641 499 1671 in
517 1642 653 1672 secunda
671 1651 747 1673 vero
760 1666 767 1680 ,
792 1651 848 1682 per

79 1696 175 1726 verba
189 1698 219 1726 et
233 1695 432 1733 documenta,
445 1694 487 1724 ibi
505 1694 541 1734 (b)
557 1697 566 1713 ³
584 1706 590 1725 :
608 1695 648 1725 Et
663 1696 789 1734 factum
805 1699 850 1726 est

80 1748 112 1777 in
139 1757 205 1778 una
234 1748 374 1786 dierum,
394 1750 452 1778 etc.
475 1747 618 1778 Confutat
641 1757 719 1786 ergo
743 1748 848 1778 incre-

79 1801 242 1832 dulitatem
256 1801 271 1832 J
276 1801 440 1832 udaeorum
455 1810 510 1840 per
525 1801 622 1838 sacta,
639 1810 695 1840 per
710 1809 782 1840 quae
797 1809 847 1831 os-

79 1854 178 1884 tendit
199 1863 231 1884 se
251 1854 409 1885 Christum
433 1853 603 1884 Dominum
625 1853 657 1883 in
678 1853 750 1892 lege
773 1862 847 1893 pro-

80 1904 230 1935 missum:
250 1905 353 1944 primo
368 1904 472 1943 quoad
488 1906 672 1943 potestatem
686 1904 829 1943 regalem
838 1915 846 1942 ;

82 1957 220 1987 secundo
235 1957 338 1996 quoad
353 1957 499 1996 pietatem
516 1957 724 1996 pontificalem
736 1981 745 1995 ,
762 1957 806 1987 ibi
817 1957 845 1988 ⁵:

82 2010 125 2041 Et
137 2014 170 2040 ut
180 2010 460 2050 appropinquavit,
474 2009 582 2040 videns
591 2010 762 2048 civitatem,
775 2012 832 2041 etc.
838 2021 846 2048 ;

81 2064 172 2093 tertio
198 2065 354 2103 quantum
376 2063 414 2093 ad
441 2063 622 2102 aequitatem
644 2063 847 2102 judicialem,

82 2116 124 2146 ibi
135 2116 163 2147 ⁵:
180 2116 222 2148 Ec
238 2117 396 2156 z‘nqressus
413 2116 445 2146 in
460 2116 629 2156 templum,
645 2118 718 2154 etc.;
736 2119 849 2156 quarto

81 2172 236 2209 quantum
247 2170 286 2200 ad
298 2169 511 2200 auctoritatem
523 2169 749 2208 magistralem,
765 2170 807 2201 ibi
817 2171 827 2187 ⁶
840 2181 846 2202 :

81 2223 126 2254 Ec
140 2226 209 2253 crat
223 2222 335 2253 docens
354 2222 494 2262 quoliclle
511 2222 545 2252 in
561 2223 693 2263 templo,
708 2226 765 2254 etc.
789 2223 848 2254 Po-

82 2277 226 2306 testatem
248 2277 355 2306 autem
377 2275 517 2314 regalem
541 2276 674 2307 ostendit
694 2286 726 2307 se
750 2276 852 2308 Chris-

83 2330 133 2359 tus
147 2328 263 2359 habere
278 2328 440 2367 tripliciter
457 2339 465 2358 ε
488 2328 592 2367 primo
613 2338 670 2368 per
690 2329 848 2360 excellen-

83 2381 159 2411 tiam
174 2382 205 2411 in
222 2381 421 2420 imperand03
437 2381 592 2419 secundo,
611 2391 667 2421 per
681 2383 850 2422 discipulo-

84 2443 155 2464 rum
166 2434 375 2464 obedientiam
387 2434 419 2463 in
429 2433 646 2473 obsequendo,
661 2435 705 2466 ibi
715 2439 725 2455 ⁷
741 2447 748 2466 t
764 2437 853 2468 Abie-

85 2490 161 2517 rant
174 2491 278 2518 autem
295 2488 353 2527 qui
367 2487 456 2517 missi
469 2491 576 2525 erant,
589 2489 661 2526 etc.;
677 2490 779 2528 tertio,
796 2499 853 2530 per

119 2601 298 2634 l.Jerem.‚5u1,
313 2604 336 2627 Ἰ.
351 2616 381 2621 -
396 2604 403 2617 ²
419 2604 490 2633 sup„
507 2609 565 2633 xm,
577 2605 614 2628 33.
628 2617 658 2622 —
672 2605 682 2622 θ
698 2605 755 2637 Ins„
771 2612 814 2637 xx,
829 2609 851 2632 1.

86 2637 136 2654 —⁴
152 2637 208 2667 tur„
228 2645 252 2662 v.
272 2640 310 2662 lit.
328 2651 359 2655 —
378 2639 388 2655 ⁵
407 2639 463 2668 lus„
479 2645 504 2663 v.
524 2640 563 2662 4:1'.
579 2652 609 2656 —
629 2640 637 2653 ⁰
653 2641 710 2670 lnf.,
724 2648 749 2665 v.
770 2644 809 2666 Η.
824 2655 853 2660 -

87 2672 93 2685 ⁷
108 2672 163 2702 tuf„
176 2680 201 2695 v.
217 2674 255 2696 32,
269 2686 300 2690 —
314 2674 322 2687 ⁸
339 2673 395 2703 lus„
412 2680 436 2697 V.
456 2675 494 2697 36.
517 2687 547 2691 -
567 2674 577 2690 9
593 2675 722 2704 umbros„
739 2677 764 2700 in
785 2678 852 2708 Luc„

87 2707 129 2731 lib.
151 2708 190 2738 ΙΧ,
215 2715 240 2731 n.
260 2710 282 2731 2.
303 2720 333 2725 -—
350 2709 368 2725 '⁰
386 2708 500 2739 Hieron„
526 2710 550 2731 in
573 2710 671 2738 Mutila,
694 2711 736 2735 lib.
763 2713 803 2736 ΙΙΙ.
825 2727 850 2730 -

898 319 1090 359 populorum
1109 318 1320 349 reverentiam
1336 317 1370 348 in
1391 316 1565 354 laudando,
1581 316 1623 345 ibi
1635 316 1645 332 ⁸
1660 327 1668 347 ε

899 373 1007 404 Emzle
1023 375 1129 403 aulem
1142 370 1211 409 ἱῖῖο,
1230 372 1287 401 etc.
1303 369 1496 401 Excellentia
1510 369 1612 408 igitur
1625 377 1671 399 re-

901 426 963 465 giae
984 425 1145 465 potestatis
1166 424 1199 454 in
1221 423 1341 455 Christo
1363 422 1538 454 ostenditur
1562 431 1617 461 per
1634 421 1668 461 (c)

900 479 1071 518 imperium
1088 477 1185 518 ipsius
1200 477 1305 517 pium,
1323 476 1509 516 providum,
1527 477 1557 505 et
1572 477 1672 515 potes-

899 532 1047 563 tativum.
1065 531 1138 562 Tale
1158 539 1296 570 namque
1314 529 1487 568 imperiiim
1510 528 1596 559 decet
1619 537 1670 559 re-

900 593 974 624 gent
999 583 1298 621 clementissimum,
1325 581 1614 622 sapientissimum,
1642 582 1673 611 et

901 638 1168 677 potentissimum.
1184 636 1365 668 Ostenditur
1377 637 1484 666 autem
1499 634 1672 674 imperium

900 691 969 729 ejus
1000 690 1088 730 pium
1116 689 1290 720 secundum
1319 688 1508 728 mysterium
1537 687 1649 733 gratiae
1661 710 1670 725 ,

900 745 1069 784 providum
1085 744 1259 775 secundum
1274 743 1421 783 spiritum
1433 742 1607 782 prophetice
1620 765 1627 780 ‚
1644 744 1674 771 et

900 798 1125 837 potestativum
1146 806 1202 837 per
1227 796 1354 828 culmen
1378 795 1571 827 auctoritatis
1595 803 1674 834 prze-

900 850 1005 881 celsce.

941 902 1047 934 Primo
1059 902 1170 941 igitur,
1182 904 1338 942 quantum
1349 901 1387 932 ad
1400 901 1571 941 imperium
1583 900 1673 940 pium

901 964 957 995 per
968 955 1157 995 mysterium
1169 955 1294 994 gratiae,
1308 954 1382 985 dicit
1395 965 1402 985 ε
1419 954 1451 985 E
1453 958 1464 983 ί
1478 955 1603 993 factum
1617 956 1671 990 cst,

901 1018 973 1039 cum
989 1010 1275 1049 appropinquasset
1292 1008 1337 1039 acl
1353 1008 1536 1048 Betlzplzaqe
1560 1012 1589 1038 et
1611 1009 1673 1039 Be-

901 1062 1061 1100 maniam,
1084 1063 1129 1093 acl
1146 1066 1286 1093 montem
1309 1062 1366 1102 qui
1387 1065 1518 1092 roccam·
1547 1061 1672 1093 Olioecz'.

902 1116 990 1153 Quod
1006 1116 1063 1147 etsi
1079 1126 1192 1147 verum
1206 1116 1300 1147 fuerit
1323 1116 1361 1146 ad
1382 1115 1534 1152 litteram,
1551 1115 1610 1145 hoc
1625 1118 1672 1146 ta-

902 1179 974 1200 men
989 1170 1075 1200 aliud
1090 1170 1306 1209 praetendebat
1322 1178 1377 1209 per
1393 1170 1536 1208 figuram
1547 1171 1577 1199 ct
1593 1178 1674 1208 mys-

900 1222 996 1253 ticam
1023 1223 1280 1262 intelligentiam.
1309 1222 1396 1253 Unde
1423 1222 1611 1252 Ambrosius
1632 1222 1641 1237 ‘³
1665 1232 1671 1253 :

906 1274 1025 1304 «Venit
1048 1275 1087 1305 ad
1109 1277 1250 1305 montem
1274 1274 1453 1312 Olivarum,
1478 1277 1515 1305 ut
1534 1274 1675 1305 novellas

902 1326 1001 1357 olivas
1012 1327 1045 1356 in
1061 1327 1190 1357 sublimi
1206 1327 1324 1358 virtute
1339 1327 1531 1367 plantaret.»
1549 1327 1586 1357 Et
1600 1329 1676 1358 nota

902 1380 987 1419 quod
1001 1380 1076 1411 dicit
1098 1381 1173 1419 tria,
1197 1381 1313 1411 scilicet
1334 1383 1361 1411 1.
1383 1380 1587 1420 Bethphage,
1603 1389 1675 1420 quae

902 1435 948 1463 est
965 1433 998 1463 in
1013 1435 1119 1464 monte
1136 1433 1265 1472 Oliveti‚
1282 1436 1313 1464 et
1326 1433 1449 1465 viculus
1465 1434 1674 1472 sacerdotum,

902 1486 1237 1526 utdicitHieronymus
1246 1488 1278 1524 ¹⁰,
1291 1489 1322 1517 et
1333 1486 1557 1526 iuterpretatur
1564 1486 1677 1517 (lomus

903 1539 1021 1577 haecce,
1048 1549 1104 1579 per
1127 1549 1225 1579 quam
1254 1540 1409 1570 confessio
1438 1542 1468 1571 et
1492 1541 1677 1580 poenitentia

902 1592 1143 1631 significantur;
1161 1595 1191 1623 2.
1213 1592 1381 1631 Bethania,
1402 1593 1515 1624 domus
1535 1593 1676 1625 obedien-

903 1647 977 1683 tioe,·
990 1646 1021 1674 et
1037 1647 1065 1676 3.
1087 1654 1179 1675 mons
1194 1644 1306 1676 Oliveti
1317 1669 1324 1683 ,
1342 1647 1471 1685 propter
1488 1646 1675 1677 mixtionem

902 1696 981 1734 olei,
998 1697 1136 1728 insinuat
1152 1698 1334 1728 unctionem
1353 1700 1384 1728 et
1404 1698 1609 1730 eminentiam
1631 1710 1676 1731 sa-

904 1751 1040 1790 pientise.
1058 1750 1095 1781 Et
1111 1760 1166 1791 per
1181 1751 1251 1781 haec
1266 1752 1327 1782 tria
1342 1752 1494 1783 Dominus
1508 1753 1676 1792 appropin-

903 1806 979 1843 quat
996 1804 1101 1841 nobis,
1119 1804 1149 1834 id
1165 1806 1211 1834 est
1232 1805 1303 1835 facit
1324 1805 1578 1845 appropinquare
1596 1806 1673 1844 sibi,

904 1857 1019 1887 scilicet
1035 1859 1062 1887 1.
1080 1866 1136 1896 per
1152 1857 1370 1897 poenitentiam
1382 1858 1401 1874 ¹¹
1416 1858 1550 1890 :alirant
1564 1868 1676 1899 appro-

903 1909 1094 1949 pinquantes
1110 1910 1148 1940 ad
1162 1909 1270 1940 Jesum
1282 1910 1457 1949 publicani,
1468 1922 1482 1939 ))
1501 1914 1558 1942 etc.
1572 1914 1601 1942 ⁹2.
1616 1912 1676 1943 Per

903 1963 1114 1994 obedientiam
1127 1964 1148 1980 ¹²
1161 1974 1167 1994 z
1185 1975 1198 1992 (ι
1209 1964 1401 2004 Appropiate
1415 1965 1454 1996 ad
1465 1974 1526 2004 me,
1542 1966 1673 2005 indocti,

903 2017 933 2046 et
948 2018 1145 2055 congregate
1170 2025 1226 2048 vos
1249 2017 1281 2047 in
1301 2017 1433 2048 domum
1453 2018 1637 2058 disciplinae.
1655 2029 1670 2047 n

903 2069 940 2099 Et
955 2069 1024 2099 haec
1039 2072 1084 2099 est
1094 2069 1207 2100 domus
1218 2069 1404 2100 obedientiae
1416 2070 1482 2102 slve
1493 2071 1672 2110 religionis.

904 2124 932 2152 3.
955 2121 1013 2152 l’er
1037 2121 1225 2162 sapientiam
1244 2123 1264 2139 ¹³
1284 2133 1290 2152 :
1313 2133 1327 2151 «
1345 2122 1404 2158 Qui
1419 2124 1674 2163 appropinquant

903 2173 1036 2213 pedibus
1050 2175 1134 2213 ejus,
1147 2184 1161 2201 2>
1177 2176 1235 2204 etc.
1252 2173 1349 2204 Pedes
1361 2175 1467 2204 autem
1483 2174 1607 2205 Domini
1622 2184 1674 2206 ve-

903 2227 1037 2265 nientis,
1063 2226 1259 2257 ascendentis
1277 2228 1307 2257 et
1327 2226 1499 2265 judicantis
1520 2229 1675 2258 steterunt

904 2289 999 2320 super
1014 2282 1154 2311 montem
1170 2280 1332 2311 Olivarum
1343 2302 1352 2317 ,
1367 2280 1442 2319 quia
1457 2280 1512 2320 qui
1528 2281 1596 2312 vult
1609 2281 1675 2312 vias

905 2335 973 2373 ejus
989 2333 1096 2364 videre
1113 2333 1194 2372 (quae
1210 2334 1285 2363 sunt
1297 2332 1315 2348 ¹⁸
1331 2333 1546 2364 misericordia
1567 2336 1597 2364 et
1620 2344 1676 2366 ve-

905 2386 1016 2424 ritas),
1038 2386 1162 2425 indiget
1183 2385 1331 2415 unctione
1353 2394 1409 2424 per
1428 2395 1525 2425 quam
1548 2386 1580 2417 in
1601 2387 1676 2417 emi-

906 2439 1047 2470 nentiam
1062 2438 1188 2478 sapiens
1201 2437 1354 2476 elevetur,
1367 2439 1402 2468 ut
1415 2447 1471 2478 per
1486 2440 1677 2480 contempla·

906 2493 1024 2524 tionem
1035 2491 1223 2523 conscendat
1234 2491 1266 2522 in
1277 2491 1393 2522 coelum
1402 2500 1458 2531 per
1469 2494 1531 2523 tres
1542 2493 1674 2532 gradus.

909 2606 927 2622 ¹¹
942 2607 1014 2636 Sap„
1026 2611 1067 2635 xv,
1084 2608 1106 2629 t.
1121 2618 1151 2622 —
1166 2604 1183 2620 '2
1198 2603 1285 2632 Ecchl,
1302 2608 1337 2634 Ll,
1353 2605 1392 2627 31.
1405 2617 1435 2622 -
1450 2604 1468 2620 ¹³
1482 2605 1567 2634 Deut„
1584 2611 1675 2636 xxxin,

907 2643 930 2664 It.
946 2654 975 2658 -
991 2641 1010 2656 ¹⁸
1023 2641 1093 2664 Paul.
1110 2641 1235 2670 XXIV,10.

938 2680 972 2711 (n)
986 2680 1072 2710 suppl.
1086 2681 1159 2704 ratio.
1168 2692 1199 2698 —
1209 2679 1244 2710 (b)
1259 2679 1319 2703 Coel.
1331 2679 1390 2703 edit.
1400 2679 1466 2703 ‹leect
1478 2680 1522 2704 ibi.
1532 2693 1560 2698 -
1571 2681 1600 2711 (c)
1618 2681 1678 2704 Item

910 2722 963 2745 per.
978 2728 1007 2732 ·-
1023 2717 1058 2745 (tl)
1081 2718 1141 2741 th.
1159 2716 1218 2739 edit.
1236 2715 1327 2738 virtute
1347 2715 1371 2738 in
1387 2716 1498 2740 sublimi.
