1987 3032
241 203 297 230 158

240 266 411 306 Postquam
424 267 670 306 persecutionem
685 265 829 296 Ecclesia}
844 266 1005 305 descripsit

239 320 449 349 communiter
466 321 608 358 respectu
623 319 779 355 omnium,
796 318 847 348 hic
863 319 1004 358 speciali-

239 373 285 401 ter
299 372 446 402 describit
460 372 490 401 in
508 380 639 410 persona
653 370 874 410 perfectorum.
887 371 1003 401 Descri-

237 425 322 455 bitur
352 427 458 454 autem
489 424 538 453 liic
562 423 679 462 duplex
698 423 872 462 persecutio
894 426 1003 453 contra

236 477 392 516 apostolos
408 480 437 506 ‹·t
452 476 636 515 apostolicos
654 476 739 506 viros
756 485 762 505 :
780 476 881 514 primo
897 476 1000 515 publi-

235 539 281 566 ca,
298 530 408 559 deinde
424 530 556 568 privata,
574 529 615 558 ibi
633 530 638 545 ¹
660 539 667 558 2
689 529 714 559 T
713 528 873 558 rademini
894 533 1001 559 aulem

234 593 254 612 (ι
269 582 467 622 parentibus,
489 584 548 611 etc.
571 582 657 611 Circa
677 581 834 621 publicam
855 590 999 621 persecu-

234 636 352 665 tionem
367 634 510 665 virorum
530 636 727 671 sanctorum,
745 634 860 663 scilicet
875 636 998 672 aposto-

231 687 347 724 lorum,
360 690 510 717 eteorum
526 687 681 726 (a)}vitam
694 687 885 717 imitantium
901 687 1000 726 expli-

231 741 375 778 candam,
397 741 643 771 introducuntur
666 741 737 778 tria,
760 740 876 770 scilicet
893 749 996 779 perse-

231 793 365 824 cutionis
380 802 501 832 pugna,
524 793 749 832 persecutionis
768 802 874 830 causa,
897 795 927 823 et
941 794 996 823 tri-

230 845 411 875 bulatorum
428 846 558 875 victoria
572 847 689 884 aperta.

270 898 377 928 Primo
405 907 493 937 ergo,
524 900 680 937 quantum
710 898 749 929 ad
771 898 996 937 persecutionis

228 960 383 991 pugnam,
406 951 479 981 dicit
507 962 513 981 :
535 951 603 981 Sed
622 955 694 981 ante
713 951 779 981 lzoec
794 951 902 981 omnia
917 950 995 989 [nji-

227 1005 309 1034 cicnt
323 1004 408 1033 vobis
423 1012 538 1034 manus
548 1013 632 1034 suas.
648 1003 728 1033 Ante
739 1003 854 1033 scilicet
870 1003 995 1034 tribula-

226 1056 344 1086 tionem
366 1057 505 1090 finalem,
528 1057 560 1086 in
581 1066 645 1096 qua
665 1056 904 1087 tribulabuntur
924 1066 995 1087 om-

226 1117 292 1145 nes,
315 1109 469 1147 praeccdet
490 1109 528 1148 (h)
545 1110 718 1148 persecutio
734 1109 904 1148 impiorum
919 1118 993 1139 exa-

225 1161 325 1199 gitata
339 1164 449 1191 contra
462 1162 547 1192 viros
561 1162 722 1201 perfectos.
736 1161 770 1191 In
787 1171 851 1201 qua
864 1162 992 1200 quidem

224 1214 442 1251 persecutione
458 1223 497 1243 ex
512 1216 600 1253 parte
615 1214 787 1252 impiorum
802 1214 861 1243 crit
876 1214 993 1244 violen-

223 1265 284 1303 tia,
315 1265 383 1295 ideo
417 1266 491 1295 dicit
522 1277 528 1296 :
564 1266 712 1304 Jnjtcient
746 1266 830 1296 robl's
863 1276 990 1297 manus.

223 1320 234 1335 ²
253 1328 267 1345 (ι
281 1317 451 1355 Exurgens
464 1318 608 1357 princeps
618 1319 826 1355 sacerdotum,
841 1320 871 1348 et
883 1328 992 1349 omnes

223 1370 277 1409 qui
293 1380 366 1400 cum
377 1370 430 1400 illo
444 1372 543 1408 erant,
560 1380 633 1410 quae
650 1373 716 1401 erat
731 1371 861 1401 haeresis
873 1371 992 1401 Saddu-

223 1430 376 1459 caeorum,
393 1422 503 1461 repleti
514 1424 588 1453 sunt
602 1423 679 1460 zelo,
696 1425 726 1453 et
740 1423 917 1461 injecerunt
928 1432 991 1453 ma-

224 1483 284 1504 nus
296 1474 328 1503 in
338 1475 505 1513 apostolos,
517 1477 547 1504 et
556 1478 732 1513 posuerunt
741 1484 794 1505 eos
805 1476 836 1505 in
849 1476 992 1505 custodia

224 1527 359 1566 publica.
371 1538 384 1554 »
399 1527 464 1557 Erit
474 1527 567 1557 etiam
579 1528 699 1566 injuria
711 1528 862 1565 violenta;
876 1531 906 1558 et
921 1528 990 1558 ideo

223 1579 307 1609 addit
325 1590 331 1609 :
348 1580 393 1610 Et
404 1584 635 1619 persequentur
646 1580 802 1610 tradentes
813 1581 991 1619 insynaqo-

223 1642 280 1672 qus
298 1636 326 1662 et
341 1632 508 1662 custodias.
524 1633 533 1648 ³
557 1644 571 1659 α
593 1632 838 1663 Commoverunt
853 1632 987 1672 plebem,

224 1687 255 1715 et
269 1684 417 1721 seniores,
439 1686 469 1714 et
488 1684 622 1721 scribas;
644 1686 675 1714 et
698 1687 922 1714 concurrentes
938 1694 988 1715 ra-

222 1738 362 1776 puerunt
377 1736 586 1774 Stephanum,
605 1739 635 1766 et
651 1737 853 1767 adduxerunt
868 1737 899 1767 in
914 1746 990 1767 con-

221 1789 339 1819 cilium.
356 1800 370 1817 1>
389 1788 454 1819 Erit
468 1789 560 1819 etiam
577 1798 650 1819 cum
664 1789 723 1819 hoc
736 1789 883 1819 simulata
895 1790 990 1828 justi-

220 1841 277 1879 tia3
298 1844 425 1881 propter
446 1842 529 1881 quod
542 1842 648 1872 subdit
669 1852 676 1872 :
699 1841 868 1873 hahentes
882 1843 926 1872 acl
938 1852 987 1873 re-

219 1902 270 1932 yes
286 1898 314 1923 et
327 1894 476 1933 prcese'des
485 1898 618 1934 propter
628 1903 744 1924 nomen
758 1903 883 1933 metum·
897 1895 988 1933 quasi

219 1946 366 1985 iniquum
381 1946 419 1976 sit
440 1946 610 1985 praedicare
625 1946 830 1977 Crucifixum.
848 1948 859 1964 ⁴
879 1957 893 1974 «
909 1946 986 1976 Cum

219 1998 424 2028 adduxissent
442 1999 608 2037 apostolos,
631 2001 809 2029 statuerunt
826 1999 858 2028 in
881 1999 984 2029 conci-

218 2049 271 2079 lio.
290 2050 327 2080 lit
342 2050 552 2088 interrogavit
560 2060 612 2081 eos
620 2051 765 2090 princeps
775 2051 984 2088 sacerdotum,

219 2102 325 2133 dicens
342 2111 349 2132 :
374 2102 587 2142 Praecipiendo
604 2103 814 2142 praecepimus
829 2104 927 2141 vobis,
945 2113 985 2134 ne

218 2155 369 2186 doceretis
387 2156 420 2186 in
439 2156 566 2186 nomine
585 2156 644 2186 isto
666 2166 672 2185 :
698 2158 728 2186 et
749 2166 820 2186 ecce
843 2156 985 2195 replestis

218 2207 391 2238 Jerusalem
401 2208 542 2238 doctrina
552 2209 668 2244 vestra,
683 2210 714 2238 et
724 2208 821 2238 vultis
835 2208 984 2239 inducere

218 2268 313 2298 super
327 2269 384 2290 nos
399 2259 590 2298 sanguinem
606 2260 745 2290 hominis
758 2260 883 2290 istius.»
902 2260 957 2290 Et⁵
973 2270 981 2290 :

222 2311 386 2341 «Zelantes
404 2312 523 2348 Judaei,
544 2313 803 2350 assumentesque
824 2312 862 2341 de
883 2312 982 2350 vulgo

216 2364 301 2394 viros
315 2365 467 2402 quosdam
484 2365 595 2401 malos,
611 2366 640 2393 et
654 2364 748 2394 turba
761 2364 856 2399 facta,
874 2364 981 2393 conci—

216 2417 364 2445 taverunt
379 2416 547 2453 civitatem,
568 2419 598 2446 et
613 2415 778 2445 trahebant
790 2415 935 2445 Jasonem
950 2418 981 2445 et

216 2467 369 2506 quosdam
389 2467 501 2497 fratres
523 2468 563 2497 ad
577 2468 733 2506 principes
750 2467 897 2505 civitatis,
914 2467 980 2497 cla-

246 2561 325 2591 11nf.,
341 2568 365 2585 v.
382 2562 419 2585 16.
431 2574 462 2578 -
477 2562 486 2577 ²
497 2562 562 2589 Act„
579 2563 736 2590 v,17-18.—
749 2563 759 2579 ⁸
772 2564 837 2590 Act..
853 2569 887 2593 vl,
904 2565 979 2587 12.—

229 2596 311 2626 ¹lbid.,
325 2602 350 2624 v,
360 2598 439 2620 27·28.
452 2610 481 2614 —
496 2597 506 2612 Β
525 2597 598 2626 ibid„
610 2603 672 2626 xvn,
684 2599 731 2621 5-7.
744 2611 774 2616 --
791 2599 800 2612 θ
815 2598 834 2621 ΙΙ
853 2599 922 2626 Tim„
941 2605 977 2629 ιη,

215 2633 293 2655 10-12.
308 2644 339 2649 -
352 2632 363 2648 ⁷
378 2632 431 2655 lino
445 2633 532 2656 auctor
548 2638 625 2656 serni.
641 2638 681 2662 111,
696 2632 725 2656 de
742 2633 833 2663 innoc„
852 2633 883 2657 al.
903 2639 977 2663 cen,

782 198 994 230 EVANGELll
1016 199 1154 230 SANCTl
1178 199 1289 230 LUCAE

1063 268 1185 296 mantes
1202 276 1208 294 :
1227 266 1381 302 Quoniam
1396 266 1430 296 hi
1441 268 1515 296 sunt
1529 266 1583 305 qui
1597 266 1707 297 orbem
1721 267 1827 298 conci-

1062 321 1146 357 tant,
1171 321 1200 348 ct
1214 319 1277 349 huc
1298 321 1465 349 venerunt.
1485 318 1522 349 Et
1536 319 1569 349 hi
1585 328 1696 350 omnes
1717 322 1826 351 contra

1061 372 1184 402 decreta
1199 371 1329 401 Caesaris
1339 371 1467 408 faciunt,
1486 381 1594 410 regem
1611 371 1710 402 alium
1725 372 1826 403 dicen-

1059 427 1104 454 tes
1119 434 1185 455 csse
1199 424 1317 454 Jesum.
1334 436 1348 451 »
1371 424 1444 454 Haec
1460 427 1566 455 autem
1582 425 1755 464 persecutio
1770 425 1823 456 de-

1058 477 1161 507 saeviit
1175 479 1283 507 contra
1293 477 1460 516 apostolo&
1475 479 1505 507 et
1518 487 1593 508 suos
1607 478 1701 508 etiam
1716 487 1824 517 sequa-

1058 538 1124 567 ce5‚
1147 530 1186 559 ab
1210 530 1398 560 adversariis
1417 530 1554 559 nominis
1576 530 1698 561 Christi.
1717 531 1726 547 ⁶
1748 530 1825 561 «Tu

1057 583 1164 612 autem
1179 584 1339 612 assecutus
1354 591 1385 612 es
1408 591 1512 612 meam
1531 582 1715 619 doctrinam,
1733 583 1825 613 insti-

1056 635 1221 672 tutionem,
1239 635 1447 674 propositum,
1464 635 1570 672 sidem,
1587 637 1657 673 etc.,
1676 644 1823 674 persecu-

1055 687 1166 725 tiones,
1179 688 1350 727 passiones,
1363 687 1468 726 qualia
1484 687 1561 717 mihi
1577 688 1657 718 facta
1671 690 1746 718 sunt
1760 688 1822 718 An-

1055 740 1192 776 tiochiae,
1206 740 1312 776 Iconii,
1327 739 1457 779 Lystris.
1470 751 1483 768 »
1505 741 1658 780 Sequitur
1674 751 1680 771 :
1700 752 1714 769 (ι
1732 740 1769 771 Et
1782 750 1822 772 ex

1054 793 1202 822 omnibus
1217 793 1332 832 eripuit
1344 801 1394 823 me
1410 792 1573 823 Dominus.
1590 793 1627 822 Et
1641 802 1751 824 omnes
1765 793 1821 833 qui

1054 845 1103 884 pie
1122 845 1234 875 volunt
1250 846 1357 876 vivere
1371 846 1403 875 in
1419 845 1540 875 Christo
1558 845 1648 884 Jesu,
1674 855 1820 886 persecu-

1053 897 1169 927 tionem
1191 898 1360 936 patientur.
1385 908 1399 926 ι)
1430 897 1517 927 Unde
1538 897 1755 936 Augustinus,
1786 899 1819 928 in

1051 959 1195 980 sermone
1218 950 1255 979 (le
1274 949 1497 980 lmzocentibzes
1510 951 1520 967 ⁷
1535 959 1546 980 .·
1566 962 1580 978 (ι
1600 950 1635 980 In
1650 950 1819 989 Scripturis

1050 1004 1165 1032 sanctis
1185 1003 1284 1033 bonos
1306 1005 1336 1033 et
1355 1005 1457 1042 justos
1471 1003 1556 1034 viros
1572 1012 1695 1043 semper
1711 1012 1816 1043 perse-

1050 1056 1209 1086 cutionem
1240 1056 1399 1086 malorum
1435 1056 1619 1086 sustinuisse
1653 1057 1818 1094 cognosci—

1049 1118 1133 1146 mus,
1150 1120 1164 1137 »
1193 1109 1284 1148 quia,
1312 1111 1347 1138 ut
1369 1109 1441 1138 (licit
1463 1108 1675 1147 Gregorius⁸‚
1702 1120 1716 1136 «
1738 1109 1816 1139 Abel

1048 1170 1115 1191 csse
1129 1161 1243 1199 renuit,
1254 1170 1347 1200 quem
1364 1161 1439 1190 Cain
1455 1161 1572 1191 malitia
1583 1170 1646 1191 non
1657 1164 1810 1191 exercet.»

1088 1213 1241 1250 Secundo,
1262 1215 1417 1253 quantum
1441 1213 1479 1243 ad
1495 1214 1718 1252 persecutionis
1740 1223 1815 1244 cau-

1047 1275 1127 1303 sam,
1145 1266 1249 1296 subdit
1270 1267 1310 1304 (v.
1330 1267 1375 1304 13)
1400 1275 1408 1296 ι
1434 1266 1603 1305 Continqet
1627 1270 1735 1296 autem
1759 1275 1813 1296 vo-

1048 1318 1093 1347 bis
1117 1319 1150 1348 in
1178 1319 1391 1348 testimonium
1416 1318 1587 1348 dilectionis
1621 1318 1736 1350 divinae
1763 1320 1773 1335 ⁹
1804 1328 1812 1349 ε

1052 1382 1065 1399 (ι
1081 1371 1180 1408 Quem
1202 1372 1306 1410 diligit
1320 1371 1482 1408 Dominus,
1499 1371 1634 1410 castigat
1650 1382 1657 1402 ε
1674 1372 1815 1410 flagellat

1046 1427 1154 1454 autem
1165 1433 1291 1454 omnem
1311 1424 1412 1454 filium
1428 1434 1523 1463 quem
1533 1424 1652 1463 recipit.
1671 1424 1705 1455 In
1720 1425 1811 1456 disci-

1045 1476 1131 1515 plina
1147 1480 1355 1516 perseverate.
1371 1476 1535 1515 Tanquam
1550 1476 1638 1514 filiis,
1655 1477 1744 1507 vobis
1764 1478 1810 1507 of-

1046 1529 1104 1558 fert
1115 1538 1147 1558 se
1156 1528 1249 1559 Deus.
1264 1528 1339 1565 Quis
1352 1528 1437 1558 enim
1449 1529 1542 1565 tiliuS,
1556 1537 1651 1567 quem
1667 1538 1732 1559 non
1746 1538 1812 1560 cor-

1044 1581 1119 1620 ripit
1134 1582 1241 1620 pater?
1262 1581 1350 1618 Quod
1370 1581 1395 1610 si
1409 1583 1499 1611 extra
1518 1581 1713 1620 disciplinam
1725 1584 1810 1620 estis,

1045 1635 1136 1673 cujus
1150 1634 1315 1672 participes
1330 1633 1400 1663 facti
1415 1635 1489 1663 sunt
1501 1642 1621 1671 omnes,
1635 1642 1714 1672 ergo
1722 1634 1810 1665 adul-

1045 1686 1113 1723 teri,
1123 1688 1153 1715 et
1160 1695 1223 1716 non
1232 1686 1287 1715 filii
1298 1686 1382 1716 estis.
1390 1696 1404 1713 n
1412 1686 1452 1713 ¹⁰«
1459 1685 1612 1715 Memores
1621 1694 1688 1716 esse
1698 1686 1812 1716 dehent

1044 1738 1203 1777 quomodo
1220 1740 1308 1777 pater
1322 1740 1428 1767 noster
1441 1737 1601 1768 Abraham
1617 1740 1765 1775 tentatus,
1781 1741 1811 1769 et

1043 1800 1099 1830 per
1114 1791 1229 1821 multas
1243 1790 1462 1821 tribulationes
1478 1790 1638 1829 probatus,
1662 1790 1715 1820 Dei
1730 1792 1808 1821 ami-

1043 1852 1098 1873 cus
1111 1843 1242 1874 effectus
1265 1845 1322 1873 est.
1339 1854 1352 1870 n
1380 1842 1540 1881 Contingit
1559 1842 1654 1872 etiam
1670 1843 1702 1872 in
1723 1842 1810 1873 testi-

1043 1895 1187 1925 monium
1203 1895 1330 1925 virtutis
1353 1895 1501 1934 propriae;
1520 1896 1648 1933 propter
1662 1895 1746 1934 quod
1765 1895 1810 1925 di-

1042 1947 1123 1977 citur
1138 1948 1156 1963 ¹¹
1176 1957 1205 1977 z«
1220 1947 1339 1977 Accede
1353 1947 1428 1984 huc,
1445 1949 1479 1976 ut
1494 1949 1627 1985 tangam
1642 1948 1681 1984 te,
1692 1947 1737 1977 fili
1750 1947 1807 1985 mi,

1041 2001 1072 2029 et
1085 1999 1215 2038 probem
1230 2001 1339 2029 utrum
1354 2002 1388 2029 tu
1403 1999 1445 2028 sis
1460 1999 1543 2029 filius
1554 2008 1643 2029 meus
1657 1998 1749 2037 Esau,
1766 2008 1808 2029 an

1041 2059 1116 2080 non.
1132 2061 1146 2078 »
1167 2050 1253 2081 Unde
1267 2051 1382 2081 dicitur
1397 2054 1419 2070 ¹³
1437 2061 1466 2081 ια
1479 2051 1564 2081 Dixit
1583 2050 1678 2081 Satan
1693 2051 1732 2081 ad
1746 2050 1808 2081 Do-

1040 2103 1187 2133 minum:
1203 2103 1289 2133 Mitte
1317 2112 1448 2132 manum
1477 2105 1577 2139 tuam,
1606 2104 1636 2132 et
1658 2105 1752 2140 tange
1772 2111 1807 2132 os

1040 2156 1109 2193 ejus
1119 2157 1150 2185 et
1165 2163 1303 2192 carnem,
1320 2156 1350 2184 et
1373 2156 1448 2184 tunc
1461 2153 1582 2183 videbis
1593 2153 1678 2192 quod
1704 2154 1736 2182 in
1759 2153 1804 2183 sa-

1039 2207 1118 2237 ciem
1133 2206 1294 2237 benedicat
1308 2206 1374 2236 tibi.
1402 2205 1484 2235 Dixit
1507 2213 1585 2243 ergo
1599 2204 1751 2235 Dominus
1766 2205 1805 2236 ad

1038 2259 1135 2289 Satan
1152 2270 1159 2290 ε
1182 2259 1259 2289 Ecce
1273 2259 1305 2288 in
1321 2267 1417 2288 manu
1433 2260 1487 2288 tua
1501 2260 1558 2295 est,
1575 2260 1632 2287 etc.
1649 2256 1804 2296 Egressus

1038 2311 1140 2349 igitur
1155 2311 1250 2341 Satan
1265 2320 1283 2340 a
1298 2310 1373 2340 facie
1383 2309 1517 2347 Domini,
1528 2308 1801 2348 percussitJobum

1037 2363 1140 2393 ulcere
1156 2363 1301 2402 pessimo.
1316 2373 1331 2390 υ
1350 2364 1384 2391 Et
1400 2362 1419 2378 ¹³
1437 2372 1443 2392 :
1465 2373 1479 2390 «
1491 2361 1664 2391 Tribulatio
1678 2361 1799 2399 patien-

1036 2415 1112 2445 tiam
1122 2417 1281 2454 operatur,
1296 2414 1443 2453 patientia
1453 2416 1558 2443 autem
1569 2413 1797 2452 probationem,

1035 2496 1061 2512 n.
1078 2491 1101 2519 2,
1115 2490 1179 2514 inter
1198 2492 1273 2520 Oper.
1292 2491 1366 2521 Aug„
1383 2489 1492 2519 append.
1511 2490 1572 2511 tom.
1591 2487 1621 2510 V.
1636 2499 1666 2504 —
1689 2488 1697 2500 ⁸
1712 2488 1798 2517 Grcg„

1036 2525 1060 2547 z'n
1076 2525 1170 2554 Ewch„
1186 2525 1256 2549 honi.
1278 2531 1311 2548 ix.
1324 2527 1372 2542 —2'
1390 2524 1476 2548 Helua,
1490 2528 1535 2552 ΧΗ,
1552 2523 1604 2546 6-8.
1618 2535 1647 2540 -
1664 2522 1684 2538 ¹⁰
1702 2522 1797 2548 Jzule‘th,

1035 2564 1091 2587 vni,
1107 2562 1146 2582 22.
1162 2571 1191 2576 —
1214 2561 1229 2576 ¹¹
1249 2561 1319 2589 Gen„
1341 2565 1422 2589 xxvn,
1443 2560 1481 2582 2⁸.
1499 2570 1530 2575 —
1548 2557 1567 2573 ¹²
1584 2556 1637 2586 Jol),
1658 2563 1686 2586 11,
1706 2558 1754 2580 5-7.
1769 2569 1798 2574 -

1033 2593 1053 2609 ¹³
1069 2593 1145 2623 Itom7
1163 2600 1187 2623 v,
1201 2595 1252 2618 3-5.

1066 2633 1097 2662 (a)
1112 2633 1172 2656 Coet.
1187 2633 1248 2657 edit.
1262 2640 1375 2659 suorum.
1392 2645 1418 2651 -
1435 2631 1467 2662 (ὀ)
1484 2633 1544 2656 Item
1559 2631 1688 2662 praeccdit.
