1987 3032
226 236 285 264 274

225 300 341 327 sanctus
359 298 427 326 facit
442 297 646 332 regenerantes
659 295 691 322 in
704 294 816 322 Christo
830 293 913 327 taleS,
926 292 994 320 ideo

226 345 432 373 convenienter
449 344 479 370 in
494 342 589 378 specie
611 340 756 369 columbae
771 339 916 376 apparuit.
933 348 946 364 n
963 340 995 366 Et

226 391 262 419 de
286 392 343 419 hoc
362 391 438 418 bene
464 390 498 424 (a)
523 392 550 416 et
574 389 610 415 de
640 387 785 414 columbae
810 384 994 420 proprietati-

223 439 290 466 bus,
315 439 392 465 Unde
419 439 446 464 et
469 436 600 463 Salvator
629 435 760 461 hortatur
790 435 796 449 ¹
823 440 891 459 suos
918 432 993 459 elec-

224 487 286 518 tos,
304 486 336 511 ut
365 484 421 510 sint
444 481 590 517 simplices
613 481 686 507 sicut
719 479 877 506 columbae.
904 479 994 512 item,

224 532 297 560 sicut
311 534 338 559 et
355 538 408 566 per
422 529 592 557 columbam
611 527 790 555 deserentem
804 533 920 554 ramum
941 524 994 551 oli-

223 586 277 611 vae,
303 577 451 612 signatum
475 577 516 602 est
541 574 685 601 diluvium
714 580 851 605 cessasse,
874 570 914 597 sic
942 578 995 605 per

225 624 398 651 descensum
418 622 538 657 Spiritus
558 621 588 648 in
613 620 709 656 specie
734 618 889 651 columbae,
905 617 995 651 signi-

223 670 326 697 ficatur
345 669 491 696 diluvium
507 669 697 703 peccatorum
713 673 775 693 esse
797 666 950 692 cessatum.
964 665 996 690 Et

222 716 280 743 hoc
297 718 348 748 est,
371 715 454 751 quod
479 714 518 742 ait
538 714 586 741 bic
609 722 616 740 :
644 713 710 740 Vidi
733 713 866 746 Spiritum
886 711 995 737 descen-

223 762 342 794 dentem:
357 764 384 789 et
398 770 459 789 non
473 761 570 788 solum
584 760 651 794 hoc,
666 759 718 786 sed
733 758 821 786 etiam
832 759 994 790 manentem;

222 809 253 836 in
267 808 378 836 Christo
400 808 478 835 enim
495 814 611 842 semper
626 806 732 833 mansit
751 804 872 840 Spiritus
886 802 897 818 ²
917 812 923 830 ε
944 804 995 829 1ὲο-

223 857 339 889 quiescet
353 863 434 889 super
448 862 505 881 eum
517 853 639 887 Spiritus
654 853 771 879 Domini.
790 852 822 878 In
837 850 901 885 ipso
917 849 995 876 enim

223 903 265 929 est
279 901 312 936 (b)
334 901 488 936 spirituum
508 898 690 931 universitas,
705 899 733 925 et
751 897 790 924 ad
805 903 926 923 omnem
945 903 994 922 ac-

223 950 285 975 tum
301 946 474 975 eorumdem
488 946 614 981 potestas
632 944 693 971 sive
711 943 888 976 virtuosttas,
905 944 933 969 et
947 949 996 968 eo-

223 994 360 1020 rumdem
377 992 544 1028 perennitas
561 1000 567 1018 :
589 991 675 1025 Super
696 998 779 1016 unum
798 988 877 1016 enim
897 988 908 1004 ³
927 989 996 1021 Iapz'-

224 1041 282 1067 dem
310 1042 408 1074 septem
437 1040 507 1066 oculi*
534 1046 544 1065 :
568 1037 638 1073 quia
663 1036 791 1064 Christus
810 1034 996 1070 operationes

223 1086 400 1122 septiformis
420 1085 536 1120 spiritus
555 1083 642 1110 simul
656 1083 687 1110 in
708 1090 749 1116 se,
764 1084 791 1109 et
814 1081 996 1115 conjunctas,

225 1134 252 1160 et
269 1133 421 1159 manentes
440 1130 554 1163 habuit,
570 1130 609 1157 ait
623 1128 778 1163 Gregorius
791 1127 801 1142 ⁸
815 1127 890 1154 illud
905 1133 996 1161 expo-

224 1186 306 1206 nens.
328 1179 359 1205 In
382 1177 518 1205 homines
536 1184 607 1203 vero
633 1176 820 1210 regeneratos
845 1172 997 1200 descendit

224 1225 346 1260 Spiritus
370 1226 502 1257 sanctus,
519 1230 579 1250 non
598 1223 698 1249 manet
717 1220 838 1256 quando
864 1220 993 1254 peceant.

224 1272 234 1287 ¹⁵
247 1272 347 1298 Gratioe
361 1272 497 1303 fatuorum
513 1269 544 1303 (c)
560 1268 738 1303 effundentur.

261 1319 304 1345 33.
317 1318 351 1344 Et
361 1325 406 1350 eqo
420 1316 564 1343 nesciebam
577 1323 646 1348 eum,
661 1313 770 1341 seilicet
780 1320 816 1340 ex
826 1319 893 1339 mea
907 1311 997 1338 scien-

224 1365 274 1397 tia,
286 1363 354 1390 licet
366 1362 501 1390 sciverim
512 1369 547 1388 ex
560 1361 661 1388 divina
670 1358 859 1391 revelatione,
870 1360 901 1384 ut
911 1357 998 1384 habi—

224 1412 287 1437 tum
301 1412 342 1437 cst
354 1416 452 1444 supra.
470 1408 539 1436 Ideo
554 1407 685 1442 sequitur
699 1415 704 1433 :
722 1407 776 1438 Qui
790 1406 866 1432 misit
881 1412 921 1431 me
933 1405 998 1438 bap-

226 1458 328 1490 tizare,
348 1458 414 1488 etc.,
438 1457 466 1482 ct
490 1455 519 1481 in
542 1454 598 1481 hoc
620 1452 740 1480 Joannis
761 1451 928 1478 auctoritas.
949 1451 998 1477 Ille

225 1503 293 1529 mihi
308 1502 399 1535 dixit,
425 1503 491 1534 etc.,
516 1502 542 1527 et
562 1499 593 1526 in
607 1499 663 1526 boc
679 1498 784 1525 divinae
798 1496 998 1532 inspirationis

226 1547 346 1582 veritas;
364 1547 484 1582 Spiritus
502 1545 580 1573 enim
601 1545 632 1571 in
654 1543 743 1571 corde
764 1543 894 1578 loquitur
914 1550 997 1569 reve-

226 1594 317 1621 lando
332 1594 341 1609 ‘³
358 1603 364 1620 :
385 1602 398 1618 «
412 1595 475 1620 Non
490 1592 556 1618 estis
571 1591 621 1626 qui
636 1590 800 1625 loquimni‚
815 1589 867 1616 sed
880 1588 998 1624 spiritus

227 1640 316 1675 patris
330 1639 418 1666 vestri
434 1641 490 1672 est,
514 1638 565 1673 qui
580 1637 711 1672 loquitur
727 1636 756 1663 in
771 1635 867 1663 vobis.
883 1645 896 1660 »
913 1635 999 1669 Super

227 1695 303 1720 quem
319 1686 418 1712 videris
432 1685 583 1719 Spiritum,
599 1683 669 1710 etin
683 1682 740 1709 hoc
755 1681 830 1716 signi
846 1681 999 1708 ostenden-

228 1732 262 1759 tis
272 1731 409 1767 Spiritum
420 1729 681 1758 manifestabilitas.
693 1729 745 1754 Hic
760 1730 798 1755 est
808 1729 855 1761 qui
865 1728 998 1761 baptizat,

228 1778 297 1805 etin
311 1778 368 1805 hoc
381 1776 551 1812 baptizandi
567 1776 598 1803 in
612 1775 724 1802 Christo
739 1772 933 1808 regenerandi
946 1780 1000 1807 po-

230 1826 329 1857 testas,
345 1826 373 1851 et
387 1822 524 1858 baptismi
534 1821 752 1857 perfectibilitas
761 1841 769 1854 ‚
785 1820 874 1855 quia:
891 1820 923 1846 In
938 1819 1002 1853 Spi-

228 1873 286 1896 ritu
300 1873 400 1897 sancto.
416 1870 425 1885 ”¹
444 1879 458 1894 (ι
471 1870 528 1895 Vos
543 1870 641 1895 autem
658 1865 879 1901 baptizabimini
894 1865 1001 1900 Spiritu

229 1919 346 1950 sancto,
361 1926 374 1943 »
397 1918 451 1944 etc.
475 1917 513 1942 Dc
536 1915 592 1942 hoc
607 1922 694 1948 ergo,
710 1913 793 1948 quod
808 1913 846 1940 ait
862 1921 868 1939 ε
885 1914 940 1946 Ερο
956 1920 1001 1939 ne-

229 1964 341 1990 sciebam
352 1971 409 1990 eum
417 1983 424 1996 ,
436 1961 540 1997 quaerit
552 1961 649 1988 adhuc
660 1960 884 1995 Chrysostomus
895 1959 905 1974 Β
911 1979 920 1992 ,
931 1966 1002 1993 qua-

229 2009 304 2043 liter,
325 2009 348 2035 si
370 2008 531 2035 nesciverat
546 2015 624 2040 eum,
640 2008 757 2033 testatus
773 2006 815 2032 est
829 2004 1002 2031 descensum

230 2055 350 2090 Spiritus
364 2062 452 2089 super
462 2061 529 2081 eum
539 2054 551 2080 ’ἲ
563 2054 632 2080 ltem
647 2052 751 2088 quaerit
765 2061 771 2078 :
785 2050 811 2078 Si
823 2052 891 2078 tunc
905 2050 1002 2085 primo

231 2101 369 2136 cognovit
382 2108 466 2133 eum,
486 2099 611 2135 qualiter
634 2098 673 2125 ait
692 2100 758 2125 ante
779 2096 977 2132 baptismum⁹
993 2105 999 2122 :

230 2149 287 2182 qu
306 2147 383 2174 debeo
403 2155 420 2173 a
445 2149 470 2173 te
490 2146 645 2180 baptizari?
666 2146 698 2172 Et
719 2142 895 2178 respondet,
920 2141 1004 2177 quod

232 2196 300 2220 tunc
318 2193 401 2220 novit
425 2200 511 2225 eum,
534 2192 616 2218 Patre
639 2197 708 2217 eum
727 2189 875 2216 revelante
890 2188 960 2221 sibi,
977 2190 1004 2215 et

232 2239 338 2275 Spiritu
353 2239 500 2266 indicante
515 2245 602 2271 eum,
624 2235 675 2271 qui
693 2235 912 2270 baptizabatur,
928 2234 1002 2261 scili-

234 2287 278 2313 cet
298 2285 452 2312 Christum.
475 2286 506 2311 Et
535 2291 571 2310 ex
594 2282 638 2310 his
663 2281 812 2309 concludit
835 2280 1005 2315 chrysosto—

234 2339 300 2358 mus
315 2333 336 2348 ¹⁰
353 2340 379 2357 1«
393 2331 490 2365 Signa,
507 2338 572 2365 quae
581 2328 706 2364 puerilia
721 2335 782 2354 esse
798 2327 879 2354 aiunt
891 2327 1002 2361 Christi,

234 2376 390 2404 mendacia
404 2385 465 2403 esse
481 2378 509 2402 et
517 2375 650 2402 fictiones
665 2373 876 2409 quorumdam.
889 2372 916 2400 Si
927 2373 1005 2400 enim

234 2430 252 2450 a
279 2423 376 2457 prima
398 2424 480 2448 aetate
503 2421 701 2454 mirificasset,
725 2419 756 2446 id
779 2421 837 2454 est,
861 2419 1006 2446 miracula

234 2467 364 2502 fecisset,
383 2475 573 2503 nequaquam
596 2475 664 2495 eum
682 2468 809 2494 Joannes
830 2465 1004 2500 ignorasset,

269 2556 276 2571 ¹
290 2555 388 2583 Manli„
404 2560 435 2583 x,
452 2556 488 2578 16.
503 2567 534 2571 -
549 2554 556 2568 ²
574 2555 630 2580 Iso..
646 2559 683 2583 xi,
701 2555 723 2577 2.
738 2566 769 2571 -
785 2553 794 2566 ³
810 2552 899 2583 lach„
918 2558 962 2582 111,
981 2553 1004 2576 9.

235 2604 266 2609 -—
280 2591 291 2607 ⁴
303 2591 388 2621 Greg.,
407 2589 510 2619 ium-al„
528 2589 570 2612 lib.
588 2590 677 2619 xxm,
693 2596 715 2612 e.
726 2594 778 2618 xvi,
795 2589 826 2612 al.
841 2592 913 2618 xxxt,
926 2594 952 2611 n.
966 2589 1005 2611 74.

236 2639 267 2644 —
279 2627 290 2643 ⁵
303 2626 389 2654 Eccli.,
404 2631 448 2655 xx,
462 2626 500 2648 13.
515 2636 544 2642 —-
557 2626 565 2638 ⁶
578 2624 678 2653 ΜαίτΙι.,
693 2630 722 2653 x,
739 2625 778 2647 20.
794 2636 821 2640 -
838 2623 848 2639 '¹
864 2623 927 2652 Act„
945 2628 967 2653 1,
982 2623 1006 2646 5.

238 2674 267 2679 —
289 2663 297 2675 ⁸
317 2661 456 2691 chrysost„
479 2660 522 2683 ubi
541 2666 596 2689 sup.
622 2672 651 2676 —
679 2659 690 2674 ⁹
719 2658 820 2687 Mutth„
849 2664 891 2685 ιιι,
918 2659 954 2681 14.
977 2670 1008 2675 —

742 226 954 258 EVANGELH
977 226 1117 258 SANCTI
1135 228 1151 260 J
1154 228 1299 261 OANNIS

1051 301 1147 330 neque
1169 295 1284 332 reliqua
1305 295 1462 323 multitudo
1486 295 1660 331 indiguisset
1679 296 1819 332 magistro

1051 349 1120 368 eum
1134 341 1354 370 manifestatum
1363 352 1371 377 3
1386 349 1465 369 nunc
1479 344 1576 369 autem
1591 343 1630 370 ait
1642 344 1770 371 Ioannes
1788 351 1820 371 se

1051 387 1215 422 advenisse,
1226 388 1495 416 utmanil'estarctur
1508 388 1585 416 filius
1598 389 1646 416 Dei
1659 389 1689 416 in
1700 389 1795 417 lsrael.
1804 401 1818 414 υ

1051 434 1115 460 Haec
1129 433 1188 460 ille.
1204 437 1243 462 Ex
1260 434 1438 461 revelatione
1453 442 1523 469 ergo
1538 443 1606 462 eum
1621 435 1774 470 cognovit,
1791 437 1823 463 ut

1052 479 1161 507 dictum
1171 483 1221 508 est.
1232 481 1408 516 Augustinus
1416 482 1510 509 ¹¹vero
1521 483 1680 518 respondet
1688 484 1720 510 ut
1730 482 1822 518 prius,

1051 526 1124 553 sicut
1139 534 1227 562 supra
1242 527 1352 554 dictum
1367 529 1427 554 est:
1446 537 1459 552 ι(
1471 528 1562 561 Quid,
1577 528 1688 564 inquit,
1702 537 1754 564 per
1769 536 1820 556 co-

1051 571 1185 599 lumbam
1196 572 1314 607 didicit,
1330 573 1385 600 nisi
1396 573 1556 609 quamdam
1570 575 1778 610 proprietatem
1791 575 1822 602 in

1051 618 1162 646 Christo
1173 618 1261 646 talem
1268 619 1406 653 futuram,
1416 622 1446 646 ut
1457 619 1591 655 quamvis
1599 620 1682 648 multi
1694 623 1760 657 post
1769 620 1823 648 mi-

1052 664 1133 691 nistri
1147 665 1322 700 baptizaturi
1337 667 1447 700 essent,
1461 666 1522 692 sive
1541 666 1611 700 justi
1626 666 1686 694 sive
1706 666 1822 702 injusti,

1051 717 1112 738 non
1141 711 1316 739 tribueretur
1342 711 1478 739 sanctitas
1501 712 1654 747 baptismi,
1679 711 1735 740 nisi
1761 711 1822 746 illi,

1051 765 1140 792 super
1163 766 1252 792 quem
1279 758 1421 786 columba
1444 758 1614 786 descendit?
1640 759 1822 794 Quicumque

1051 803 1131 830 enim
1150 804 1294 839 baptizat,
1310 804 1370 832 sive
1384 806 1499 839 Petrus,
1522 805 1582 832 sive
1596 804 1702 839 sudas,
1714 815 1728 831 n
1746 804 1823 832 scili-

1052 851 1097 876 cet
1110 849 1317 884 ministraliter,
1335 860 1349 875 α
1364 850 1410 877 hie
1433 853 1488 884 est,
1505 850 1556 886 qui
1571 850 1714 886 baptizat,
1737 860 1751 876 »
1769 850 1823 878 sci-

1051 894 1119 922 licet
1133 895 1260 922 Christus
1275 895 1442 923 efficienter.
1465 898 1528 924 Haec
1548 896 1613 930 ille,
1629 898 1657 924 et
1673 897 1714 924 ibi
1733 896 1820 924 bene.

1053 942 1147 974 Quare
1161 949 1214 976 per
1235 942 1405 969 columbam
1428 942 1548 978 Spiritus
1571 944 1688 970 sanctus
1702 942 1824 970 descen·
1869 948 1943 973 Quam

1053 987 1105 1021 dit,
1117 987 1225 1015 scilieet
1236 988 1306 1023 quia
1316 988 1455 1016 unitatem
1465 988 1626 1023 significat:
1647 989 1704 1016 Una
1713 988 1792 1016 enim
1801 988 1822 1004 ¹²
1845 980 1937 1030 ⁵⁹5‘52m'

1052 1034 1169 1060 columba
1184 1042 1251 1061 mea.
1269 1036 1301 1061 Et
1314 1034 1426 1062 ibidem
1442 1035 1464 1051 ¹³
1480 1043 1506 1062 z«
1521 1034 1667 1062 Columba
1682 1033 1822 1070 simplex,
1837 1016 1898 1068 Pagrae
1905 1016 1941 1060 1¹:¹0⁵-

1052 1079 1207 1113 innocens,
1227 1081 1289 1108 sine
1316 1081 1399 1115 felle,
1428 1083 1533 1116 pacata
1560 1080 1590 1107 in
1615 1080 1740 1115 osculis,
1762 1088 1823 1108 non
1837 1072 1942 1092 ’mmm'

1052 1134 1129 1153 saeva
1143 1126 1173 1153 in
1191 1127 1356 1161 unguibus3
1373 1127 1443 1154 tales
1461 1127 1570 1154 debent
1587 1134 1648 1154 esse
1662 1127 1823 1162 regenerati

1051 1180 1104 1207 per
1118 1173 1256 1208 Spiritum
1270 1173 1300 1200 in
1313 1173 1440 1207 Christo,
1454 1181 1515 1201 non
1524 1180 1646 1209 rapaces
1660 1175 1692 1200 ut
1704 1173 1796 1201 corvi.
1807 1183 1822 1199 ι

1052 1220 1084 1246 Et
1098 1218 1139 1245 ibi
1155 1219 1282 1246 multum
1298 1222 1325 1246 et
1338 1220 1416 1247 bene
1432 1219 1469 1247 de
1487 1219 1554 1247 hoc.

1089 1266 1132 1292 34.
1146 1266 1178 1292 Et
1192 1265 1323 1300 sequitur
1337 1264 1441 1292 ultima
1454 1265 1614 1300 particula,
1633 1264 1742 1292 scilicet
1756 1272 1826 1292 con-

1053 1310 1160 1343 clusio,
1185 1311 1246 1337 sive
1269 1310 1427 1346 applicatio
1451 1311 1608 1338 testimonii
1628 1310 1777 1338 certificati
1797 1312 1826 1338 et
1853 1318 1945 1340 conatu-

1052 1356 1226 1388 manit'estati
1242 1365 1248 1383 ε
1263 1357 1299 1383 Et
1313 1365 1358 1391 eqo
1376 1357 1451 1390 vidi,
1472 1356 1581 1384 scilicet
1595 1356 1826 1384 intellectualiter
1840 1349 1873 1370 ⁹³⁰
1898 1349 1945 1384 ,ΨΘ

1053 1403 1160 1438 Spiritu
1175 1402 1333 1437 revelante,
1346 1405 1372 1430 et
1383 1403 1469 1431 etiam
1485 1403 1675 1438 corporaliter
1687 1402 1827 1432 columba
1840 1380 1943 1432 3323:

1053 1451 1224 1484 apparente,
1241 1451 1269 1476 et
1288 1457 1378 1485 supra
1392 1449 1537 1476 Christum
1552 1449 1746 1478 descendente
1763 1459 1770 1477 :
1786 1450 1822 1477 Et
1839 1441 1917 1462 muli·

1053 1497 1233 1522 testimonium
1253 1496 1399 1529 perhibui,
1421 1497 1487 1530 quia
1506 1496 1548 1522 hic
1570 1498 1607 1522 est
1620 1497 1693 1530 filius
1711 1497 1777 1530 Dei,
1795 1497 1827 1523 ut

1054 1549 1152 1576 supra.
1171 1544 1202 1569 Ut
1217 1541 1296 1568 cuim
1310 1541 1350 1568 ait
1364 1541 1540 1575 Augustinus
1556 1539 1575 1557 ¹⁴
1590 1550 1597 1568 :
1622 1551 1635 1567 ιι
1650 1541 1827 1569 columbam

1054 1590 1081 1614 et
1090 1587 1189 1622 ignem
1200 1587 1291 1614 oculis
1302 1587 1448 1622 viderunt,
1463 1587 1642 1623 quicumque
1652 1587 1799 1615 viderunt.
1810 1596 1824 1613 n

1054 1635 1085 1661 Et
1104 1634 1140 1661 de
1157 1634 1213 1661 hoc
1232 1634 1456 1669 Chrysostomus
1472 1634 1493 1650 ¹⁵
1519 1634 1605 1662 bene.
1627 1634 1726 1669 ltaque
1747 1633 1827 1662 solus

1053 1681 1178 1707 Joannes
1200 1680 1273 1707 vidit
1293 1680 1431 1715 Spiritum
1451 1680 1482 1707 in
1503 1680 1599 1716 specie
1620 1680 1776 1708 columbae.
1796 1682 1828 1708 Et

1054 1727 1184 1762 sequitur
1199 1726 1366 1753 :«Viderunt
1381 1726 1502 1760 quidem
1517 1734 1620 1754 omnes
1633 1728 1799 1762 praesentes.
1810 1737 1824 1752 n

1054 1773 1110 1800 Sed
1125 1774 1195 1799 tunc
1208 1772 1364 1808 quaeritur,
1380 1780 1471 1807 quare
1488 1775 1556 1800 tunc
1572 1780 1633 1801 non
1648 1781 1751 1801 omnes
1765 1781 1827 1800 cre-

1055 1818 1194 1845 diderunt
1217 1827 1222 1844 :
1247 1820 1274 1845 et
1296 1818 1455 1853 respondet
1479 1819 1561 1854 quod
1586 1829 1599 1844 ιι
1621 1826 1682 1846 non
1696 1819 1827 1854 corporis

1055 1864 1148 1891 oculis
1163 1872 1238 1899 opus
1250 1864 1360 1891 habent
1373 1865 1411 1899 (d)
1428 1864 1535 1898 solum,
1549 1864 1659 1892 scilicet
1671 1865 1711 1892 ad
1724 1864 1828 1892 viden·
1868 1859 1872 1865 ¹

1056 1910 1143 1943 dum,
1158 1910 1210 1937 sed
1226 1918 1260 1937 ea
1279 1910 1408 1944 visione,
1427 1918 1491 1945 quse
1512 1911 1554 1937 est
1573 1910 1735 1938 secundum
1749 1918 1830 1938 men-

1055 1958 1123 1983 tem.
1138 1957 1170 1983 Et
1188 1956 1258 1991 quia
1271 1955 1356 1983 multi
1372 1956 1479 1983 de⁴illis
1497 1956 1636 1984 carebant
1649 1956 1702 1984 illa
1714 1956 1828 1984 visione

1056 2004 1083 2029 et
1097 2002 1156 2029 fide
1165 2023 1174 2036 ,
1189 2002 1258 2030 ideo
1272 2010 1334 2029 non
1349 2002 1546 2030 crediderunt.
1558 2002 1609 2030 Vel
1621 2002 1714 2037 aliter,
1725 2004 1758 2030 ut
1767 2002 1830 2039 qui-

1057 2048 1127 2076 dam
1139 2049 1234 2082 aiunt,
1247 2056 1344 2083 neque
1360 2056 1463 2076 omnes
1478 2048 1753 2083 consideraverunt,
1771 2049 1829 2076 sci·

1056 2094 1124 2122 licet
1138 2094 1310 2122 columbam
1321 2094 1548 2122 descendentem
1555 2104 1563 2129 3
1576 2094 1627 2122 sed
1636 2094 1734 2122 solum
1744 2096 1830 2122 Joan-

1057 2149 1124 2176 nes,
1143 2143 1171 2168 et
1191 2141 1233 2168 illi
1255 2141 1307 2176 qui
1331 2141 1464 2176 dispositi
1488 2143 1579 2168 erant.
1600 2150 1614 2166 »
1639 2142 1704 2168 flaec
1718 2140 1777 2168 ille.
1797 2142 1831 2168 Et

1057 2187 1222 2214 notandum
1231 2207 1240 2220 ,
1257 2186 1340 2222 quod
1354 2186 1402 2214 hic
1416 2187 1503 2222 plene
1521 2188 1548 2214 et
1562 2194 1698 2221 expresse
1712 2187 1830 2214 testatus

1059 2234 1114 2266 est,
1131 2232 1273 2268 quoniam
1286 2233 1338 2259 Hic
1352 2235 1391 2259 est
1403 2233 1492 2260 Filius
1509 2234 1555 2259 Dei
1563 2242 1571 2265 ;
1584 2232 1666 2267 prius
1681 2232 1760 2260 enim
1773 2240 1830 2260 vo-

1059 2278 1135 2306 cavit
1149 2286 1217 2305 cum
1231 2279 1355 2313 Aqnum,
1368 2280 1396 2305 et
1410 2278 1449 2306 ait
1460 2286 1527 2305 eum
1541 2278 1648 2313 Spiritu
1661 2278 1810 2314 baptizare
1822 2288 1828 2306 :

1059 2324 1106 2351 bic
1119 2332 1190 2352 vero
1205 2324 1245 2351 ait
1259 2324 1356 2359 ipsum
1368 2332 1429 2351 esse
1443 2324 1549 2352 Filium
1563 2324 1627 2359 Dei,
1642 2327 1710 2360 post
1722 2324 1832 2352 revela-

1058 2371 1168 2398 tionem
1190 2372 1218 2398 et
1239 2371 1436 2398 ostensionem
1464 2370 1585 2406 Spiritus
1607 2371 1638 2398 in
1659 2371 1756 2407 specie
1779 2378 1830 2398 co-

1059 2416 1168 2444 lumbae
1183 2416 1386 2444 descendentis
1400 2424 1488 2452 super
1503 2416 1656 2444 Christum.

1061 2477 1081 2493 ¹⁰
1095 2477 1235 2507 Chrysost„
1254 2476 1297 2500 ubi
1321 2483 1389 2507 sup„
1407 2483 1434 2500 n.
1457 2477 1480 2500 3.
1499 2489 1530 2493 -
1561 2477 1576 2492 ¹¹
1599 2477 1672 2507 Aug„
1694 2477 1720 2500 in
1748 2477 1829 2507 Joan„

1060 2513 1132 2535 tract.
1150 2518 1174 2541 V,
1189 2518 1214 2535 u.
1230 2513 1242 2535 ’ῖ
1259 2515 1283 2535 et
1297 2519 1350 2542 seq.
1363 2525 1393 2530 -—
1406 2512 1425 2528 ¹²
1441 2511 1524 2541 Cant..
1539 2517 1568 2541 ιι,
1587 2513 1621 2534 10.
1639 2524 1668 2528 -
1689 2512 1708 2527 ¹⁸
1723 2513 1788 2543 Aug.
1803 2513 1831 2536 in

1060 2548 1143 2576 Joan„
1161 2549 1233 2571 tract.
1254 2552 1294 2577 vi,
1314 2554 1339 2571 n.
1358 2548 1380 2571 3.
1397 2559 1427 2565 -
1445 2547 1464 2562 ¹·
1477 2546 1524 2576 ld„
1539 2546 1569 2570 cle
1584 2547 1683 2577 Trium,
1700 2547 1744 2571 uh.
1759 2548 1791 2578 ιι,
1806 2554 1829 2572 c.

1061 2588 1095 2606 vi.
1109 2595 1140 2600 -
1157 2583 1178 2598 ¹⁵
1191 2582 1331 2613 Chrysost„
1347 2582 1390 2606 ubi
1405 2589 1471 2612 sup„
1488 2588 1514 2605 n.
1533 2583 1556 2605 3.

1094 2623 1125 2652 (ιι)
1135 2622 1194 2646 Coet.
1205 2622 1266 2645 edit.
1277 2621 1334 2645 add.
1351 2621 1531 2645 Mattbaeusl—
1542 2621 1576 2652 (b)
1588 2621 1630 2645 Al.
1644 2624 1715 2646 et.—
1725 2622 1754 2652 (c)
1765 2622 1828 2646 caet.

1061 2657 1122 2680 edit,
1134 2657 1285 2686 [utut-orum.
1301 2670 1331 2675 ·-—
1348 2657 1380 2686 (d)
1399 2657 1460 2680 Coet.
1479 2656 1538 2680 edit.
1554 2656 1661 2681 habens.
