1987 3032
196 245 234 274 78
738 240 950 272 EVANGELII
974 239 1115 272 SANCTI
1139 238 1248 270 LUCAE

195 309 258 341 die.
274 321 288 338 »
307 309 345 341 Et
360 309 430 341 ideo
451 310 565 340 dicitur
581 314 588 329 ¹
607 320 613 339 z
633 320 647 338 α
668 308 697 338 15
715 309 770 348 qui
794 307 966 338 manducat

195 372 259 394 non
275 363 521 394 manducantem
535 371 599 392 non
616 364 760 401 spernat3
781 364 810 391 et
827 361 882 400 qui
901 370 965 391 non

196 417 378 454 manducat,
387 416 633 446 manducantem
644 414 842 453 nonJudicet.
855 426 869 442 »
886 413 924 444 Et
934 415 944 430 ‘²
957 424 962 443 :

198 482 212 499 α
235 469 279 501 Νο
294 479 422 510 spernas
441 469 604 500 hominem
624 468 657 498 in
672 468 743 498 visu
763 477 820 498 suo
838 478 844 498 ι
862 467 967 498 brevis

196 524 230 554 in
244 523 426 554 volatilibus
447 524 494 552 est
515 522 600 561 apis,
624 523 654 551 et
669 520 808 551 multum
829 520 966 551 dulcoris

196 576 292 607 habet
318 576 438 606 fructus
463 574 559 605 illius.
579 585 593 602 »
620 573 667 603 Ad
687 573 747 604 hos
763 573 865 612 igitur
888 573 967 604 dixit

196 628 377 669 parabolam
390 628 492 665 istam,
504 628 537 657 in
546 626 783 657 detestationem
796 626 964 666 superhiae,

197 683 227 712 et
240 681 365 711 laudem
381 679 581 710 humilitatis.
595 679 682 710 Unde
694 679 819 710 Glossa:
837 690 851 707 «
863 678 897 709 In
908 678 967 709 hac

196 734 345 775 parabola
369 733 506 764 ostendit
524 742 589 764 non
610 733 683 763 fidei
706 734 831 763 tantum
851 732 964 769 verba,

197 788 250 818 sed
263 796 359 827 opera
374 786 598 818 examinanda.
611 796 625 814 n
643 785 728 816 Inter
739 794 812 825 quae
824 785 964 815 maxime

196 840 359 870 humilitas
382 842 496 878 regnat
515 850 521 870 z
539 848 636 879 quam
660 839 737 878 quia
759 848 823 868 non
850 838 968 869 habent

197 893 342 933 superbi,
366 893 403 923 de
427 902 484 922 sua
509 892 633 931 Justitia
660 893 904 931 praesumentes,
938 894 968 921 et

198 946 342 976 infirmos
357 945 572 984 despicientes,
589 944 679 984 quasi
695 945 756 974 fide
772 944 877 981 vacui,
895 953 968 973 cum

198 1001 302 1037 orant,
319 998 547 1038 despiciuntur.

239 1052 401 1090 Secundo,
419 1054 575 1092 quantum
597 1051 635 1082 ad
651 1051 846 1082 conditiones
860 1060 967 1091 perso-

198 1116 326 1144 narum,
343 1106 380 1136 de
392 1105 680 1146 quibusloquitur⁷
699 1105 805 1135 subdit
824 1105 872 1143 (v,
891 1105 943 1144 w)
960 1116 966 1135 :

200 1160 271 1190 Duo
298 1159 439 1190 homines
464 1158 674 1189 ascendebant
695 1158 728 1188 in
755 1158 909 1198 templum
936 1163 970 1188 ul

200 1217 349 1250 orarent,
382 1222 437 1252 per
476 1212 685 1242 intentionem
714 1211 910 1241 conformem
940 1215 970 1242 et

200 1267 293 1297 etiam
310 1266 511 1296 laudabilem.
528 1265 576 1295 Ad
590 1265 649 1295 1100
665 1265 749 1295 enim
765 1265 922 1296 debemus
936 1266 969 1295 in

198 1318 353 1358 templum
369 1318 576 1349 conscendere
586 1321 622 1348 ut
637 1326 774 1354 oremus,
792 1317 968 1348 secundum

199 1372 276 1403 illud
294 1372 327 1402 ³:
348 1369 495 1402 «Domus
519 1380 590 1401 mea
612 1370 726 1401 domus
748 1370 898 1400 orationis
913 1380 969 1401 vo-

200 1427 360 1457 cabitur.»
375 1426 462 1456 Unde
478 1428 508 1455 et
523 1425 727 1464 Augustinus
742 1424 815 1454 dicit
830 1424 840 1439 ⁶
857 1434 863 1453 z
888 1423 970 1454 «Ne-

200 1488 255 1510 mo
275 1479 307 1509 in
332 1478 469 1509 oratorio
491 1477 610 1517 aliquid
637 1479 731 1516 agat,
754 1477 815 1506 nisi
836 1477 912 1507 illud
932 1477 970 1507 ad

200 1532 285 1572 quod
308 1532 422 1562 sactum
440 1533 503 1569 est,
527 1530 609 1561 unde
629 1532 660 1560 et
674 1539 791 1560 nomen
806 1530 935 1569 accepit.
952 1540 966 1557 n

200 1585 370 1625 Propterea
393 1585 545 1616 Dominus
560 1593 613 1614 eos
635 1584 689 1623 qui
714 1584 746 1613 in
772 1583 889 1623 templo
905 1592 969 1613 non

200 1639 350 1676 orabant,
375 1639 429 1669 sed
449 1638 690 1674 mercabantur,
712 1637 803 1676 ejecit
825 1645 888 1666 non
903 1636 971 1667 sine

200 1693 367 1733 asperitate
389 1692 558 1723 verborum
618 1700 625 1721 :
651 1702 664 1719 «
679 1690 804 1721 Invenit
827 1689 916 1720 Jesus
938 1690 970 1719 in

200 1744 318 1783 templo
336 1743 509 1774 vendentes
527 1751 602 1773 oves
621 1744 650 1772 et
667 1742 780 1779 boves,
802 1744 832 1772 et
847 1742 970 1772 colum-

200 1796 267 1835 has,
284 1799 314 1828 et
328 1796 562 1827 nummularios
574 1796 727 1826 sedentes.
746 1795 784 1826 Et
798 1804 869 1826 cum
886 1795 972 1825 fecis-

201 1853 247 1881 set
260 1850 351 1890 quasi
363 1850 528 1888 flagellum
539 1849 577 1880 de
588 1848 747 1887 funiculis,
760 1857 871 1879 omnes
881 1848 972 1888 ejecit

201 1904 239 1934 de
253 1903 381 1943 templo.
399 1903 436 1934 Et
452 1903 502 1933 1115
523 1903 579 1942 qui
603 1901 765 1932 columbas
779 1901 968 1939 vendebant,

201 1956 281 1987 dixit
297 1965 303 1986 :
321 1955 450 1986 Auferte
464 1956 524 1986 ista
536 1955 623 1991 hinc,
639 1956 669 1985 et
682 1954 778 1984 nolite
797 1954 899 1984 facere
921 1953 972 1984 do-

203 2019 294 2041 mum
309 2010 406 2049 patris
418 2009 491 2047 mci,
507 2008 637 2039 domum
653 2007 887 2046 negotiationis.
901 2016 915 2035 ›)
934 2006 973 2037 Et

202 2064 273 2103 hoc,
290 2064 366 2104 quia
385 2064 500 2095 domus
514 2063 566 2093 illa
589 2062 676 2093 locus
693 2062 845 2093 orationis
860 2063 917 2092 est.
936 2061 973 2092 Et-

202 2120 387 2158 propterea,
414 2119 449 2148 ut
469 2117 660 2156 competeret
683 2116 710 2146 ei
736 2117 864 2155 propter
888 2114 973 2154 quod

203 2173 280 2209 erat,
296 2171 366 2202 ideo
384 2171 417 2201 in
433 2170 495 2200 alto
510 2171 594 2207 erat,
611 2171 641 2199 et
655 2177 710 2208 per
727 2168 846 2207 gradus
861 2176 972 2198 ascen-

203 2225 275 2256 dere
294 2225 476 2265 oportebat,
499 2224 538 2254 ad
559 2222 789 2253 insinuandum
812 2221 896 2261 quod
918 2221 972 2261 qui

203 2278 273 2308 vult
288 2287 388 2316 orare,
406 2278 529 2317 oportet
539 2285 668 2307 sursum
685 2276 811 2314 erigere
825 2284 868 2305 se.
886 2274 972 2305 Unde

203 2332 235 2361 et
255 2331 288 2360 in
303 2330 490 2360 Praefatione
507 2329 620 2360 dicitur
637 2329 646 2345 ⁶
669 2340 675 2359 :
701 2329 841 2360 Sursum
864 2327 971 2358 corda.

204 2383 335 2423 Propter
351 2383 434 2422 quod
453 2385 483 2413 et
499 2382 678 2414 Bcrnardus
693 2382 768 2412 dicit
781 2405 788 2418 ‚
804 2381 887 2421 quod
903 2381 973 2411 licet

203 2435 286 2467 Deus
300 2435 419 2475 ubique
439 2435 478 2465 sit
490 2459 498 2472 ‚
516 2437 621 2466 tamen
636 2435 670 2465 in
686 2435 829 2465 oratione
844 2443 972 2464 sursum

204 2492 252 2520 est
264 2489 467 2528 cogitandus,
484 2490 519 2518 ut
532 2498 662 2519 sursum
677 2497 733 2518 cor
749 2489 894 2518 nostrum
910 2486 971 2517 ele-

204 2545 308 2574 vetur.
330 2542 365 2572 In
390 2542 480 2580 cujus
501 2542 642 2579 figuram
663 2541 743 2570 dixit
766 2540 919 2570 Dominus
934 2539 973 2570 ad

236 2605 245 2621 ¹
258 2606 336 2634 Rom„
352 2610 405 2634 xiv,
422 2604 445 2627 3.
461 2616 491 2621 —
505 2604 513 2616 ²
527 2602 618 2632 recti„
633 2608 674 2631 xi,
690 2602 714 2625 2.
728 2616 758 2620 —
777 2603 787 2619 3
800 2602 903 2632 Mami„
918 2607 974 2631 xxi,

206 2643 245 2667 13.
259 2653 291 2659 —
305 2642 312 2654 ⁴
328 2642 406 2671 Aug„
421 2638 507 2670 Requi.
527 2638 562 2662 ad
580 2645 645 2662 serr.
660 2638 720 2666 Dei,
741 2646 767 2661 u.
784 2639 807 2662 3.
822 2651 852 2656 -
869 2638 879 2655 ⁵
891 2638 972 2666 Joan„

205 2684 240 2708 11,
255 2678 333 2702 ¹4-16.
349 2689 376 2694 —
398 2676 408 2692 θ
423 2674 508 2699 Verba
525 2673 652 2705 Liturgiae.
672 2686 702 2691 —
717 2673 724 2687 ⁷
741 2673 832 2704 Exod„
848 2679 918 2703 xxw,
936 2674 973 2697 12.

204 2725 235 2733 -·
258 2714 266 2728 ¹³
285 2715 304 2738 Α
325 2712 405 2737 verbo
425 2710 497 2736 hebr.
521 2708 597 2739 rm,
622 2709 736 2738 Dia-rupit
759 2714 804 2732 seu
826 2709 928 2732 Divisit.
943 2720 974 2726 --

1022 307 1152 346 Moysen
1167 309 1178 326 ⁷
1197 317 1203 336 :
1226 317 1240 334 (ι
1256 306 1397 337 Ascende
1420 307 1459 337 ad
1479 315 1529 337 me
1550 307 1581 336 in
1603 307 1756 336 montem.
1771 315 1786 334 n

1023 361 1108 391 Licet
1134 362 1241 391 autem
1264 360 1302 390 ad
1325 369 1426 390 unum
1450 359 1654 390 consimiliter
1683 358 1794 390 tende-

1021 417 1091 445 rent
1107 416 1145 453 (a)
1160 415 1265 445 locum
1276 438 1283 451 ,
1300 414 1391 444 valde
1407 416 1513 444 tamen
1529 413 1689 443 habebant
1703 411 1792 443 diffe-

1021 468 1157 498 rentiam
1190 475 1328 497 morum.
1370 466 1406 496 Et
1438 466 1508 497 ideo
1543 466 1649 497 subdit
1665 476 1672 496 ε
1707 465 1795 496 L‘nus

1022 520 1222 557 Pharisceus,
1239 523 1269 549 et
1282 519 1363 549 alter
1374 519 1568 558 publicanus
1579 542 1588 557 ‚
1606 520 1735 558 propter
1753 517 1791 556 (b)

1022 572 1293 603 conversationem
1309 571 1500 601 difformem.
1512 570 1599 601 Unde
1615 571 1794 602 Pharisaeus

1022 626 1210 665 apparenter
1226 623 1327 654 honus
1343 627 1420 662 erat,
1437 624 1512 663 quia
1525 622 1697 655 Plzarisoeis
1716 623 1795 654 dice—

1022 678 1158 715 bantur,
1181 677 1271 717 quasi
1287 677 1326 707 ab
1344 677 1414 707 aliis
1428 677 1540 707 habitu
1551 701 1560 715 ,
1577 679 1672 716 gestu
1689 678 1720 707 et
1733 676 1792 707 ob-

1023 731 1190 761 servantiis
1217 729 1353 760 distincti
1365 754 1374 768 ,
1405 732 1558 769 tanquam
1585 730 1685 769 ipsius
1711 729 1793 769 legis

1023 784 1242 815 observatores
1285 783 1437 822 praecipui
1453 806 1462 820 ‚
1506 782 1680 813 secundum
1716 782 1794 813 illud

1024 837 1114 868 Pauli
1128 840 1138 855 ⁹
1157 847 1163 865 :
1189 848 1203 864 α
1222 835 1325 867 Vitam
1347 845 1448 866 meam
1467 845 1487 866 a
1503 837 1673 875 Juventute
1695 844 1792 867 nove-

1024 893 1100 921 runt
1114 899 1224 921 omnes
1238 889 1251 920 J
1257 889 1351 927 udaei,
1364 890 1564 929 praescientes
1575 899 1625 920 me
1637 890 1676 920 ab
1691 890 1792 928 initio,

1024 944 1048 973 si
1073 943 1172 974 velint
1195 943 1412 973 testimonium
1435 943 1617 983 perhibere⁷
1642 943 1794 983 quoniam

1024 997 1201 1027 secundum
1217 996 1426 1027 certissimam
1445 998 1562 1026 sectam
1583 998 1701 1027 nostrae
1719 995 1794 1027 reli-

1025 1050 1133 1088 gionis
1154 1050 1221 1080 vixi
1243 1049 1432 1080 Pharisaeus.
1452 1060 1466 1077 1›
1496 1048 1519 1079 E
1541 1049 1666 1080 diverso
1686 1049 1794 1080 Publi-

1025 1112 1124 1133 canus
1147 1104 1214 1133 erat
1237 1104 1378 1142 patenter
1394 1102 1518 1139 malus,
1545 1102 1619 1141 quia
1631 1102 1798 1142 publicam·

1024 1155 1210 1186 dicebantur
1231 1159 1392 1185 exactores
1423 1155 1629 1194 vectigalium
1658 1155 1797 1194 publico-

1025 1218 1116 1247 rum,
1142 1209 1223 1239 sicut
1247 1218 1330 1248 saepe
1352 1210 1532 1248 expositum
1553 1210 1610 1239 est.
1639 1207 1724 1239 Unde
1738 1218 1794 1239 su-

1025 1272 1082 1301 pra
1096 1262 1117 1279 ¹⁰
1134 1272 1165 1292 z«
1186 1262 1280 1293 Erant
1296 1262 1584 1301 appropinquantes
1597 1262 1673 1293 Jesu
1690 1261 1798 1293 Publi-

1025 1315 1096 1345 cani
1115 1317 1146 1345 ct
1168 1317 1363 1354 peccatores,
1388 1317 1422 1345 ut
1445 1315 1590 1346 audirent
1613 1315 1705 1346 illum
1732 1326 1738 1346 :
1767 1318 1798 1346 et

1026 1368 1273 1398 murmurabant
1303 1367 1455 1397 Pllarisaei
1480 1369 1510 1397 et
1535 1367 1671 1406 Scribae,
1694 1379 1709 1396 ι)
1735 1370 1793 1399 010.

1026 1420 1144 1459 Magna
1159 1429 1236 1459 ergo
1251 1420 1426 1450 differentia
1441 1423 1487 1451 est
1498 1421 1580 1451 inter
1596 1420 1796 1452 Pharisaeum

1026 1477 1056 1504 et
1077 1474 1285 1504 Publicanum
1308 1475 1465 1512 quantum
1489 1474 1528 1504 ad
1552 1475 1794 1514 apparentiam3

1027 1528 1128 1565 major
1140 1527 1246 1564 ctiam,
1265 1528 1420 1565 quantum
1437 1526 1474 1557 ad
1489 1527 1706 1565 existentiam,
1722 1529 1798 1568 quia

1027 1579 1208 1610 Pharisaeus
1229 1589 1284 1619 per
1299 1580 1518 1618 arrogantiam
1535 1589 1626 1611 suam
1639 1581 1798 1619 justitiam

1026 1633 1243 1671 tabesaciebat,
1260 1635 1289 1663 ct
1304 1632 1497 1663 Publicanus
1512 1642 1568 1673 per
1577 1634 1798 1673 poenitentiam

1026 1695 1117 1716 suam
1139 1686 1328 1725 injustitiam
1345 1686 1554 1725 expurgabat.
1585 1686 1657 1717 Ideo
1685 1686 1799 1718 dicitur

1027 1738 1196 1769 Pharis-seis
1210 1739 1230 1755 ¹¹
1244 1750 1250 1769 ε
1273 1751 1286 1768 «
1302 1738 1464 1769 Publiceni
1475 1741 1505 1769 et
1520 1739 1701 1771 'meretrices
1714 1749 1797 1780 prae-

1027 1793 1137 1823 cedent
1149 1803 1205 1824 vos
1221 1793 1254 1823 in
1269 1802 1407 1831 regnum
1418 1792 1482 1823 Dei.
1498 1803 1512 1820 »
1530 1792 1595 1823 Hoc
1603 1796 1712 1824 autem
1727 1794 1801 1825 dici-

1028 1849 1080 1877 tur
1102 1846 1291 1883 pharisaeis,
1317 1854 1380 1876 non
1403 1845 1479 1885 quia
1493 1844 1689 1885 apparebant
1710 1846 1796 1885 boni,

1028 1900 1082 1930 sed
1097 1900 1172 1939 quia
1186 1901 1276 1930 erant
1292 1901 1396 1929 mente
1412 1899 1540 1938 superbi
1552 1910 1560 1936 ;
1577 1901 1705 1939 propter
1715 1900 1800 1940 quod

1028 1952 1143 1983 dicitur
1159 1953 1179 1969 ¹²
1197 1963 1203 1982 :
1218 1963 1232 1980 «
1249 1951 1309 1982 Vos
1324 1951 1398 1981 estis
1414 1951 1467 1990 qui
1479 1951 1662 1990 justificatis
1675 1961 1732 1984 vos
1747 1961 1798 1984 co-

1028 2014 1096 2035 ram
1119 2004 1304 2036 hominibus
1323 2015 1330 2041 ;
1359 2003 1441 2034 Deus
1465 2007 1572 2035 autem
1595 2005 1685 2036 novit
1708 2005 1802 2036 corda

1028 2060 1144 2095 vestra,
1159 2058 1235 2097 quia
1245 2057 1329 2097 quod
1340 2057 1526 2089 hominibus
1540 2058 1641 2089 altum
1656 2060 1714 2097 est,
1731 2059 1803 2090 abo-

1029 2111 1157 2142 minatio
1173 2112 1220 2141 est
1233 2113 1306 2141 ante
1321 2110 1432 2141 Deum.
1449 2122 1462 2139 1)

1071 2168 1082 2194 *t
1092 2167 1118 2195 1.
1136 2165 1319 2196 Plan-isaeus
1335 2168 1439 2201 stans,
1466 2166 1525 2195 etc.
1543 2164 1716 2205 Postquam
1731 2165 1802 2197 des-

1029 2218 1136 2258 cripsit
1167 2217 1360 2248 conditiones
1391 2226 1602 2256 personarum
1626 2218 1798 2257 orantium,

1030 2272 1081 2302 hic
1092 2271 1230 2302 secundo
1242 2270 1388 2301 describit
1403 2270 1598 2301 conditiones
1608 2271 1800 2302 orationum.

1030 2325 1068 2355 Et
1082 2324 1268 2355 describitur
1288 2323 1338 2353 hic
1359 2323 1462 2363 primo
1485 2323 1622 2355 conditio
1643 2325 1745 2363 precis
1762 2333 1802 2355 ex

1030 2380 1118 2418 parte
1138 2377 1289 2407 Pharisaei
1313 2377 1546 2417 superbienti53
1579 2376 1736 2414 secundo,
1761 2386 1800 2408 ex

1030 2433 1119 2471 parte
1135 2429 1296 2460 Publiceni
1312 2430 1451 2469 seipsum
1466 2429 1674 2468 humiliantis,
1692 2430 1735 2461 ibi
1752 2430 1774 2449 ¹⁸
1788 2440 1796 2460 :

1030 2484 1075 2516 Et
1096 2483 1288 2514 Public—anus
1303 2487 1401 2521 stans,
1418 2484 1477 2513 etc.
1499 2482 1572 2513 Tria
1593 2484 1701 2513 autem
1720 2482 1799 2513 insi-

1030 2539 1173 2568 nuantur
1187 2537 1221 2567 in
1237 2537 1332 2567 modo
1345 2536 1458 2567 orandi
1473 2535 1573 2575 ipsius
1587 2534 1751 2574 Pharisaei,
1767 2535 1800 2566 in

1029 2622 1039 2638 ⁹
1054 2622 1119 2651 Act„
1136 2627 1208 2651 xxvi,
1223 2622 1274 2645 4-5.
1284 2635 1313 2640 —
1331 2622 1347 2636 ¹·
1361 2623 1433 2651 sup„
1449 2625 1492 2648 κν,
1506 2621 1544 2644 12.
1555 2633 1586 2639 -
1600 2620 1617 2637 ¹¹
1628 2619 1729 2650 Mami„
1744 2626 1799 2652 xxx,

1030 2660 1069 2682 31.
1085 2670 1116 2676 -
1132 2658 1151 2674 ¹²
1168 2658 1239 2688 Sup.‚
1255 2664 1309 2687 xvr,
1327 2659 1363 2682 15.
1378 2670 1409 2675 —
1425 2656 1510 2686 '’lnf„
1527 2662 1550 2681 v.
1570 2658 1606 2681 13.

1064 2707 1096 2736 (a)
1112 2706 1172 2729 Coet.
1188 2706 1248 2732 edit.
1263 2707 1387 2731 tenderet·
1401 2718 1432 2724 —
1448 2705 1484 2737 (ὁ)
1497 2706 1557 2730 Item
1571 2712 1626 2737 per.
