1987 3032
207 225 244 254 42
748 219 960 252 EVANGELH
983 219 1120 251 SANCTI
1144 219 1256 250 LUCAE

245 288 375 329 Triplex
389 291 436 320 est
450 290 538 320 sinus
549 288 728 326 laudabilis,
744 287 860 318 scilicet
872 289 900 316 1.
914 286 975 316 hu·

206 342 345 372 militatis
368 342 401 373 in
426 342 664 373 111150011110111101
688 351 695 372 :
719 352 732 370 a
747 340 883 371 Retrahe
903 348 974 370 ma-

207 404 285 425 num
309 396 397 425 tuam
423 395 456 425 in
489 395 595 425 sinum
625 396 727 425 tuum.
763 392 922 429 Retrmxit,
945 393 975 422 et

206 448 335 488 protulit
358 448 493 485 iterum,
516 450 547 478 et
571 449 636 478 erat
661 447 771 476 similis
793 445 879 475 carni
901 444 973 474 reli-

205 509 295 540 qum,
315 511 329 528 n
346 503 404 532 etc.
429 504 458 532 2.
475 501 686 539 Benignitatis
701 500 733 529 in
749 498 919 529 refovendo
938 499 949 515 “²
967 509 973 528 :

210 565 224 582 (1
237 554 352 584 Munus
366 553 584 584 absconditum
600 552 762 591 extinguit
776 552 838 582 iras
851 575 858 588 ‚
877 553 907 581 ct
923 551 977 582 do-

205 615 284 637 num
308 606 341 636 in
369 606 441 636 sinu
469 606 721 645 indignationem
746 604 932 634 maximam.
957 615 972 632 »

207 662 234 690 3.
253 658 515 697 Longanimitatis
531 658 563 687 in
579 657 794 688 conservando
805 660 815 675 ³
831 668 837 687 z
855 668 869 685 a
880 656 978 696 Repo-

206 711 265 741 sita
278 713 324 741 est
339 710 407 740 haec
425 719 495 750 spes
517 719 587 740 mea
609 710 642 740 in
667 710 739 740 sinu
762 718 843 740 meo.
856 720 870 737 1>
890 708 927 740 Et
941 709 951 725 ⁸
968 720 975 740 z

212 776 225 794 a
240 764 275 795 In
291 764 364 794 sinu
376 765 446 803 ejus
461 766 528 794 erat
542 764 683 801 cubitus,
698 766 728 794 et
742 763 867 793 cubitus
881 762 913 792 in
928 762 976 793 la-

207 817 358 853 titudine,
380 819 410 847 et
431 816 571 847 definitio
586 818 656 856 eJus
677 825 778 855 usque
797 816 835 846 ad
858 815 978 846 labium

208 871 295 910 ejus,
306 880 321 898 ο
337 869 463 900 cubitus
478 869 596 899 scilicet
611 869 755 908 persectae
771 868 936 898 mercedis

249 923 301 953 Est
316 922 407 952 tertio
421 922 509 952 sinus
522 921 749 959 desiderabilis,
766 923 797 951 et
811 921 849 951 de
864 921 923 951 hoc
936 921 981 951 di-

208 976 290 1006 citur
305 975 355 1005 hic
369 986 376 1004 ε
393 975 529 1006 Factum
548 978 593 1005 est
606 978 730 1011 autem,
747 978 782 1003 ut
804 977 980 1004 moreretur

208 1028 382 1066 mendicus,
395 1031 425 1058 et
434 1031 619 1068 portaretur
633 1027 672 1057 ab
689 1027 810 1066 anqelis
826 1027 859 1056 in
873 1027 980 1056 sinum

209 1080 355 1112 Abrahoe.
384 1080 444 1111 Per
467 1089 563 1120 quem
589 1080 696 1110 sinum
720 1079 908 1118 intelligitur
929 1089 979 1110 re-

209 1134 298 1174 quies
324 1134 488 1164 beatarum
515 1133 700 1163 animarum
719 1134 729 1150 ⁵
754 1144 760 1163 :
795 1145 809 1161 (1
829 1133 918 1163 Multi
942 1133 981 1163 ab

210 1186 334 1218 Oriente
348 1189 378 1217 et
395 1186 560 1218 Occidente
575 1187 720 1224 venient,
743 1188 774 1217 et
797 1186 982 1216 recumbent

210 1249 282 1271 cum
296 1240 475 1278 Abraham,
491 1242 522 1270 et
540 1239 624 1270 Isaac
635 1263 643 1276 ‚
659 1241 690 1270 et
709 1239 803 1270 Jacob
823 1239 856 1269 in
881 1248 981 1278 regno

209 1293 373 1325 coelorum.
387 1303 402 1321 n

249 1347 396 1378 Mortuus
410 1349 455 1377 est
468 1349 575 1376 autem
590 1349 620 1376 et
632 1345 718 1376 dives
728 1369 736 1383 ,
754 1347 812 1376 etc.
831 1344 903 1376 Post
920 1345 983 1376 im—

211 1399 436 1430 misericordiae
462 1407 591 1428 causam
618 1400 648 1428 et
674 1398 800 1437 culpam
815 1422 822 1435 ‚
848 1398 982 1437 subjun-

213 1452 260 1491 git
284 1451 335 1481 hic
355 1451 625 1481 immisericordiae
642 1459 770 1490 poenam
783 1474 790 1488 ‚
811 1459 909 1489 quam
928 1450 981 1481 de-

216 1504 326 1535 scribit
339 1504 526 1543 dupliciter:
543 1504 665 1543 primo,
683 1505 840 1543 qnantum
860 1504 899 1533 ad
923 1503 984 1533 mi-

212 1557 327 1588 seriam
356 1557 507 1587 inflictam
524 1567 531 1595 ;
562 1556 697 1587 secundo
714 1580 723 1594 ,
755 1558 911 1595 quantum
945 1556 984 1586 ad

213 1610 463 1641 misericordiam
487 1610 694 1648 denegatam,
722 1609 764 1638 ibi
778 1609 787 1625 ⁰
806 1619 812 1639 z
833 1609 878 1640 Ee
902 1608 985 1638 dixit

214 1664 262 1694 illi
284 1663 467 1701 Abraham,
493 1664 551 1693 etc.
580 1662 704 1693 Miseria
730 1663 839 1692 autem
868 1662 985 1692 inssicta

214 1720 340 1758 propter
367 1715 637 1747 immisericordiae
664 1715 792 1755 culpam
820 1715 985 1754 tripliciter

213 1770 410 1807 describitur,
436 1769 566 1807 scilicet,
593 1770 750 1808 quantum
774 1767 812 1798 ad
835 1767 982 1806 deiectio·

214 1826 287 1854 nem
300 1823 448 1853 inlocum
459 1822 673 1859 miseriarum,
687 1822 841 1860 quantum
853 1820 891 1850 ad
902 1820 986 1850 elon-

215 1876 377 1916 gationem
396 1884 414 1906 a
431 1875 500 1905 loco
519 1876 695 1914 justorum,
717 1876 747 1904 et
767 1874 923 1912 quantum
946 1872 986 1902 ad

213 1928 450 1960 multitudinem
466 1927 691 1967 multiplicium
708 1926 936 1956 calamitatum.

254 1981 360 2012 Primo
375 1981 487 2020 igitur,
504 1981 659 2019 quantum
675 1979 714 2009 ad
728 1978 936 2018 dejectionem
953 1978 985 2008 in

213 2035 319 2065 locum
334 2034 546 2070 miseriarum,
561 2033 652 2063 dicit:
665 2032 809 2063 Mortuus
820 2035 865 2062 est
878 2035 986 2061 autem

215 2091 245 2117 et
259 2087 359 2125 dives,
375 2095 431 2126 per
444 2086 653 2116 desertionem
667 2083 891 2124 temporalium
909 2092 987 2122 gau-

215 2140 351 2170 diorum.
368 2139 407 2170 Et
421 2140 496 2169 nota
509 2139 593 2178 quod
614 2138 714 2168 utitur
730 2137 887 2177 praeterito
903 2138 984 2166 tem-

216 2202 307 2232 pore,
324 2192 363 2222 ad
376 2191 577 2222 innuendum
598 2191 682 2231 quod
705 2189 757 2220 ille
781 2189 878 2220 miser
900 2189 987 2219 dives

217 2247 362 2276 mortuus
385 2247 430 2275 est
452 2253 517 2275 non
539 2253 603 2274 una
630 2245 771 2279 tantum,
794 2242 848 2272 sed
872 2241 987 2281 triplici

218 2300 329 2329 morte.
358 2297 464 2328 Prima
491 2299 538 2328 est
567 2296 668 2336 culpae
687 2320 694 2334 ‚
732 2304 796 2335 qua
824 2296 988 2334 separatur

217 2352 324 2382 anima
355 2360 374 2381 a
401 2351 473 2381 Deo.
499 2350 563 2380 Hac
589 2350 735 2380 mortuus
765 2348 866 2378 tuerat
893 2347 988 2378 etiam

218 2405 295 2435 dum
309 2404 430 2435 viveret
442 2406 453 2422 ⁷
470 2414 477 2433 z
495 2414 510 2431 (ι
526 2402 628 2434 Vidua
650 2410 722 2442 quae
738 2401 772 2431 in
788 2400 906 2431 deliciis
921 2402 986 2437 est,

219 2458 332 2489 vivens
346 2458 471 2487 mortua
485 2458 569 2486 est.»
588 2455 690 2486 Vidua
709 2457 755 2486 est
773 2454 859 2485 enim
881 2454 989 2484 anima

220 2520 239 2542 a
253 2510 315 2541 Deo
329 2511 482 2549 separata.
505 2507 648 2539 Secunda
669 2510 715 2538 est
738 2516 825 2538 mors
845 2509 987 2545 naturae,

254 2573 259 2586 ¹
279 2571 372 2600 Ezod..
391 2576 426 2600 iv,
442 2571 464 2594 6,
482 2583 508 2587 -
531 2570 540 2584 ²
560 2571 645 2599 Protu,
664 2575 722 2599 xxi,
738 2571 775 2593 14.
794 2582 825 2587 --
843 2570 853 2586 ³
867 2569 920 2599 Job,
937 2574 992 2598 xix,

221 2609 260 2632 27.
279 2621 310 2625 —
330 2608 340 2624 δ
359 2606 460 2637 ΕτεεΙι.,
477 2611 556 2636 nm,
574 2606 613 2629 13.
630 2618 656 2622 —
677 2606 686 2621 ⁵
704 2605 806 2635 Mami„
825 2611 888 2636 vui,
909 2607 946 2629 Η.
961 2617 990 2622 -

222 2642 306 2671 ⁶1nt.,
319 2649 345 2666 v.
361 2643 401 2666 25.
415 2654 445 2660 —
461 2642 468 2655 ⁷
485 2642 492 2664 Ι
512 2641 582 2670 Tim„
598 2646 622 2670 v,
639 2642 662 2664 6.
680 2652 710 2658 -
728 2640 737 2653 ⁹
751 2640 991 2670 Eccli.‚xL1‚¹.—-

223 2678 232 2692 ¹
245 2677 330 2709 Apoc„
347 2683 395 2708 xx,
416 2678 454 2702 ¹4.
469 2689 499 2694 —
516 2677 533 2691 ¹⁰
550 2675 634 2707 Apoc.,
651 2680 713 2706 viu,
730 2676 766 2700 13.
782 2676 916 2705 -111sa.,
938 2680 989 2704 xiv,

1031 295 1094 325 qua
1108 287 1274 326 separatur
1288 287 1393 317 anima
1409 295 1427 316 a
1442 294 1571 325 corpore
1585 287 1595 302 ⁸
1611 296 1618 316 :
1640 296 1655 314 11
1665 284 1688 316 Ο
1702 293 1800 323 mom,

1031 347 1127 377 quam
1143 348 1251 369 amara
1262 342 1308 369 est
1319 339 1473 369 memoria
1488 340 1542 369 tua
1556 338 1679 369 homini
1693 346 1802 378 pacem

1031 391 1159 422 habenti
1175 392 1208 422 in
1223 393 1406 423 substantiis
1417 392 1500 422 suis!
1514 403 1528 420 ι)
1544 391 1649 422 Tertia
1660 394 1705 421 est
1717 400 1803 421 mors

1034 444 1200 483 gehennae,
1219 455 1281 484 qua
1293 447 1457 484 separatur
1471 445 1577 474 anima
1587 454 1605 474 a
1623 444 1687 474 vita
1700 444 1802 474 beata.

1033 498 1075 528 De
1100 498 1160 528 hac
1188 499 1220 528 in
1245 498 1439 538 Apocalypsi
1456 500 1466 516 ⁹
1493 509 1499 527 ε
1523 508 1537 525 α
1552 497 1589 528 Ε1
1612 497 1753 528 infernus
1774 498 1805 527 et

1034 560 1120 581 mors
1131 551 1216 581 missi
1228 554 1302 582 sunt
1317 552 1351 581 in
1362 553 1514 589 stagnum
1526 550 1620 589 ignis.
1630 561 1644 578 1)
1661 550 1695 580 111
1707 549 1805 589 hujus

1034 605 1164 644 triplicis
1174 605 1284 635 mortis
1292 604 1547 643 designationem
1556 603 1696 633 dicitur¹⁰
1707 614 1713 633 :
1723 602 1804 640 «Vae,

1034 667 1099 695 vae,
1117 666 1166 688 vae
1177 682 1185 695 ‚
1202 657 1418 687 habitantibus
1434 657 1466 686 in
1482 659 1583 694 terra,
1603 667 1616 684 1>
1634 658 1692 686 etc.
1709 655 1807 687 Else-

1032 711 1142 750 pultus
1158 714 1202 741 est
1217 711 1249 741 in
1267 711 1412 749 inferno,
1428 719 1483 749 per
1496 709 1703 748 dejectionem
1718 708 1751 738 in
1764 707 1806 738 lo-

1035 772 1109 794 cum
1124 763 1365 803 suppliciorum.
1380 763 1417 793 Et
1431 763 1489 793 hoc
1501 764 1514 791 1
1523 786 1530 793 .
1542 764 1670 802 propter
1681 761 1806 801 culpam

1035 817 1193 856 superbiae
1208 817 1227 833 ¹¹
1246 827 1252 846 :
1270 827 1283 844 (t
1299 816 1439 846 Detracta
1454 817 1500 845 est
1514 815 1552 845 ad
1572 815 1687 845 inferos
1701 822 1808 854 super-

1036 870 1087 900 bia
1102 871 1157 900 tua
1167 893 1176 907 ,
1191 870 1326 900 concidit
1339 869 1472 900 cadaver
1485 871 1589 899 tuum.
1603 879 1617 896 n
1633 870 1662 898 ⁶2.
1676 867 1808 907 Propter

1037 923 1161 962 culpam
1178 923 1316 953 laseiviae
1342 923 1363 942 ¹²
1383 932 1390 952 :
1419 934 1433 951 <t
1448 922 1573 952 Ducunt
1588 921 1620 950 in
1634 920 1726 950 bonis
1743 920 1809 950 dies

1037 985 1120 1013 suos,
1133 978 1163 1005 et
1174 975 1205 1005 in
1217 977 1335 1014 puncto
1346 974 1383 1004 ad
1395 974 1518 1004 inferna
1529 973 1734 1003 descendunt.
1746 983 1760 1000 ¹>
1776 975 1802 1003 3.

1038 1028 1169 1068 Propter
1190 1028 1315 1067 culpam
1339 1026 1610 1057 immisericordiae
1629 1025 1651 1044 ¹³
1670 1036 1676 1055 2
1693 1024 1809 1055 «Sicut

1038 1092 1113 1113 oves
1134 1082 1167 1111 in
1190 1082 1312 1111 inferno
1332 1081 1423 1120 positi
1445 1082 1520 1110 sunt
1541 1088 1547 1109 :
1566 1087 1650 1108 mors
1666 1078 1811 1118 depascet

1038 1144 1101 1166 005.
1127 1145 1141 1163 »
1168 1135 1206 1165 Et
1233 1134 1349 1164 iterum
1368 1134 1387 1150 ¹⁵
1411 1144 1417 1164 :
1444 1145 1459 1162 «
1473 1132 1583 1163 Veniat
1608 1140 1695 1162 mors
1716 1140 1811 1171 super

1038 1188 1123 1226 illos⁷
1143 1189 1173 1218 et
1194 1187 1383 1218 descendant
1404 1186 1437 1216 in
1459 1186 1622 1215 internum
1646 1183 1809 1220 viventes;

1038 1241 1190 1280 quoniam
1198 1240 1348 1279 nequitiae
1358 1238 1583 1269 inhabitaculis
1593 1245 1716 1274 eorum,
1725 1247 1738 1264 n
1751 1238 1809 1267 etc.

1039 1293 1087 1324 Ex
1100 1294 1160 1323 hoc
1173 1295 1322 1332 apparet,
1345 1294 1464 1332 quanta
1484 1291 1523 1321 sit
1539 1290 1716 1320 differentia
1730 1289 1812 1320 inter

1039 1346 1247 1386 parochianos
1261 1345 1391 1382 Christi,
1409 1348 1439 1374 ct
1453 1343 1586 1380 diaboli,
1609 1342 1686 1382 quia
1700 1341 1747 1372 illi
1761 1351 1812 1372 su-

1039 1399 1215 1429 blimantur
1234 1399 1265 1428 in
1287 1398 1383 1435 00110,
1408 1397 1461 1427 1511
1481 1395 1680 1436 sepeliuntur
1702 1395 1736 1425 in
1760 1395 1811 1425 in-

1039 1453 1127 1483 ferno
1138 1476 1145 1489 ‚
1164 1452 1219 1482 ubi
1235 1454 1281 1481 est
1303 1452 1395 1481 fovea
1413 1449 1504 1479 valde
1520 1447 1676 1488 profunda
1692 1448 1711 1466 ¹⁵
1728 1458 1758 1477 z«
1775 1447 1812 1477 In

1039 1504 1324 1544 profundissimum
1337 1503 1496 1532 infernum
1505 1500 1812 1532 descenduntomnia

1039 1567 1121 1588 mea.
1138 1569 1152 1585 n
1173 1557 1210 1587 Et
1227 1557 1259 1586 in
1274 1556 1403 1587 Psalmo
1419 1555 1440 1574 ¹⁵
1457 1566 1487 1585 z«
1502 1554 1565 1594 Ipsi
1585 1553 1761 1583 introibunt
1779 1553 1812 1583 in

1039 1611 1191 1641 interiora
1207 1613 1298 1640 terrae
1317 1619 1323 1639 :
1342 1609 1506 1639 tradentur
1522 1608 1555 1637 111
1569 1615 1684 1637 manus
1694 1606 1811 1646 gladii,

1039 1667 1144 1703 partes
1159 1663 1305 1703 vulpium
1319 1664 1423 1693 erunt.
1444 1672 1458 1689 υ

1081 1716 1240 1754 Secundo,
1273 1717 1430 1755 quantum
1457 1714 1496 1744 ad
1527 1713 1764 1752 elongationem
1794 1723 1813 1744 a

1039 1770 1108 1801 loco
1119 1771 1297 1809 justorum,
1314 1768 1422 1799 subdit
1438 1768 1478 1807 (v.
1495 1767 1542 1805 ⁶23]
1571 1777 1577 1797 :
1594 1766 1735 1798 Elevans
1756 1776 1813 1798 αα-

1041 1826 1103 1853 tem
1119 1822 1224 1853 oculos
1239 1830 1327 1859 suos,
1344 1830 1417 1851 cum
1436 1824 1514 1850 esset
1527 1820 1561 1850 in
1576 1820 1751 1850 tormentis.
1778 1820 1812 1850 In

1040 1876 1107 1905 loco
1122 1875 1237 1905 scilicet
1251 1874 1411 1904 continuae
1426 1873 1603 1903 afflictionis
1617 1873 1639 1891 ¹⁷
1657 1883 1664 1903 :
1679 1883 1694 1901 α
1714 1872 1752 1903 Et
1766 1872 1814 1903 fu·

1041 1937 1113 1958 mus
1133 1929 1367 1957 tormentorum
1391 1935 1502 1956 eorum
1527 1925 1674 1956 ascendet
1694 1925 1727 1955 in
1751 1933 1813 1955 sae-

1041 1981 1111 2011 cula
1127 1980 1328 2011 saeculorum.
1345 1978 1405 2007 »¹⁸«
1419 1979 1601 2017 Praeparata
1616 1980 1663 2008 est
1682 1978 1722 2008 ab
1742 1978 1812 2008 heri

1041 2034 1173 2073 Tophet,
1182 2045 1195 2061 n
1206 2035 1265 2063 etc.
1277 2032 1392 2063 Deinde
1404 2042 1410 2062 :
1420 2031 1639 2062 «Nutrimenta
1650 2032 1719 2070 eJus
1729 2031 1814 2070 ignis

1042 2089 1072 2117 et
1085 2087 1176 2125 ligna
1190 2086 1303 2123 multa,
1325 2085 1419 2115 ssatus
1439 2084 1563 2115 Domini
1582 2084 1665 2114 sicut
1687 2085 1814 2114 torrens

1043 2140 1204 2179 sulphuris
1215 2138 1406 2169 succendens
1420 2147 1501 2168 eam.
1514 2148 1528 2165 1)
1551 2136 1635 2168 Vidit
1652 2136 1813 2167 Abraham

1043 2202 1062 2223 α
1078 2192 1184 2232 lonqc,
1204 2196 1233 2222 et
1249 2192 1412 2222 Lazarum
1437 2191 1470 2220 in
1494 2190 1567 2219 sinu
1593 2189 1670 2228 ejus.
1692 2188 1772 2219 Vere
1794 2198 1813 2220 a

1042 2246 1153 2284 longe,
1176 2247 1206 2275 ct
1226 2246 1383 2284 quantum
1407 2243 1446 2273 ad
1464 2243 1580 2278 situm,
1600 2244 1630 2272 et
1657 2244 1814 2281 quantum

1043 2299 1082 2329 ad
1099 2300 1234 2335 statum,
1255 2296 1330 2336 quia
1351 2296 1439 2326 dives
1458 2296 1491 2325 111
1512 2295 1580 2325 loco
1604 2295 1716 2325 intimo
1729 2319 1737 2333 ‚
1762 2295 1815 2326 ille

1043 2352 1150 2381 autem
1166 2350 1198 2380 in
1221 2358 1369 2389 supremo
1385 2351 1406 2367 ¹⁹
1424 2359 1454 2378 z«
1469 2347 1650 2388 Superbum
1672 2347 1816 2387 sequitur

1043 2403 1221 2439 humilitas,
1238 2404 1269 2432 et
1284 2402 1437 2432 humilem
1450 2401 1561 2441 spiritu
1577 2400 1725 2440 suscipiet
1743 2400 1813 2439 glo-

1044 2456 1103 2487 ria.
1121 2467 1135 2484 1)
1156 2456 1228 2486 Et²⁰
1244 2454 1437 2486 :«Jacebunt
1460 2454 1534 2484 mali
1556 2455 1628 2484 ante
1651 2454 1769 2491 bonos,
1785 2455 1816 2484 et

1044 2509 1135 2548 impii
1153 2510 1224 2538 ante
1240 2510 1346 2548 portas
1358 2509 1530 2546 Justorum.
1550 2517 1565 2534 n
1584 2506 1662 2536 Item
1681 2506 1768 2537 dives
1782 2505 1816 2535 in

1046 2572 1083 2594 11.
1104 2583 1134 2587 -
1161 2571 1181 2586 ¹¹
1202 2568 1254 2597 ,lobv
1279 2575 1339 2598 xxi,
1365 2570 1402 2592 13.
1427 2580 1457 2585 -
1477 2567 1496 2583 ¹³
1520 2566 1586 2591 Psal.
1609 2572 1704 2595 vam,
1729 2568 1766 2590 15.
1786 2579 1817 2584 —

1047 2605 1064 2621 ¹⁸
1080 2604 1144 2628 Psal.
1162 2610 1212 2633 Liv,
1235 2606 1272 2628 ¹6.
1286 2617 1317 2622 --
1337 2604 1358 2621 ¹⁵
1372 2603 1426 2632 λοῦ,
1445 2608 1517 2633 xvii,
1534 2604 1571 2626 ¹6.
1583 2614 1614 2619 —
1633 2602 1652 2615 ¹⁸
1667 2601 1734 2625 Psal.
1750 2607 1816 2632 Lxu,

1047 2641 1084 2664 10.
1107 2652 1136 2657 -—
1158 2640 1176 2655 ¹7
1202 2640 1285 2670 Apoc„
1313 2645 1366 2669 xiv,
1393 2640 1431 2662 11.
1456 2650 1486 2655 -
1513 2638 1533 2653 ¹⁸
1553 2637 1613 2664 Isca,
1633 2643 1698 2667 xxx,
1725 2637 1764 2662 33.
1785 2649 1817 2657 --

1046 2674 1066 2691 ¹⁹
1082 2674 1164 2705 Pron„
1178 2680 1250 2705 xxix,
1265 2676 1304 2699 23.
1317 2687 1347 2692 -
1361 2674 1382 2692 ¹⁸
1397 2672 1470 2702 thid„
1485 2677 1541 2702 xw,
1557 2673 1593 2696 19.
