1987 3032
23 2009 111 2030 Galilaea

7 2041 68 2067 quid.

675 228 880 260 EXPOSITIO
902 227 943 260 IN
965 228 1050 259 CAP.
1075 227 1181 259 XXIII.

134 302 211 333 vant
224 300 465 336 accusationem,
481 298 559 329 dum
573 297 687 329 volunt
700 306 776 328 eum
794 297 832 336 (a)
847 305 902 327 no-

134 356 201 384 tare
215 354 253 384 de
267 352 430 388 seditione,
445 351 534 391 quasi
549 352 725 381 commotor
744 350 783 380 sit
805 349 901 380 totius

132 409 241 444 terrae3
255 406 309 436 sed
323 405 365 445 111]
372 407 438 435 uste
453 414 526 435 eum
542 406 691 434 accusant
706 404 744 434 de
759 412 901 434 commo-

132 460 233 497 tione,
257 459 331 498 qula
354 467 419 488 non
440 457 659 488 commovebat
686 457 841 497 populum
860 457 900 487 ad

131 513 326 550 seditionem,
342 512 424 542 sicut
438 511 590 549 Absalon‚
608 511 646 541 de
661 519 724 550 quo
740 510 873 541 dicitur¹
890 520 897 541 z

135 577 150 595 a
165 565 243 596 Cum
257 564 436 595 immolaret
449 564 608 602 victimas,
623 564 705 594 facta
727 565 773 594 est
793 564 900 603 0011111-

130 618 210 649 ratio
238 617 357 656 valida,
389 617 588 657 populusque
619 625 810 648 concurrens
840 626 899 648 au-

129 671 266 711 gebatur
289 679 363 701 011111
386 670 536 701 Absalon.
552 682 566 698 ι)
589 669 658 700 Νο11
678 670 900 701 commovebat

129 725 169 756 ad
190 723 492 763 transgressionem,
512 723 594 754 sicut
613 723 704 754 saciet
727 723 900 754 Antichris-

129 779 225 809 tus²:
258 789 272 807 «
294 777 458 808 Admirata
481 779 527 808 est
551 777 700 808 universa
723 779 808 807 terra
830 778 900 816 post

128 831 270 861 bestiam.
288 830 326 861 Et
339 830 554 861 adoraverunt
567 830 737 861 draconem
748 830 803 870 qui
815 830 900 861 dedit

127 885 313 924 potestatem
328 884 447 914 bestiae.
464 895 479 912 n
499 883 559 915 Sed
574 884 746 915 commovit
761 884 801 915 ad
815 893 899 914 com-

128 938 351 978 punctionem,
367 938 542 969 secundum
565 938 645 969 illud
662 939 672 955 ³
687 950 694 969 :
723 950 737 968 «
753 938 898 969 Commo-

128 991 202 1022 visti
218 993 346 1029 terram,
363 993 393 1022 et
407 992 601 1022 conturbasti
615 1001 703 1029 eam;
725 1001 801 1022 sana
821 1001 895 1022 con-

130 1044 270 1074 trItiones
285 1045 369 1083 ejus,
387 1055 401 1072 n
430 1046 487 1074 etc.
515 1044 692 1075 Commovit
713 1045 751 1076 ad
773 1045 897 1075 exulta-

129 1097 246 1127 tionem
257 1121 266 1134 ,
297 1097 378 1127 sicut
406 1097 521 1127 dicitur
540 1098 550 1113 ⁶
570 1108 576 1127 :
611 1109 626 1126 «
649 1098 727 1128 Cum
753 1098 900 1128 intrasset

128 1150 400 1190 Hierosolymam,
416 1152 574 1181 commota
586 1153 632 1181 est
646 1151 796 1182 universa
818 1151 899 1183 civi—

127 1206 185 1234 tas.
199 1215 213 1232 n
239 1203 277 1234 Et
287 1205 296 1220 ⁵
309 1215 316 1234 :
344 1216 358 1233 (ι
373 1204 486 1235 Adhuc
499 1213 601 1235 unum
617 1205 778 1235 modicum
791 1207 852 1243 est,
868 1208 899 1236 et

126 1266 188 1295 ego
201 1257 409 1289 commovebo
424 1257 540 1288 eoelum
556 1260 586 1288 et
600 1259 730 1288 terram.
749 1268 763 1287 i>
789 1260 824 1288 Et
847 1267 898 1288 ra-

128 1310 172 1340 tio
187 1310 284 1350 huJus
298 1312 362 1348 est,
378 1311 453 1350 quia
468 1311 596 1341 docebat
616 1320 680 1341 non
704 1311 896 1349 seductoria,

125 1362 179 1393 sed
192 1363 352 1393 salutaria.
365 1362 449 1393 Unde
463 1365 494 1393 et
509 1363 620 1394 Petrus
632 1363 754 1394 dicebat
768 1363 779 1380 ⁶
792 1358 826 1394 E«
837 1363 897 1394 Do-

126 1415 227 1454 mine,
242 1415 281 1446 ad
293 1425 389 1456 quem
405 1417 538 1447 ibimus!
556 1417 653 1447 verba
673 1418 748 1448 vitae
769 1418 897 1448 cetcrnae

124 1468 256 1499 habes.»
269 1469 336 1499 Hac
343 1469 484 1499 doctrina
495 1469 636 1500 Christus
647 1472 807 1508 docuerat,
819 1471 898 1501 sicut

124 1521 246 1551 dicebat
260 1521 293 1551 in
304 1522 427 1552 Jocmne
438 1522 476 1561 ib)
489 1522 499 1538 ⁷
511 1533 541 1552 z«
556 1521 587 1552 Si
605 1522 676 1562 quis
691 1523 829 1554 voluerit
840 1532 898 1554 vo-

127 1574 283 1605 luntatem
300 1575 370 1614 ejus
384 1576 498 1613 facere,
511 1577 682 1615 cognoscet
695 1576 733 1606 de
743 1576 896 1615 doctrina,

125 1630 233 1658 utrum
248 1637 288 1658 ex
303 1628 365 1659 Deo
379 1629 430 1659 sit.
451 1640 465 1657 «
480 1628 518 1659 Et
533 1629 603 1660 ideo
626 1638 691 1660 non
715 1632 782 1660 erat
805 1639 898 1661 accu-

125 1681 259 1719 sandus,
284 1681 337 1712 sed
363 1682 540 1713 laudandus
565 1685 594 1713 et
617 1684 839 1722 acceptandus,
867 1687 898 1714 et

125 1734 265 1764 maxime
286 1743 305 1764 a
328 1735 523 1774 principibus
547 1736 762 1774 sacerdotum,
788 1746 898 1767 sccun-

125 1787 202 1817 dum
216 1787 294 1818 illud
304 1790 315 1806 ⁸
329 1798 335 1818 :
349 1799 363 1816 «
378 1787 505 1827 Oportet
517 1789 702 1828 episcopum
713 1798 821 1820 esse...
833 1799 897 1820 am—

125 1840 313 1880 plectentem
337 1850 428 1877 eum,
450 1841 505 1880 qui
529 1842 704 1872 secundum
721 1842 896 1874 doctrinam

125 1895 182 1930 est,
199 1893 324 1924 fidelem
339 1902 530 1931 sermonem,
547 1896 581 1924 ut
597 1897 707 1934 potens
722 1895 762 1926 sit
778 1896 897 1927 exhor—

126 1946 184 1976 tari
193 1947 225 1976 in
238 1947 272 1985 tc)
284 1947 426 1977 doctrina
434 1956 520 1977 sana.
530 1958 544 1975 1)
560 1947 782 1987 Spiritualiter,
795 1950 827 1979 in
836 1950 896 1981 hoc

126 2000 210 2040 quod
226 2000 366 2030 Christus
381 2000 511 2040 incoepit
525 2010 543 2031 a
559 2001 698 2040 Galilaea,
714 2012 786 2042 quae
801 2004 895 2034 inter-

126 2054 269 2092 pretatur
283 2054 532 2093 lrcmsmt'yracio,
545 2057 575 2085 et
586 2056 766 2094 pertransiit
779 2066 835 2096 per
845 2057 860 2088 J
863 2067 896 2088 u-

126 2105 238 2145 daeam,
252 2108 282 2137 et
293 2107 381 2137 venit
393 2116 494 2146 usque
509 2107 542 2137 in
553 2107 762 2147 Hierusalem,
779 2110 896 2141 intelli-

126 2159 303 2199 giturquod
314 2160 499 2199 praedicator
506 2170 601 2192 verus
611 2162 703 2192 debet
714 2162 774 2192 boc
785 2164 895 2195 ordine

124 2213 310 2253 praedicare,
327 2216 363 2244 ut
383 2214 532 2253 praedicet
547 2216 862 2254 transmigrationem
876 2227 895 2248 a

124 2269 207 2297 statu
222 2267 349 2306 peccati,
366 2268 595 2298 confessionem
609 2269 751 2299 veritatis
764 2270 848 2308 fidei,
864 2273 895 2301 et

124 2319 352 2359 quietatiouem
367 2320 399 2349 iu
414 2320 535 2351 visione
551 2322 634 2360 pacis
650 2323 790 2361 aeternae,
805 2325 839 2353 ut
850 2323 893 2354 sic

124 2373 287 2403 deseratur
303 2372 434 2410 malum,
452 2372 648 2405 discernatur
664 2384 789 2414 verum,
804 2378 834 2407 et
848 2377 894 2407 di-

123 2425 242 2465 ligatur
261 2426 392 2456 bonum.
410 2426 447 2457 Et
472 2427 505 2457 in
529 2427 578 2457 his
601 2428 757 2459 clauditur
780 2430 893 2470 triplex

125 2478 255 2517 bouum,
273 2479 389 2510 scilicet
404 2479 507 2518 venia,
525 2481 629 2519 gratia
642 2484 689 2518 ‚et
705 2482 827 2521 gloria;
841 2483 892 2514 bo-

125 2531 216 2570 nitas,
233 2532 373 2570 scicntia,
391 2535 421 2563 et
436 2533 611 2573 disciplina.
624 2534 754 2574 Propter
768 2536 827 2567 hoc
842 2546 894 2577 pe-

156 2594 330 2625 ¹11Rey.,xv,
347 2596 382 2619 12.
397 2596 447 2613 —2
459 2597 542 2627 allice„
554 2603 613 2626 x111,
625 2598 677 2622 3-1,
688 2611 719 2615 -—
731 2597 740 2614 ³
757 2599 825 2623 Psal.
836 2605 891 2631 Lix,

126 2630 148 2653 4.
161 2641 192 2646 —
203 2629 212 2645 ss
227 2630 326 2661 Mami„
343 2637 397 2662 xxi,
414 2633 451 2655 10.
465 2645 496 2650 —-
510 2633 518 2646 ⁵
531 2633 604 2663 Aw„
619 2639 648 2663 11,
663 2634 686 2656 7.
698 2647 728 2652 --
741 2634 751 2650 ⁶
764 2635 844 2665 doun„
856 2642 891 2666 vr,

126 2666 165 2687 65).
180 2676 210 2681 —
227 2665 238 2682 '¹
252 2666 334 2696 doun„
354 2672 398 2696 vn,
425 2669 459 2691 Π.
482 2680 512 2685 —
533 2668 542 2682 ⁸
563 2669 619 2699 Tin,
642 2675 663 2699 1,
676 2670 704 2699 7,
720 2671 743 2693 9.
757 2681 788 2687 —
800 2672 808 2684 ⁹
825 2671 891 2695 Psal.

126 2706 215 2731 emin,
228 2702 297 2725 ofi.-—
317 2702 337 2718 ¹⁰
352 2702 430 2734 Romi,
444 2709 526 2735 xxvii,
543 2705 645 2729 18.—¹¹
662 2706 733 2736 Beth,
746 2705 891 2738 1111151111.-

1665 230 1721 259 201

955 296 993 326 tit
1010 295 1167 335 Propheta
1189 295 1224 324 in
1244 293 1370 325 Psalmo
1387 293 1397 310 ⁹
1417 304 1424 323 z
1453 304 1467 323 α
1485 293 1673 334 Bonitatem,
1695 297 1726 327 et

955 349 1165 389 disciplinam,
1181 349 1211 378 et
1225 347 1389 378 scientiam
1404 347 1480 378 doce
1495 356 1556 378 me.
1573 359 1587 376 n

996 404 1025 432 6.
1050 402 1175 433 Pilatus
1195 404 1302 432 autem
1321 400 1469 438 audiens,
1486 402 1545 432 etc.
1562 400 1637 432 Post
1655 402 1725 432 des-

955 456 1089 495 criptam
1109 455 1341 486 accusationem
1364 463 1470 485 coram
1491 455 1645 494 praeside,
1675 455 1728 485 hic

954 508 1102 539 describit
1128 509 1273 539 ordinem
1303 507 1512 538 accusationis
1540 516 1646 538 coram
1668 507 1728 538 He-

953 561 1029 592 rode
1044 572 1050 591 :
1067 561 1106 592 ad
1123 563 1213 601 quus
1227 561 1405 592 ordinatam
1419 560 1661 600 descriptionem
1677 561 1725 591 in-

953 614 1164 645 troducuntur
1181 616 1336 654 quatuor,
1361 613 1477 644 scilicet
1497 613 1620 645 cautela
1639 614 1728 644 Pilati

953 667 1234 706 subterfugientis,
1256 667 1421 698 curiositas
1443 667 1574 697 Herodis
1593 667 1726 698 interro-

954 721 1071 759 gantis,
1094 720 1281 760 improbitas
1295 720 1395 760 plebis
1409 720 1599 759 accusantis,
1616 722 1647 751 et
1662 723 1725 751 sto-

952 774 1057 804 liditas
1071 773 1223 813 principis
1238 773 1474 812 vilipendentis.

994 826 1101 857 Primo
1116 836 1206 866 ergo,
1224 828 1381 866 quantum
1401 827 1440 857 ad
1460 827 1614 857 cautelam
1637 827 1728 858 Pilati

953 880 1229 919 subterfugientis,
1254 879 1328 910 dicit
1354 890 1360 910 :
1386 879 1512 910 Pilatus
1536 884 1644 910 autem
1668 890 1727 911 au-

929 955 939 963 ,
953 935 1040 965 diens
1058 934 1244 972 Galilaeam,
1261 934 1490 974 interroqavic',
1506 935 1535 965 si
1547 935 1641 966 homo
1659 935 1729 968 Ga-

954 988 1052 1019 lilaeus
1063 992 1149 1019 esset.
1166 987 1238 1018 Ideo
1252 987 1313 1018 hoc
1327 987 1453 1027 quaerit,
1470 990 1506 1018 ut
1517 988 1729 1028 subterfugiat

953 1051 1027 1072 eum
1048 1041 1203 1081 judicare,
1231 1041 1257 1070 si
1273 1041 1430 1079 judicium
1453 1042 1523 1080 ers
1544 1043 1663 1080 spectat
1690 1042 1729 1072 ad

953 1095 1062 1125 alium.
1077 1094 1115 1125 Et
1129 1094 1209 1125 ratio
1226 1095 1296 1134 ers
1310 1093 1452 1124 redditur
1467 1093 1499 1124 in
1515 1094 1666 1125 Macclzoeo
1684 1095 1704 1113 ¹⁰
1718 1104 1728 1124 :

958 1159 972 1177 α
987 1148 1113 1178 Sciebat
1137 1148 1222 1178 enim
1246 1147 1366 1178 Pilatus
1389 1147 1474 1186 quod
1497 1155 1553 1186 per
1573 1147 1727 1178 invidiam

954 1200 1154 1232 tradidissent
1169 1209 1254 1231 eum.
1274 1211 1288 1228 n
1316 1199 1353 1231 Et
1372 1200 1442 1231 ideo
1456 1200 1726 1240 subterfugiebat,

953 1254 1028 1294 quia
1041 1254 1092 1285 vel
1104 1254 1267 1294 oportebat
1279 1254 1364 1294 quod
1379 1256 1564 1293 provocaret
1579 1256 1689 1285 contra
1696 1263 1729 1285 se

953 1309 1083 1346 gentem
1098 1307 1196 1345 illam,
1213 1308 1263 1338 vel
1277 1307 1393 1338 faceret
1408 1309 1518 1338 contra
1528 1308 1605 1347 jura
1620 1317 1627 1338 :
1645 1308 1729 1339 unde

953 1360 1077 1391 volebat
1106 1360 1139 1390 in
1172 1360 1270 1390 alium
1298 1361 1430 1399 rejicere
1454 1360 1624 1399 jiidicium.
1656 1360 1729 1392 Ideo

954 1413 1059 1444 subdit
1077 1416 1117 1451 (v.
1129 1414 1157 1452 7)
1171 1422 1178 1443 ;
1190 1413 1235 1445 Et
1246 1417 1281 1444 ut
1288 1414 1434 1453 coqnovic
1443 1413 1532 1453 quod
1543 1413 1581 1443 dc
1592 1414 1728 1445 Herodis

951 1470 1104 1506 potestate
1119 1470 1205 1504 esset,
1219 1467 1343 1497 remisit
1354 1476 1428 1497 eum
1439 1466 1484 1496 acl
1491 1467 1663 1505 Herodem,
1673 1468 1732 1508 qui

953 1520 1057 1560 etipse
1067 1519 1298 1559 Hierosolymis
1309 1523 1378 1550 crat
1388 1519 1449 1550 illis
1462 1519 1582 1550 diebus.
1593 1520 1676 1551 Beda
1687 1522 1705 1537 ¹¹
1720 1532 1726 1552 :

958 1585 972 1602 α
985 1573 1029 1604 Νο
1042 1576 1152 1604 contra
1162 1574 1334 1611 insontem,
1349 1576 1380 1604 et
1396 1583 1493 1613 quem
1507 1574 1659 1604 traditum
1672 1583 1727 1614 per

952 1626 1105 1658 invidiam
1113 1629 1256 1665 noverat,
1265 1627 1455 1658 sententiam
1463 1627 1538 1658 dare
1546 1630 1725 1666 cogeretur,

953 1679 1069 1710 Herodi
1090 1680 1287 1710 audiendum
1307 1680 1420 1716 mittit,
1443 1682 1478 1710 ut
1499 1689 1518 1710 a
1537 1689 1595 1710 suo
1614 1682 1726 1711 tetrar-

952 1734 1030 1770 cha,
1057 1733 1108 1763 vel
1135 1733 1363 1771 absolveretur,
1396 1733 1446 1763 vel
1473 1733 1691 1765 damnaretur.
1708 1745 1723 1763 n

952 1785 1040 1817 Unde
1054 1788 1183 1826 apparet
1198 1787 1283 1826 quod
1297 1786 1416 1817 Pilatus
1437 1786 1508 1817 feeit
1523 1788 1631 1824 caute;
1655 1787 1727 1817 fecit

952 1841 983 1870 et
1007 1840 1108 1878 juste,
1139 1840 1214 1879 quia
1242 1839 1344 1870 noluit
1372 1839 1431 1869 sibi
1460 1848 1615 1879 usurpare
1641 1841 1727 1879 quod

952 1892 1045 1923 alieni
1068 1894 1135 1923 erat
1153 1893 1247 1932 ι111115,
1264 1893 1340 1932 quia
1355 1892 1469 1923 dicitur
1489 1893 1510 1911 ¹²
1528 1903 1534 1922 ε
1556 1904 1571 1921 <1
1587 1892 1656 1923 Non
1679 1895 1727 1924 est

952 1946 1037 1977 enim
1052 1947 1190 1985 potestas
1204 1946 1267 1976 nisi
1277 1955 1296 1976 a
1310 1946 1383 1976 Deo.
1400 1945 1477 1983 Quae
1488 1947 1596 1976 autem
1610 1948 1695 1984 sunt,
1708 1956 1727 1977 a

952 2000 1014 2031 Deo
1025 2000 1169 2031 ordinata
1183 2001 1268 2030 sunt.
1285 2011 1299 2028 n
1326 2000 1412 2030 Fecit
1426 2000 1486 2039 ple,
1506 1999 1580 2039 quia
1596 2000 1726 2030 credidit

951 2053 1035 2093 quod
1051 2053 1191 2084 Herodes
1201 2053 1366 2083 hominem
1378 2062 1472 2083 suum
1484 2053 1523 2083 ab
1539 2053 1657 2092 iniquis
1672 2053 1726 2083 de-

950 2108 1039 2138 beret
1061 2106 1298 2137 accusatoribus
1324 2106 1468 2143 liberare,
1491 2106 1666 2136 secundum
1685 2106 1722 2136 il-

950 2160 1004 2191 lud
1021 2160 1041 2177 ¹³
1062 2171 1069 2191 :
1087 2172 1101 2189 α
1116 2160 1273 2191 Miseratio
1288 2159 1429 2189 hominis
1445 2159 1527 2189 circa
1541 2160 1725 2198 proximum

949 2222 1056 2245 suum.
1073 2224 1087 2242 »
1110 2213 1195 2244 Fecit
1217 2215 1247 2243 et
1262 2214 1405 2251 versute,
1422 2212 1497 2252 quia
1512 2211 1613 2243 voluit
1627 2212 1660 2242 111
1673 2212 1725 2242 ad-

950 2267 1130 2298 versarium
1150 2275 1245 2297 suum
1259 2265 1472 2305 periculosum
1491 2265 1646 2304 Judicium
1667 2265 1721 2296 de-

950 2320 1097 2359 volvere;
1126 2319 1227 2351 voluit
1257 2322 1286 2349 et
1316 2320 1386 2358 ejus
1411 2318 1603 2349 calumniam
1627 2318 1722 2349 decli-

950 2383 1043 2412 nare3
1065 2373 1166 2404 voluit
1185 2375 1216 2403 et
1235 2373 1264 2403 ei
1280 2372 1402 2412 placere
1421 2372 1459 2402 de
1478 2381 1527 2410 00,
1543 2371 1629 2412 quod
1643 2371 1722 2402 nihil

950 2427 1009 2458 sibi
1036 2426 1207 2457 constabat.
1232 2425 1280 2455 Ex
1303 2434 1366 2464 quo
1388 2418 1518 2464 apparet
1538 2425 1623 2455 istud
1638 2425 1721 2464 quod

950 2489 1048 2520 supra
1062 2480 1182 2511 dictum
1198 2479 1217 2494 ¹*
1235 2478 1718 2518 :«Fi1iihujussaeculipruden-

949 2535 1044 2565 tiores
1052 2533 1125 2564 filiis
1134 2532 1212 2564 lucis
1220 2531 1263 2571 (cl)
1273 2531 1306 2562 in
1317 2532 1523 2571 generatione
1533 2540 1591 2563 sua
1603 2533 1689 2563 sunt.
1701 2542 1715 2560 n

951 2628 968 2644 ¹²
984 2628 1060 2655 Rom„
1070 2631 1126 2656 xui,
1142 2624 1227 2648 t.—¹³
1242 2624 1331 2655 Eccli„
1343 2631 1417 2656 xviii,
1431 2627 1468 2650 12.
1478 2638 1510 2643 —-
1524 2626 1542 2643 ¹⁶
1553 2626 1625 2656 Sup.,
1635 2627 1718 2655 xvi‘,8.

981 2672 1014 2703 (ιι)
1028 2671 1086 2694 Caet.
1102 2669 1161 2693 edil.
1176 2676 1241 2693 eam.
1252 2682 1281 2687 -
1297 2669 1328 2699 (b)
1343 2670 1462 2694 Joannes.
1475 2682 1506 2688 ·—
1519 2670 1548 2701 (c)
1566 2670 1636 2694 Deest
1651 2669 1719 2693 in.--

949 2708 986 2739 (ιί)
1002 2708 1062 2731 Item
1075 2705 1146 2729 lucis.
