1987 3032
696 203 900 236 EXPOSITIO
922 202 963 233 IN
985 203 1072 235 CAP.
1095 204 1202 237 XVIII.
1706 209 1742 236 77

149 275 263 306 debent
276 275 313 314 (α)
329 275 469 310 horrere,
482 274 512 302 et
527 274 636 302 contra
647 272 820 302 vindictam
831 271 918 302 dam-

150 328 284 359 nationis
298 329 425 357 aeternae
441 325 556 356 debent
573 325 610 364 (a)
630 325 840 364 interpellare.

189 380 303 416 Tertio,
319 381 475 418 quantum
489 378 528 408 ad
543 377 756 416 arguitionem
775 376 918 407 diffiden-

149 433 219 470 tiae,
233 433 338 463 subdit
353 443 360 462 :
380 433 604 463 Verumlamen
616 430 702 468 filius
718 429 856 460 hominis
869 438 918 459 ve-

149 486 248 524 niens,
261 490 370 525 putas,
394 486 531 515 inveniet
549 478 645 523 fidem
667 484 700 514 in
722 483 830 514 terra?
852 482 918 513 Hoc

148 539 277 578 quidem
292 539 380 577 dicit,
397 539 471 578 quia
489 538 560 568 licet
574 538 651 568 fides
667 536 858 568 credulitatis
882 536 915 565 in

147 592 255 622 multis
270 593 416 623 videatur
429 601 511 629 6556,
528 591 605 622 fides
622 590 778 621 fidelitatis
793 591 823 620 et
842 597 916 619 con-

146 644 283 675 fidentiae
302 645 458 684 reperitur
476 645 510 674 in
534 644 641 684 paucis
659 645 667 660 ¹
686 654 692 673 :
715 642 834 673 «Multi
853 642 915 672 ho-

146 698 247 729 mines
262 698 479 729 misericordes
495 700 665 734 vocantur3
684 696 791 727 virum
807 697 914 726 autem

144 751 269 781 fidelem
284 752 355 791 quis
372 751 531 781 inveniet?
549 761 562 778 1)
578 750 616 780 Et
629 750 640 766 ²
656 759 662 779 :
685 761 699 778 (1
715 748 809 779 Periit
824 748 910 785 fides,

144 806 174 834 et
188 804 291 835 ablata
306 806 352 835 est
362 804 400 835 de
415 813 470 834 ore
484 813 607 834 eorum.
625 814 639 831 »
656 802 693 833 Et
703 802 763 832 1106
774 801 913 831 maxime

144 857 203 887 erit
212 858 452 897 approximante
464 857 602 887 adventu
615 856 682 887 Filii
692 856 745 886 Dei
757 856 766 872 ³
786 866 791 886 :
811 867 824 884 (1
835 855 915 891 Quo-

144 910 232 940 niam
258 910 433 940 abundavit
468 910 503 949 th]
535 910 700 949 iniquitas,
732 908 916 947 refrigescet

145 963 281 993 charitas
300 964 485 993 multorum.
504 974 518 991 »
538 963 576 993 Et
592 965 601 981 ⁵
620 974 625 993 :
645 974 659 991 κ
686 962 758 992 Haec
771 963 865 992 erunt
880 962 913 991 111

145 1016 248 1046 medio
258 1019 360 1053 terrae7
374 1017 406 1046 in
423 1017 528 1047 medio
538 1016 741 1056 populorum,
754 1015 914 1055 quomodo

144 1069 168 1098 si
188 1078 298 1108 paucae
321 1069 430 1106 olivae,
456 1079 528 1109 quae.
550 1071 788 1106 remanserunt,
815 1078 911 1099 excu-

143 1121 262 1152 tiantur
277 1131 317 1152 ex
331 1122 416 1160 olea,
437 1125 466 1152 et
484 1122 601 1152 racemi
619 1131 691 1152 cum
710 1122 805 1152 fuerit
824 1121 913 1151 finita

142 1175 344 1206 vindemia.»
373 1175 411 1206 Ε1
431 1177 505 1206 nota
529 1175 613 1214 quod
637 1175 712 1205 dicit
735 1175 909 1205 Dominus:

141 1228 268 1259 Putas?
283 1238 347 1259 non
368 1228 443 1268 quia
459 1228 598 1265 dubitat,
617 1228 671 1258 sed
687 1227 761 1267 quia
775 1227 910 1257 infideli-

141 1283 237 1311 tatem
251 1282 461 1320 reproborum
478 1281 642 1320 reprobat,
664 1283 694 1310 et
709 1280 910 1312 condemnat.

143 1333 230 1365 Unde
244 1334 352 1365 Glossa
365 1345 394 1364 :a
410 1335 509 1365 Putas
519 1333 536 1363 ?
547 1333 583 1364 In
594 1334 691 1364 verbo
706 1333 912 1364 dubitationis

142 1387 311 1418 infidelitas
332 1389 527 1427 increpatur,
543 1396 607 1417 non
624 1388 772 1426 opinatur
789 1387 911 1417 Divini-

141 1443 188 1470 tas
197 1451 205 1477 ;
222 1441 278 1471 scit
293 1441 394 1479 enim,L
404 1450 478 1471 cum
495 1450 548 1480 per
563 1450 596 1471 se
609 1441 689 1470 facta
704 1440 766 1470 sint
778 1440 886 1470 omnia
902 1451 908 1470 :

140 1494 194 1524 sed
204 1493 377 1524 dubitando
391 1494 425 1533 (c)
435 1494 575 1533 increpat
586 1493 761 1523 infidelium
775 1493 880 1523 corda.
895 1503 909 1521 11

144 1547 228 1578 Unde
242 1548 296 1578 illa
311 1548 453 1587 putativa
468 1548 593 1578 Domini
608 1547 789 1587 inquisitio,
801 1547 911 1586 desig-

142 1603 195 1630 nat
209 1601 438 1631 dubitationem
460 1602 490 1630 et
515 1600 732 1636 nutationem,
753 1609 826 1639 quae
852 1600 911 1630 erit

140 1653 172 1683 in
192 1653 395 1684 tribulatione
413 1653 467 1684 illa
487 1653 621 1683 finaliter
642 1653 846 1690 imminente,
868 1653 908 1683 oh

140 1714 236 1745 quam
248 1713 312 1736 non
325 1706 384 1736 erit
398 1706 454 1745 qui
469 1707 653 1744 consurgat,
672 1707 702 1735 et
719 1707 821 1735 teneat
835 1714 909 1735 eum

140 1768 179 1788 ne
197 1761 369 1797 consurgat
388 1759 427 1789 ad
452 1759 617 1790 delendam
638 1760 774 1795 terram,
796 1767 907 1788 secuu-

139 1811 215 1842 dum
232 1811 308 1842 illud
325 1814 334 1829 5
354 1822 365 1841 ι’
381 1823 395 1840 «
416 1812 485 1842 Non
500 1814 546 1842 est
566 1812 622 1851 qui
645 1812 770 1841 invocet
792 1820 910 1841 nomen

140 1866 243 1902 tuum,
261 1865 315 1903 qui
330 1867 511 1903 consurgat,
534 1866 564 1894 et
582 1866 687 1894 teneat
703 1867 732 1894 te
750 1875 756 1894 :
776 1864 910 1894 abscon-

139 1917 211 1947 disti
225 1917 336 1947 faciem
351 1920 439 1948 tuam
454 1927 473 1948 a
487 1917 596 1955 nobis,
614 1919 645 1947 et
660 1917 781 1948 allisisti
802 1927 859 1948 nos
876 1918 909 1948 in

140 1978 238 1999 manu
252 1969 427 2009 iniquitatis
445 1972 574 2000 nostrae.

179 2024 208 2052 9.
225 2023 317 2054 Dz'zit
329 2027 436 2053 autem
450 2023 494 2053 acl
504 2022 660 2063 quosdam
674 2023 731 2062 qui
746 2023 779 2052 z'n
794 2031 825 2053 se
839 2032 909 2052 con-

137 2075 290 2114 sidebant,
306 2079 363 2107 etc.
380 2079 550 2116 Postquam
564 2076 691 2106 induxit
703 2076 742 2106 ad
757 2076 908 2106 orationis

139 2128 340 2167 instantiam,
366 2130 398 2159 in
418 2130 478 2159 hac
494 2132 581 2169 parte
607 2129 739 2159 intendit
760 2129 908 2160 inducere

139 2181 177 2211 ad
196 2182 348 2212 orationis
369 2183 591 2212 reverentiam.
619 2182 776 2218 Quoniam
801 2184 907 2212 autem

139 2235 316 2265 reverentia
338 2235 447 2265 haberi
472 2245 536 2266 non
566 2237 666 2275 potest
689 2236 721 2265 in
745 2235 904 2274 oratione,

141 2287 199 2317 nisi
213 2288 366 2318 habeatur
382 2291 412 2318 et
424 2289 589 2319 humilitas
604 2289 636 2319 in
651 2289 905 2326 conversatione,

139 2340 208 2370 ideo
217 2340 250 2370 in
260 2341 319 2371 hac
329 2344 416 2381 parte
428 2342 530 2381 primo
542 2342 712 2372 introducit
723 2342 906 2381 exemplum

139 2393 355 2433 parabolicum
375 2394 414 2425 ad
436 2395 717 2425 commendandam
740 2395 904 2425 humilita-

138 2448 202 2478 tem
209 2448 375 2485 orationis;
387 2448 524 2478 secundo
539 2457 611 2478 vero
625 2448 808 2487 exemplum
819 2458 907 2487 para-

138 2499 276 2530 bolicum
305 2500 344 2531 ad
376 2501 660 2531 commendandam
693 2501 906 2532 humilitatem

169 2562 177 2578 ¹
194 2564 274 2592 Pron„
296 2568 344 2593 xx,
367 2564 391 2586 ὓ.
406 2576 436 2580 -
457 2563 467 2578 2
485 2563 587 2593 let-em„
605 2569 654 2592 vu,
674 2564 712 2587 28.
734 2576 764 2581 —-
783 2563 793 2578 ³
807 2563 908 2593 Mami„

138 2603 209 2627 xxiV,
225 2599 262 2623 12.
277 2611 308 2616 —
326 2599 336 2615 ¹·
355 2599 413 2629 Im„
432 2604 503 2629 xxw,
525 2601 562 2623 13.
581 2612 611 2617 —
629 2599 638 2615 ⁶
659 2599 730 2629 ibid„
750 2605 820 2627 mv,
838 2601 860 2623 7.
875 2597 907 2617 '—

138 2632 148 2647 ⁸
167 2632 224 2662 lust,
243 2640 268 2657 v.
292 2635 329 2658 15.
350 2646 380 2652 --
400 2634 407 2647 ⁷
426 2634 482 2665 Ins„
506 2641 531 2657 v.
553 2636 588 2658 11.
613 2647 643 2651 -
664 2633 674 2649 ⁸
698 2634 756 2664 inf„
777 2642 802 2657 ν.
825 2636 860 2660 14,
890 2648 900 2651 -»

138 2666 148 2682 ⁹
160 2666 238 2693 Rom..
252 2672 279 2698 x,
293 2669 317 2692 3.
333 2681 359 2686 —
378 2669 398 2685 2³
414 2668 486 2697 ibid„
502 2674 530 2698 11,
548 2670 625 2693 18-20.
638 2681 667 2686 -
682 2669 699 2684 ¹¹
714 2669 796 2698 Prota,
812 2675 848 2699 111,
865 2670 903 2693 28.

975 271 1237 310 conversationis,
1255 271 1299 302 ibi
1314 271 1324 288 ⁶
1342 282 1348 302 :
1365 271 1549 311 Afferebant
1572 275 1678 302 autem
1701 272 1746 303 ad

975 324 1066 355 illum
1094 326 1245 364 infantes.
1272 325 1308 355 In
1331 325 1479 364 parabola
1509 326 1615 355 autem
1640 325 1744 364 prima

975 377 1160 416 explicanda
1168 378 1307 418 procedit
1314 387 1370 417 per
1379 378 1465 408 hunc
1474 378 1607 408 modum
1620 389 1626 408 z
1639 378 1743 417 primo

975 431 1061 460 enim
1074 432 1177 470 tangit
1192 432 1385 462 conditiones
1396 440 1620 471 personarum;
1635 439 1743 461 secun-

974 483 1028 521 do,
1055 485 1247 516 conditiones
1267 494 1414 525 precum,
1436 484 1479 514 ibi
1501 485 1510 500 '¹
1529 495 1536 514 z
1561 483 1743 515 Pharisaeus

973 541 1070 575 stans,
1085 538 1151 568 Izoec
1162 538 1252 578 apud
1264 548 1295 569 se
1308 538 1431 576 orabat,
1450 539 1507 568 etc.
1521 549 1529 575 3
1546 537 1655 574 tertio,
1673 545 1744 566 con-

974 589 1106 621 ditiones
1127 592 1386 630 exauditionum,
1410 591 1456 621 ibi
1475 590 1485 607 ⁸
1506 602 1513 621 z
1532 591 1611 622 Dico
1635 589 1738 627 vobis,

973 643 1132 674 descendit
1145 645 1195 675 llic
1204 645 1399 684 justificatus
1408 669 1417 680 ‚
1434 646 1493 675 etc.

1013 697 1100 728 Circa
1113 698 1307 729 conditiones
1327 707 1535 738 personarum
1556 697 1672 737 quibus
1694 696 1739 727 lo-

973 751 1092 790 quitur,
1108 753 1138 781 et
1151 751 1189 781 de
1204 751 1319 790 quibus
1334 751 1476 790 loquitur
1485 762 1492 788 3
1508 753 1538 781 et
1552 750 1656 790 primo
1672 749 1740 788 qui-

972 803 1059 841 dem,
1082 806 1238 843 quantum
1259 804 1297 835 ad
1320 804 1515 834 conditiones
1532 803 1739 842 personarum

971 857 1088 896 quibus
1101 857 1251 897 quuitur,
1266 858 1309 888 ait
1321 869 1328 888 ι
1341 858 1432 889 Dixit
1441 861 1549 888 autem
1559 860 1589 887 et
1598 856 1741 896 culquos-

971 910 1046 940 dam
1063 911 1121 950 qui
1141 911 1174 940 in
1195 920 1227 941 se
1250 911 1449 949 confidebant
1470 914 1624 950 tanquam
1644 909 1738 947 justi,

971 973 1027 1003 per
1053 964 1343 1003 magnificationem
1370 964 1498 995 virtutis
1525 962 1673 1002 propi‘Iae.
1704 961 1740 992 Et

971 1018 1031 1048 hoc
1041 1020 1087 1048 est
1097 1020 1206 1048 contra
1216 1018 1316 1048 Deum
1324 1017 1486 1057 superbire
1498 1016 1554 1055 (cl),
1565 1015 1739 1046 secundum

972 1071 1049 1101 illud
1064 1072 1074 1087 ⁹
1092 1080 1099 1101 :
1122 1082 1135 1099 «
1149 1071 1336 1110 Ignorantes
1347 1070 1504 1110 Justitiain
1520 1069 1586 1106 Dei,
1603 1070 1632 1098 et
1647 1077 1739 1098 suam

971 1125 1149 1164 qucerentes
1174 1126 1326 1161 statuere,
1351 1122 1482 1162 ι1115111133
1507 1121 1561 1152 Dei
1582 1129 1645 1151 11011
1664 1122 1740 1150 511111

970 1177 1114 1215 subjecti.
1138 1188 1152 1205 n
1181 1176 1269 1207 Tunc
1289 1178 1396 1207 autem
1418 1174 1547 1206 confidit
1563 1174 1597 1204 in
1620 1182 1653 1204 se
1669 1172 1740 1212 quis

970 1234 1121 1270 tanquam
1134 1232 1241 1269 ι11151115
1252 1254 1259 1268 ,
1282 1229 1409 1269 quando
1424 1238 1457 1259 56
1468 1229 1593 1267 justum
1615 1229 1740 1266 reputat

971 1292 1009 1312 ex
1025 1283 1091 1312 suis
1106 1283 1272 1321 operibus,
1295 1282 1374 1312 sicut
1396 1281 1551 1311 faciebant
1571 1279 1587 1310 J
1591 1279 1674 1310 udaei
1689 1279 1711 1296 ¹⁰
1729 1288 1736 1308 :

976 1347 988 1363 1(
1000 1335 1118 1365 Probas
1128 1335 1266 1372 utiliora,
1279 1335 1452 1365 instructus
1463 1342 1518 1373 per
1528 1333 1644 1372 legem,
1662 1341 1738 1362 con—

969 1388 1038 1418 fidis
1060 1388 1197 1427 teipsum
1213 1397 1279 1418 esse
1294 1388 1407 1418 ducem
1432 1394 1605 1423 caecorum,
1630 1385 1738 1415 lumen

968 1449 1080 1471 eorum
1095 1441 1151 1480 qui
1166 1440 1346 1470 intenebris
1360 1442 1445 1477 sunt,
1460 1438 1651 1469 eruditorem
1666 1438 1738 1468 insi-

967 1494 1124 1533 pientium
1134 1518 1141 1531 ‚
1160 1493 1351 1533 magistrum
1365 1493 1533 1523 infantium
1543 1516 1550 1530 ,
1568 1491 1737 1522 habentem

968 1548 1103 1578 sormam
1118 1547 1255 1578 scientiae
1271 1549 1301 1577 et
1316 1546 1455 1577 veritatis
1469 1546 1504 1575 in
1521 1545 1602 1584 lege.
1626 1555 1640 1572 »
1664 1544 1738 1574 Haec

967 1603 1071 1631 autem
1095 1600 1284 1631 confidentia
1306 1600 1410 1639 potius
1432 1601 1479 1629 651
1503 1607 1587 1630 verae
1607 1597 1737 1637 justitiae

967 1653 1095 1684 inimica
1110 1655 1125 1670 ¹¹
1146 1664 1152 1684 ι
1167 1665 1180 1682 t(
1193 1653 1251 1690 Qui
1265 1653 1392 1683 confidit
1405 1653 1438 1682 in
1450 1652 1569 1683 divitiis
1582 1650 1658 1688 suis,
1675 1659 1738 1680 cor-

966 1708 1047 1736 ruet.
1068 1717 1081 1733 »
1107 1705 1239 1745 Propter
1261 1706 1345 1745 quod
1366 1705 1481 1735 dicitur
1504 1705 1525 1721 ¹²
1552 1715 1558 1735 z
1582 1703 1676 1734 «Pro
1699 1712 1736 1733 eo

967 1759 1051 1797 quod
1067 1759 1206 1789 habuisti
1221 1759 1370 1788 fiduciam
1387 1758 1420 1788 in
1432 1757 1665 1788 munitionibus
1675 1755 1739 1786 tuis

967 1814 997 1841 et
1012 1811 1044 1841 in
1068 1812 1225 1842 thesauris
1247 1812 1326 1849 11115,
1353 1813 1388 1841 tu
1407 1820 1534 1851 quoque
1555 1810 1698 1850 capieris.
1722 1819 1735 1837 11

966 1863 1004 1894 Et
1018 1864 1077 1894 hoc
1091 1866 1194 1895 totum
1216 1866 1263 1895 est
1277 1866 1405 1904 propter
1425 1863 1580 1894 desectum
1604 1862 1735 1893 humili-

967 1918 1039 1947 tatis
1049 1941 1058 1955 ,
1075 1927 1147 1957 quae
1162 1920 1208 1948 est
1222 1917 1319 1947 totius
1330 1917 1464 1956 justitiae
1480 1916 1734 1947 fundamentum.

968 1970 1055 2001 Unde
1070 1970 1244 2010 Gregorius
1261 1979 1268 2000 :
1291 1982 1304 1999 κ
1321 1970 1397 2000 Eam
1420 1970 1537 2010 quippe
1554 1978 1651 2009 quam
1674 1977 1738 1998 non

967 2023 1088 2055 invenit
1102 2023 1277 2061 humilem,
1303 2024 1418 2053 veritas
1440 2023 1525 2061 sugit
1546 2024 1696 2053 mentem.
1718 2032 1732 2049 n

967 2076 1005 2107 Et
1028 2077 1144 2107 iterum
1169 2087 1176 2107 ι
1203 2088 1216 2105 (‹
1239 2076 1297 2113 Qui
1317 2076 1385 2106 sine
1407 2076 1586 2106 humilitate
1606 2075 1738 2106 virtutes

967 2132 1143 2169 congregat
1159 2130 1248 2169 quasi
1272 2128 1437 2168 pulverem
1456 2129 1487 2158 in
1508 2130 1641 2159 ventum
1661 2136 1737 2166 por-

966 2186 1020 2214 tat.
1038 2194 1052 2212 »
1072 2183 1109 2214 Et
1123 2183 1198 2222 quia
1219 2181 1424 2222 praesumptio
1443 2181 1491 2211 sui
1507 2181 1592 2211 ducit
1607 2180 1640 2210 in
1662 2188 1736 2210 con-

967 2238 1122 2276 temptum
1136 2235 1285 2275 proximi,
1303 2235 1372 2265 ideo
1387 2234 1492 2264 subdit
1510 2244 1516 2263 :
1533 2234 1578 2265 Et
1590 2241 1737 2273 asperna-

966 2290 1083 2320 bamm-
1106 2293 1249 2325 coecerffl,
1275 2289 1430 2327 quantum
1447 2287 1487 2317 ad
1501 2289 1733 2326 contemptum,

967 2343 1083 2373 scilicet
1098 2343 1201 2373 meriti
1222 2341 1331 2378 alieni,
1349 2341 1429 2371 sicut
1440 2340 1484 2370 illi
1506 2341 1543 2371 de
1559 2340 1674 2380 quibus
1688 2339 1734 2370 di-

967 2399 1048 2428 eitur
1064 2398 1084 2414 ¹³
1102 2408 1128 2428 ια
1147 2396 1207 2433 Qui
1226 2396 1336 2426 dicunt
1353 2406 1358 2425 2
1379 2395 1495 2425 Recede
1510 2404 1529 2425 a
1543 2403 1608 2432 me;
1625 2403 1664 2425 ne
1679 2403 1735 2434 ap-

968 2451 1162 2490 propinques
1187 2449 1281 2487 mihi,
1309 2449 1384 2488 quia
1406 2448 1592 2478 immundus
1615 2457 1659 2478 es.
1684 2447 1735 2477 Isti

966 2505 1074 2534 sumus
1090 2504 1184 2533 erunt
1196 2502 1229 2532 in
1242 2502 1347 2533 furore
1359 2510 1441 2540 meo,
1454 2501 1540 2540 ignis
1549 2500 1661 2532 ardens
1672 2502 1736 2530 tota

965 2611 995 2615 -
1011 2598 1027 2611 ¹²
1040 2597 1141 2626 Jerem„
1161 2601 1256 2625 xnvnr,
1272 2596 1295 2619 Ί.
1311 2607 1341 2612 -
1355 2594 1376 2610 ¹³
1388 2594 1447 2625 Isa.‚
1468 2599 1527 2624 mv,
1541 2595 1564 2617 5.
1578 2606 1604 2611 —
1622 2593 1655 2624 (α)
1674 2593 1734 2618 Caet.

964 2633 1024 2656 edit.
1039 2632 1123 2656 debet.
1137 2644 1168 2649 -
1181 2630 1215 2661 (b)
1232 2632 1292 2655 Item
1307 2629 1454 2654 abundabit.
1465 2643 1496 2647 —
1509 2629 1538 2660 (e)
1552 2629 1608 2659 Leq.
1622 2628 1736 2653 dubitan-

965 2669 1035 2693 uum.
1046 2681 1077 2685 —
1092 2667 1123 2698 (d)
1141 2667 1200 2691 Caet.
1216 2666 1276 2690 edil.
1292 2665 1426 2697 superbiae.
