1987 3032
207 255 266 283 580
709 241 976 275 CULLATIONES
1002 241 1293 272 PRAEDICABlLES

207 319 286 351 tatis,
308 318 348 345 ait
373 314 558 350 Augustinus.
575 315 607 340 Et
630 312 697 339 licet
716 311 790 337 essct
810 315 896 335 verus
921 308 974 334 Do-

206 366 304 393 minus
327 362 466 390 omnibus
487 359 660 396 praesidens,
685 359 713 384 et
735 355 816 382 solus
838 353 975 387 magister

207 419 310 440 omnes
341 409 497 440 erudienS,
521 406 657 440 dignatus
683 405 724 430 est
756 402 853 429 lavare
882 400 974 436 pedes

207 457 429 493 discipulorum.
453 454 494 481 Ob
525 459 616 487 quam
644 449 839 478 humilitatem
866 445 975 481 stupuit

207 507 319 537 Petrus,
337 500 525 529 considerans
544 498 724 532 majestatem
746 493 886 526 lavantis,
903 499 975 526 ope-

206 551 245 578 ris
267 550 413 584 abjectam
436 548 463 573 et
482 542 733 578 contemptibilem
758 539 951 567 humilitatem
966 558 975 570 ,

207 600 235 626 et
248 598 286 625 ob
299 597 396 630 gestus
409 595 437 620 et
448 591 535 619 studii
549 590 640 626 ipsius
652 587 776 615 lavantis
791 585 973 620 diligentiam

206 647 234 671 et
254 641 437 670 sedulitatem
457 649 465 665 .·
484 638 554 673 quia
575 634 725 671 praecinxit
746 641 776 660 se
796 633 885 659 linteo
908 631 973 664 hic,

206 690 284 717 misit
298 695 408 723 aquam
423 685 453 712 in
467 683 593 720 pelvim,
609 684 662 708 ete.
679 682 749 707 Item
767 677 919 712 obstupuit
935 676 974 702 ob

205 736 339 767 illorum,
356 739 484 768 quorum
500 729 591 765 pedes
605 727 691 759 lavit,
707 725 844 752 servilem
859 722 975 750 inferio-

204 783 335 813 ritatem,
351 779 422 814 quia
438 776 493 812 ipsi
508 777 589 802 eraut
611 773 685 800 servi
707 774 733 799 et
748 769 894 805 discipuli,
918 770 973 795 Nec

206 828 303 856 solum
328 825 398 852 lavit
426 822 516 858 pedes
545 819 757 854 discipulorum
773 837 782 851 ,
806 815 859 843 sed
888 815 975 842 etiam

206 872 379 910 proditoris,
395 872 423 897 et
437 871 502 896 ante
518 868 615 902 ipsum
627 873 656 892 se
671 863 832 891 inclinavit.
849 863 880 888 Et
895 861 974 894 ideo,

205 921 267 948 11ωο
281 917 487 948 considerans,
509 913 613 940 merito
629 911 668 938 ait
682 911 781 937 Petrus
798 917 804 935 :
818 909 877 935 Non
899 908 975 933 laua-

206 968 246 993 bis
269 966 337 992 mihi
361 963 440 998 pedes
464 963 493 987 in
522 962 672 990 (eternum,
700 955 810 982 scilicet
837 953 975 980 manibus

207 1012 315 1048 quibus
330 1008 434 1037 oculos
453 1006 520 1033 caeci
542 1003 696 1039 aperuisti,
718 1001 827 1036 quibus
842 1000 976 1034 leprosos

206 1056 378 1089 mundasti,
404 1053 511 1089 quibus
535 1052 668 1078 mortuos
692 1046 860 1079 suscitasti,
886 1047 917 1071 ut
938 1044 977 1071 ait

206 1105 429 1140 chrysostomus
445 1101 450 1116 ¹
468 1099 530 1132 hie,
546 1096 597 1124 ubi
618 1096 695 1122 bene
719 1094 756 1120 de
779 1093 834 1119 his.
851 1092 976 1126 Stupen-

207 1152 279 1179 dum
298 1156 369 1183 ergo
392 1154 467 1182 opus
487 1144 637 1177 descriptae
653 1138 840 1171 humilitatis,
857 1145 916 1172 qua
940 1137 975 1170 (a)

205 1196 369 1225 humilitate
386 1193 523 1227 dignatus
543 1191 585 1216 est
603 1189 643 1215 sic
657 1188 757 1214 lavare
776 1184 867 1220 pedes
888 1183 974 1210 disci-

205 1243 354 1280 pulorum.
371 1236 593 1267 Considerando
610 1237 706 1261 tamen
728 1232 902 1258 immensam
923 1229 977 1255 hu-

207 1289 375 1320 militatem,
391 1292 451 1320 qua
465 1281 653 1316 semetipsum
668 1277 843 1309 exinanivit,
855 1278 881 1302 et
896 1283 975 1302 mor-

205 1338 265 1363 tem
285 1332 378 1361 crucis
400 1328 553 1360 sustinuit,
577 1326 656 1353 istud
680 1332 755 1359 opus
774 1322 828 1349 suit
854 1320 976 1347 minoris

205 1380 387 1410 humilitatis.
415 1387 428 1402 (1
452 1373 620 1403 Humiliavit
647 1371 725 1398 enim
747 1369 757 1384 ²
785 1369 976 1403 semetipsum

205 1429 332 1456 formam
352 1423 428 1451 servi
450 1420 606 1456 accipiens.
624 1428 636 1443 »
655 1417 734 1444 Unde
756 1417 872 1442 notatur
894 1413 977 1449 quod

205 1473 315 1503 lavavit
338 1471 428 1507 pedes
450 1466 664 1502 discipulorum
686 1463 732 1490 hic
754 1461 907 1488 visibiliter
930 1460 975 1487 lo-

206 1522 284 1548 tione
299 1515 466 1552 corporali;
482 1514 551 1540 item
570 1511 641 1538 lavit
659 1512 686 1536 et
704 1509 783 1535 lavat
807 1507 898 1542 pedes
913 1514 976 1533 om-

206 1566 289 1593 nium
307 1562 440 1590 fidelium
460 1556 655 1589 invisibiliter,
672 1557 698 1581 et
715 1554 824 1581 lotione
847 1552 976 1579 interiori

206 1620 259 1648 per
274 1609 407 1645 gratiam,
419 1608 451 1633 ut
465 1605 577 1632 dictum
592 1604 634 1629 est
647 1601 677 1627 in
692 1599 783 1635 priori
796 1597 973 1631 Collatione3

206 1660 276 1686 item
301 1657 363 1691 ipse
388 1654 464 1680 lavat
489 1649 602 1677 animas
624 1646 756 1674 omnium
777 1644 911 1672 fidelium
933 1644 976 1671 lo-

206 1705 286 1732 tione
311 1698 495 1732 admirabili,
518 1696 627 1723 scilicet
650 1692 792 1727 sanguine
814 1691 976 1726 passionis,

207 1759 225 1778 a
248 1757 308 1785 qua
335 1745 435 1774 omnia
464 1744 646 1770 sacramenta
677 1739 787 1766 habent
816 1737 976 1764 efficaciam

206 1794 326 1824 lavandi
347 1794 358 1810 ⁸
375 1802 381 1819 :
399 1802 412 1817 ι(
435 1789 538 1818 Dilexit
558 1795 613 1815 nos
636 1789 662 1813 et
685 1786 756 1812 lavit
780 1785 809 1811 in
833 1783 975 1818 sanguine

207 1851 272 1871 suo.
288 1851 301 1867 »
319 1842 350 1868 Et
364 1838 418 1866 nisi
433 1837 498 1872 quis
511 1834 597 1862 suerit
610 1834 686 1860 lotus
700 1832 777 1858 dicto
797 1830 899 1864 modo,
916 1838 976 1856 non

206 1887 328 1917 habebit
341 1886 455 1921 partem
470 1890 538 1910 cum
554 1880 624 1907 Filio
640 1879 688 1906 Dei
703 1879 712 1894 ⁸
729 1887 735 1904 ;
757 1888 770 1902 α
782 1878 881 1912 Neque
898 1876 977 1903 enim

207 1934 370 1967 fornicarii,
384 1942 397 1957 n
415 1934 443 1958 et
462 1930 502 1956 sic
518 1929 555 1955 de
577 1927 642 1954 aliis
662 1923 882 1960 peccatoribus,
901 1933 915 1947 «
929 1930 974 1949 re-

209 1990 301 2018 gnum
326 1979 373 2006 Dei
396 1975 598 2013 possidebunt.
621 1982 634 1997 ›>
652 1971 710 1999 Soli
735 1970 814 1996 enim
837 1969 927 1996 sancti
950 1971 977 1995 et

208 2027 313 2057 mundi
322 2024 475 2052 habebunt
488 2022 602 2056 partem
613 2026 680 2045 cum
694 2016 766 2044 Filio
779 2015 826 2042 Dei
840 2015 870 2041 in
882 2022 975 2048 regno

208 2074 309 2110 gloriae
323 2073 333 2089 ⁵
351 2080 357 2098 ι
371 2081 386 2096 <i
397 2071 460 2097 Non
473 2067 551 2094 enim
566 2064 684 2092 intrabit
697 2063 727 2089 in
742 2069 823 2095 eam,
840 2071 854 2086 n
871 2061 978 2088 scilicet

209 2121 373 2151 civitatem,
392 2113 534 2149 «aliquid
557 2110 798 2146 coinquinatum,
813 2115 909 2142 neque
933 2107 977 2134 fa-

209 2167 287 2194 ciens
297 2161 559 2192 abominationem.
572 2168 584 2183 »
598 2156 759 2191 Suscipient
773 2154 852 2181 euim
862 2153 872 2168 ⁶
883 2153 975 2180 sancti

209 2219 334 2247 regnum
349 2208 407 2236 Dei.
425 2208 480 2234 Nec
495 2207 536 2232 est
554 2202 718 2230 timendum
733 2200 851 2227 habenti
865 2201 978 2235 partem

210 2259 252 2286 ibi
266 2266 333 2285 cum
348 2256 419 2284 Filio
438 2253 502 2286 Dei,
517 2251 587 2286 quia
601 2247 740 2276 habendo
760 2249 874 2282 partem
888 2245 979 2273 habe-

211 2306 253 2332 bit
277 2306 370 2331 totum
389 2311 395 2328 :
416 2299 486 2335 qnia
507 2296 628 2324 habebit
649 2297 740 2321 Deum
762 2293 874 2327 ipsum,
890 2294 917 2319 et
939 2292 980 2319 ita

211 2359 298 2380 omne
311 2346 439 2377 bonum'*
451 2357 458 2373 :
470 2343 649 2373 «Ostendam
659 2340 711 2368 tibi
725 2346 812 2367 omne
827 2339 950 2365 bonum.
964 2348 975 2363 u

211 2401 244 2427 Et
264 2398 274 2413 δ’
291 2406 298 2424 2
317 2406 331 2421 «
350 2394 488 2422 Dominus
509 2399 576 2427 pars
600 2388 775 2416 haereditatis
795 2394 866 2413 meze
878 2406 887 2419 ,
904 2396 916 2409 υ
940 2385 980 2412 ait

211 2444 364 2479 Propheta.
379 2442 389 2457 ‘³
410 2450 423 2465 ι(
440 2441 506 2466 Pars
530 2444 597 2464 mea
617 2437 770 2466 Dominus,
787 2433 857 2459 dicit
880 2432 980 2459 anima

243 2541 250 2556 ²
270 2538 412 2563 Chrvsost.,
429 2535 455 2557 in
471 2533 553 2560 loun„
567 2532 635 2554 hom.
651 2534 725 2558 mx,
741 2528 773 2551 al.
789 2533 837 2551 Lxx
848 2545 854 2554 ,
869 2533 895 2549 11.
912 2528 934 2550 2.
950 2539 980 2543 -

212 2578 221 2592 2
239 2563 343 2603 Ριιῑιίμῖ,
366 2577 399 2600 ιι,
419 2572 442 2593 ⁸.
459 2580 489 2585 -
510 2568 518 2580 ³
536 2568 619 2596 Alme„
643 2572 664 2594 1,
685 2566 707 2588 5
728 2576 758 2580 -
776 2563 785 2578 ὁ
802 2565 806 2585 1
823 2562 890 2588 eor..
906 2567 941 2591 w,
957 2563 980 2590 9,

214 2612 251 2634 10,
266 2622 291 2626 -
308 2609 318 2624 ⁵
331 2609 413 2637 Apoc„
430 2609 482 2632 xm,
495 2603 533 2626 27.
549 2614 574 2618 —-
591 2602 600 2616 Β
615 2601 690 2627 Dan„
705 2604 752 2628 vlt,
769 2600 806 2621 22.
820 2610 851 2614 —
864 2597 874 2613 7
888 2596 979 2624 Exod„

213 2649 310 2672 xxxiii,
331 2643 366 2665 19.
383 2653 413 2657 -
433 2641 441 2653 θ
457 2636 524 2662 Psal.
544 2642 585 2665 xv,
603 2637 624 2658 ὅ.
644 2647 675 2651 -
692 2634 702 2649 ⁹
719 2634 815 2658 Taren..
838 2638 882 2661 iii,
897 2633 934 2654 24.
951 2644 980 2648 —

215 2681 234 2695 ¹⁴¹
253 2681 334 2708 Alme..
351 2682 398 2705 xx,
413 2676 435 2698 G.
453 2685 481 2690 —
497 2673 513 2688 ²·
530 2671 671 2700 Chrysas-i„
691 2670 715 2691 iu
732 2668 813 2696 Joan„
832 2667 901 2689 hom.
921 2672 980 2695 Lxx,

1030 315 1104 334 mea.
1125 319 1136 331 υ
1153 308 1172 324 ¹⁰
1189 317 1202 333 ι(
1218 309 1317 334 Beatus
1331 309 1445 334 sanctus
1461 307 1512 343 qui
1533 307 1620 335 habet
1638 311 1751 344 partem
1768 309 1799 337 in

1028 353 1240 380 resurrectione
1255 352 1361 388 prima.
1373 362 1386 378 »
1401 355 1433 380 Et
1446 353 1513 380 ideo
1527 354 1632 381 merito
1647 355 1800 383 concludit

1030 399 1076 425 hic
1092 399 1265 433 discipulis:
1285 400 1338 426 Vos
1363 399 1463 425 debetis
1485 403 1553 426 mter
1574 402 1688 428 ulterius
1709 402 1800 429 lavare

1029 446 1118 479 peiles,
1133 445 1241 472 scilicet
1255 453 1306 471 vos
1321 445 1469 477 conservi,
1485 446 1525 472 ait
1541 446 1765 482 Chrysostomus
1780 450 1797 466 ¹¹

1030 491 1081 518 ubi
1110 499 1208 526 supra.
1238 495 1258 518 Α
1283 491 1446 525 majoribus
1474 492 1552 518 enim
1580 493 1670 520 rebus
1695 493 1800 529 accipit

1031 537 1183 572 exempla,
1199 539 1230 564 ut
1243 537 1346 564 saltem
1362 537 1444 572 quod
1464 538 1561 565 minus
1575 541 1617 566 est
1631 547 1798 575 operemur.

1031 584 1063 610 Et
1083 583 1119 610 de
1138 583 1194 610 hoc
1215 583 1391 617 Augustinus
1409 583 1424 598 '²
1439 583 1515 610 bene
1532 592 1539 610 ε
1560 593 1572 608 ι(
1587 583 1734 612 Discamus
1748 584 1799 612 hu-

1031 629 1182 656 militatem
1205 629 1243 655 ab
1269 629 1407 662 Excelso,
1428 629 1569 656 faciamus
1592 629 1719 657 invicem
1742 630 1799 658 hu-

1031 675 1115 702 miles
1132 696 1141 708 ,
1170 674 1253 710 quod
1276 675 1424 702 humiliter
1445 674 1512 702 feeit
1530 675 1674 703 excelsus.
1698 676 1802 710 Magna

1031 721 1077 748 hie
1106 721 1324 748 commendatio
1353 721 1532 748 humilitatis.
1559 724 1590 749 Et
1614 721 1724 749 faciunt
1745 722 1802 750 sibi

1032 767 1088 794 hoc
1113 767 1149 802 (b)
1172 767 1298 794 invicem
1317 767 1434 801 fratres,
1456 776 1524 794 cum
1546 776 1576 794 se
1598 767 1731 803 hospicio
1755 767 1802 795 in-

1032 814 1126 840 vicem
1139 813 1309 848 suscipiunt.
1327 814 1357 840 Et
1371 816 1454 848 post,
1465 822 1533 840 cum
1548 813 1585 840 ad
1601 814 1692 849 pedes
1708 814 1803 841 fratris

1031 859 1186 887 inclinatur
1201 868 1322 895 corpus,
1335 860 1422 887 etiam
1444 860 1474 887 in
1494 860 1583 887 corde
1599 861 1664 895 ipso
1684 860 1732 888 vel
1753 868 1803 888 ex-

1031 906 1148 940 citatur,
1163 906 1209 933 vel
1223 906 1246 933 si
1256 907 1318 940 jam
1333 906 1420 933 etiam
1435 906 1529 933 inerat
1547 908 1594 941 (η),
1612 906 1804 934 confirmatur

1031 951 1179 979 humilitas
1196 952 1366 979 affectionis.
1388 962 1400 977 n
1418 953 1481 979 11ωο
1496 952 1555 979 ille.
1573 954 1603 979 Et
1617 952 1657 979 ibi
1673 953 1749 980 bene
1765 952 1802 980 de

1031 997 1097 1025 hoc.
1114 998 1157 1025 Ad
1171 998 1248 1025 hanc
1264 999 1300 1032 (d)
1312 998 1438 1033 exempli
1454 998 1515 1025 Filii
1531 998 1579 1025 Dei
1592 998 1802 1032 imilationem,

1032 1047 1059 1071 et
1082 1044 1120 1071 ad
1142 1044 1314 1071 humilitatis
1336 1045 1556 1077 excitationem,
1576 1044 1624 1071 vel
1647 1044 1802 1072 confirma-

1031 1091 1156 1124 tionem,
1170 1091 1208 1118 ad
1223 1091 1315 1118 mutui
1332 1090 1467 1125 obsequii
1483 1090 1710 1124 exhibitionem,
1725 1090 1803 1118 etad

1031 1136 1189 1164 fraternam
1214 1137 1448 1169 venerationem,
1469 1136 1591 1163 fratrum
1611 1136 1702 1171 pedes
1723 1136 1802 1164 lave-

1032 1191 1097 1210 mus
1114 1192 1120 1209 :
1136 1183 1192 1210 hoc
1208 1183 1286 1210 euim
1306 1182 1360 1209 fuit
1379 1190 1494 1216 magna²
1514 1182 1705 1217 reputationis
1720 1182 1801 1218 apud

1032 1232 1160 1263 sanctos,
1177 1232 1204 1256 et
1225 1229 1305 1264 apud
1324 1228 1470 1263 antiquos
1488 1228 1567 1255 Unde
1587 1228 1627 1255 ait
1645 1228 1801 1264 Apostolus

1033 1275 1069 1302 de
1085 1275 1175 1302 vidua
1187 1276 1208 1293 ¹³
1222 1284 1249 1302 z«
1264 1275 1290 1302 Si
1305 1274 1396 1310 pedes
1415 1275 1584 1302 sanctorum
1599 1274 1678 1302 lavit.
1695 1285 1708 1300 n
1725 1276 1758 1302 Et
1772 1274 1802 1301 in

1036 1323 1107 1348 Vitis
1121 1322 1232 1348 Pati-um
1249 1321 1368 1355 dicitur,
1382 1321 1464 1355 quod
1480 1323 1536 1348 tres
1550 1328 1596 1348 res
1611 1322 1694 1348 erant
1707 1321 1802 1348 hono-

1032 1367 1139 1394 rabiles
1160 1367 1240 1402 apud
1262 1369 1372 1402 patres,
1388 1367 1426 1393 ad
1452 1374 1526 1402 quas
1548 1374 1616 1393 cum
1639 1366 1752 1394 honore
1775 1369 1803 1394 et

1032 1413 1135 1440 timore
1150 1413 1346 1446 accedebant,
1360 1413 1469 1440 scilicet
1488 1420 1605 1440 sacrum
1625 1412 1731 1446 altare,
1746 1412 1801 1440 sci-

1032 1460 1098 1486 licet
1119 1459 1150 1486 in
1168 1467 1228 1495 quo
1250 1459 1522 1492 communicabant,
1536 1466 1638 1486 mensa
1658 1458 1800 1494 fratrum,

1032 1506 1062 1532 in
1084 1514 1144 1541 qua
1167 1505 1385 1539 comedebant,
1406 1505 1500 1540 pelvis
1524 1505 1555 1532 in
1579 1513 1638 1540 quo
1662 1505 1802 1533 lavabant

1032 1551 1122 1586 pedes
1137 1552 1268 1578 fratrum.
1285 1553 1325 1578 Ex
1340 1559 1400 1586 quo
1415 1559 1486 1585 ergo
1502 1551 1640 1578 Dominus
1657 1554 1685 1578 et
1698 1551 1801 1586 Magis-

1032 1601 1074 1625 ter
1096 1598 1166 1625 lavit
1185 1598 1275 1632 pedes
1297 1596 1525 1631 discipulorum,
1547 1596 1645 1630 electi,
1661 1597 1712 1632 qui
1734 1599 1801 1624 sunt

1032 1644 1167 1671 membra
1181 1644 1258 1677 ejus,
1275 1642 1478 1675 affectualiter,
1493 1642 1658 1677 humiliter,
1673 1643 1799 1670 libenter

1032 1690 1112 1717 idem
1126 1690 1221 1716 facere
1233 1688 1369 1716 studeant
1384 1696 1420 1715 ex
1435 1688 1552 1716 affeetu.

1141 1792 1254 1819 Collatio
1272 1793 1527 1826 sexagesimaprz‘ma
1537 1812 1546 1825 ,
1562 1799 1632 1826 xm,
1648 1793 1692 1820 15.

1068 1877 1225 1911 Eaeemplum
1246 1875 1310 1902 decli
1331 1875 1405 1902 vobis
1420 1896 1429 1908 ,
1450 1879 1481 1902 ut
1504 1876 1725 1910 quemadmodum
1746 1878 1801 1910 feci

1032 1924 1104 1950 vobis
1117 1943 1125 1956 ‚
1140 1924 1181 1949 ita
1203 1925 1227 1949 et
1247 1929 1290 1948 vos
1313 1923 1434 1954 faciatis
1456 1922 1528 1948 Cum
1548 1921 1627 1948 enim
1650 1922 1800 1957 religionis

1032 1977 1149 1996 summa
1169 1968 1204 1995 sit
1227 1967 1333 1994 imitari
1357 1975 1424 1994 eum
1446 1975 1535 2002 quem
1558 1967 1698 2002 colimus,
1714 1970 1746 1996 ut
1759 1969 1800 1996 ait

1032 2015 1208 2050 Augustinus
1222 2013 1251 2048 ¹¹⁴,
1267 2014 1296 2041 in
1317 2014 1362 2040 his
1387 2013 1484 2040 verbis
1505 2013 1592 2040 Filius
1615 2015 1679 2048 Dei,
1697 2015 1801 2043 volens

1033 2071 1087 2090 nos
1113 2069 1260 2088 summam
1288 2059 1438 2094 religionis
1462 2059 1642 2095 adimplere,
1668 2061 1800 2090 hortatur

1034 2116 1088 2135 nos
1106 2108 1145 2134 ad
1165 2108 1262 2142 ipsum
1277 2105 1461 2133 imitandum.
1479 2107 1509 2132 111
1525 2106 1633 2140 quibus
1649 2110 1777 2142 quatuor
1793 2117 1800 2135 :

1035 2162 1163 2190 quorum
1178 2154 1305 2188 primum
1320 2154 1362 2178 est
1375 2151 1472 2178 dantis
1485 2152 1653 2187 exemplum
1668 2154 1804 2189 majesta-

1035 2201 1093 2227 tiva
1108 2200 1250 2234 dignitas,
1264 2198 1346 2233 quod
1361 2199 1477 2225 notatur
1495 2198 1525 2224 in
1540 2199 1716 2232 pronomine
1731 2200 1803 2228 sub-

1035 2247 1181 2273 intellecto
1202 2246 1232 2272 in
1254 2245 1311 2271 hoc
1337 2244 1425 2271 verbo
1448 2253 1454 2270 :
1476 2244 1557 2277 Dede,
1574 2245 1737 2272 secundum
1760 2248 1803 2273 est

1035 2293 1136 2320 fortine
1150 2291 1313 2324 imitandae,
1328 2290 1387 2317 sive
1403 2290 1500 2324 operis
1513 2290 1636 2318 virtuosi
1651 2292 1804 2327 exempla-

1035 2339 1074 2365 ris
1089 2337 1317 2373 pert‘eetibilitas,
1332 2336 1374 2363 ibi
1388 2344 1395 2362 z
1415 2336 1571 2370 Eoeemplum
1587 2337 1651 2363 dedi
1663 2347 1672 2369 ,-
1688 2338 1803 2365 tertium

1036 2387 1078 2412 est
1091 2383 1259 2411 imitationis
1273 2381 1471 2415 hortabilitaS,
1488 2382 1528 2408 ibi
1541 2390 1547 2408 :
1560 2383 1680 2410 Faciatis
1690 2393 1698 2418 ;
1716 2391 1803 2419 quar-

1036 2474 1067 2497 ul.
1082 2479 1158 2502 Lxxi,
1174 2479 1198 2495 n.
1215 2473 1238 2495 1.
1255 2484 1281 2488 —
1299 2471 1318 2486 ¹²
1333 2472 1406 2501 Aug„
1422 2471 1447 2493 in
1460 2471 1541 2499 Joan„
1558 2471 1629 2494 tract.
1646 2476 1722 2501 Lvui,
1738 2477 1764 2495 n.
1780 2473 1804 2495 4.

1036 2522 1066 2526 —
1080 2510 1098 2524 ¹³
1113 2509 1118 2531 Ι
1135 2508 1204 2535 Tim„
1220 2512 1245 2535 v,
1262 2508 1299 2529 10.
1315 2519 1341 2522 ——
1356 2507 1373 2521 ¹⁸
1385 2508 1460 2536 Aug„
1475 2505 1504 2528 tle
1519 2506 1594 2528 Ce'vit.
1611 2506 1664 2534 Dei,
1678 2505 1721 2530 lib.
1737 2506 1805 2535 vlit,

1037 2551 1059 2568 c.
1076 2550 1138 2572 xvii,
1153 2550 1179 2566 n.
1195 2544 1209 2566 2

1069 2593 1100 2622 (a)
1123 2592 1181 2614 (5111,
1203 2590 1261 2613 edit.
1278 2589 1344 2620 quia.
1360 2601 1390 2606 -—
1407 2588 1441 2618 (ΙΙ)
1463 2590 1522 2612 Caet.
1539 2588 1600 2611 edit.
1615 2588 1681 2611 deest
1701 2589 1759 2613 hoc.
1774 2602 1804 2606 —

1039 2627 1150 2658 (01111111,
1179 2626 1230 2648 l'ut.
1253 2625 1345 2653 iverut3
1364 2624 1422 2646 edit.
1449 2623 1505 2646 Ven.
1528 2623 1612 2646 ivetat.
1630 2637 1655 2639 —
1684 2624 1720 2653 (d)
1741 2624 1804 2648 Coet.

1036 2663 1095 2686 edit.
1114 2662 1171 2685 hoc.
