1987 3032
79 460 159 480 Praedi-

84 492 140 511 catio

65 522 152 543 Christi.

72 1235 159 1261 Septem

54 1268 134 1292 partes.

742 198 948 230 EXPOSITIO
970 198 1008 229 IN
1031 198 1116 229 CAP.
1142 198 1192 230 IV.

174 266 261 293 sextre
282 263 371 292 aetatis
389 284 399 298 ‚
422 263 453 290 in
467 262 527 298 qua
547 263 626 290 venit
644 263 733 291 Filius
751 264 801 291 Dei
821 264 860 292 ad
881 272 937 299 pu-

173 314 252 339 teum
263 333 271 343 ,
290 311 322 338 id
336 311 390 344 est,
404 309 634 345 profunditatem
657 311 763 338 nostrae
781 309 939 338 habitatio-

173 358 254 386 nis.»
273 359 335 385 Haec
355 355 547 390 Augustinus,
571 358 598 383 et
620 356 662 383 ibi
683 357 759 384 bene
780 357 817 384 de
842 357 888 383 his
913 358 940 384 et

173 404 308 432 multum.
324 404 356 429 Et
369 401 405 429 de
415 401 471 428 hoc
487 404 528 429 est
542 402 690 429 collatio&

209 452 235 477 7.
250 450 283 476 Et
296 447 427 483 sequitur
439 455 522 483 pars,
548 447 579 474 in
603 456 662 483 qua
677 448 713 476 de
729 456 782 476 sua
800 448 940 484 praediea-

175 495 252 523 tione
266 496 293 521 et
307 493 454 526 doctrina,
469 493 510 520 ibi
525 502 532 520 :
553 495 633 520 Venit
648 496 753 528 mulier,
770 496 824 521 etc.
844 496 876 521 Et
890 494 941 521 illa

173 542 204 569 in
216 539 422 575 duas:primo,
434 539 470 567 de
485 547 538 567 sua
553 541 666 568 occulta
681 541 728 568 vel
744 541 858 576 privata
870 540 941 567 doc-

173 587 248 614 trina
262 586 317 622 ipsi
331 585 462 620 mulieri;
479 587 620 620 secundo,
638 587 674 614 de
689 586 810 622 publica
830 589 857 614 et
876 594 940 614 ma-

172 632 352 668 nifestaipsis
366 633 563 667 Samaritanis,
577 633 619 660 ibi
633 635 643 649 '2
659 634 710 659 :Et
725 635 846 659 eaeierzmt
861 633 892 659 de
907 633 942 659 ci-

172 683 266 714 vitate,
278 682 330 707 etc.
346 679 444 707 Prima
457 679 488 706 in
501 681 558 706 tres
576 689 582 706 :
598 680 707 714 prImo,
719 679 863 706 adventus
878 686 941 705 mu-

173 727 252 754 lieris
264 726 424 762 praemissio
436 735 444 759 3
460 725 602 759 secundo,
617 725 774 753 Salvatoris
788 725 826 752 ab
843 732 878 752 ea
891 732 942 760 pe-

173 773 235 800 titio
250 773 277 800 et
290 774 392 799 mutua
407 770 536 804 collatio,
552 771 761 806 interrogando
777 772 804 798 et
817 778 941 805 respon-

173 816 285 852 dendo,
300 818 341 846 ibi
355 828 361 845 ε
378 819 449 845 Dicit
464 819 488 844 ei
502 819 576 844 Jesus
593 826 600 843 :
618 820 657 844 Da
672 818 750 851 mihi,
765 819 829 851 etc.,
846 817 940 851 tertio,

172 865 303 892 mulieris
311 865 350 892 ad
358 865 503 892 civitatem
510 864 664 899 regressio,
674 866 702 891 et
709 872 812 892 eorum
821 872 886 899 quae
894 872 942 891 au-

174 908 268 938 dierat
276 911 462 944 renuntiatio,
474 910 514 937 ibi
525 919 530 937 :
544 911 664 944 Reliquit
675 918 734 943 erqo
743 910 877 944 hydriam,
888 911 940 936 etc.

209 957 241 983 Et
254 956 310 983 hoc
325 955 459 990 estquod
471 955 525 982 ait:
540 956 620 981 Venit
634 956 731 982 mulier
743 955 862 988 haurire,
876 955 941 988 etc.,

174 1001 213 1030 ad
227 1001 362 1029 litteram.
378 1003 410 1028 Et
425 1003 467 1028 est
482 1001 577 1027 forma
593 1000 725 1027 Ecclesiae
736 1000 939 1034 justificandae,

173 1048 213 1076 ait
222 1049 399 1082 Augustinus
409 1048 428 1074 ³.
443 1049 473 1074 Et
483 1047 614 1082 sequitur
623 1046 752 1074 secunda
764 1055 832 1081 pars
845 1055 851 1073 z
865 1048 943 1073 Dixit

173 1097 198 1122 ei
209 1095 285 1121 Jesus
300 1103 307 1121 :
325 1095 366 1120 Da
379 1094 447 1120 milti
462 1094 562 1127 bibere3
578 1093 609 1119 in
630 1101 689 1128 qua
707 1094 811 1119 mutua
824 1093 942 1120 collatio

173 1139 329 1169 Salvatoris
344 1142 371 1166 et
385 1139 532 1172 mulieris,
548 1138 758 1173 interrogando
780 1140 808 1165 et
822 1147 943 1174 respon-

173 1186 282 1213 dendo.
298 1187 331 1213 Et
344 1187 410 1212 sunt
423 1187 464 1212 tot
478 1187 574 1219 partes
584 1206 593 1218 ,
609 1186 681 1220 quot
701 1184 943 1218 interrogationes

173 1240 239 1260 cum
254 1231 506 1267 responsionibus.
530 1232 561 1257 Et
575 1232 642 1257 sunt
661 1232 782 1265 septem.
809 1231 944 1258 Secunda

173 1279 215 1306 ibi
232 1288 238 1306 :
261 1279 334 1305 Dicit
353 1279 378 1304 ei
398 1278 495 1303 mulier
511 1285 520 1303 .·
536 1277 656 1309 Domine,
671 1284 764 1310 neque,
782 1277 835 1303 etc.
850 1277 944 1304 Tertia

174 1324 215 1352 ibi
228 1333 234 1351 :
252 1325 325 1350 Dicit
332 1323 368 1350 ad
383 1331 441 1349 eum
450 1324 546 1349 mulier
559 1331 568 1349 :
580 1324 697 1353 Domine,
710 1322 756 1353 (la,
772 1324 825 1349 etc.
838 1323 943 1355 Quarta

174 1370 215 1398 ibi
229 1379 235 1397 ι
251 1369 397 1404 Respondit
416 1370 522 1401 mulier,
539 1370 563 1395 et
582 1368 673 1401 dixit,
689 1370 741 1394 etc.
763 1368 867 1401 Quinta
883 1369 941 1396 ibi:

174 1417 247 1443 Dicit
257 1416 406 1442 eimulier:
423 1415 541 1447 Domine,
557 1414 644 1445 video,
660 1415 713 1440 etc.
726 1414 809 1440 Sexta
819 1414 860 1440 ibi
873 1423 878 1441 :
894 1416 943 1441 Di-

174 1463 211 1489 cit
221 1463 246 1489 ei
259 1462 369 1488 mul-ier:
381 1461 451 1493 Seio,
462 1461 515 1486 etc.
531 1459 659 1494 Septima
673 1467 744 1486 vero
756 1460 891 1486 narratur
907 1460 943 1487 de

174 1507 302 1535 adventu
326 1505 538 1541 discipulorum
549 1526 557 1538 ,
572 1505 613 1531 ibi
627 1504 654 1532 ὦ;
672 1506 812 1532 Continuo.
830 1507 859 1532 ln
873 1514 944 1541 qua-

173 1553 246 1580 libet
256 1560 327 1579 vero
340 1554 422 1586 parte
432 1550 615 1586 praemittitur
624 1551 826 1585 interrogatio,
840 1553 867 1578 et
877 1551 944 1578 sub-

174 1599 252 1626 ditur
261 1598 424 1634 responsio.
436 1597 480 1625 Ait
488 1605 557 1631 ergo
573 1606 578 1623 :
592 1599 663 1624 Dicit
677 1599 701 1624 ei
715 1598 790 1624 Jesus
803 1606 811 1623 .-
825 1599 866 1624 Da
877 1599 945 1625 mihi

174 1646 269 1672 bibere.
280 1646 345 1671 Erat
359 1644 437 1670 enim
449 1643 597 1678 fatigatus,
614 1644 644 1669 ut
659 1642 830 1678 dictumest,
845 1646 872 1670 et
883 1646 944 1671 erat

174 1691 264 1719 calor.
277 1689 358 1717 Unde
370 1689 593 1724 Chrysostomus
605 1689 615 1704 ⁵
635 1698 641 1715 z
661 1697 674 1714 «
693 1689 886 1724 Requiescere
901 1689 944 1717 fa-

174 1737 252 1764 ciens
265 1744 371 1771 corpus
384 1735 515 1768 sedebat,
531 1737 558 1762 et
572 1735 774 1769 refrigerabat,
789 1737 850 1762 erat
864 1736 942 1763 enim

173 1782 231 1810 diei
246 1776 387 1810 medium.
400 1791 412 1807 »
423 1783 456 1808 Ut
470 1789 541 1807 vero
556 1781 595 1807 ait
607 1781 784 1815 Augustinus
794 1781 815 1815 ⁰,
829 1792 842 1806 ι(
852 1781 943 1810 fidem

172 1829 263 1864 ipsius
271 1827 401 1855 mulieris
409 1827 522 1854 sitiebat
533 1826 716 1862 (‹1).»thuia
726 1827 849 1861 dixerat,
859 1828 943 1863 quod

172 1874 307 1907 sedebat,
323 1881 377 1900 nec
392 1873 499 1899 iecerat
521 1872 701 1899 mentionem
717 1873 753 1900 de
769 1873 921 1909 discipulis
933 1895 942 1908 ,

173 1920 272 1948 subdit
293 1929 299 1946 :
317 1920 454 1953 Discipuli
469 1919 609 1952 abieram,
625 1919 733 1946 utcibos
749 1922 869 1947 emerent.
887 1920 943 1947 Sed

173 1965 322 2001 quaeritur,
339 1972 431 2000 quare
447 1965 505 1991 hoe
521 1964 680 1999 expressit,
696 1972 763 1992 cum
784 1966 941 1993 non‘vide-

172 2013 252 2039 retur
264 2019 325 2038 csse
339 2010 376 2038 ad
389 2011 592 2046 propositum?
602 2013 671 2038 ltem
683 2011 834 2046 quaeritur,
850 2020 941 2047 quare

173 2065 233 2085 non
243 2057 435 2084 intravitcum
447 2056 597 2091 discipulis
609 2057 775 2084 civitatem?
789 2059 820 2084 Et
834 2058 871 2085 ad
884 2058 941 2085 hoc

172 2102 331 2139 respondet
345 2103 587 2138 Chrysostomus⁷
599 2103 680 2137 quod
695 2102 761 2130 ideo
777 2111 837 2130 non
852 2103 940 2132 intra-

171 2150 213 2178 vit
227 2149 371 2177 civitatem
382 2169 390 2183 ,
407 2149 561 2175 obstruens
578 2147 817 2176 inverecundiam
832 2151 859 2176 et
873 2158 942 2177 con-

171 2195 375 2224 tradictionem
397 2194 564 2221 Judaeorum
576 2215 584 2228 ,
610 2197 642 2221 ut
665 2202 726 2221 non
753 2194 830 2222 dicat
855 2196 920 2231 quis
931 2218 939 2230 ,

172 2241 314 2278 quoniam
324 2240 496 2267 adversatur
506 2247 559 2267 suo
572 2242 729 2276 praecepto,
741 2249 800 2275 quo
816 2240 939 2276 dixerat,

172 2295 209 2315 ne
224 2288 364 2314 intrarent
383 2285 527 2313 civitatem
543 2287 804 2314 Samaritanorum.
822 2289 854 2315 Et
873 2287 940 2315 ideo

172 2333 211 2361 ait
227 2342 233 2360 ε
250 2333 377 2360 Abierant
395 2335 424 2359 ut
445 2333 513 2359 cibos
533 2336 645 2359 emerent
667 2342 674 2366 3
695 2340 756 2359 non
776 2332 886 2360 scilicet
905 2342 941 2361 ex

171 2378 326 2415 principali
341 2378 508 2414 proposito,
524 2380 555 2405 ut
578 2378 770 2413 praedicarent
785 2379 842 2414 cis,
858 2381 940 2408 ante-

173 2433 262 2461 quam
282 2424 398 2452 Judaeis.
423 2426 492 2452 Item
512 2424 652 2459 quaeritur
673 2425 798 2459 qualiter
818 2425 858 2453 ait
878 2435 883 2453 ι
909 2428 941 2454 Π

202 2509 209 2525 ¹
226 2508 283 2533 Vid.
300 2507 404 2538 Collum,
418 2514 460 2532 xx.
475 2520 504 2525 —
519 2507 694 2537 21ι]ᾒ,30.-
706 2508 716 2523 ³
729 2510 802 2539 Aug,
816 2509 858 2533 ubi
873 2516 940 2540 sup,

192 2561 197 2567 .
219 2545 256 2567 10.
271 2556 301 2560 —-
315 2543 324 2558 Β
339 2543 396 2573 Ins„
410 2544 449 2566 27.
463 2556 494 2560 —
507 2543 517 2558 ²³
532 2542 676 2572 Chrysost„
692 2542 735 2566 ubi
750 2550 818 2574 sup„
830 2551 856 2568 n.
873 2547 894 2569 3.
912 2558 938 2562 -

174 2577 184 2593 ὓ
200 2576 273 2607 Aug„
285 2577 328 2601 ubi
340 2584 406 2608 sup„
421 2583 448 2601 n.
460 2578 499 2600 11.
516 2591 542 2594 —
560 2577 719 2607 ⁷(3hrys0st.,
737 2577 778 2602 ubi
794 2586 860 2611 sup.‚
871 2587 897 2603 n.
917 2582 937 2603 s».

175 2625 207 2630 —
220 2612 230 2628 ¹³
241 2613 390 2643 Mattlz.,1v‚
404 2614 442 2636 20.
457 2625 486 2631 —
501 2614 509 2626 1‘
524 2611 595 2641 {ir-id„
611 2611 664 2643 xix,
682 2614 720 2636 27.
732 2626 760 2631 —
776 2615 794 2630 ¹⁰
811 2614 866 2644 lull,
882 2621 938 2645 xm,

1705 202 1758 230 311

995 265 1065 291 cibos
1080 266 1192 293 emerent
1198 272 1283 299 ,cum
1290 264 1390 292 omnia
1401 263 1610 300 reliquissent&
1627 265 1763 293 «Relictis

996 310 1148 344 omnibus,
1164 310 1254 338 secuti
1273 311 1339 337 sunt
1360 318 1438 337 eum.
1454 319 1468 336 n
1485 311 1517 337 Et
1531 309 1622 337 alibi⁹
1638 319 1645 338 z
1666 320 1680 337 «
1692 313 1763 341 Ecce

995 365 1049 384 nos
1064 357 1236 393 reliquimus
1250 358 1364 392 omnia,
1379 368 1393 384 ))
1416 358 1443 384 et
1458 366 1525 385 cum
1545 360 1618 386 esset
1633 359 1673 386 eis
1691 368 1764 394 prae-

996 405 1112 438 ceptum
1126 411 1186 430 non
1200 406 1317 439 portare
1339 403 1511 439 pecuniam,
1536 399 1763 440 neque'peram.

996 450 1028 476 Et
1042 449 1081 475 sie
1097 449 1223 482 videtur,
1248 449 1331 484 quod
1348 457 1409 477 non
1423 450 1568 477 haberent
1592 451 1671 478 unde
1688 459 1765 479 eme-

996 496 1060 521 rent
1075 495 1171 529 cibos,
1187 496 1235 522 vel
1250 495 1273 522 si
1287 495 1448 530 haberent,
1467 496 1568 523 fecisse
1593 498 1695 524 contra
1710 498 1765 524 Do-

996 540 1068 567 mini
1087 543 1264 576 proeceptum
1283 543 1310 568 et
1330 543 1435 568 statum
1455 550 1551 569 suum.
1574 544 1606 569 Et
1629 542 1667 569 ad
1687 542 1767 570 istud

996 587 1285 621 respondendum,ut
1294 587 1406 622 patebit
1418 587 1530 622 infraw,
1546 588 1714 616 ubidicitur
1729 589 1766 616 de

995 632 1089 666 Juda,
1107 633 1189 667 quod
1206 643 1218 657 ιι
1233 633 1346 660 loculos
1360 633 1505 667 habebat,
1523 635 1551 661 et
1564 634 1701 669 portabat
1716 642 1766 669 ea,

997 686 1062 713 quie
1076 677 1275 705 mittebantur.
1288 689 1301 704 ³>
1315 679 1441 706 Christus
1456 681 1484 706 et
1498 679 1634 715 discipuli
1653 682 1766 707 susten-

997 724 1193 758 tabantur,vel
1208 724 1319 751 invitati
1334 725 1363 751 in
1379 725 1487 751 mensis
1503 725 1616 758 alienis,
1630 726 1745 761 supra¹¹
1758 736 1765 754 :

1001 779 1013 793 «
1022 769 1160 797 Invitatus
1172 770 1213 796 est
1225 771 1305 797 Jesus
1320 772 1346 797 et
1361 770 1497 805 discipuli
1510 771 1546 798 ad
1561 771 1688 806 nuptias.
1703 782 1716 798 i>
1736 774 1768 800 Et

996 815 1072 842 infra
1088 816 1106 832 ¹2
1122 817 1296 843 :uFecerunt
1310 816 1336 843 ei
1347 824 1471 843 coenam.
1487 827 1499 842 υ
1517 819 1550 844 Et
1565 817 1636 844 alibi
1648 818 1668 834 ¹³
1679 819 1768 845 :«R0-

997 862 1086 895 gabat
1100 870 1168 888 eum
1184 861 1308 896 quidam
1325 862 1501 896 l‘harisaeuS,
1525 864 1557 889 ut
1577 863 1770 891 manducaret

998 914 1065 933 cum
1082 907 1143 934 illo.
1158 918 1170 933 »
1189 910 1259 935 ltem
1279 908 1441 943 aliquando
1461 908 1599 943 leguntur
1618 909 1768 936 sustentati

997 953 1203 987 largitionibus
1228 954 1396 987 mulierum,
1419 962 1484 989 quae
1507 955 1706 989 sequebantur
1722 954 1766 990 ¹⁰5

999 998 1035 1025 de
1050 999 1224 1026 mulieribus
1239 999 1269 1033 ¹⁵,
1284 1008 1349 1035 quae
1364 1000 1568 1028 ministrabant
1583 1001 1608 1027 ei
1625 1001 1661 1028 de
1676 1001 1769 1029 facul—

999 1045 1106 1073 tatibus
1121 1046 1189 1072 suis.
1206 1048 1276 1074 Item
1291 1047 1453 1081 aliquando
1467 1047 1503 1073 de
1518 1047 1580 1080 his,
1595 1055 1661 1082 quae
1676 1048 1770 1075 mitte-

999 1092 1106 1118 bantur
1121 1092 1151 1118 in
1165 1092 1284 1126 loculis,
1301 1093 1537 1120 sustentabantur
1553 1102 1559 1119 :
1577 1095 1603 1120 et
1617 1093 1674 1120 hoc
1687 1101 1704 1120 a
1719 1102 1768 1121 co-

998 1137 1180 1171 mitantibus,
1198 1140 1286 1173 prout
1306 1138 1485 1172 intelligitur,
1494 1138 1541 1165 vel
1558 1138 1595 1165 ab
1611 1138 1768 1174 irroganti-

997 1183 1094 1219 l>us(b)
1106 1191 1141 1210 ex
1152 1183 1302 1218 praemisso
1311 1184 1413 1211 verbo.
1426 1184 1520 1211 Etboc
1531 1183 1585 1211 fuit
1594 1192 1769 1220 congruum,

998 1229 1127 1256 maxime
1149 1230 1269 1265 quando
1290 1230 1379 1263 irent,
1401 1232 1428 1256 et
1453 1232 1535 1257 erant
1555 1230 1702 1258 transituri
1717 1239 1770 1266 per

998 1275 1083 1302 villas
1098 1275 1307 1310 inhospitales,
1329 1278 1357 1302 et
1379 1283 1440 1302 non
1463 1276 1501 1302 asl
1524 1276 1768 1311 praedicandum,

999 1323 1030 1347 ut
1043 1320 1100 1347 hic.
1111 1322 1166 1348 Nee
1178 1321 1234 1348 hoc
1246 1321 1430 1356 repugnabat
1442 1322 1527 1348 statui
1540 1322 1587 1348 vel
1602 1325 1747 1358 praecepto
1760 1332 1767 1350 ε

998 1367 1071 1394 nihil
1086 1368 1164 1394 enim
1183 1367 1337 1402 proprium
1352 1367 1517 1402 habebant,
1540 1367 1588 1395 vel
1604 1376 1704 1395 secum
1719 1369 1768 1396 de-

1000 1412 1141 1440 ferebant.
1158 1413 1237 1440 Unde
1253 1415 1281 1440 et
1295 1413 1341 1440 hic
1365 1413 1452 1440 Filius
1467 1413 1515 1440 Dei
1530 1414 1582 1441 fuit
1598 1415 1768 1449 mendicus,

999 1461 1087 1494 prout
1102 1459 1141 1486 ait
1155 1459 1331 1494 Augustinus
1347 1467 1496 1494 exponens
1511 1459 1585 1486 illud
1599 1461 1619 1476 ¹ss
1637 1469 1663 1487 :a
1674 1463 1770 1489 Perse-

1000 1507 1082 1532 cutus
1096 1507 1138 1532 est
1160 1505 1311 1532 hominem
1326 1513 1488 1540 pauperem
1510 1506 1538 1532 et
1556 1506 1736 1536 mendicum.
1752 1518 1765 1533 i)

999 1551 1019 1568 ¹⁷
1036 1561 1049 1576 «
1065 1552 1128 1577 Non
1143 1553 1214 1583 erat,
1229 1551 1334 1586 inquit,
1352 1551 1527 1585 dedignatus
1541 1551 1629 1578 Filius
1644 1552 1692 1579 Dei
1706 1552 1769 1580 fieri

998 1604 1122 1632 pauper,
1137 1605 1205 1623 cum
1228 1597 1309 1623 dives
1329 1599 1411 1623 esset.
1435 1597 1598 1624 Mendicum
1614 1600 1768 1633 quomodo

998 1642 1197 1676 intelligimus,
1214 1642 1269 1669 nisi
1283 1642 1356 1669 forte
1369 1643 1438 1678 quia
1453 1642 1654 1671 dixitmulieri
1669 1645 1769 1672 Sama-

998 1688 1097 1715 ritanae
1112 1698 1118 1715 :
1131 1691 1171 1715 Da
1185 1689 1253 1715 mihi
1264 1689 1364 1723 bibere,
1378 1689 1444 1716 etin
1457 1697 1541 1717 cruce
1557 1689 1624 1717 ait¹⁸
1638 1690 1765 1718 :Sitio?»

999 1735 1061 1761 Haec
1080 1734 1138 1761 ille.
1163 1736 1195 1762 Et
1215 1742 1250 1761 ex
1270 1735 1328 1762 hoc
1349 1737 1428 1770 patet
1449 1735 1588 1771 perfectio
1608 1735 1769 1772 discipulo-

997 1789 1073 1813 rum,
1088 1783 1175 1815 prout
1192 1781 1231 1808 ait
1245 1781 1468 1816 Chrysostomus
1480 1782 1501 1798 ¹⁹
1516 1791 1524 1808 .·
1537 1783 1625 1809 «Erat
1637 1783 1714 1809 enim
1727 1783 1768 1810 eis

999 1827 1075 1854 circa
1091 1827 1202 1854 cibaria
1228 1827 1420 1862 negligentia,
1437 1827 1580 1862 quoniam
1603 1836 1657 1855 nec
1675 1836 1767 1864 panes

997 1875 1206 1908 portaverunt,
1230 1881 1297 1900 cum
1321 1873 1395 1900 irent
1414 1875 1492 1900 trans
1511 1873 1635 1909 fretum,
1656 1877 1683 1902 et
1700 1883 1765 1902 esu-

997 1919 1104 1946 rientes
1134 1919 1332 1946 comedebant
1355 1919 1468 1954 spicas,
1491 1921 1518 1947 et
1541 1921 1621 1947 Jesus
1647 1923 1768 1956 propter

998 1965 1123 1992 esuriem
1138 1965 1217 1992 venit
1237 1965 1275 1992 ad
1295 1965 1395 1992 ficum.
1412 1967 1498 1992 Erant
1517 1967 1615 1993 autem
1630 1966 1767 2001 discipuli

996 2011 1074 2037 soliti
1095 2013 1280 2038 contemnere
1298 2013 1430 2038 ventrem
1443 2032 1452 2045 ,
1474 2013 1501 2038 et
1523 2020 1584 2039 non
1604 2012 1767 2040 studiosam

997 2057 1162 2084 existimare
1182 2057 1244 2091 ejus
1261 2057 1513 2085 ministrationem.
1531 2059 1550 2085 E
1566 2059 1712 2086 contrario
1729 2059 1766 2086 de

995 2103 1071 2136 illis,
1094 2103 1144 2138 qui
1160 2111 1196 2129 ex
1215 2102 1322 2130 lectulo
1341 2105 1492 2138 surgentes
1513 2104 1549 2131 de
1575 2104 1680 2131 talibus
1699 2107 1767 2132 sunt

995 2149 1120 2176 solliciti.
1137 2160 1150 2175 ³>
1169 2150 1230 2176 Haec
1238 2149 1297 2176 ille.
1308 2149 1387 2176 Etibi
1398 2149 1522 2176 multum
1531 2149 1640 2177 etbene
1650 2150 1686 2177 de
1697 2150 1763 2178 hoc.

1030 2196 1057 2221 9.
1068 2195 1099 2221 Et
1113 2194 1243 2229 sequitur
1255 2194 1407 2230 responsio
1423 2195 1569 2222 mulieris:
1587 2196 1666 2223 Dixit
1677 2199 1765 2223 autem

994 2242 1104 2275 mulier,
1121 2243 1189 2275 etc.,
1214 2241 1345 2268 nesciens
1367 2249 1456 2276 quem
1474 2243 1578 2276 potum
1601 2241 1717 2276 quaerit,
1738 2244 1766 2270 et

995 2287 1119 2322 opponit
1133 2295 1163 2313 sc
1179 2295 1239 2314 csse
1255 2287 1291 2314 de
1306 2287 1492 2321 alienigenis,
1502 2289 1589 2322 prout
1602 2287 1641 2315 ait
1652 2287 1762 2316 Glossa.

995 2333 1063 2360 Ideo
1078 2332 1226 2368 sequitur:
1246 2333 1378 2365 Quomodo
1394 2336 1423 2359 tu
1436 2333 1553 2368 Judoeus,
1570 2335 1623 2361 etc.
1640 2335 1672 2362 Ut
1686 2334 1764 2362 enim

995 2379 1034 2406 ait
1048 2379 1225 2413 Augustinus
1239 2379 1272 2412 ²²0,
1288 2378 1459 2405 Samaritani
1481 2380 1562 2406 crant
1576 2379 1762 2415 alienigenae,

996 2463 1067 2485 29.-
1083 2461 1100 2477 ¹¹
1118 2462 1190 2491 Sup.‚
1205 2466 1235 2490 11,
1247 2462 1302 2483 Q.—
1318 2461 1337 2476 ¹²
1352 2460 1408 2490 ins„
1424 2466 1470 2491 xil,
1486 2462 1543 2484 2.—
1557 2462 1577 2478 ¹³
1591 2462 1657 2491 Lua,
1669 2465 1761 2492 vu,3t3.

996 2509 1026 2514 —-
1044 2497 1060 2511 1¹
1076 2497 1163 2525 Marc„
1180 2501 1222 2523 xv,
1236 2497 1306 2519 ti.—
1321 2495 1338 2511 ¹⁵
1354 2496 1421 2524 Luc„
1438 2501 1492 2525 vw,
1509 2498 1598 2521 3,-16
1612 2497 1762 2526 Psal.cvui,

1000 2533 1066 2555 17.—
1082 2531 1098 2547 ¹⁷
1114 2532 1188 2560 Aug„
1200 2530 1698 2562 Enarr.z'n12sr1l.cv1u‚n‚19.—¹⁸1nf.,
1708 2539 1762 2563 xlx,

997 2568 1068 2589 282—
1078 2565 1455 2596 ¹⁰Chi'ysost.,ubisup.,n.3.—-
1465 2567 1714 2597 ²⁰Aug.,uhisup.,n.
1726 2570 1761 2592 lt.

1027 2614 1059 2644 (a)
1078 2615 1137 2639 Coel.
1153 2614 1212 2637 adit.
1228 2614 1372 2638 setlrbat.-—
1389 2613 1418 2645 (b)
1433 2615 1488 2646 Ley.
1503 2615 1673 2645 erogautibus,
