1987 3032
74 2016 153 2035 Exem-

73 2047 132 2072 plum

54 2083 150 2102 quan-cn<

58 2108 79 2127 di
91 2108 139 2133 glo-

75 2145 129 2158 rim

740 222 946 255 EXPOSITIO
968 223 1008 254 IN
1031 223 1116 254 CAP.
1140 223 1207 255 Vll.

178 301 238 328 sus,
253 295 306 321 etc.
327 294 360 320 Et
375 292 417 319 ibi
432 292 492 319 duo
511 301 517 318 :
534 291 642 327 primo,
657 290 786 318 veritatis
801 289 943 324 eruditi03

178 339 322 373 secundo,
345 337 563 366 adversantium
583 336 723 372 arguitio,
745 337 787 364 ibi
802 345 832 371 ⁶:
853 337 946 365 Nonne

178 387 295 420 Moyses,
309 387 362 412 etc.

213 432 257 459 Ait
271 439 358 466 ergo:
374 431 434 457 Mea
449 430 571 457 doctrina
585 437 637 456 non
653 433 690 456 est
704 438 770 456 mea.
792 430 823 456 Et
839 428 875 456 de
889 428 946 455 hoc

178 477 300 513 opponit
318 476 492 511 Augustinus
511 475 522 490 ²
542 475 674 511 prolixe,
696 475 822 503 scilicet:
849 485 862 499 «
883 476 946 502 Non

176 526 235 558 tua,
249 523 402 559 quomodo
415 523 507 550 tua‘3»
524 524 555 550 Et
567 530 582 549 e
599 521 877 549 contrarioXidetur
889 521 946 548 im-

175 570 283 605 plicare
307 569 578 596 contradictionem.
602 570 634 596 Et
657 568 694 595 de
719 568 776 595 hoc
804 567 891 595 solvit
915 567 946 595 in

175 624 302 650 summa,
317 615 400 651 quod
416 615 550 643 doctrina
561 615 660 649 Patris,
675 615 748 650 quid
760 617 801 642 θεῖ
814 614 870 641 nisi
883 622 946 641 ver-

174 662 247 690 bum
263 662 371 689 Patris?
386 663 419 689 Et
438 662 507 697 quia
522 661 648 689 verbum
662 663 703 689 est
724 661 858 696 alicujus,
874 662 946 688 doc-

175 708 250 736 trina
265 709 337 743 ejus,
353 708 385 736 id
399 711 455 742 est,
471 708 569 744 ipsum
582 707 724 742 Verbum,
740 715 802 735 non
817 710 858 734 est
873 707 945 734 doo-

175 755 250 782 trina
271 755 350 790 ejus,
372 754 424 782 sed
442 754 520 781 illius
534 762 552 782 a
572 762 632 790 quo
654 756 709 788 est,
732 753 802 789 quia
817 753 946 780 Verbum

174 808 235 828 non
255 803 296 828 est
314 808 330 828 a
351 808 390 828 se.
407 802 453 827 Est
471 801 550 827 enim
569 800 696 828 Christus
714 800 816 827 lumen
841 800 877 827 de
898 800 945 827 lu-

174 847 263 874 mine.
279 847 367 880 Quasi
383 846 489 874 eodem
511 847 603 874 modo
627 846 751 882 opponit
772 846 944 881 Chrysosto-

174 901 249 928 muS,
265 896 292 921 et
304 893 402 927 solvit,
413 893 521 921 scilicet
534 893 658 929 qualiter
670 895 712 921 θεῖ
725 893 858 921 doctriua
871 893 944 928 ejuS,

174 942 203 967 et
215 947 276 967 non
290 940 362 974 ejus,
377 942 409 967 Et
423 939 582 975 respondet
591 940 611 974 ³,
628 940 711 975 quod
721 949 734 965 «
746 940 807 974 ejus
825 941 865 967 est
878 939 946 966 doc-

174 986 261 1020 trina,
274 986 344 1022 quia
357 994 418 1014 non
433 986 553 1014 edoctus
567 986 605 1014 ab
621 986 721 1022 aliquo
737 986 854 1013 dicebat
860 996 867 1021 ;
883 993 946 1013 non

175 1033 236 1067 ejus
251 1035 326 1067 erat,
349 1033 419 1068 quia
441 1033 530 1060 Patris
551 1034 612 1060 erat
629 1033 772 1060 doctrina.
793 1043 806 1057 n
825 1034 856 1060 Et
871 1040 945 1068 quo-

174 1078 254 1106 niam
268 1078 450 1114 profundum
466 1079 590 1107 verbum
604 1079 768 1114 proposuit,
785 1081 815 1106 ut
830 1079 870 1106 ait
883 1082 944 1106 Au-

173 1125 306 1159 gustinus
319 1125 339 1159 i,
355 1133 408 1152 nec
425 1133 527 1153 omnes
545 1125 761 1159 intellexerunt,
778 1125 859 1152 dedit
872 1133 943 1152 con-

173 1171 288 1205 silium,
310 1173 342 1198 ut
363 1171 522 1199 crederent.
545 1172 613 1199 Ideo
633 1171 732 1198 subdit
756 1171 803 1207 (v.
822 1171 892 1206 17):
915 1171 945 1198 Si

173 1219 233 1251 quis
245 1218 360 1245 voluerit
374 1219 538 1246 voluntatem
553 1219 610 1252 ejus
624 1220 722 1251 fucere,
734 1217 766 1245 id
778 1220 829 1252 est,
843 1217 943 1251 PatriS,

174 1263 322 1291 credendo
339 1264 370 1291 in
388 1273 472 1299 eum,
491 1267 625 1299 cognoscet
639 1265 671 1291 de
686 1265 824 1298 doctrina,
840 1264 871 1291 id
887 1267 943 1296 est,

172 1310 324 1345 intelliget.
341 1312 373 1338 Ut
388 1311 467 1338 enim
481 1311 521 1338 ait
532 1311 708 1345 Augustinus
719 1310 742 1337 ⁵:
757 1320 769 1335 «
780 1311 944 1338 Intellectus

172 1358 214 1383 est
235 1364 346 1384 merces
363 1357 453 1384 fidei:
469 1357 479 1373 ⁶
497 1366 510 1381 ι(
525 1358 581 1384 Nisi
601 1357 800 1391 credideritis,
822 1365 883 1384 non
898 1357 942 1384 in-

170 1402 313 1437 telligetis.
334 1413 347 1428 »
374 1403 435 1430 Noli
464 1411 534 1438 ergo
563 1411 691 1439 quaerere
721 1403 885 1438 intelligere
911 1405 944 1431 ut

171 1449 290 1483 credas,
305 1459 318 1475 »
336 1449 388 1476 sed
411 1457 426 1476 e
449 1450 605 1477 contrario.
622 1451 653 1476 Et
675 1449 740 1477 talis
760 1451 845 1484 sciet,
868 1458 942 1486 quo-

169 1495 248 1523 niam
265 1486 348 1523 ex‘eo
364 1497 422 1523 Deo
437 1496 554 1531 loquor.
575 1498 630 1523 Nec
645 1496 769 1529 mirum,
791 1496 860 1531 quia
874 1504 941 1523 ver-

168 1541 243 1569 bum
258 1542 347 1569 Patris
362 1543 550 1570 manifestans
566 1542 692 1577 gloriam
707 1543 812 1576 Patris,
828 1542 905 1570 infra
919 1543 939 1570 ⁷.

207 1589 247 1615 ¹8.
262 1589 315 1621 Qui
328 1591 415 1616 autem
431 1598 447 1616 a
461 1591 598 1624 semetipso
616 1591 745 1624 loquitur,
762 1589 870 1616 scilicet
884 1591 940 1616 An-

171 1635 330 1670 tichristus,
354 1638 451 1671 quaerit
477 1638 591 1670 istoriam
616 1637 767 1671 propriam.
793 1637 886 1671 Supra
907 1637 917 1652 ⁸
933 1645 939 1663 ε

175 1693 188 1706 u
201 1682 280 1709 Alius
294 1683 391 1710 veniet
404 1683 434 1709 in
448 1682 568 1710 nomine
584 1690 649 1716 suo,
665 1693 677 1709 n
692 1685 744 1710 etc.
761 1684 824 1717 lpse
839 1683 919 1710 enim
932 1684 941 1699 ⁹

175 1740 189 1755 ι(
209 1730 328 1758 extollet
345 1739 375 1758 se
397 1739 486 1766 supra
509 1739 596 1758 omne
617 1731 699 1766 quod
723 1730 828 1757 dicitur
850 1732 940 1765 Deus,

173 1780 222 1804 aut
238 1778 352 1805 colitur.
367 1788 379 1803 n
400 1778 453 1809 Qut
467 1781 552 1804 azitem
567 1779 664 1812 quaerit
677 1778 791 1811 qlorz'am
806 1777 876 1811 ejus,
894 1779 943 1811 qui

170 1825 246 1850 misit
268 1825 360 1857 illum,
381 1824 423 1850 hic
444 1831 527 1850 verace
549 1826 586 1850 est
605 1831 615 1850 :
632 1822 728 1858 qualis
752 1823 861 1850 scilicet
885 1831 939 1858 ego

170 1877 246 1903 sum,
257 1869 308 1904 qui
321 1869 395 1896 Patri
409 1869 541 1904 aequalis,
555 1869 682 1896 formam
693 1869 769 1896 servi
781 1869 939 1905 accipiens,

169 1915 296 1950 gloriam
314 1916 405 1951 ipsius
425 1924 540 1951 quaero,
558 1916 597 1943 ait
618 1916 794 1951 Augustinus
810 1918 841 1944 ¹⁰.
862 1919 939 1945 Patet

169 1962 216 1989 hic
231 1962 401 1998 exemplum
415 1970 433 1990 a
450 1963 523 1990 Filio
539 1963 586 1990 Dei
601 1962 772 1990 hominibus
786 1971 847 1991 non
862 1972 939 1999 quae-

169 2008 253 2035 rendi
267 2009 417 2044 propriam
433 2009 573 2044 gloriam,
588 2009 640 2036 sed
657 2009 714 2036 Dei.
728 2012 768 2037 Ex
783 2018 843 2045 quo
858 2011 938 2038 enim

169 2055 229 2090 ipse
245 2055 343 2088 FiliuS,
359 2055 405 2082 cui
417 2055 579 2083 debebatur
594 2056 690 2083 omnis
704 2056 809 2091 gloria,
822 2065 938 2093 semper

168 2100 320 2135 profitetur
345 2109 374 2128 se
399 2109 528 2137 quaerere
558 2102 684 2136 gloriam
709 2103 817 2136 PatriS,
843 2103 936 2132 multo

167 2147 260 2181 magis
276 2147 399 2182 quilibet
413 2148 524 2182 fideliS,
540 2149 590 2184 qui
611 2150 653 2176 est
673 2149 843 2177 membrum
860 2151 937 2186 ejus,

167 2193 254 2221 debet
268 2202 398 2229 quaerere
413 2194 539 2229 gloriam
554 2195 616 2229 Dei,
631 2203 692 2223 non
707 2203 791 2223 suam
802 2217 809 2230 ,
826 2199 852 2224 et
867 2197 937 2225 doc-

165 2240 271 2267 trinam
284 2241 319 2275 (a)
334 2241 501 2274 attribuere,
512 2249 572 2269 non
587 2241 643 2269 sibi
657 2250 664 2269 ε
681 2242 759 2277 quia,
778 2244 809 2269 ut
824 2243 864 2270 ait
876 2243 934 2278 hic,

166 2288 214 2321 qui
228 2295 243 2313 a
257 2288 396 2322 semetipso
407 2289 534 2322 loquitur,
548 2289 663 2322 qlorz'am
675 2290 815 2323 propriam
828 2292 934 2325 quoerz't,

166 2335 194 2360 et
207 2333 273 2360 talis
286 2336 328 2361 cst
340 2333 479 2368 mendax,
495 2333 570 2361 infra
581 2334 600 2350 ¹¹
611 2344 636 2361 :«
652 2335 705 2368 Qui
721 2335 757 2362 de
772 2343 825 2362 suo
840 2336 936 2372 loqui-

165 2381 221 2414 tur,
245 2379 374 2407 mendax
396 2381 446 2407 est.
462 2390 475 2406 »
494 2380 589 2408 Gloria
608 2383 649 2408 θεῖ
668 2381 746 2409 enim
763 2391 776 2407 «
798 2382 935 2418 frequens

195 2451 202 2467 ¹
220 2450 277 2481 tuh,
292 2452 330 2475 19.
345 2463 375 2468 -
392 2450 400 2464 ²
416 2451 489 2481 Aug„
508 2451 551 2474 ubi
567 2458 633 2482 sup„
648 2458 673 2475 11.
691 2453 746 2476 3.—
763 2453 772 2466 ³
791 2453 933 2485 Chrysost„

165 2486 207 2509 ubi
224 2494 290 2516 sup„
304 2494 330 2510 n.
345 2488 368 2509 2.
379 2499 409 2503 -
423 2485 432 2501 ¹·
447 2487 521 2515 Aug„
536 2486 579 2510 ubi
594 2494 661 2517 sup„
677 2494 702 2510 n.
718 2489 741 2511 G.
754 2501 784 2505 -
799 2489 808 2505 ⁸
825 2489 887 2513 lbid.
904 2504 934 2508 —

166 2522 175 2535 ⁶
190 2521 248 2552 lm„
267 2528 317 2552 vu,
335 2523 363 2552 9,
389 2529 439 2546 see.
466 2523 536 2546 Lxx.
559 2535 589 2539 —
609 2523 619 2538 ⁷
641 2522 699 2553 tuf„
721 2529 787 2553 xv11,
811 2526 839 2554 Ιι,
863 2527 884 2549 6.
903 2539 933 2544 -

166 2558 174 2569 ¹⁵
189 2557 260 2587 Sup.‚
275 2563 299 2586 v,
316 2558 354 2581 43.
374 2571 400 2575 -
423 2559 432 2571 '³
455 2558 473 2581 11
500 2557 588 2586 Thess„
613 2563 644 2588 Η,
669 2560 691 2582 4.
712 2571 740 2575 -
762 2559 782 2576 ¹⁰
800 2561 855 2584 Aufr
890 2561 932 2585 ubi

166 2597 232 2621 sup.,
245 2598 272 2615 n.
289 2593 311 2616 8.
326 2605 357 2610 —
379 2593 398 2608 ²¹
419 2593 475 2621 inf..
497 2598 558 2622 vm,
578 2594 616 2616 44.
632 2606 661 2610 —
678 2593 697 2608 ¹²
709 2594 784 2625 Aug„
804 2595 830 2618 in
839 2579 931 2627 odoan„

165 2627 237 2649 tract.
250 2633 273 2656 c,
290 2634 316 2650 n.
335 2630 363 2658 ¹3
377 2629 449 2652 tract.
466 2634 506 2658 cv,
520 2635 546 2652 n.
567 2630 590 2651 3.
605 2641 635 2646 -
649 2628 665 2642 ¹³
681 2629 756 2660 Hug„
776 2630 805 2653 de
818 2631 929 2656 Sacram.

165 2661 232 2692 Fid,
253 2661 294 2685 tib.
315 2663 336 2692 t,
351 2665 415 2694 part.
436 2664 495 2694 Vll,
512 2671 533 2688 c.
551 2670 584 2688 νι.
600 2677 630 2682 -
650 2664 670 2680 “
690 2665 697 2688 Ι
719 2665 785 2695 Cor.y
808 2672 842 2697 ιν,
861 2669 883 2692 7.
900 2682 930 2686 -

1712 232 1771 262 363

1000 290 1079 318 fama
1102 298 1170 318 cum
1191 291 1295 326 laude,
1310 302 1323 319 n
1346 294 1523 328 Augustinus
1544 294 1573 323 ¹2.
1588 297 1669 324 Vana
1692 297 1771 325 enim

1001 336 1096 371 gloria
1110 338 1152 364 est
1166 345 1251 366 amor
1265 338 1373 373 laudis,
1390 340 1430 367 ait
1444 342 1527 375 Hugo
1535 350 1544 375 ;
1559 342 1607 369 vel
1625 351 1638 367 (ι
1653 342 1770 370 deside-

1000 383 1077 410 rium
1092 383 1295 412 inordinatum
1313 386 1491 420 excellendi,
1507 397 1521 413 »
1539 388 1578 415 ait
1598 387 1678 415 idem
1692 389 1722 416 ¹²³.
1739 391 1771 417 Et

1000 429 1062 456 haec
1082 437 1143 457 non
1165 433 1206 458 est
1225 432 1386 466 quaerenda
1405 433 1443 460 ab
1464 433 1585 461 homine
1603 434 1623 450 Υ*
1640 443 1646 461 :
1665 435 1771 467 «Quid

1000 475 1109 509 habes,
1125 477 1208 511 quod
1224 485 1284 505 non
1299 479 1460 514 accepisti?
1478 480 1563 513 Quod
1577 479 1601 507 si
1619 480 1770 517 accepisti,

1001 521 1075 556 quid
1083 521 1235 556 gloriaris?
1246 524 1301 549 »¹⁵«
1312 526 1515 553 Benedixerint
1525 528 1582 554 Deo
1591 526 1622 554 in
1632 527 1771 554 cordibus

1001 567 1070 594 suis.
1093 578 1106 593 »
1123 568 1165 595 lbi
1180 570 1334 604 Gregorius
1349 572 1388 598 ¹⁶:
1409 581 1421 597 «
1436 573 1494 600 Deo
1518 572 1708 608 maledicere,
1729 575 1771 601 est

1002 613 1037 640 de
1053 614 1114 648 ejus
1134 622 1254 642 munere
1273 616 1329 643 sibi
1350 617 1476 652 gloriam
1496 619 1637 654 praebere.
1654 629 1668 645 »
1685 621 1717 647 Εῖ
1732 620 1770 647 de

1000 659 1057 687 hoc
1072 660 1293 695 Chrysostomus
1306 663 1382 691 bene
1394 664 1414 681 ¹⁷
1426 673 1432 691 ε
1447 674 1461 690 «
1471 666 1551 693 Vana
1564 665 1659 700 gloria
1673 667 1769 701 tyran-

1000 706 1065 734 nica
1083 707 1181 742 passio
1203 710 1257 743 est,
1282 717 1347 744 quae
1365 712 1406 738 est
1424 719 1511 738 causa
1530 712 1664 739 omnium
1679 712 1771 740 malo-

1000 761 1081 788 rum,
1097 762 1131 781 eo
1147 755 1230 790 quod
1249 755 1336 783 faciat
1355 757 1489 785 excidere
1505 766 1523 785 a
1540 767 1611 786 vera
1629 759 1733 794 gloria.
1754 770 1767 786 »

1000 800 1032 827 Et
1054 800 1096 828 ibi
1116 801 1242 829 multum
1267 802 1303 830 de
1318 803 1385 831 hoc.
1409 805 1442 831 Et
1462 805 1626 832 Bernardus
1641 806 1683 833 ¹⁸:
1703 815 1716 832 ι(
1730 808 1770 834 Eo

1001 846 1111 882 quippe
1127 849 1168 874 est
1181 847 1306 884 quisque
1315 849 1471 884 pessimus,
1483 859 1543 886 quo
1557 854 1597 878 est
1605 852 1744 887 optimus,
1754 863 1767 879 i>

1001 893 1074 920 dum
1096 894 1204 922 scilicet
1226 897 1336 930 quaerat
1365 896 1513 932 propriam
1538 897 1673 932 gloriam.
1701 899 1769 927 Ideo

1001 939 1158 967 Hieremias
1168 940 1187 957 ¹⁹
1195 950 1200 967 :
1208 950 1220 965 «
1229 942 1292 968 Non
1305 942 1447 976 glorietur
1458 943 1574 979 sapiens
1587 944 1617 971 in
1628 945 1770 980 sapientia

1001 993 1064 1013 sua.
1081 996 1094 1011 »
1112 986 1168 1014 Sed
1182 996 1194 1012 ι(
1205 986 1226 1003 ²0
1237 988 1288 1023 qui
1303 988 1365 1015 vult
1381 989 1511 1024 gloriari,
1527 989 1557 1017 in
1568 991 1690 1019 Domino
1706 992 1771 1027 glo-

999 1032 1099 1059 rietur.
1116 1044 1128 1057 »
1142 1035 1198 1061 Sua
1212 1034 1290 1061 enim
1305 1034 1398 1069 gloria
1412 1037 1454 1062 est
1467 1037 1627 1071 quaerenda
1640 1037 1707 1065 vitae
1722 1046 1771 1066 ve-

999 1079 1097 1112 ritate,
1118 1081 1146 1106 et
1169 1081 1424 1115 repraesentatione
1444 1082 1510 1109 vitae
1536 1082 1642 1110 divinae
1665 1084 1696 1110 in
1718 1084 1770 1112 ho-

1000 1125 1078 1152 mine
1093 1126 1151 1152 2¹1«
1166 1126 1329 1154 Glorificate
1345 1129 1436 1154 Deum
1450 1127 1481 1155 in
1497 1136 1621 1164 corpore
1634 1132 1767 1158 vestro.»

999 1172 1069 1198 Item
1084 1173 1126 1198 est
1141 1173 1299 1207 quaerenda
1313 1173 1463 1201 bonorum
1483 1182 1607 1210 operum
1629 1176 1769 1204 exercita-

999 1217 1077 1245 tione
1086 1217 1123 1245 ‘22’2
1138 1219 1284 1246 «Videant
1298 1221 1396 1247 vestra
1410 1220 1490 1248 bona
1501 1229 1602 1256 opera,
1619 1224 1646 1249 et
1659 1222 1771 1257 glorifi-

1000 1266 1064 1291 cent
1087 1266 1187 1291 Deum.
1208 1275 1221 1290 »
1245 1266 1315 1292 Item
1339 1268 1380 1293 est
1404 1267 1563 1302 quaerenda
1587 1268 1682 1302 gloria
1703 1269 1770 1304 Dei,

999 1310 1181 1345 magnalium
1210 1319 1331 1339 suorum
1365 1314 1392 1340 et
1424 1313 1638 1341 beneficiorum
1666 1315 1771 1343 sedula

998 1357 1206 1392 praedicatione
1214 1357 1236 1375 ²³
1247 1367 1253 1385 :
1266 1368 1278 1383 t(
1287 1359 1353 1386 Date
1369 1358 1494 1393 gloriam
1510 1359 1543 1394 (b)
1561 1361 1628 1387 Deo.
1643 1361 1691 1388 Dei
1704 1369 1770 1396 per-

998 1403 1072 1430 fecta
1087 1406 1153 1431 sunt
1168 1412 1268 1439 opera.
1282 1414 1294 1429 »
1308 1406 1378 1432 Item
1389 1407 1430 1432 est
1444 1406 1602 1440 quaerenda
1613 1406 1771 1436 beneficio-

998 1457 1064 1476 rum
1080 1450 1129 1476 Dei
1147 1450 1347 1485 recognitione
1362 1452 1390 1478 et
1404 1451 1565 1486 gratiarum
1587 1453 1718 1487 actione,
1734 1462 1768 1482 ac

999 1495 1134 1523 ordinata
1144 1495 1313 1531 intentione,
1326 1497 1426 1525 omnia
1436 1498 1517 1525 bona
1527 1499 1644 1533 agendo
1655 1500 1694 1527 ad
1703 1500 1768 1534 glo-

997 1542 1072 1568 riam
1086 1550 1171 1569 suam
1180 1543 1202 1559 ⁴²¹⁴
1216 1552 1222 1570 :
1236 1552 1248 1568 c<
1264 1544 1327 1570 Non
1342 1545 1383 1570 est
1399 1543 1430 1579 (c)
1442 1544 1492 1579 qui
1506 1545 1628 1580 rediret,
1644 1548 1671 1573 et
1686 1546 1769 1574 daret

998 1588 1125 1622 gloriam
1139 1590 1212 1623 Deo,
1226 1589 1282 1616 nisi
1296 1589 1344 1617 hic
1359 1590 1534 1625 alienigena.
1552 1590 1608 1617 »²³«
1622 1593 1726 1620 Omnia
1737 1593 1768 1620 in

997 1634 1124 1669 gloriam
1150 1635 1198 1662 Dei
1222 1635 1317 1663 facite.
1340 1646 1353 1661 »
1377 1637 1429 1669 Qui
1452 1644 1522 1671 ergo
1544 1638 1648 1666 volunt
1670 1639 1767 1668 dicere

998 1688 1064 1716 quae
1078 1688 1131 1708 sua
1140 1682 1217 1715 sunt,
1230 1684 1257 1709 et
1271 1682 1469 1717 dedignantur
1481 1683 1587 1711 docere
1602 1685 1767 1713 doctrinam

997 1727 1063 1760 Dei,
1079 1727 1127 1754 vel
1149 1735 1253 1754 eorum
1275 1728 1326 1763 qui
1348 1728 1455 1756 docent
1476 1730 1640 1757 secundum
1660 1732 1766 1766 Deum,

997 1781 1058 1800 non
1072 1773 1221 1801 imitantur
1235 1774 1340 1801 Filium
1354 1775 1402 1802 Dei
1417 1775 1447 1802 in
1463 1775 1618 1811 praedictis.

1032 1822 1076 1848 19.
1100 1821 1131 1847 Et
1158 1819 1290 1856 sequitur
1312 1821 1438 1856 arguitio
1461 1821 1629 1850 Judaeorum
1652 1823 1766 1850 calum-

997 1866 1156 1899 niantium,
1174 1866 1214 1893 ibi
1229 1876 1236 1894 z
1257 1868 1349 1895 Nonne
1365 1868 1468 1902 Moyses
1489 1868 1564 1895 dedit
1578 1869 1651 1896 vobis
1666 1870 1768 1904 legem?

996 1914 1028 1940 Et
1042 1914 1108 1940 sunt
1122 1913 1177 1940 ista
1191 1913 1282 1940 verba
1295 1913 1450 1941 referenda
1465 1914 1502 1941 ad
1515 1914 1600 1949 illud,
1612 1916 1695 1951 quod
1708 1915 1766 1943 dic-

996 1961 1057 1986 tum
1073 1961 1132 1986 est:
1152 1960 1200 1986 Ubi
1215 1962 1253 1986 est
1267 1961 1335 1987 ille?
1349 1960 1431 1995 quod
1444 1960 1591 1995 dicebant,
1606 1962 1765 1997 quaerendo

996 2014 1064 2033 eum
1078 2008 1109 2033 ut
1124 2005 1302 2033 occiderent.
1318 2006 1386 2034 Ideo
1400 2006 1455 2034 ait:
1471 2008 1565 2036 Nonne
1577 2009 1679 2042 Moyses
1691 2009 1767 2036 dedit

994 2053 1068 2079 vobis
1089 2054 1188 2086 legem?
1209 2052 1317 2080 scilicet
1336 2055 1367 2080 ut
1387 2061 1448 2080 non
1467 2053 1616 2081 occidatis.
1637 2055 1671 2081 Ει
1692 2062 1765 2082 nemo

995 2107 1027 2126 ex
1044 2100 1116 2126 vobis
1131 2101 1199 2132 facit
1213 2100 1293 2133 Iegem
1308 2108 1317 2126 :
1333 2099 1412 2134 quia,
1432 2102 1464 2127 ut
1481 2100 1520 2127 ait
1537 2100 1714 2135 Augustinus
1728 2102 1763 2129 2⁶:

997 2155 1010 2170 «
1029 2145 1055 2172 Si
1078 2145 1174 2180 legem
1194 2145 1342 2179 faceretis,
1365 2145 1510 2173 Christum
1527 2146 1557 2173 in
1578 2147 1640 2181 ejus
1664 2147 1765 2174 litteris

994 2193 1205 2228 agnosceretis,
1225 2195 1253 2221 et
1274 2196 1448 2229 praesentem
1469 2202 1530 2221 non
1553 2194 1761 2222 occideretis.»

1028 2240 1072 2267 ΞΟ.
1088 2239 1155 2267 Ideo
1167 2239 1310 2275 sequitur:
1328 2240 1400 2272 Quid
1413 2248 1454 2267 me
1464 2242 1585 2275 quoem'tz's
1598 2242 1765 2275 interficere?

992 2286 1049 2314 Sed
1064 2285 1215 2321 quaeritur,
1230 2285 1356 2321 qualiter
1370 2285 1428 2313 ait:
1444 2287 1526 2314 Nemo
1542 2295 1574 2314 ea:
1588 2287 1676 2321 vobis,
1693 2287 1763 2323 quia

991 2340 1095 2368 supra,
1111 2332 1232 2366 eodem,
1249 2332 1359 2359 dictum
1372 2333 1427 2366 est,
1444 2332 1526 2368 quod
1542 2333 1666 2369 quidam
1680 2333 1763 2361 dice-

994 2422 1011 2438 ¹⁵
1030 2421 1089 2451 Job,
1115 2428 1137 2452 1,
1163 2423 1184 2445 5.
1209 2433 1240 2438 —-
1264 2421 1283 2437 ¹⁵
1304 2421 1390 2451 Grcg„
1413 2421 1514 2451 Moral.,
1538 2422 1581 2446 lib.
1607 2424 1629 2453 1,
1651 2430 1672 2447 c.
1699 2429 1760 2453 vm,

990 2457 1023 2480 al.
1038 2463 1114 2487 xxm,
1130 2464 1155 2480 u.
1171 2458 1209 2480 31.
1220 2469 1249 2473 —
1267 2456 1284 2473 ¹⁷
1299 2456 1440 2487 Chrysost„
1457 2457 1482 2480 in
1496 2457 1579 2488 Joan.‚
1591 2458 1662 2482 hou).
1678 2464 1760 2487 xxvii,

989 2492 1021 2516 al.
1033 2498 1123 2520 xxvm,
1135 2498 1160 2515 n.
1172 2494 1224 2515 3.-
1236 2491 1258 2507 ¹³
1269 2492 1391 2521 Rei-11.,1'n
1403 2492 1485 2522 Cant„
1494 2499 1570 2517 serm.
1584 2499 1690 2522 mxxiv,
1702 2500 1727 2517 n.
1736 2495 1758 2517 2.

989 2528 1048 2544 -12
1062 2527 1162 2555 nrm,
1178 2532 1213 2557 1x‚
1227 2527 1298 2550 23.—-
1312 2528 1332 2542 ²0
1348 2528 1354 2550 ι
1372 2527 1440 2556 Cor..
1451 2533 1469 2558 1,
1484 2529 1758 2558 31.-211b1d.,v1,20.

988 2576 1017 2580 —
1032 2562 1164 2593 minuma,
1178 2564 1284 2592 v,16.—
1295 2562 1312 2576 ²³
1324 2562 1407 2592 Deut.‚
1423 2568 1506 2594 xxxu,
1522 2564 1544 2594 3,
1557 2565 1583 2594 43
1599 2564 1757 2594 Psal.1.xvn,

988 2599 1026 2621 37.
1040 2611 1070 2614 —
1085 2598 1106 2614 ²⁸
1120 2597 1186 2627 Luc„
1200 2603 1264 2627 xvn,
1282 2598 1319 2621 18.
1330 2611 1360 2615 —
1375 2598 1394 2614 ²⁵
1409 2598 1416 2621 1
1432 2599 1498 2626 cor..
1515 2605 1540 2630 x,
1557 2600 1633 2622 31.—
1647 2599 1668 2615 ²⁰
1683 2599 1757 2629 Aug,

989 2635 1014 2657 in
1026 2634 1108 2661 Joan„
1119 2634 1191 2657 tract.
1208 2639 1269 2663 xxx,
1280 2640 1306 2657 n.
1322 2635 1377 2658 2.-
1388 2633 1514 2665 (α)8ιψρῐ.
1527 2636 1621 2658 De0.—
1633 2634 1664 2664 (b)
1684 2634 1757 2665 Vulq.

988 2670 1013 2693 in
1029 2669 1099 2693 Dent.
1114 2668 1335 2699 magnificentiam.
1352 2681 1381 2686 —
1396 2669 1423 2699 (c)
1441 2670 1530 2701 Snppl.
1547 2670 1673 2694 inventus.

1794 905 1882 930 Propria

1792 936 1881 961 gloriam

1791 972 1881 991 quomo-

1791 998 1818 1017 du
1829 1004 1885 1023 quae-

1799 1028 1873 1048 reuda.
