1987 3032
187 190 246 219 410
710 182 922 215 EVANGELlI
945 183 1082 216 SANCTI
1105 183 1268 216 JOANNts

185 254 322 291 pavimus
347 253 430 290 quasi
453 253 519 281 caeci
545 253 700 289 parietem,
729 253 755 279 et
783 251 866 287 quasi
889 250 955 279 abs-

186 310 244 339 que
268 301 360 329 oculis
384 300 609 328 attrectavimus.
634 310 646 324 η
672 299 680 315 ¹
698 308 711 324 <a
734 299 853 326 Noctem
873 298 955 325 illam

185 349 356 377 tenebrosus
385 348 470 375 turbo
500 346 658 382 possideat.
683 355 695 371 η
735 347 765 373 in
794 344 848 372 ista
876 344 955 371 enim

184 397 270 424 nocte
290 395 426 430 voluptas
444 393 557 421 homini
580 392 743 419 insidiatur.
759 392 768 408 ²
787 402 799 417 α
819 390 956 419 Graditur

183 443 214 470 in
229 443 374 475 obscuro,
398 440 658 475 advesperascente
681 438 728 465 die
752 438 783 465 in
803 438 896 465 noctis
916 440 955 465 te-

183 489 292 516 nebris.
310 498 323 513 n
349 489 358 503 ³
385 486 462 519 «Qui
489 485 654 518 dormiunt,
678 487 762 513 nocte
784 484 952 512 dormiunt:

183 537 210 563 et
228 535 278 571 qui
298 533 371 561 ebrii
386 535 465 567 sunt,
485 534 570 559 nocte
585 531 658 559 ebrii
678 534 754 559 sunt.
774 541 787 557 »
806 531 954 559 Fidelibus

183 584 281 609 autem
303 581 356 608 ista
379 588 438 607 nox
462 579 598 615 praeteriit
612 579 622 594 ⁶
644 588 650 605 z
677 588 689 603 «
708 580 771 605 Nox
794 578 954 614 praecessit,

183 628 245 655 dies
259 629 356 654 autem
371 626 635 662 appropinquavit,
652 635 665 651 ι)
683 626 735 652 etc.

217 675 261 701 Η.
277 675 308 701 Et
321 673 452 709 sequitur
467 672 597 700 secunda
612 671 771 708 particula,
786 671 816 698 in
831 678 891 706 qua
903 670 953 698 de-

182 720 323 748 nuntiatio
339 719 488 754 discipulis
503 719 539 746 de
555 721 648 746 morte
669 718 766 746 Lazari
789 718 843 745 sub
865 718 953 752 aenig-

181 769 269 800 mate,
279 768 306 794 et
320 774 423 794 eorum
431 765 581 801 responsio
591 774 596 792 z
608 767 669 792 Post
683 766 737 791 lure
752 765 820 791 dicit
830 767 866 791 eis
880 773 888 791 .·
903 765 954 791 La-

182 821 259 840 zarus
268 813 381 844 dormit,
394 817 447 840 etc.
459 813 489 840 Et
504 812 532 839 in
547 812 603 839 hoc
620 811 757 844 ostendit,
766 813 796 838 ut
812 811 850 838 ait
865 810 954 846 Chry-

182 861 328 888 sostomus
342 860 362 894 ⁵,
380 859 462 895 quod
475 867 557 886 «non
573 859 627 885 iret
642 857 876 893 Hierosolymam
885 865 953 884 cum

181 906 287 934 Judaeis
300 906 511 942 disputaturus,
527 906 578 933 sed
593 905 623 932 in
638 905 808 932 Bethaniam
824 904 952 931 amicum

181 953 370 987 excitaturus3
394 962 407 977 n
433 955 553 988 propter
579 952 660 987 quod
685 951 835 979 debebant
855 951 953 978 minus

182 1000 293 1028 timere.
310 999 503 1028 Nihilominus
519 999 655 1026 dixerunt
665 999 703 1034 (v.
721 999 780 1033 ¹⁶2):
796 999 827 1026 Si
841 999 952 1032 dormit,

181 1048 270 1073 salvus
287 1048 348 1073 erit.
366 1047 397 1073 Ut
412 1046 490 1073 enim
507 1046 547 1073 ait
561 1046 738 1080 Augustinus
750 1046 759 1061 ὅ
777 1055 782 1072 ;
801 1056 813 1069 κ
829 1046 954 1072 Somnus

181 1093 385 1128 aegrotantium
409 1092 483 1120 solet
507 1100 568 1119 esse
588 1092 688 1119 salutis
711 1092 864 1119 indicium.
882 1102 894 1116 »ι
924 1093 955 1119 Et

182 1140 323 1176 quoniam
339 1139 412 1167 sieut
431 1139 652 1172 intellexerunt,
668 1139 708 1166 sic
723 1139 953 1174 responderunt,

181 1187 248 1215 ideo
264 1187 363 1214 subdit
379 1188 418 1222 (v.
437 1188 476 1221 13)
490 1197 496 1214 :
511 1189 622 1214 Dim-crat
637 1190 724 1214 autem
737 1188 813 1214 Jesus
827 1186 858 1213 (le
871 1189 954 1213 morte

181 1235 236 1269 ejus
255 1245 263 1261 .-
288 1236 333 1261 illi·
346 1237 433 1261 autem
456 1236 632 1268 patav-erunt,
655 1235 719 1268 quia
743 1233 774 1260 de
795 1233 955 1259 dormitione

179 1282 267 1308 somni
279 1281 387 1308 diceret.
408 1280 462 1307 Sed
486 1280 623 1315 ‹1u:rritm·
639 1287 730 1315 quare
744 1279 861 1306 vocavit
876 1286 954 1306 mor-

180 1329 238 1355 tem
256 1319 393 1354 somnum
408 1329 435 1354 et
450 1326 680 1353 dormitionem?
700 1327 730 1353 Et
752 1325 790 1352 ad
806 1325 883 1352 istud
898 1333 955 1352 res-

180 1374 291 1409 pondet
306 1373 483 1407 Augustinus
498 1374 507 1389 ⁷
523 1373 606 1408 quod
632 1383 644 1396 «
660 1374 781 1399 Lazarus
796 1374 858 1399 erat
872 1380 954 1400 soro-

180 1421 262 1448 ribus
276 1423 409 1448 mortuus
425 1422 452 1447 et
466 1419 638 1447 hominibus
650 1441 657 1453 ,
674 1419 725 1446 sed
743 1419 865 1446 Domino
883 1419 953 1446 dor-

180 1467 300 1494 miebat.
323 1467 404 1494 Unde
429 1466 594 1494 secundum
607 1466 769 1501 potentiam
787 1474 870 1493 suam
884 1465 956 1493 dixit

181 1522 248 1541 eum
270 1513 475 1541 dormientem.
499 1514 571 1539 Nam
592 1514 672 1539 tanta
691 1512 827 1539 facilitate
851 1513 956 1539 excitat

181 1560 216 1588 de
237 1559 409 1595 sepulchro,
432 1561 542 1595 quanta
559 1561 589 1585 tu
605 1566 665 1585 non
685 1559 792 1585 excitas
807 1558 955 1586 dormien-

181 1609 239 1634 tem
255 1606 291 1633 de
307 1606 392 1633 lecto.
408 1616 420 1631 ω
434 1607 502 1633 Item
514 1605 663 1641 quaeritur,
673 1613 763 1640 quare
774 1612 835 1632 non
850 1605 890 1632 ait
900 1607 956 1632 sta-

182 1653 232 1680 tim
247 1652 351 1688 plane,
368 1652 450 1688 quod
470 1654 603 1679 mortuus
623 1651 730 1685 fuerat,
747 1652 799 1679 sed
819 1652 857 1679 ait
874 1652 956 1686 quod

182 1699 355 1726 domiebat?
385 1701 415 1726 Et
439 1699 476 1726 ad
501 1698 579 1725 istud
606 1698 765 1733 respondet
786 1698 957 1733 Chrysosto-

182 1746 272 1780 mus⁸,
287 1745 390 1781 «quod
406 1745 473 1772 ideo
489 1745 529 1772 sic
542 1745 592 1777 ait,
605 1744 843 1779 ingloriationem
851 1753 957 1780 reprae-

181 1794 294 1820 sentare
309 1791 427 1824 volens,
438 1802 450 1816 n
465 1791 495 1818 id
506 1794 563 1825 est,
581 1791 780 1818 exclusionem
795 1799 878 1818 vanae
895 1791 957 1826 glo-

181 1838 240 1866 riae.
257 1840 288 1866 Et
303 1839 381 1874 patet
394 1837 441 1864 hic
452 1858 459 1871 ,
476 1837 557 1873 quod
576 1840 700 1865 mortem
717 1840 804 1865 vocat
819 1846 957 1865 somnum

183 1886 210 1912 et
225 1884 443 1912 dormitionem.
461 1885 471 1900 '³
495 1894 508 1909 (ι
525 1884 649 1917 Quando
673 1883 747 1911 solet
766 1892 855 1919 sopor
871 1892 957 1911 occu-

183 1939 252 1967 pare
267 1931 412 1964 homines,
424 1942 436 1955 »
454 1930 608 1964 Gregorius
623 1930 661 1957 ¹⁰:
682 1941 694 1955 «
709 1931 834 1958 Somnus
852 1931 958 1958 dicitur

183 1977 344 2013 aliquando
358 1985 447 2004 morS.
465 1988 477 2001 »
493 1978 511 1994 Η
526 1977 688 2004 «Nolumus
703 1985 756 2004 vos
770 1978 905 2012 ignorare
921 1978 958 2005 de

185 2023 415 2057 dormientibus,
431 2034 444 2049 n
463 2025 517 2050 etc.
541 2023 707 2058 Aliquando
731 2023 836 2051 dicitur
857 2026 959 2060 torpor

184 2070 366 2105 negligentiie
383 2069 403 2087 ¹²
420 2079 425 2096 :
446 2071 550 2097 «Hora
566 2072 607 2097 est
630 2077 685 2096 nos
708 2070 744 2097 de
767 2078 872 2097 somno
895 2078 958 2097 sur-

184 2124 263 2151 gere.
280 2127 293 2141 »
313 2118 344 2143 Et
359 2116 379 2133 ¹³
395 2125 400 2143 :
422 2127 434 2140 a
449 2116 590 2150 Evigilate
603 2117 682 2151 justi.
699 2127 711 2141 n
730 2116 898 2152 Aliquando
914 2116 959 2143 di-

185 2163 258 2190 eitur
273 2162 356 2198 quies
371 2163 434 2190 vitae
448 2161 467 2178 ¹⁶
480 2171 485 2189 :
506 2163 588 2197 «Ego
607 2162 736 2197 dormi0‚
752 2165 780 2190 et
793 2171 844 2190 cor
859 2171 958 2190 meum

183 2209 322 2243 vigilat.»
346 2210 415 2236 ltem
439 2210 482 2235 est
504 2216 626 2235 somnus
646 2209 770 2243 peccati,
787 2209 835 2236 vel
851 2209 958 2244 culpae,

185 2263 202 2282 a
226 2263 285 2290 quo
312 2255 416 2282 excitat
442 2255 580 2282 Dominus
601 2255 620 2271 ¹⁵
644 2264 650 2282 ι
672 2256 791 2289 «Surge
815 2255 866 2291 qui
889 2255 958 2282 dor-

185 2301 256 2335 mis,
273 2303 299 2328 et
315 2309 438 2335 exsurge
453 2309 470 2328 a
484 2301 616 2328 mortuis.
633 2312 645 2326 n

221 2348 265 2374 14.
283 2349 312 2374 Et
334 2348 465 2383 sequitur
486 2347 570 2375 tertia
592 2347 750 2383 particula,
775 2347 804 2374 in
828 2355 888 2383 qua
910 2348 959 2375 de-

219 2421 223 2432 ¹
240 2417 293 2448 Job,
310 2424 354 2447 111,
370 2419 393 2441 6.
410 2430 438 2434 —
454 2419 462 2431 ‘-’
481 2419 563 2447 prou,
586 2423 634 2449 vit,
651 2420 718 2442 9.-
736 2419 746 2434 ³
761 2420 767 2442 1
786 2419 877 2450 Thess„
893 2424 916 2450 V,
936 2422 958 2444 7.

186 2467 217 2472 —
229 2454 239 2470 δ
251 2454 329 2483 Rom„
345 2459 404 2481 xiii,
421 2455 457 2476 12.
471 2467 501 2470 —
515 2454 524 2470 ⁵
537 2454 678 2485 Chrysost.‚
690 2454 733 2478 ubi
747 2461 802 2484 sup.
819 2467 849 2471 —
864 2455 872 2468 ⁶
885 2456 958 2485 Aug„

187 2489 229 2513 uhi
244 2495 309 2519 sup.,
324 2495 350 2512 n.
370 2490 406 2511 11.
421 2501 450 2505 -
471 2489 481 2504 '¹
503 2488 575 2518 ibid„
596 2496 620 2512 n.
644 2491 666 2513 9.
684 2502 713 2507 -
733 2490 741 2503 ⁸
756 2489 898 2520 Chrysost.,
918 2490 960 2514 ubi

187 2531 253 2555 sup„
277 2530 303 2548 n.
326 2524 348 2546 2.
371 2536 401 2540 —
425 2523 435 2539 ⁹
451 2523 509 2552 lob,
534 2530 569 2553 lv,
594 2527 630 2548 ¹3.
650 2538 680 2542 -
705 2525 725 2541 ¹⁰
750 2526 836 2556 Greg,
857 2525 960 2555 Moral.,

188 2560 230 2583 lib.
247 2560 279 2588 V,
295 2566 318 2583 c.
333 2564 389 2582 xxu
401 2576 408 2588 ,
423 2558 455 2581 al.
471 2564 549 2589 xxiii,
564 2566 588 2582 n.
607 2561 644 2583 54.
658 2572 688 2576 —
706 2560 724 2576 ¹¹
740 2560 746 2583 1
764 2560 904 2590 Thess.‚1v,
924 2562 959 2584 ¹2.

188 2608 215 2612 —
236 2595 254 2609 '²
271 2595 348 2624 Rom„
362 2599 426 2622 xm,
445 2594 584 2617 11.—¹³t
602 2594 671 2619 Cor..
686 2601 728 2625 XV,
744 2597 781 2619 34.
797 2610 828 2613 —
843 2596 863 2612 ¹⁸
877 2596 958 2622 Cant..

189 2636 213 2660 V,
232 2632 254 2655 2.
270 2643 300 2648 —
315 2630 333 2646 ¹⁵
349 2629 450 2661 aphes„
469 2635 492 2659 V,
511 2631 546 2653 14.
563 2642 592 2647 -
611 2630 628 2646 '⁸
643 2630 785 2662 Chrysost.‚
801 2632 844 2656 ubi
859 2639 915 2662 sup.
930 2645 960 2650 —

1013 251 1158 279 nuntiatio
1183 253 1297 281 Domini
1321 254 1357 282 de
1381 258 1473 284 morte
1494 257 1591 284 Lazari
1611 256 1762 284 manifeste
1772 278 1781 292 ‚

1011 298 1052 325 ibi
1068 307 1074 325 :
1093 299 1164 325 Tunc
1177 307 1236 333 erqo
1250 301 1324 328 Iesus
1339 301 1412 329 dimit
1429 305 1467 330 eis
1481 304 1621 336 manifeste
1640 312 1648 330 :
1663 304 1784 331 Lazarus

1011 346 1131 371 mortuus
1144 347 1192 372 est.
1209 346 1264 373 Sed
1280 348 1428 382 quaeritur,
1443 357 1533 384 quare
1549 357 1610 377 non
1621 349 1677 377 ait:
1690 349 1782 384 Vado,

1012 392 1043 418 ut
1058 391 1181 418 excitem
1195 399 1282 426 eum,
1305 393 1354 420 vel
1378 397 1561 430 resuscitem,
1582 396 1657 423 sicut
1679 395 1718 423 ait
1737 404 1784 424 su-

1010 444 1065 472 pra
1077 438 1090 463 ‘t'
1116 439 1146 464 Et
1167 438 1205 464 ad
1232 438 1309 466 istud
1338 441 1496 476 respondet
1523 442 1748 477 Chrysostomus
1763 443 1784 460 ¹⁶

1011 483 1093 518 quod
1117 483 1228 511 docens
1246 492 1300 512 nos
1314 485 1414 520 fugere
1433 495 1540 515 vanarn
1557 488 1683 523 gloriam
1700 497 1706 515 :
1722 496 1784 516 non

1011 530 1089 557 enim
1104 530 1224 558 volebat
1247 531 1345 559 verbis
1369 533 1544 567 praedieere,
1566 543 1631 570 quse
1655 535 1785 563 debebat

1011 584 1064 611 per
1082 584 1172 612 opera
1187 578 1311 606 celsiora
1332 579 1471 614 probare.
1500 581 1531 606 Et
1552 581 1655 614 gaudeo
1674 586 1784 617 propter

1010 631 1069 656 ros,
1085 624 1257 658 meracitatis,
1272 624 1381 652 scilicet
1395 634 1442 653 me
1455 633 1515 654 non
1531 626 1618 654 latere
1631 636 1638 654 ι
1651 627 1784 660 Quoniam

1011 678 1062 696 non
1077 678 1148 696 eram
1168 672 1220 704 ibi,
1242 673 1269 698 et
1284 679 1351 698 cum
1367 672 1426 699 scio
1442 672 1513 707 quia
1525 675 1657 700 mortuus
1671 676 1729 707 est,
1743 675 1784 702 ait

1010 716 1119 744 Glossa.
1144 717 1200 745 Sed
1215 717 1341 753 qualiter
1356 718 1395 746 ait
1414 727 1420 745 ε
1451 720 1483 746 Ut
1508 720 1645 746 credatis?
1664 721 1702 747 Ex
1723 728 1783 755 quo

1010 764 1093 790 erant
1117 763 1253 800 discipuli
1279 765 1341 799 ejus
1369 773 1437 792 eum
1468 767 1639 801 sequentes,
1668 765 1784 794 videtur

1011 809 1093 844 quod
1107 810 1188 845 prius
1202 810 1397 839 crediderant.
1411 814 1442 839 Et
1457 812 1495 839 ad
1512 812 1588 840 istud
1604 812 1784 848 responden-

1010 855 1082 883 dum
1106 857 1270 884 secundum
1296 858 1489 892 Augustinum
1502 859 1521 875 ¹¹¹
1538 858 1621 893 quod
1641 869 1655 884 α
1676 858 1784 886 intelli-

1011 902 1142 937 gendum
1170 905 1211 930 est
1239 912 1245 931 :
1275 905 1308 931 Ut
1334 904 1461 939 amplius
1487 905 1696 941 robustiusque
1725 913 1784 933 cre-

1011 949 1095 976 datis.
1113 960 1126 975 )›

1047 998 1091 1023 16.
1104 997 1135 1023 Et
1145 996 1282 1024 subditur
1297 997 1451 1033 responsio
1465 997 1619 1033 discipuli:
1633 999 1712 1025 Dixit
1722 1007 1783 1033 erqo

1013 1044 1133 1076 Thomas,
1145 1045 1194 1077 qui
1204 1044 1306 1070 dicitur
1322 1044 1460 1078 Didymus,
1470 1044 1580 1072 scilicet
1590 1045 1781 1080 cognomine:

1011 1091 1110 1117 Eamus
1124 1094 1154 1116 uc
1168 1092 1316 1118 moriamur
1330 1099 1387 1118 cum
1408 1099 1446 1118 eo.
1468 1092 1499 1119 Ut
1514 1092 1592 1119 enim
1607 1092 1646 1119 ait
1660 1092 1783 1128 Chryso-

1010 1136 1157 1171 stomus¹⁸,
1172 1137 1370 1164 «Formidinis
1386 1138 1512 1165 verbum
1527 1138 1610 1165 fuit.»
1627 1139 1684 1166 Sed
1699 1147 1780 1175 quae-

1010 1183 1093 1216 ritur,
1110 1191 1200 1218 quare
1215 1190 1276 1210 non
1288 1183 1342 1210 fuit
1353 1186 1421 1211 tunc
1437 1192 1454 1211 a
1468 1184 1580 1211 Christo
1595 1184 1783 1221 increpatus?

1011 1231 1043 1256 Et
1057 1230 1096 1256 ad
1118 1230 1173 1257 hoc
1194 1229 1352 1265 respondet
1371 1230 1594 1265 chrysostomus
1608 1232 1640 1264 ¹⁹,
1655 1232 1737 1267 quod
1752 1231 1783 1259 in

1012 1276 1150 1303 omnihus
1164 1276 1358 1311 supportabat
1368 1276 1569 1303 infirmitatem
1584 1276 1662 1304 illius
1678 1286 1684 1304 :
1702 1280 1730 1304 et
1744 1279 1784 1305 ta-

1011 1330 1079 1349 men
1091 1322 1141 1358 qui
1153 1322 1286 1350 infirmus
1297 1325 1362 1350 ante
1375 1331 1491 1350 crucem
1506 1325 1576 1356 erat,
1588 1325 1655 1358 post
1667 1331 1783 1351 crucem

1011 1368 1113 1396 fortior
1129 1369 1267 1396 omnibus
1282 1368 1345 1403 fuit,
1362 1369 1436 1396 infra
1448 1370 1478 1402 ²⁰,
1490 1369 1527 1396 de
1538 1369 1646 1404 seipso,
1662 1370 1712 1405 qui
1728 1370 1782 1398 ait:

1015 1426 1027 1442 «
1044 1417 1182 1444 Dominus
1196 1425 1289 1450 meua
1303 1418 1330 1444 et
1345 1418 1419 1444 Deus
1429 1425 1521 1444 meus
1535 1427 1547 1443 n
1565 1419 1597 1444 Et
1607 1420 1705 1453 posset
1720 1426 1781 1446 esse

1010 1463 1109 1490 thema
1123 1472 1223 1490 coram
1238 1463 1383 1498 religiosis
1395 1475 1401 1490 :
1419 1465 1517 1491 Eamus
1528 1467 1553 1491 et
1568 1466 1715 1492 moriamur·
1726 1473 1784 1492 cum

1012 1518 1048 1537 eo.
1064 1510 1236 1544 Figurantur
1259 1510 1338 1537 enim
1362 1510 1434 1544 duo,
1460 1519 1527 1546 quae
1542 1510 1651 1538 debent
1675 1519 1737 1539 esse
1753 1511 1783 1539 in

1011 1556 1080 1582 viris
1096 1556 1248 1591 perfectis:
1271 1564 1399 1591 quorum
1413 1557 1543 1592 primum
1558 1558 1610 1591 est,
1626 1557 1662 1584 de
1680 1557 1783 1585 virtute

1011 1602 1040 1629 in
1060 1603 1196 1630 virtutem
1210 1603 1341 1630 virtualis
1356 1603 1535 1638 progressio,
1550 1603 1610 1630 ihi:
1627 1604 1737 1637 Eamus,
1751 1603 1783 1631 id

1011 1651 1062 1683 est,
1079 1649 1114 1676 de
1129 1648 1233 1676 virtute
1249 1649 1279 1676 in
1297 1649 1444 1683 virtutem,
1467 1651 1555 1684 prout
1575 1650 1615 1676 ait
1640 1650 1784 1685 Propheta

1011 1695 1041 1722 in
1058 1696 1160 1722 Psalmo
1170 1694 1200 1722 ²¹.
1213 1695 1288 1722 lnt'ra
1299 1694 1320 1710 ²¹
1337 1704 1363 1721 z«
1377 1696 1462 1722 Posui
1478 1704 1541 1728 vos,
1556 1698 1587 1723 ut
1602 1696 1683 1730 eatis,
1695 1707 1708 1722 »
1728 1699 1782 1724 etc.

1012 1742 1054 1768 Ire
1069 1741 1149 1768 enim
1164 1741 1269 1768 animae
1283 1744 1325 1769 est
1343 1741 1379 1768 de
1400 1742 1504 1769 virtute
1520 1742 1549 1768 in
1565 1742 1702 1769 virtutem
1715 1750 1784 1778 pro-

1012 1788 1105 1822 gredi.
1122 1788 1202 1815 unde
1217 1788 1394 1822 Augustinus
1404 1789 1427 1805 ²³
1445 1797 1472 1814 :«
1487 1788 1564 1815 lmus
1576 1788 1607 1815 in
1622 1790 1713 1816 Deum
1723 1796 1784 1816 non

1012 1834 1208 1867 ambulando,
1223 1834 1275 1861 sed
1290 1834 1429 1861 amando.
1447 1844 1459 1859 n
1473 1834 1641 1862 Secundum
1655 1842 1785 1862 necessa-

1012 1881 1087 1907 rium
1102 1882 1144 1907 est
1163 1880 1466 1915 concupiscentiarum
1490 1880 1676 1908 mortificatio
1687 1902 1694 1914 ‚
1717 1881 1760 1908 ibi
1775 1889 1782 1908 τ

1012 1928 1161 1954 Mori'amur
1175 1935 1233 1953 cum
1249 1935 1285 1953 eo.
1299 1936 1311 1951 «
1323 1926 1413 1954 Fortis
1428 1927 1506 1954 enim
1519 1927 1539 1942 ²⁸
1554 1928 1585 1954 ut
1596 1935 1677 1954 mors
1692 1926 1783 1954 dilec-

1012 1973 1064 2007 tio,
1081 1983 1094 1998 n
1112 1973 1220 2000 scilicet
1235 1973 1346 2004 divina,
1364 1973 1434 2009 quia
1454 1973 1528 2000 sicut
1549 1981 1629 2000 mors
1648 1973 1786 2002 interimit

1014 2027 1132 2055 corpus,
1148 2019 1189 2047 sic
1204 2020 1242 2046 ab
1261 2027 1362 2047 amore
1381 2027 1481 2046 rerum
1500 2019 1700 2054 corporalium
1714 2019 1784 2047 cha-

1014 2066 1084 2093 ritas
1096 2066 1240 2093 occiditur
1257 2065 1302 2101 (a),
1318 2068 1349 2093 ut
1364 2066 1404 2093 ait
1417 2066 1572 2100 Gregorius
1582 2064 1638 2092 ²⁵.²⁶
1654 2076 1668 2091 a
1682 2066 1785 2094 Mortui

1015 2113 1092 2146 estis,
1104 2115 1132 2140 et
1141 2113 1201 2140 vita
1214 2115 1309 2141 vestra
1318 2113 1492 2141 abscondita
1507 2114 1547 2140 est
1559 2120 1627 2140 cum
1637 2112 1758 2140 Christo.
1769 2122 1782 2138 1>

1053 2163 1093 2187 Π.
1111 2162 1141 2187 Et
1154 2160 1285 2195 sequitur
1306 2160 1357 2187 illa
1378 2167 1456 2194 pars,
1472 2159 1501 2186 in
1525 2166 1584 2194 qua
1598 2161 1732 2186 narratur
1747 2158 1784 2186 de

1014 2206 1142 2234 adventu
1164 2205 1297 2240 Domini,
1314 2206 1355 2233 ibi
1375 2214 1381 2232 ι
1407 2206 1484 2232 Venit
1506 2206 1599 2239 itaque
1627 2205 1713 2238 Jesus,
1729 2207 1782 2232 etc.

1015 2254 1045 2280 Et
1060 2252 1110 2280 illa
1124 2253 1154 2279 in
1169 2254 1296 2288 quatuor
1309 2260 1315 2278 :
1331 2252 1439 2287 primo,
1453 2251 1597 2278 adventus
1612 2250 1784 2286 praemissio,

1015 2308 1081 2327 cum
1097 2300 1291 2336 descriptione
1304 2300 1361 2327 loci
1373 2300 1411 2327 ad
1427 2308 1514 2335 quem
1530 2298 1625 2333 venit;
1642 2297 1785 2331 secundo,

1014 2347 1128 2374 Marthae
1143 2354 1281 2374 occursus
1295 2346 1333 2380 ei,
1347 2346 1395 2374 vel
1419 2346 1561 2379 obviatio,
1587 2347 1613 2372 et
1634 2345 1696 2379 ejus
1716 2351 1784 2371 cum

1016 2437 1032 2452 r,
1049 2437 1123 2466 Aug„
1143 2435 1185 2459 ubi
1206 2442 1274 2466 sup.‚
1292 2442 1318 2459 u.
1342 2438 1378 2460 Η.
1399 2447 1430 2452 -
1454 2436 1474 2450 ¹⁸
1496 2434 1637 2464 Chrysost„
1655 2432 1698 2456 ubi
1715 2440 1762 2464 sup
1776 2452 1782 2463 ,

1015 2479 1040 2495 n.
1056 2474 1077 2495 2.
1094 2485 1123 2489 —
1135 2473 1154 2488 ¹³
1171 2471 1232 2495 ibid.
1247 2485 1277 2489 —
1291 2472 1311 2486 ³⁰
1328 2472 1385 2502 lui„
1401 2477 1444 2501 xx,
1459 2471 1496 2494 28.
1513 2483 1543 2487 —
1558 2470 1576 2485 ²¹
1593 2468 1659 2492 Psal.
1673 2475 1783 2499 mxxiii,

1015 2509 1037 2529 s.
1058 2520 1083 2524 —
1099 2508 1117 2522 22
1133 2506 1189 2535 lnf.,
1205 2513 1246 2536 xv,
1267 2508 1302 2530 ¹6.
1314 2520 1344 2525 —-
1358 2507 1377 2522 ²³
1390 2508 1464 2537 Aug„
1479 2504 1512 2527 acl
1525 2503 1628 2531 Maced„
1647 2504 1723 2534 Epist.
1737 2510 1783 2534 L'1,

1015 2542 1046 2566 nl.
1069 2548 1126 2573 CLV,
1146 2548 1180 2572 lv,
1206 2544 1242 2565 13.
1261 2555 1287 2558 —
1308 2542 1328 2558 2⁸
1347 2542 1430 2571 Cant„
1452 2545 1513 2568 v111,
1531 2540 1555 2562 6.
1570 2552 1595 2555 -
1613 2539 1634 2555 ²⁵
1651 2540 1737 2569 Greg,
1758 2540 1783 2562 in

1016 2578 1122 2608 Evauy„
1137 2578 1208 2602 hom.
1224 2584 1262 2608 xi,
1275 2585 1301 2602 n.
1317 2580 1339 2602 2.
1355 2591 1384 2595 -
1397 2577 1417 2593 ’ὃ
1433 2575 1538 2605 ΟοΙοεε.,
1554 2580 1593 2605 111,
1609 2577 1632 2598 5¹.

1047 2631 1081 2660 (a)
1096 2630 1138 2654 Al.
1155 2631 1256 2655 occidit.

1980 1589 1982 1595 <
1976 1365 1987 1546 —v—..—
