1987 3032
228 229 286 258 556
733 221 998 254 COLLATIONES
1022 219 1316 253 PRAEDIGABILES

227 301 319 328 gnum
333 292 466 320 unitatis!
485 300 502 320 o
516 292 666 320 vinculum
681 289 827 318 charitatis
846 290 852 316 t
873 289 930 316 hoc
951 290 994 315 ta-

226 346 294 366 men
304 338 369 366 tecit
384 338 470 366 Filius
482 339 531 366 Dei
545 338 701 366 ostendens
716 334 995 364 communicativam

226 385 398 420 bonitatem,
409 385 539 412 nutriens
554 387 581 412 et
590 384 718 412 efficiens
728 383 758 410 in
766 382 886 409 homine
896 380 995 416 genui-

225 441 295 460 nam
313 433 348 468 (a)
361 432 562 465 nobilitatem,
578 431 720 458 inducens
734 430 851 457 firmam
870 436 962 464 spem.
980 438 993 453 »

225 479 306 507 Unde
322 479 545 514 Chryscstomus
559 479 565 494 ¹
583 487 590 504 :
607 487 621 503 «
646 477 714 505 ldeo
736 476 862 504 Christus
881 475 937 502 1100
953 475 995 510 ip-

225 533 291 552 sum
305 525 391 558 facit,
404 524 512 551 scilicet
534 531 653 551 carnem
674 530 758 549 suam
774 523 801 548 et
821 520 995 555 sanguinem

226 571 296 599 dare
313 592 321 605 ,
348 571 378 597 in
410 577 543 597 amorem
575 577 629 597 nos
659 569 801 596 inducens
832 567 974 602 majorem
985 587 994 600 ,

224 619 250 644 st
264 624 347 644 suam
363 616 551 643 dilectionem
571 615 735 643 ostendens.
752 624 764 638 n
784 615 816 642 Et
840 614 970 648 sequitur
988 621 993 639 :

227 660 304 688 «Alii
319 660 370 696 qui
382 662 558 695 genuerunt,
571 659 719 687 multoties
729 658 837 685 nutrire
850 657 920 684 dant
931 657 995 684 aliis

224 707 333 734 liberos
358 714 436 734 suos.
465 708 523 741 Ego
545 708 660 740 autem,
684 704 771 732 Filius
795 703 843 731 Dei
863 703 972 730 scilicet
986 725 993 737 ,

224 761 285 780 non
310 752 348 780 ita
370 752 517 788 meipsum
541 752 626 780 vobis
655 758 790 787 appono,
815 758 916 777 omnes
942 757 995 776 vos

224 799 340 827 nobiles
354 807 416 827 esse
431 799 544 833 volens,
558 800 585 826 et
597 798 757 832 benignam
772 797 857 824 vobis
873 796 909 823 de
920 796 995 823 sutu-

223 846 264 873 ris
277 845 460 881 praetendens
475 853 568 880 spem.
585 844 639 878 Qui
661 844 739 871 enim
761 843 807 870 hic
822 842 908 870 vobis
924 842 993 869 dedi

224 900 271 919 me
284 891 382 927 ipsum
392 912 400 925 ,
416 891 509 919 multo
524 891 616 925 magis
630 891 660 917 in
680 890 778 917 futuro
798 889 879 916 volui
899 891 994 916 vester

223 938 296 965 fieri.
311 948 324 963 ι)
342 940 404 965 Haec
419 937 477 965 ille.
499 939 529 964 Et
543 937 585 964 ibi
599 937 675 964 bene
691 936 727 963 de
743 936 809 963 hoc.
827 937 857 962 Et
872 943 993 962 concor-

224 985 274 1012 dat
295 984 406 1012 dictum
424 984 622 1020 Chrysostomi
646 992 712 1011 cum
736 983 814 1010 dicto
837 982 992 1010 Phavorini

224 1031 407 1066 Philosophi,
423 1030 558 1065 dicentis,
581 1030 663 1066 quod
683 1030 766 1065 pueri
788 1030 839 1065 qui
859 1029 992 1056 nutriun-

223 1079 269 1104 tur
283 1079 310 1104 et
324 1077 486 1104 educantur
504 1076 578 1104 lacte
596 1076 710 1110 matris,
726 1076 888 1110 vegetiores
906 1077 971 1102 sunt
984 1096 992 1109 ,

222 1126 250 1151 et
264 1124 460 1158 vigorosiores
470 1144 479 1158 ,
498 1125 524 1150 et
539 1123 627 1150 etiam
643 1122 824 1158 pulchriores
835 1143 844 1155 ‚
862 1129 952 1157 quam
969 1122 991 1149 si

222 1169 402 1197 nutrirentur
414 1169 488 1197 lacte
504 1169 600 1197 alieno
610 1190 617 1201 ,
630 1171 661 1195 ut
673 1169 712 1196 ait
726 1168 833 1196 Gellius
844 1170 864 1195 Ξ.
878 1170 909 1195 Et
923 1168 991 1195 ideo

222 1216 312 1244 homo
329 1215 471 1243 accedens
486 1215 523 1242 ad
539 1223 652 1242 sacram
666 1222 815 1248 mensam,
829 1214 938 1241 scilicet
953 1214 991 1241 ad

222 1262 333 1296 altare,
360 1262 447 1289 debet
470 1261 610 1297 prfedicta
631 1261 759 1295 cogitare
780 1261 790 1276 ³
807 1269 814 1287 ε
834 1270 847 1285 «
866 1260 989 1293 Quando

221 1308 331 1336 sederis
353 1316 420 1335 cum
444 1307 576 1343 principe
598 1309 630 1334 ut
654 1306 813 1340 comedas,
839 1306 992 1340 diligenter

221 1355 338 1383 attende
362 1363 427 1390 quae
442 1356 631 1390 apponuntur
654 1353 714 1380 tibi.
731 1363 744 1378 v>
763 1354 794 1380 Et
809 1354 818 1369 ⁵
835 1362 841 1380 2
859 1362 872 1378 t<
887 1353 991 1380 Probet

221 1409 251 1429 se
262 1401 363 1434 homo,
379 1401 456 1428 01510
470 1400 536 1428 edat
547 1400 583 1427 de
597 1407 672 1434 pane
682 1399 742 1426 illo.
758 1412 769 1422 ν
784 1400 878 1432 Quare
892 1401 990 1426 autem

221 1447 308 1475 Filius
319 1447 400 1474 dedit
415 1455 533 1474 carnem
549 1448 575 1473 et
596 1445 771 1480 sanguinem
786 1445 816 1472 in
833 1445 948 1479 cibum,
965 1448 992 1473 et

221 1502 313 1530 quare
328 1493 382 1520 sub
395 1494 491 1528 specie
506 1492 600 1520 carnis
617 1495 643 1519 et
661 1492 739 1518 vini?
755 1493 836 1526 Hugo
851 1493 861 1507 ⁵
879 1501 884 1518 :
905 1501 918 1516 «
934 1493 988 1519 Yo-

221 1540 291 1574 luit,
308 1540 417 1575 inquit,
436 1539 577 1574 sapientia
591 1538 639 1565 Dei
659 1538 811 1564 ostendere
822 1559 830 1571 ,
846 1538 989 1572 quoniam

220 1586 284 1621 ipsa
299 1589 340 1613 est
354 1585 437 1612 cibus
456 1585 622 1612 animarum
633 1605 640 1617 ,
658 1586 684 1610 et
704 1583 832 1611 refectio.
855 1585 886 1610 Et
900 1592 990 1619 prop-

221 1634 298 1659 terea
310 1639 427 1659 carnem
439 1632 619 1666 assumptam
631 1629 661 1656 in
672 1629 804 1656 edulium
820 1630 988 1664 proposuit,

220 1680 252 1706 ut
265 1686 318 1714 per
333 1678 431 1705 cibum
454 1676 548 1704 carnis
562 1676 601 1703 ad
621 1678 738 1710 gustum
760 1675 894 1702 invitaret
919 1676 991 1703 divi-

221 1724 326 1752 nitatis.
342 1724 397 1752 Sed
409 1731 445 1750 ne
457 1731 556 1750 rursus
570 1722 701 1750 humana
715 1721 869 1749 infirmitas
884 1730 900 1748 a
914 1724 991 1749 tactu

221 1771 316 1798 carnis
339 1770 487 1803 horreret,
504 1768 634 1796 consueti
656 1770 683 1795 et
702 1768 874 1803 principalis
900 1768 990 1795 edulii

219 1817 315 1853 specie
342 1816 423 1843 illam
448 1815 571 1848 velavit,
589 1817 616 1842 et
641 1814 681 1841 sic
709 1814 884 1841 sumendam
909 1814 990 1842 illam

219 1863 383 1899 proposuit.
400 1872 414 1888 ›>
430 1863 494 1889 Haec
509 1862 567 1889 ille.
586 1863 616 1889 Et
631 1861 671 1888 ibi
686 1861 762 1888 bene
779 1861 815 1887 de
831 1861 897 1888 hoc.
911 1862 990 1888 Hunc

220 1909 386 1938 salvificum
402 1908 502 1936 cibum
525 1908 614 1935 debet
634 1907 724 1934 homo
742 1907 942 1940 manducare,
960 1909 991 1934 ut

219 1956 292 1983 sicut
311 1958 353 1983 est
368 1956 397 1982 in
412 1954 640 1982 manducatione
661 1953 749 1981 avida
769 1953 946 1988 assumptio,
964 1958 990 1980 et

217 2002 350 2038 jucunda
373 2001 551 2034 masticatio,
568 2003 595 2027 et
616 2000 654 2027 ad
677 2000 814 2026 intimum
836 1999 893 2026 cibi
913 2000 991 2026 intus

221 2049 337 2082 missio,
352 2050 380 2075 et
394 2047 526 2082 ejusdem
540 2046 662 2074 retentio
678 2048 705 2073 et
717 2046 932 2080 incorporatio,
949 2046 990 2072 510

220 2095 250 2122 10
266 2094 432 2130 sumptione
448 2094 536 2128 hujus
551 2093 608 2119 cibi
626 2092 712 2119 debet
731 2100 792 2119 esse
812 2092 926 2119 fervida
938 2099 989 2126 ap-

220 2141 336 2177 petitio,
353 2140 477 2167 discreta
496 2138 685 2173 dijudicatio,
705 2146 757 2173 per
778 2146 910 2165 amorem
925 2137 990 2164 inti-

220 2195 269 2214 ma
283 2186 443 2222 susceptio,
455 2188 483 2213 et
497 2186 619 2213 cibantis
632 2185 661 2211 in
676 2185 773 2220 ipsum
788 2185 886 2212 cibum
903 2187 991 2212 trans-

221 2234 352 2261 mutatio.
377 2234 407 2259 Ut
428 2232 506 2259 enim
534 2231 573 2258 ait
597 2231 790 2265 Augustinus,
815 2230 939 2266 loquens
961 2230 990 2257 in

220 2287 348 2316 persona
371 2279 433 2306 Filii
456 2278 504 2305 Dei
523 2279 533 2294 ⁶
553 2288 558 2303 :
580 2287 593 2302 α
611 2277 699 2304 Cibus
723 2285 789 2303 sum
813 2276 989 2311 grandium,

221 2334 276 2354 nec
290 2328 321 2353 tu
336 2333 382 2353 me
398 2325 427 2352 in
439 2326 467 2352 te
483 2324 625 2357 mutabis,
640 2326 671 2350 ut
687 2323 787 2350 cibum
806 2323 901 2350 carnis
916 2325 971 2350 tuae
981 2344 989 2357 ,

222 2372 274 2401 sed
288 2374 319 2400 tu
333 2371 493 2399 mutaberis
512 2371 543 2398 in
562 2379 619 2398 me.
636 2370 705 2398 »Ad
723 2370 808 2397 istam
827 2369 990 2397 manduca-

256 2443 262 2458 ¹
278 2443 420 2473 Chrysost„
440 2443 465 2465 in
480 2443 561 2472 dorm„
576 2442 645 2465 hom.
663 2447 722 2471 xnv,
742 2441 772 2465 at.
789 2446 866 2471 nvi,
880 2447 906 2463 n.
922 2443 945 2463 3,
962 2453 991 2458 --

221 2479 232 2495 ²
250 2478 306 2502 Aul.
328 2478 401 2506 Geth,
419 2477 489 2500 Noet.
510 2478 573 2505 Ait..
593 2476 636 2500 lib.
657 2477 715 2505 ΧΗ,
737 2484 758 2499 c.
780 2481 797 2499 Ι.
822 2488 847 2492 —-
874 2475 884 2491 ³
905 2476 990 2502 Pron..

221 2519 304 2542 xxllt,
320 2515 341 2536 1.
362 2525 390 2529 -
406 2512 415 2528 b
432 2513 437 2535 1
455 2512 523 2541 Com,
544 2518 584 2541 XI,
605 2513 643 2535 23.
660 2524 688 2528 —
711 2511 720 2527 5
735 2511 810 2540 nug,
830 2511 859 2533 cle
880 2510 990 2533 Sacram.

221 2549 275 2580 fid„
295 2548 338 2572 lib.
362 2548 396 2576 ΙΙ,
420 2549 482 2578 part.
505 2547 573 2576 vm,
590 2554 612 2569 r.
629 2553 688 2576 vni,
706 2546 731 2569 111
750 2546 830 2576 princ.
846 2559 876 2563 —
892 2546 901 2561 Β
916 2547 991 2575 Aug,

223 2585 307 2615 Cous„
323 2584 366 2607 lib.
385 2583 443 2612 Vtt,
461 2589 482 2606 e.
501 2588 523 2605 x.
540 2595 569 2598 —
582 2582 591 2597 ⁷
607 2582 678 2605 Eccle
691 2587 754 2610 ,1x,
770 2583 838 2604 1.-
854 2582 861 2595 θ
877 2582 951 2611 Aug,
967 2582 992 2604 in

221 2621 301 2647 loun..
324 2619 366 2643 ubi
387 2625 454 2648 sup..
471 2624 496 2641 n.
520 2619 557 2641 18.
572 2630 601 2634 —
622 2618 631 2630 ⁹
653 2617 719 2640 Psal.
741 2623 779 2645 (21,
795 2618 817 2639 5.
839 2629 865 2633 —
893 2617 909 2630 ¹⁰
925 2616 990 2640 Paul.

223 2661 273 2685 cvl,
294 2656 330 2679 18.
347 2667 377 2672 —
391 2654 408 2670 ¹¹
424 2653 479 2683 Job,
493 2659 527 2682 v1,
544 2654 565 2676 5.
579 2665 609 2670 —
624 2653 643 2668 Η
659 2654 745 2682 Greg„
761 2652 863 2681 Morali,
876 2651 918 2675 lib.
936 2652 990 2681 Vll,

1050 288 1160 315 tionem
1172 287 1324 316 invitando
1333 288 1438 316 dicitur
1452 290 1462 306 ⁷
1474 298 1504 315 :a
1520 288 1597 315 Vade
1609 290 1636 315 et
1650 287 1773 315 comede
1786 288 1818 315 in

1050 334 1147 361 laetitia
1166 342 1273 369 panem
1295 337 1378 362 tuum
1394 356 1403 369 ,
1423 338 1451 362 et
1470 335 1540 362 bibe
1555 342 1623 362 cum
1645 333 1756 369 gaudio
1778 333 1818 361 vi-

1050 388 1121 408 num
1144 382 1236 408 tuum.
1253 391 1266 406 >¹
1289 382 1320 408 Et
1343 381 1393 416 qui
1412 381 1571 409 manducat
1590 381 1678 408 istum
1699 387 1817 416 panem,

1049 427 1110 454 sive
1129 434 1247 454 carnem
1269 429 1296 454 et
1313 427 1506 462 sanguinem,
1521 427 1576 454 sub
1598 426 1694 462 specie
1713 426 1798 462 panis
1809 446 1818 460 ‚

1050 476 1127 501 recta
1141 473 1215 508 fide,
1233 473 1368 501 ordinata
1386 474 1539 508 charitate,
1555 474 1715 501 affectuosa
1729 473 1818 501 devo-

1050 520 1145 554 tione,
1161 519 1250 547 habet
1272 520 1377 554 vitam,
1399 521 1469 556 quia
1494 520 1682 556 semetipsum
1705 520 1746 552 ei,
1766 519 1818 555 qui

1050 568 1092 593 est
1105 566 1178 600 vita,
1193 566 1361 602 incorporat
1378 575 1384 593 :
1400 566 1456 593 hoc
1475 566 1552 592 enim
1567 568 1608 593 051
1623 565 1818 600 manducare,

1050 611 1080 639 10
1091 612 1202 639 Christo
1217 620 1348 646 manere,
1363 612 1402 640 ait
1417 611 1594 647 Augustinus
1601 612 1622 645 ⁸,
1633 613 1660 639 et
1673 611 1818 640 Christum

1050 657 1080 685 in
1102 658 1197 694 scipso
1214 666 1343 686 manere.
1366 660 1395 686 Et
1411 667 1426 686 c
1440 658 1586 686 contrario
1603 657 1718 686 defectu
1735 658 1818 686 istius

1049 704 1302 738 manducationis,
1317 704 1415 732 deficit
1430 705 1496 732 vita.
1517 706 1547 732 ln
1562 705 1666 731 Psalmo
1680 705 1691 721 ⁹
1706 713 1712 732 :
1728 713 1742 730 «
1755 707 1819 733 Per-

1051 758 1150 777 cussus
1163 759 1228 778 sum
1241 753 1273 778 ut
1283 751 1404 784 soenum,
1422 753 1449 778 et
1461 751 1537 778 aruit
1551 759 1602 778 cor
1615 758 1726 784 meum,
1739 752 1792 778 etc.
1801 761 1816 777 n

1050 799 1081 824 Et
1095 797 1167 824 alibi
1184 799 1203 815 ⁸⁰
1220 806 1226 824 ε
1247 799 1393 826 «Omnem
1409 805 1515 831 escam,
1530 797 1561 824 id
1577 799 1628 831 051,
1643 796 1816 832 perfectam,

1051 852 1116 880 quae
1131 847 1173 872 est
1187 844 1216 871 in
1232 852 1355 880 corpore
1377 846 1404 871 et
1427 844 1568 879 sanguine
1592 843 1722 876 Domini,
1745 843 1817 871 abo-

1048 891 1158 918 minata
1179 893 1221 918 est
1243 891 1342 918 anima
1364 899 1467 918 eorum
1480 911 1488 924 ,
1513 893 1540 918 et
1559 889 1817 925 appropinquave-

1049 941 1117 965 runt
1133 946 1224 973 usque
1241 938 1279 965 ad
1294 939 1393 973 portas
1408 937 1518 965 mortis.
1536 947 1550 963 »
1567 938 1585 954 ¹¹
1604 946 1617 962 «
1631 938 1686 964 Aut
1707 936 1819 972 mugiet

1050 984 1121 1017 bos,
1136 991 1202 1010 cum
1222 986 1288 1011 ante
1309 992 1438 1020 praesepe
1459 984 1582 1019 plenum
1603 981 1729 1010 steterit?
1745 992 1757 1008 n
1775 982 1817 1011 lbi

1048 1030 1203 1065 Gregorius
1224 1030 1243 1045 ¹²
1267 1030 1386 1065 exponit
1413 1029 1490 1057 istud
1513 1039 1519 1056 :
1551 1039 1563 1054 1(
1579 1031 1707 1064 131105ορ0
1732 1031 1818 1057 natus

1050 1076 1182 1104 Salvator
1197 1076 1345 1111 implevit,
1358 1075 1408 1111 qui
1422 1075 1611 1110 semetipsum
1625 1074 1725 1102 cibum
1739 1082 1818 1103 men·

1049 1122 1126 1150 tibus
1140 1122 1308 1150 mortalium
1330 1122 1454 1158 praebuit
1475 1121 1637 1149 secundum
1653 1121 1727 1148 illud
1743 1130 1751 1148 :
1765 1121 1818 1154 Qm·

1048 1177 1153 1196 carnem
1169 1176 1251 1196 meam
1267 1169 1427 1201 manducat,
1441 1170 1469 1194 ιή
1482 1176 1522 1195 me
1536 1170 1634 1194 manet.

1179 1269 1292 1296 collatio
1312 1270 1563 1302 trz'qesz'rnaqztz'rzta,
1583 1276 1622 1299 vr,
1644 1268 1687 1294 69.

1085 1355 1202 1386 Domine,
1218 1353 1254 1379 ad
1272 1360 1348 1387 quem
1369 1352 1486 1379 ibimus?
1506 1352 1583 1379 verba
1597 1353 1660 1379 vitae
1681 1352 1768 1379 habes.
1785 1353 1818 1380 Ut

1047 1400 1087 1427 ait
1101 1400 1324 1434 Chrysostomus
1342 1399 1371 1433 ¹³,
1387 1407 1401 1423 «
1416 1398 1541 1425 verbum
1554 1398 1611 1425 hoc
1629 1399 1671 1424 est
1685 1397 1817 1426 amicitiae

1047 1446 1236 1479 ostensivum,
1254 1445 1396 1481 quoniam
1412 1444 1551 1471 omnibus
1561 1446 1621 1471 erat
1635 1444 1675 1470 eis
1689 1443 1817 1471 Christus

1046 1491 1260 1525 honorabilior,
1281 1493 1307 1518 01
1323 1490 1465 1526 patribus,
1477 1492 1504 1517 et
1519 1490 1671 1523 matribuS,
1686 1492 1713 1517 et
1725 1490 1818 1517 omni—

1047 1539 1112 1566 buS.
1126 1539 1194 1566 {deo
1205 1538 1243 1564 avl
1259 1537 1334 1564 alios
1346 1544 1407 1563 non
1423 1538 1484 1563 erat
1494 1535 1638 1570 refugere.
1651 1545 1664 1561 ι)
1677 1537 1741 1563 Haec
1755 1535 1815 1562 ille.

1047 1587 1077 1612 Et
1096 1583 1259 1612 secundnm
1274 1583 1330 1610 1100
1352 1583 1405 1609 tria
1420 1582 1615 1615 insinuantur,
1630 1581 1740 1608 scilicet
1757 1589 1817 1608 ma-

1043 1631 1153 1666 jestatis
1174 1630 1236 1657 Filii
1257 1630 1302 1656 Dei
1318 1628 1471 1664 professio,
1486 1627 1528 1654 ibi
1546 1635 1552 1653 ε
1572 1628 1696 1662 Domz'71e3
1715 1634 1818 1654 secun-

1047 1677 1119 1704 dum
1138 1678 1179 1704 est
1201 1675 1291 1702 eundi
1309 1676 1376 1710 post
1400 1673 1491 1701 alium
1509 1673 1676 1708 abnegatio,
1691 1673 1733 1701 ibi
1748 1683 1756 1700 ι
1773 1674 1818 1700 Ad

1047 1732 1123 1758 quem
1138 1724 1256 1750 ibimus?
1273 1722 1357 1757 quasi
1371 1721 1480 1748 diceret
1498 1729 1504 1747 z
1521 1721 1564 1748 Ad
1579 1720 1695 1748 nullum
1709 1720 1817 1755 alium3

1047 1770 1179 1803 tertium,
1205 1777 1299 1796 causae
1322 1768 1361 1795 ob
1385 1775 1475 1802 quam
1498 1775 1559 1794 non
1584 1768 1626 1794 est
1647 1765 1819 1794 abeundum

1048 1818 1113 1851 post
1127 1816 1229 1849 alium,
1241 1815 1293 1841 sed
1308 1813 1446 1841 standum
1461 1820 1528 1840 cum
1544 1813 1666 1846 Christo,
1681 1812 1819 1847 subjunc-

1047 1862 1098 1896 tio,
1116 1861 1154 1888 ibi
1173 1870 1179 1888 ;
1203 1861 1285 1887 Verba
1299 1862 1362 1887 vz'toe
1376 1861 1463 1887 habes.

1082 1907 1126 1935 Ait
1147 1915 1217 1942 ergo
1234 1915 1240 1933 :
1259 1908 1369 1933 Domine
1389 1915 1397 1939 ;
1415 1905 1476 1941 ipse
1499 1905 1577 1932 enim
1597 1906 1640 1932 est
1658 1912 1744 1932 verus
1764 1905 1819 1932 Do-

1047 1954 1156 1981 minus.
1173 1954 1246 1980 lntra
1264 1953 1282 1968 ¹⁵
1301 1961 1308 1979 :
1331 1962 1344 1977 (ι
1361 1952 1473 1979 Yocatis
1495 1959 1541 1978 me
1558 1952 1699 1985 Magister,
1715 1953 1742 1978 et
1766 1952 1819 1977 Do-

1049 2003 1129 2033 mine,
1143 1999 1253 2026 etbene
1265 1998 1357 2026 facitis
1367 1998 1489 2033 (b),sum
1500 1997 1640 2024 etenim.»
1655 1998 1686 2024 Ut
1694 1996 1820 2024 enimait

1047 2046 1233 2080 Augustinus,
1255 2055 1267 2070 «
1283 2052 1369 2072 verus
1389 2044 1527 2070 Dominus
1545 2045 1597 2074 cst,
1613 2042 1663 2078 qui
1678 2050 1738 2070 non
1754 2044 1819 2076 eget

1046 2101 1141 2120 servo.
1158 2103 1170 2118 n
1189 2093 1221 2119 Ut
1236 2091 1314 2118 enim
1332 2090 1371 2118 ait
1384 2089 1537 2124 Dionysius
1554 2090 1573 2108 ¹⁵
1592 2097 1623 2116 :«
1634 2090 1706 2116 Vera
1721 2088 1818 2116 domi-

1047 2139 1126 2167 natio
1142 2141 1259 2166 estnon
1281 2137 1416 2172 pejorum
1437 2143 1587 2168 excessus,
1603 2135 1655 2162 sed
1676 2134 1772 2162 omnis
1792 2136 1819 2162 et

1048 2185 1239 2221 pulchrorum
1250 2185 1276 2210 et
1284 2183 1434 2210 bonorum
1445 2181 1602 2217 possessio,
1611 2182 1638 2208 et
1646 2181 1750 2208 cadere
1758 2187 1818 2208 non

1047 2231 1148 2258 valens
1169 2229 1309 2258 fortitudo
1326 2228 1370 2263 (c).
1386 2237 1399 2253 1)
1419 2229 1450 2254 Ε1
1470 2228 1696 2259 Commentator,
1710 2226 1747 2253 id
1765 2227 1816 2259 est,

1048 2278 1206 2313 Episcopus
1223 2284 1228 2302 :
1249 2286 1262 2300 u
1275 2276 1347 2302 Vera
1363 2276 1404 2301 est
1419 2272 1581 2300 dominatio
1602 2272 1738 2300 servitute
1759 2271 1819 2308 pri-

1047 2325 1124 2358 vata,
1141 2322 1244 2350 habitu
1257 2319 1453 2353 libera,nullo
1468 2318 1560 2346 modo
1573 2319 1603 2345 in
1619 2318 1766 2353 subJectos
1776 2319 1819 2353 ty-

1047 2369 1178 2403 rannica,
1190 2367 1343 2396 dilectione
1359 2365 1450 2392 flebili
1459 2365 1508 2400 (d),
1519 2372 1630 2398 severa,
1641 2366 1695 2392 etc.
1710 2365 1741 2392 Et
1749 2363 1818 2399 quia

1049 2441 1070 2458 cv
1096 2439 1133 2462 lv,
1162 2432 1194 2456 al.
1224 2438 1258 2455 vn
1273 2451 1278 2460 ‚
1305 2438 1330 2454 n.
1361 2431 1385 2453 7.
1414 2441 1443 2446 —
1472 2429 1491 2445 ¹³
1517 2428 1659 2460 Chrysost„
1686 2428 1711 2451 in
1736 2428 1816 2455 Joan..

1048 2470 1118 2493 110111.
1137 2475 1196 2498 xm,
1219 2468 1250 2491 al.
1271 2472 1346 2494 vai,
1369 2472 1395 2489 0.
1416 2466 1439 2488 3.
1459 2478 1489 2482 -
1511 2465 1529 2480 ¹³
1548 2465 1628 2494 loun„
1651 2469 1711 2493 xiii,
1732 2465 1770 2487 153.
1790 2476 1815 2480 -

1050 2506 1069 2521 ¹⁵
1086 2505 1169 2531 1110οἾ
1183 2503 1212 2526 de
1228 2503 1284 2526 Di'v.
1300 2502 1382 2531 Nom,
1398 2506 1420 2524 c.
1437 2506 1482 2528 XM,
1499 2500 1512 2529 ᾖ
1528 2503 1550 2523 2.

1081 2547 1112 2575 (a)
1125 2546 1185 2569 Caet.
1201 2544 1258 2567 edit.
1272 2546 1297 2567 et
1311 2542 1479 2573 geminam.—
1496 2540 1528 2569 (b)
1544 2541 1598 2570 [κς.
1611 2539 1733 2563 dicitis.-
1744 2539 1816 2569 (cml.

1049 2589 1099 2605 uon
1114 2581 1243 2605 minorum
1259 2581 1370 2606 tantum,
1387 2576 1547 2604 excellentia,
1569 2582 1655 2598 verum
1671 2575 1746 2598 etiam
1761 2581 1816 2598 om-

1049 2617 1118 2640 nium
1129 2617 1250 2639 decorum
1265 2617 1289 2638 et
1300 2614 1425 2637 honorum
1438 2611 1563 2641 completa
1575 2610 1710 2640 possessio,
1721 2612 1745 2634 et
1757 2615 1818 2634 veru

1051 2654 1074 2676 et
1088 2652 1238 2675 inconcussa
1253 2649 1366 2674 firmitas.
1382 2660 1411 2665 —
1428 2646 1462 2676 (d)
1476 2646 1532 2676 Leq.
1547 2646 1646 2669 flebitis.
