1987 3032
226 211 284 239 516
747 207 955 239 EVANGELH
979 208 1115 240 SANCTI
1137 208 1301 240 JOANNlS

227 274 311 302 sandi
326 278 517 309 sacramenta,
534 278 562 303 ut
576 275 636 308 hic3
650 275 707 301 alia
718 274 747 301 in
758 275 913 302 collatione
925 274 995 301 doni

228 321 396 355 linguarum
409 342 417 354 ,
432 324 458 348 et
477 322 515 348 ad
534 322 686 355 signorum
702 320 895 348 effectionem.
913 322 944 348 Et
959 320 995 347 de

227 368 284 394 hoc
296 367 372 395 bene
384 367 538 402 Gregorius
549 367 744 394 Nazianzenus
758 368 776 401 ¹,
788 366 839 393 ubi
853 366 902 400 ait,
913 366 995 401 quod

228 414 294 440 ante
308 413 484 448 passionem,
500 415 528 439 ct
542 415 608 447 post
622 412 874 446 resurrectionem,
891 414 917 439 et
931 414 997 447 post

228 460 428 486 ascensionem
444 458 537 486 adsuit
550 459 590 485 cis
607 459 728 494 Spiritus
738 461 862 485 sanctus.
879 468 892 483 »
910 460 941 486 Et
956 458 996 486 ibi

227 505 302 532 bene
323 505 359 532 de
381 506 447 532 hoc.
468 505 511 532 Ait
531 507 628 532 autem
649 505 873 540 Chrysostomus
895 505 924 538 ²,
946 504 996 531 ubi

227 559 326 586 supra,
342 551 424 586 quod
442 562 454 576 «
470 551 593 586 quidam
608 551 688 578 aiunt
705 559 754 578 eos
775 553 842 577 tunc
862 558 921 577 non
937 558 997 577 sus-

228 597 337 632 cepisse
353 597 501 631 Spiritum,
514 597 565 624 scd
578 600 661 632 aptos
675 605 736 624 esse
751 597 816 624 sccit
831 597 869 624 ad
881 604 997 632 suscep-

228 643 346 670 tionem.
364 645 395 670 Et
413 643 481 670 ideo
501 643 637 678 inquiunt
658 652 663 670 :
688 644 749 670 Non
770 643 858 677 dixit,
879 642 996 678 Accepi-

228 688 293 723 stis;
309 688 360 715 scd
385 697 390 714 :
414 690 538 723 Accipite
560 689 693 723 Spiritum
717 692 846 715 sanctum.
869 698 882 713 »
910 688 998 715 Aliter

228 736 326 761 autem
342 734 457 761 videtur
471 735 496 761 ei
507 756 515 768 ,
534 737 564 762 ut
583 735 622 762 ait
635 735 765 768 ibidem,
781 735 862 771 quod
881 746 893 760 «
909 735 996 761 disci-

228 780 290 815 puli
311 785 483 816 acceperunt
498 783 670 816 potestatem
686 782 847 817 quamdam
862 781 997 816 spiritua-

228 827 287 854 lem
307 830 334 854 et
353 829 490 861 gratiam,
507 830 533 854 ct
552 830 583 855 ut
607 828 752 854 dimittant
773 830 909 863 peccata5
934 830 999 862 post

229 873 424 908 quadraginta
435 881 505 900 vero
519 873 581 900 dics
595 876 770 909 acceperuut
781 874 932 908 signorum
948 874 998 901 da-

230 918 347 946 tionem.
364 929 376 944 »
395 921 457 946 llaec
472 919 530 946 illc.
549 921 580 946 Et
594 920 661 947 ideo
681 920 853 955 specificans
866 920 913 947 hic
929 921 967 947 ait
991 930 996 947 :

229 966 345 997 Quorum
358 968 515 992 remiserilz's
528 969 646 1000 peccata,
662 966 770 993 scilicet
785 966 814 993 in
831 966 926 993 forma
947 967 997 993 Ec—

228 1011 338 1046 clesiae,
362 1015 388 1039 et
410 1013 491 1039 clave
512 1020 573 1040 non
589 1015 702 1040 errante
719 1022 724 1039 z
742 1014 924 1039 Remittuntur
943 1015 996 1045 cis3

229 1062 253 1085 et
268 1067 378 1093 quorum
392 1061 572 1094 retinueritis,
590 1059 682 1086 modo
699 1060 786 1093 dicto,
802 1062 903 1086 retenta
924 1062 998 1091 sunt,

229 1105 258 1132 id
273 1107 325 1139 est,
340 1114 400 1133 non
415 1106 543 1133 remissa.
557 1108 588 1133 Et
598 1107 653 1133 hoc
668 1117 680 1131 a
692 1108 752 1133 tam
767 1114 820 1141 per
830 1114 893 1138 vos,
908 1113 998 1140 quam

228 1158 281 1185 per
301 1159 500 1185 successores,
515 1152 555 1179 ait
573 1152 682 1179 Glossa.
700 1162 713 1178 »
734 1152 744 1168 ³
768 1162 780 1176 u
802 1152 997 1186 Quaecumque

227 1198 366 1232 ligaveris
381 1201 595 1234 superterram,
607 1202 691 1226 crunt
701 1199 790 1232 lIgata
801 1199 867 1225 etin
880 1197 969 1225 coelis.
983 1208 995 1223 n

227 1243 283 1270 Sed
300 1244 424 1279 qualiter
438 1244 494 1271 hoc
510 1245 591 1272 dedit
605 1244 766 1280 discipulis,
782 1244 870 1279 quiat
884 1253 890 1270 :
909 1254 922 1268 (t
938 1245 998 1277 Ego

228 1297 304 1323 sum,
320 1290 371 1325 qui
387 1290 470 1317 deleo
487 1290 652 1325 iniquitates
667 1293 777 1317 vestras
787 1290 885 1317 solus?
897 1300 909 1315 n
923 1292 998 1323 Ergo

228 1337 302 1363 Deus
314 1337 442 1363 remittit.
454 1338 524 1364 Item
538 1337 594 1363 hoe
607 1339 649 1363 est
660 1337 773 1363 virtutis
783 1336 915 1369 intinitaf,
929 1336 999 1370 quia

227 1383 323 1417 majus
338 1386 379 1410 est
393 1384 549 1418 justificare
569 1384 677 1419 impios
689 1405 696 1417 ‚
713 1391 803 1419 quam
822 1391 921 1410 creare
941 1391 996 1409 coe-

227 1429 290 1456 lum
307 1431 334 1456 et
348 1432 464 1464 terram,
476 1430 516 1457 ait
528 1430 704 1465 Augustinus
720 1438 809 1465 snpra
820 1431 840 1456 ⁵.
851 1431 914 1457 Non
927 1436 997 1463 crgo

229 1483 367 1503 concessa
381 1476 560 1503 hominibus.
578 1478 646 1504 ltem
665 1477 704 1503 ait
718 1476 805 1503 Filius
822 1476 868 1503 Dei
884 1477 894 1492 ⁰
912 1485 917 1502 :
937 1485 950 1500 «
967 1477 999 1501 Ut

228 1521 337 1555 sciatis,
361 1522 429 1557 quia
452 1522 540 1549 Filius
562 1522 689 1549 hominis
713 1522 801 1549 habet
826 1523 998 1556 potestatem

229 1568 393 1595 dimittendi
419 1570 556 1603 peccata,
575 1579 588 1594 n
617 1571 669 1596 etc.
693 1569 750 1596 Sua
779 1575 849 1602 ergo
874 1570 916 1594 est
936 1567 998 1594 haec

228 1617 364 1648 potestas.
383 1616 452 1641 ltem
468 1622 503 1641 ex
519 1614 621 1641 ordine
636 1614 796 1641 verborum
811 1613 857 1640 hic
871 1613 998 1647 videtur,

228 1659 310 1694 quod
324 1659 423 1686 nullus
446 1660 534 1687 habet
555 1662 727 1695 potestatem
749 1659 913 1686 dimittendi
933 1667 999 1694 pec-

229 1708 303 1739 cata,
314 1705 362 1732 vel
376 1706 414 1732 ab
430 1706 463 1732 iis
474 1705 659 1739 absolvendi,
672 1706 727 1732 nisi
739 1705 846 1732 habeat
860 1705 998 1740 Spiritum

228 1754 371 1779 sanctum.
396 1752 491 1779 Primo
515 1752 593 1779 enim
620 1751 659 1778 ait
685 1760 691 1778 z
716 1753 841 1785 Accipite
864 1752 998 1785 Spiritum

226 1802 361 1830 sanctium
378 1800 405 1824 et
425 1798 532 1825 deinde
550 1807 556 1825 z
581 1798 698 1830 Quorum
720 1799 888 1824 remiseritis.
911 1798 942 1824 Et
959 1796 998 1824 ad

226 1844 303 1871 istud
331 1843 573 1879 respondendum
602 1846 660 1878 est,
684 1843 767 1878 quod
790 1843 820 1870 in
847 1842 934 1878 culpa
958 1845 999 1869 est

226 1890 281 1916 tria
296 1890 491 1923 considerare,
508 1890 616 1917 scilicet
630 1889 761 1916 divinam
777 1889 930 1922 offensam,
947 1888 997 1915 de-

226 1936 402 1963 formantem
417 1937 575 1969 maculam,
587 1940 700 1964 reatum
712 1937 772 1964 sive
786 1936 998 1970 obligationem

227 1982 265 2008 ad
281 1990 400 2017 poenam
415 1985 562 2010 aeternam.
577 1985 650 2009 Deus
665 1985 762 2010 autem
774 1982 916 2009 miserans
931 1989 997 2008 cum

228 2028 279 2055 dat
292 2029 426 2062 gratiam,
441 2029 559 2056 remittit
578 2030 731 2062 offensam,
748 2031 775 2055 et
788 2028 915 2055 infundit
929 2035 997 2062 gra-

228 2074 298 2101 tiam
318 2077 509 2110 purgantem,
525 2076 552 2102 et
572 2075 717 2101 delentem
735 2074 897 2108 maculam,
914 2077 941 2101 et
954 2081 998 2100 re-

228 2121 312 2147 mittit
327 2121 540 2155 obligationem
553 2121 591 2147 ad
605 2128 724 2155 poenam
737 2123 885 2147 aeternam.
903 2121 998 2146 Potes-

228 2169 315 2193 tatem
329 2169 426 2194 autem
436 2167 572 2201 exigendi
583 2174 701 2201 poenam
713 2166 905 2201 temporalem
918 2173 999 2192 com-

228 2212 313 2238 mittit
333 2221 387 2239 suo
410 2212 539 2243 Vicario,
565 2212 684 2239 habenti
711 2211 912 2239 auctoritatem
936 2211 996 2238 cla-

228 2258 319 2285 vium.
338 2259 385 2285 Dei
401 2266 470 2293 ergo
491 2260 533 2285 est
554 2260 681 2293 potestas
701 2258 866 2284 remittendi
880 2260 998 2292 peccata

229 2304 374 2339 effective3
390 2306 492 2332 Christi
508 2306 645 2340 hominis,
661 2305 824 2333 authentice
842 2306 869 2331 ct
885 2305 997 2331 media—

228 2351 285 2377 tive
298 2371 304 2382 ‚
321 2351 390 2386 quia
409 2355 450 2379 est
468 2352 626 2386 mediator,
648 2354 675 2378 et
696 2353 783 2387 caput
804 2351 955 2384 Ecclesiae,
971 2353 998 2377 et

229 2396 406 2423 satisfaciens
418 2405 472 2432 pro
488 2398 629 2432 peccatis,
643 2397 754 2424 homini
769 2398 866 2424 autem
878 2396 997 2423 habenti

262 2456 343 2485 ¹Greg
362 2456 469 2485 Nuzffllc
478 2457 670 2486 Spn·itusancl0‚
681 2458 744 2479 orat.
755 2463 762 2477 x
771 2462 789 2485 Ι,
798 2456 829 2479 al.
842 2462 909 2483 §.Lm
922 2462 937 2479 n
959 2457 996 2478 11.

229 2503 258 2507 —
273 2492 282 2506 ²
298 2490 418 2521 Chryso=t
431 2509 438 2520 ‚
454 2491 494 2513 ubi
508 2498 564 2521 sup.
579 2505 609 2508 —
620 2492 630 2507 3
645 2492 742 2521 Alema„
756 2497 808 2521 xvi,
826 2494 860 2514 tlt.
871 2504 902 2508 -
915 2491 924 2506 '⁴
938 2492 996 2520 lm„

230 2531 308 2554 mn,
324 2527 363 2548 25.
379 2538 408 2542 ——
424 2526 434 2541 ⁵
450 2527 524 2555 Aug„
539 2529 610 2549 tract.
632 2533 719 2556 cxxii,
736 2534 762 2549 n.
781 2528 804 2549 3.
820 2539 848 2542 —
868 2526 878 2542 ⁶
896 2525 996 2555 Melan,

230 2566 269 2590 ix,
292 2562 314 2584 6.
337 2573 367 2577 -
384 2560 394 2577 ⁷
412 2560 497 2590 Greg.,
517 2562 541 2583 ιή
565 2562 670 2591 many„
691 2562 761 2585 hom.
781 2567 855 2591 xxvi,
878 2567 904 2584 n.
925 2562 948 2584 6,
967 2573 997 2577 -

230 2596 238 2608 ¹⁵
249 2596 320 2624 Sup.‚
333 2601 369 2623 Xi,
386 2596 423 2618 44.
436 2607 466 2611 —
480 2595 490 2610 ⁹
504 2597 746 2626 Aug.‚tract.x1.ix,
758 2603 784 2619 n.
798 2597 836 2619 24.
849 2608 877 2613 -—
892 2596 912 2611 ¹⁰
923 2594 998 2623 ibid„

231 2632 301 2653 tract.
320 2635 389 2660 cxxi,
411 2636 436 2652 n.
455 2632 478 2653 la.
493 2643 523 2646 —
538 2631 554 2645 ¹¹
573 2631 648 2660 Ηυξ-7,,
669 2630 698 2654 de
718 2632 829 2654 Sauram.
847 2630 901 2660 fid„
915 2630 958 2653 lib.
978 2631 995 2659 l,

1050 275 1251 303 auctoritatem
1277 276 1405 303 clavium
1435 279 1477 304 est
1507 276 1664 305 commissa
1690 279 1816 313 potestas

1050 321 1186 355 exigendi
1207 329 1326 357 poenam
1347 323 1558 358 temporalem,
1579 326 1605 350 et
1624 323 1817 351 denuntiandi

1050 368 1131 401 illos,
1151 368 1202 402 qui
1222 370 1288 395 sunt
1311 369 1425 395 contriti
1447 372 1474 396 et
1492 369 1632 401 confessi,
1654 369 1816 397 absolutos

1051 413 1130 440 Unde
1149 414 1304 448 Gregorius
1316 413 1326 429 ⁷
1343 423 1349 441 ε
1368 425 1380 438 «ι
1397 416 1494 442 Causoe
1512 416 1671 450 pensandoe
1690 418 1775 449 sunt,
1791 417 1819 443 et

1050 461 1118 486 tunc
1132 459 1245 493 ligandi
1261 462 1348 495 atque
1363 460 1496 487 solvendi
1506 463 1633 496 potestas
1643 460 1818 494 exercenda,

1050 505 1181 532 videndo
1197 513 1262 541 quie
1278 506 1380 541 culpa,
1403 514 1469 542 quoe
1489 507 1673 542 poeuitentia,
1690 510 1721 534 ut
1744 515 1820 542 quos

1051 552 1124 578 Deus
1138 559 1190 586 pcr
1205 552 1386 579 contritionis
1396 552 1520 587 gratiam
1529 553 1635 587 visitat,
1646 553 1713 581 illos
1721 555 1819 589 pasto-

1051 597 1089 623 ris
1103 598 1245 625 sententia
1258 598 1402 626 absolvat.
1419 609 1432 623 »
1450 598 1519 626 ldeo
1534 599 1573 626 ait
1587 599 1720 627 Salvator
1734 599 1820 627 disci-

1051 643 1138 677 pulis,
1155 652 1244 679 supra
1257 644 1266 659 ⁸
1283 653 1288 671 :
1309 654 1321 669 ι(
1334 644 1440 671 Solvite
1457 652 1535 678 eum,
1551 647 1578 672 et
1591 645 1674 672 sinite
1695 645 1786 673 abire.
1802 656 1816 672 n

1051 691 1083 716 Et
1098 689 1138 716 ibi
1162 689 1236 717 bene
1259 690 1295 717 de
1319 690 1375 717 hoc
1395 690 1433 717 ab
1458 691 1618 725 Augustino
1633 691 1653 717 ⁹.
1676 691 1719 719 Ad
1738 691 1820 720 aliud

1051 736 1293 770 respondendum
1317 740 1357 764 est
1380 737 1543 765 secundum
1565 738 1759 773 Augustinum
1775 738 1818 766 ¹⁰:

1055 792 1068 806 α
1083 782 1224 816 Ecclesiae,
1237 783 1342 819 inquit,
1357 784 1493 818 charitas,
1509 793 1573 820 quaa
1587 785 1726 820 Spiritum
1739 792 1822 812 sanc-

1052 830 1114 856 tum
1138 829 1263 857 infundit
1285 830 1315 857 in
1338 830 1478 857 cordibus
1502 831 1622 865 nostris,
1644 831 1821 867 participum

1052 883 1173 903 suorum
1188 878 1307 911 peccata
1322 876 1452 911 dimittit,
1465 884 1567 904 eorum
1579 879 1687 911 autem,
1697 878 1821 913 quinon

1052 923 1119 948 sunt
1133 922 1195 956 cjns
1209 922 1374 957 participes,
1387 924 1473 950 tenet.
1491 925 1522 950 Et
1536 922 1603 950 ideo
1620 923 1660 950 ait
1675 931 1681 950 ε
1698 924 1822 958 Accipite

1052 968 1184 1002 Spiritum
1201 972 1321 994 sanctum
1330 977 1337 1002 ;
1353 971 1380 995 et
1394 971 1497 1003 postea
1511 977 1517 995 :
1536 969 1652 1000 Quorum
1664 971 1822 996 remiseritis

1051 1016 1168 1047 peccata,
1183 1024 1196 1038 η
1214 1016 1267 1041 etc.
1283 1015 1348 1041 Hsec
1369 1014 1427 1041 ille.
1445 1016 1483 1041 Ex
1505 1014 1613 1049 quibus
1632 1016 1726 1050 patet,
1740 1015 1822 1050 quod

1053 1060 1082 1087 in
1098 1060 1230 1087 Ecclesiae
1244 1061 1353 1088 unitate
1369 1064 1411 1088 est
1425 1061 1547 1096 Spiritus
1561 1064 1693 1096 sanctus,
1710 1063 1738 1089 et
1757 1069 1822 1097 gra-

1053 1106 1105 1138 tia,
1123 1107 1206 1141 cujus
1220 1107 1318 1141 gratiae
1339 1109 1522 1134 sacramenta
1541 1110 1608 1134 sunt
1630 1115 1714 1142 vasa,
1736 1110 1824 1142 prout

1053 1153 1092 1179 ait
1111 1154 1193 1186 Ilugo
1215 1154 1242 1179 ¹¹.
1270 1154 1301 1179 Et
1325 1152 1457 1180 Ecclesia}
1481 1153 1615 1180 clavibus
1635 1153 1668 1181 fit
1689 1153 1822 1181 remissio

1053 1198 1201 1232 praedicta.
1217 1200 1278 1225 Non
1294 1206 1364 1231 ergo
1375 1200 1417 1226 est
1431 1206 1558 1232 necesse,
1569 1201 1600 1225 ut
1613 1199 1664 1234 qui
1679 1198 1824 1226 ministrat

1053 1246 1234 1271 sacramenta
1255 1245 1285 1271 in
1306 1252 1359 1271 sua
1384 1252 1527 1280 persona,
1553 1244 1660 1271 habeat
1685 1244 1823 1280 Spiritum

1053 1293 1197 1323 sanctum,
1218 1298 1284 1325 quae
1300 1298 1352 1325 per
1367 1290 1461 1317 malos
1477 1290 1682 1325 dispensantur
1689 1299 1698 1324 3
1715 1289 1745 1317 in
1758 1290 1824 1324 ipsa

1054 1339 1151 1363 tamen
1165 1336 1291 1364 Ecclesia
1305 1339 1346 1363 est
1361 1336 1480 1371 Spiritus
1495 1338 1622 1370 sanctus,
1634 1336 1716 1371 eujus
1730 1343 1824 1363 sacra-

1053 1385 1151 1410 menta
1180 1382 1329 1417 dispensat
1357 1382 1506 1416 minister,
1531 1384 1559 1409 et
1585 1382 1667 1417 cujus
1693 1381 1825 1409 clavibus

1055 1430 1151 1456 utitur.
1171 1430 1202 1455 Et
1224 1428 1260 1456 de
1275 1429 1332 1455 hoc
1348 1428 1423 1455 bene
1439 1429 1614 1463 Augustinus
1632 1427 1649 1443 ¹²
1665 1436 1672 1455 :
1690 1439 1703 1453 «
1719 1428 1769 1455 Dei
1783 1430 1825 1456 est

1053 1475 1104 1502 illa
1117 1475 1225 1509 gratia,
1243 1475 1291 1502 Dei
1306 1478 1347 1502 est
1362 1478 1591 1510 sacramentum,
1607 1476 1735 1503 hominis
1753 1484 1823 1504 vero

1053 1521 1150 1548 solum
1170 1520 1362 1547 ministerium
1377 1530 1383 1547 z
1401 1521 1451 1556 qui
1473 1521 1496 1547 si
1513 1521 1610 1548 bonus
1625 1523 1681 1555 est,
1697 1521 1826 1549 adhaeret

1054 1568 1122 1600 Deo,
1139 1569 1167 1594 et
1181 1569 1318 1602 operatur
1333 1574 1400 1593 cum
1414 1566 1480 1600 illo,
1497 1566 1520 1593 si
1536 1574 1606 1594 vero
1625 1566 1738 1601 malus,
1753 1575 1824 1602 ope-

1054 1615 1133 1639 ratur
1147 1620 1199 1647 per
1214 1612 1299 1639 illum
1317 1613 1391 1638 Deus
1413 1612 1561 1639 visibilem
1577 1612 1751 1640 sacramenti
1764 1612 1825 1640 for-

1054 1666 1152 1691 mam,
1167 1658 1228 1693 ipse
1250 1665 1320 1685 vero
1341 1657 1433 1684 donat
1450 1657 1631 1685 invisibilem
1653 1658 1825 1686 sacramenti

1055 1704 1188 1739 gratiam.
1209 1715 1222 1731 ι)
1241 1706 1303 1731 Haec
1325 1703 1384 1731 ille.
1400 1703 1481 1730 Idem
1494 1703 1670 1738 Augustinus
1684 1704 1706 1721 ¹³
1722 1713 1729 1731 :
1743 1713 1757 1730 α
1776 1704 1827 1732 Sa-

1055 1753 1203 1777 cramenta
1213 1758 1273 1777 non
1284 1750 1483 1785 depravantur
1493 1749 1618 1784 peccatis
1631 1749 1798 1777 hominum.
1809 1760 1822 1776 n

1055 1796 1133 1823 idem
1149 1796 1324 1831 Augustinus
1343 1797 1362 1812 ’ὅ
1377 1806 1386 1822 .·
1398 1805 1411 1821 α
1425 1796 1611 1823 Sacramenta
1621 1795 1757 1823 eamdem
1766 1795 1826 1823 effi-

1055 1842 1166 1869 caciam
1179 1842 1290 1869 habent
1310 1841 1512 1869 administrata
1527 1849 1580 1876 per
1598 1841 1712 1876 bonos,
1727 1844 1756 1870 et
1772 1849 1826 1878 per

1054 1888 1158 1915 malos.
1175 1897 1188 1912 ⁷0
1202 1890 1234 1915 Et
1248 1888 1289 1915 ibi
1303 1887 1379 1914 hene
1396 1887 1432 1914 de
1448 1888 1515 1915 hoc.

1089 1935 1133 1961 24.
1151 1936 1182 1961 Et
1204 1934 1336 1969 sequitur
1357 1934 1460 1960 ultima
1478 1933 1634 1968 particula,
1653 1934 1685 1961 in
1705 1941 1766 1970 qua
1782 1934 1826 1962 in-

1055 1979 1155 2007 cidens
1182 1979 1297 2007 occasio
1327 1979 1476 2014 sequentis
1501 1979 1690 2014 apparitionis
1719 1989 1726 2006 :
1759 1980 1824 2007 Tho-

1053 2034 1120 2057 mas,
1138 2028 1204 2060 etc.,
1219 2028 1267 2060 qut
1286 2026 1388 2052 dicitur
1403 2026 1547 2060 Didymus,
1562 2028 1615 2052 etc.
1632 2026 1664 2053 Ut
1679 2025 1719 2053 ait
1732 2025 1824 2054 isido-

1054 2081 1103 2100 rus
1118 2072 1137 2088 ¹⁵
1154 2081 1185 2100 :«
1200 2072 1341 2108 Didymus
1356 2073 1464 2106 abyssus
1478 2072 1524 2106 (a),
1535 2072 1581 2100 vel
1592 2074 1719 2106 geminus,
1735 2080 1824 2108 prop-

1055 2121 1095 2146 ter
1111 2119 1236 2146 dubium
1252 2126 1312 2152 cor,
1327 2118 1374 2145 vel
1388 2118 1506 2145 dubius.
1524 2119 1636 2145 Thomas
1655 2121 1696 2146 est
1712 2126 1823 2146 nomen

1053 2165 1218 2197 hebraeum‚·
1244 2164 1374 2198 Didymus
1397 2171 1538 2198 graecum,
1567 2164 1709 2197 Geminus,
1732 2164 1765 2191 id
1781 2167 1824 2192 est

1055 2210 1177 2244 dubius,
1200 2210 1333 2237 latinum.
1351 2219 1363 2234 ι)
1381 2210 1442 2237 Νοη
1461 2212 1518 2236 erat
1540 2217 1597 2236 cum
1619 2211 1673 2243 eis,
1689 2209 1775 2245 quia,
1792 2212 1823 2238 ut

1054 2256 1093 2283 ait
1113 2257 1336 2291 Chrysostomus
1356 2257 1392 2289 ¹⁶,
1414 2266 1427 2281 ι(
1443 2264 1461 2283 a
1483 2255 1739 2291 disseminatione,
1760 2256 1822 2284 sive

1054 2302 1254 2337 dispersione,
1285 2310 1350 2337 quae
1377 2302 1471 2329 tuerat
1496 2302 1573 2329 facta
1582 2322 1592 2336 ‚
1619 2302 1728 2330 scilicet
1754 2309 1821 2330 cum

1053 2349 1134 2374 ,Iesus
1148 2351 1249 2383 captus
1262 2347 1323 2379 fuit,
1340 2347 1473 2374 nondum
1488 2347 1623 2375 redierat.
1640 2358 1653 2373 »

1089 2395 1132 2420 25.
1150 2395 1283 2420 Dia-crunt
1298 2401 1357 2427 erqo
1374 2395 1399 2420 εί
1412 2393 1446 2428 (b)
1462 2393 1592 2428 discipuli
1604 2403 1611 2420 ;
1632 2393 1753 2420 Vidimus
1766 2393 1820 2420 Do-

1053 2451 1116 2477 part.
1135 2449 1176 2478 ΙΧ,
1191 2455 1214 2472 c.
1228 2450 1250 2478 3,
1267 2448 1341 2478 paulo
1356 2450 1413 2472 ante
1430 2448 1496 2472 med.
1511 2461 1542 2465 —
1554 2449 1574 2464 ¹²
1588 2450 1663 2478 Aug„
1673 2447 1708 2471 ad
1719 2447 1819 2476 Donat„

1054 2485 1126 2514 epist.
1143 2490 1228 2513 chw,
1243 2484 1275 2507 al.
1290 2490 1330 2512 cv,
1345 2490 1369 2507 u.
1393 2486 1428 2507 12.
1443 2496 1472 2500 —
1487 2483 1508 2499 ¹³
1521 2485 1594 2513 Aug..
1611 2483 1694 2513 epist„
1713 2487 1818 2506 cxxxvi.

1053 2532 1084 2536 —
1099 2520 1118 2535 ¹¹·
1134 2520 1180 2548 td„
1195 2519 1269 2549 epist.
1285 2524 1391 2542 cxxxix.
1407 2531 1433 2535 -—
1452 2519 1473 2534 ¹⁵
1488 2518 1554 2546 lsid.‚
1569 2517 1687 2548 E!ymol.,
1704 2517 1746 2541 lib.
1766 2517 1819 2547 vlt,

1054 2562 1076 2577 c.
1102 2560 1136 2578 ix.
1155 2568 1185 2572 --
1208 2556 1226 2570 1‘
1246 2554 1387 2584 Chrys-ost„
1410 2553 1480 2577 hom.
1506 2558 1616 2582 mxxvi,
1641 2553 1673 2577 al.
1699 2558 1819 2580 mxxxvii.

1054 2596 1080 2612 n.
1100 2592 1121 2613 t.

1087 2632 1119 2657 (a)
1135 2631 1195 2652 caet.
1211 2629 1272 2652 edit.
1289 2628 1341 2651 Dei.
1357 2640 1379 2644 -
1399 2627 1430 2657 (b)
1449 2627 1509 2650 item
1521 2626 1605 2651 dicunt
1619 2630 1710 2651 autem.
