1987 3032
202 194 260 225 608

202 258 330 285 imitator
356 257 457 291 Heliae,
483 256 520 284 de
548 264 608 293 quo
631 256 736 284 dicitur
758 257 782 289 ¹,
805 256 887 291 quod
913 258 973 283 erat

204 314 217 330 «
229 312 303 331 zona
317 303 441 339 pellicea
455 303 599 331 accinctus
613 302 733 330 renibus
746 312 753 335 ;
771 313 783 326 »
802 304 828 329 et
843 302 971 329 imitator

200 350 278 378 beati
292 349 425 382 Joannss,
441 349 477 376 de
493 357 552 385 quo
570 349 716 377 Matthaeus
726 348 745 382 Ξ,
762 347 843 383 quod
856 357 870 372 «
882 347 972 374 habe-

200 395 250 423 hat
260 403 365 422 zonam
373 394 527 430 pelliceam
539 395 615 421 eirca
626 394 755 428 lumbos,
768 404 781 419 n
792 395 845 420 ete.
857 395 894 420 De
904 393 968 428 ipso

200 441 278 468 enim
296 441 325 468 in
346 440 441 475 figura
459 441 469 456 ³
485 449 490 466 z
507 450 519 464 (ι
533 440 638 467 Tobias
652 440 762 466 invenit
774 439 913 473 juvenem
929 439 968 473 ((ι)

199 486 400 522 splendidum,
409 487 531 512 stantem
541 485 741 520 praecinctum,
749 487 820 512 nete.
833 486 863 512 ln
874 485 970 519 figura

199 532 289 568 ipsius
303 534 397 568 potest
416 532 473 559 dici
488 531 497 546 ⁴
511 541 516 559 :
537 543 549 556 «
565 532 694 559 Accinxit
708 531 876 558 fortitudine
894 531 969 558 lum-

198 578 253 606 bos
267 586 344 605 suos.
358 589 370 602 »
389 579 420 604 Et
437 578 465 604 in
482 578 586 605 Psalmo
600 577 610 593 ²⁵
626 587 632 604 :
653 588 665 603 u
681 577 832 604 Praecinxit
845 584 892 603 me
910 576 967 603 vir-

198 626 256 651 tute
277 623 315 651 ad
338 623 461 650 bellum.
478 634 490 647 »
515 625 551 650 De
576 623 694 658 cingulo
717 622 887 658 multiplici,
907 630 967 658 quo

197 669 306 696 debent
326 669 429 696 fideles
458 677 519 696 esse
543 669 710 704 praecincti,
736 669 766 695 in
785 669 966 704 expositione

194 714 294 742 litterae
315 716 336 742 ⁶.
360 716 413 742 Iste
435 717 551 742 sanetus
570 715 611 742 sie
638 714 810 750 praecinctus
838 714 968 741 extendit

195 769 300 788 manus
323 769 390 788 suas
407 770 412 788 :
431 763 458 788 et
476 761 531 788 hoe
552 761 600 788 vel
620 761 650 788 in
672 769 756 788 cruce
779 761 966 796 poenitentizB,

195 806 277 842 quod
292 806 387 841 signat
400 814 475 834 zona
480 816 488 841 3
500 807 547 834 vel
562 807 657 834 forma
671 807 788 834 habitus
803 815 863 834 suce
879 814 966 834 sacrm

194 852 355 887 religionis.
384 852 463 879 Unde
492 852 528 880 de
557 853 621 888 ipso
648 852 814 880 verificatur
842 853 914 880 illud
929 853 938 869 ⁷
958 861 964 880 :

197 909 210 922 «
230 897 363 933 Expandi
387 905 492 925 manus
513 906 593 925 meas
614 900 674 926 tota
695 899 742 926 die
761 898 800 925 ad
819 898 964 934 populum

193 951 254 971 non
270 944 436 971 credentem
450 943 532 971 mihi.
547 954 560 969 »
577 944 627 971 Vel
641 952 746 971 manus
758 952 825 971 suas
837 944 965 972 extendit

193 989 233 1016 ad
247 991 338 1017 Deum
353 989 383 1016 in
398 989 559 1017 elevatione
574 990 725 1024 orationis,
742 992 773 1017 ut
787 990 823 1017 de
835 990 900 1025 ipso
913 998 962 1017 ve-

192 1035 320 1063 rificetur
340 1035 415 1062 illud
434 1036 444 1052 ²³
460 1044 466 1062 :
489 1037 615 1063 «Manus
637 1044 718 1063 meas
737 1036 854 1063 extendi
875 1036 904 1063 in
923 1035 964 1063 al-

192 1083 292 1108 tum.»
311 1081 361 1109 Vel
381 1081 510 1109 extendit
530 1090 635 1109 manus
656 1082 695 1109 ad
710 1082 880 1109 exercitium
895 1090 963 1117 ope-

191 1127 362 1155 rationum.⁹
374 1130 485 1156 «Nemo
501 1128 579 1155 enim
594 1128 709 1155 mittens
716 1135 838 1155 manum
848 1127 887 1154 ad
901 1135 962 1154 ara-

192 1174 284 1208 trum,
301 1176 328 1201 et
345 1174 489 1210 aspiciens
504 1176 592 1208 retro,
607 1176 649 1201 est
663 1175 748 1209 aptus
763 1181 854 1208 regno
870 1173 928 1200 Dei.
946 1184 958 1197 »

222 1258 228 1272 ¹
247 1257 278 1280 lv
293 1257 360 1287 Rey„
377 1263 394 1287 1,
411 1258 464 1281 8.—
480 1257 490 1273 ⁵
504 1257 655 1287 Mulll1.‚ltt,
670 1259 693 1281 4.
709 1270 738 1274 —
751 1256 761 1273 ⁸
776 1256 840 1286 Tob„
858 1262 880 1287 v,
895 1258 918 1280 5.
933 1270 959 1273 —

190 1292 198 1305 ⁴
211 1293 294 1319 Prov.‚
317 1298 389 1322 xxm,
411 1294 447 1316 Π.
463 1306 493 1310 -
511 1293 521 1309 ¹⁵
537 1293 602 1316 Psal.
620 1298 683 1322 xm,
703 1293 741 1316 33.
755 1305 784 1309 —
798 1293 808 1308 ⁶
823 1292 878 1316 Vid.
893 1299 960 1322 sup„

190 1333 248 1357 pagv
261 1327 373 1351 525-525.
390 1340 417 1344 -
433 1328 441 1341 '¹
456 1329 516 1357 Im„
531 1333 590 1357 va,
607 1330 627 1351 2.
646 1341 673 1344 —
693 1328 702 1342 ⁸
719 1327 808 1356 Eccli.,
829 1333 865 1357 ιι,
877 1329 915 1350 26.
928 1340 957 1343 -

191 1362 330 1391 ξ’1,ασ.,ι.πι,
344 1363 412 1385 62.—
431 1363 449 1379 ¹⁰
464 1362 561 1392 Thr-en„
578 1368 618 1392 ιιι,
635 1364 705 1386 41.-
719 1363 739 1379 ¹¹
755 1363 841 1393 Greg„
858 1362 959 1392 Moral„

759 1808 859 1833 1⁸!le
889 1810 977 1834 ΤΟΜΙ

707 187 974 222 COLLATIONES
999 188 1291 222 PRAEDICABILES

1027 255 1212 283 ¹⁰«Levemus
1226 257 1318 284 corda
1332 265 1399 285 cum
1413 258 1560 286 manibus.
1575 269 1588 283 »
1606 259 1698 295 Super
1713 260 1795 296 quod

1027 302 1184 335 Gregorius
1199 303 1217 319 ¹¹
1246 312 1252 329 :
1271 314 1283 326 «
1299 304 1354 330 Cor
1379 312 1447 331 cum
1470 304 1608 332 manibus
1627 304 1718 340 levat,
1740 306 1792 342 qui

1026 347 1189 374 orationem
1211 348 1350 383 operibus
1367 349 1496 377 roborat.
1510 360 1522 375 n
1541 350 1600 377 Sibi
1616 350 1695 377 enim
1709 358 1790 378 com-

1024 392 1096 427 petit
1116 392 1189 420 illud
1205 394 1222 409 ¹²
1242 402 1248 420 :
1268 403 1281 419 ε(
1295 395 1411 422 Manum
1426 403 1510 422 suam
1523 395 1600 423 misit
1615 396 1653 423 ad
1668 396 1762 424 fortia.
1777 407 1791 422 n

1024 439 1056 465 Et
1070 439 1110 465 sic
1125 439 1285 466 extendens
1293 447 1397 467 manus
1407 448 1485 475 suas,
1494 441 1547 468 suit
1561 441 1664 468 ductus
1679 450 1795 478 semper

1023 484 1061 511 ab
1081 484 1158 518 alio,
1177 493 1237 520 quo
1258 493 1319 512 non
1338 486 1481 513 volebat:
1507 486 1536 513 in
1565 495 1624 522 quo
1652 488 1795 522 figuratur

1023 529 1198 558 ohedientia:
1219 531 1368 566 perfectio.
1391 531 1486 565 Unde,
1501 534 1531 558 ut
1547 532 1651 559 dicitur
1673 532 1704 560 in
1727 534 1794 561 Vita

1022 583 1086 609 sua,
1102 584 1218 612 semper
1233 577 1443 605 voluithabere
1458 577 1576 604 fratrem
1591 586 1678 613 supra
1691 586 1733 612 se,
1746 579 1793 607 cui

1023 620 1169 654 obediret,
1191 624 1218 649 et
1236 622 1292 649 hoc
1319 622 1349 649 in
1371 622 1501 650 adversis
1521 625 1549 650 et
1567 623 1691 658 asperis,
1712 624 1793 659 quod

1022 674 1082 694 non
1104 667 1224 695 volebat
1243 668 1414 696 sensualitas
1435 669 1480 696 vel
1503 668 1640 696 voluntas
1662 671 1791 697 naturae:

1021 712 1074 740 suit
1089 713 1166 740 enim
1182 714 1310 742 imitator
1322 716 1388 742 Jcsu
1399 715 1511 749 Christi,
1528 715 1565 743 de
1580 723 1640 751 quo
1655 723 1744 751 supra
1756 717 1791 744 ¹³:

1023 769 1037 784 «
1051 759 1209 793 Descendi,
1231 768 1291 787 non
1312 763 1342 787 ut
1361 761 1465 788 faciam
1483 761 1664 789 voluntatem
1682 769 1792 796 meam,

1021 805 1073 832 sed
1087 805 1270 832 voluntatem
1285 806 1347 840 ejus
1362 806 1412 842 qui
1422 807 1499 834 misit
1514 814 1593 834 me.»
1604 809 1791 842 Repugnante

1021 858 1091 885 ergo
1107 851 1291 878 sensualitate
1301 872 1309 885 ,
1325 854 1352 879 et
1367 860 1453 879 carne
1468 855 1650 888 repugnante
1664 853 1789 888 spiritui,

1020 896 1181 931 castigabat
1195 905 1318 932 corpuS,
1339 900 1366 924 et
1384 898 1414 925 in
1435 898 1604 925 servitutem
1624 897 1789 933 redigebat,

1020 942 1155 977 exemplo
1176 942 1255 970 Pauli
1273 943 1302 969 ¹³.
1324 945 1355 970 Et
1375 943 1429 970 fuit
1443 944 1472 971 in
1492 944 1630 971 omnibus
1648 943 1790 972 obediens

1020 990 1077 1015 Deo
1086 990 1113 1015 et
1122 988 1239 1015 vicariis
1247 989 1319 1023 ejuS,
1330 991 1361 1016 ut
1370 989 1406 1016 de
1415 989 1478 1025 ipso
1493 990 1659 1017 verificetur
1672 988 1747 1016 illud
1758 990 1787 1016 ¹³:

1021 1045 1033 1058 «
1050 1034 1098 1061 Vir
1115 1034 1258 1062 obediens
1278 1034 1408 1070 loquitur
1427 1035 1578 1062 victoriam
1599 1035 1645 1070 (b).
1663 1045 1676 1059 »
1699 1036 1789 1062 verus

1017 1088 1088 1114 ergo
1104 1080 1232 1108 imitator
1249 1080 1327 1108 beati
1343 1081 1414 1108 Petri
1430 1081 1483 1108 i'uit
1497 1081 1601 1108 heatus
1620 1080 1788 1108 Franciscus

1016 1124 1047 1152 in
1067 1126 1228 1161 praedietis,
1243 1128 1270 1153 et
1291 1126 1381 1161 ipsius
1403 1126 1512 1154 debent
1539 1135 1599 1154 esse
1627 1126 1788 1154 imitatores

1015 1171 1194 1206 professores
1208 1180 1268 1199 suae
1282 1180 1370 1200 sacrae
1385 1172 1534 1207 religionis
1550 1172 1580 1199 in
1594 1172 1714 1200 eisdem.

1015 1246 1057 1270 lib.
1075 1247 1164 1275 Xthl,
1177 1254 1200 1270 c.
1215 1253 1240 1275 ν,
1251 1254 1276 1270 u.
1296 1247 1666 1277 10.-¹2Pr0v.,xxx1‚19.—
1677 1246 1786 1276 ι’.Ιοαη,,

1015 1288 1054 1312 vi,
1072 1285 1142 1306 40.--
1162 1283 1180 1298 ¹¹
1197 1283 1203 1306 1
1220 1283 1287 1312 σωκ,
1303 1288 1340 1310 1x,
1355 1282 1394 1306 27.
1409 1294 1439 1299 —
1453 1283 1473 1298 ¹⁵
1487 1282 1569 1308 Prov..
1585 1287 1639 1311 xxi,
1655 1282 1694 1305 28.

1047 1327 1080 1357 (rt)
1099 1327 1159 1351 caet.
1174 1326 1234 1350 edit.
1255 1325 1321 1349 deest
1333 1326 1465 1356 juvenem.
1483 1339 1508 1342 —
1527 1326 1560 1355 (b)
1582 1325 1652 1356 Vulq.
1669 1325 1786 1356 loquetur

1015 1362 1144 1386 victorias.

1009 1811 1208 1836 UNDEClMl.
