1987 3032
694 198 900 231 EXPOSITIO
923 198 960 229 IN
985 199 1073 231 CAP.
1095 200 1159 232 XV.
1684 207 1721 235 13

128 276 252 307 semper
280 267 387 297 incitat
409 266 572 297 hominem
594 267 633 297 ad
657 268 802 306 peccata,
827 266 897 296 ideo

129 320 254 350 subdit:
270 319 519 350 Etmisitz‘llum
541 320 573 349 ῖη
595 319 707 350 villam
730 328 841 356 suam,
863 322 899 348 ut

126 376 268 412 pasceret
290 382 415 412 porcos.
447 373 507 403 Per
536 382 646 412 porcos
677 372 898 411 intelliguntur

128 425 300 463 daemones,
312 429 339 456 1.
350 428 476 465 propter
487 426 667 463 ruditatem,
677 426 797 455 ratione
806 426 898 463 qu'us

128 477 265 508 dicitur¹
292 490 298 509 z
325 478 454 509 «Nolite
479 479 553 509 dare
577 480 722 509 sanctum
747 478 894 515 canibus,

128 540 232 570 neque
246 532 377 562 mittatis
392 533 584 571 margaritas
599 534 719 563 vestras
733 534 807 562 ante
822 541 897 571 por—

129 593 192 623 cos,
209 594 249 615 ne
263 585 342 616 forte
356 586 542 616 conculcent
564 595 617 616 eas
637 586 770 625 pedibus
784 585 862 615 suis.
882 596 895 612 »

130 638 207 668 Item
221 640 250 669 ⁶2.
267 640 395 678 propter
416 639 651 670 carnalitatem:
673 640 684 654 ²
709 650 723 667 (ε
739 637 899 677 Contingit

129 691 173 721 eis
187 691 266 721 illud
282 691 349 723 veri
365 692 535 731 proverbii,
552 704 565 719 n
584 694 641 722 etc.
658 701 665 721 ε
688 703 701 719 «
715 691 777 721 Sus
787 691 850 721 lota
866 690 900 720 in

130 744 294 775 volutabro
307 744 375 774 luti.
389 756 402 772 »
417 745 455 775 Et
469 744 802 782 hocfacitca1·nalitas;
816 744 900 775 unde

129 797 162 827 in
177 798 358 829 Proverbiis
375 801 384 816 ³
401 809 408 829 :
435 811 448 827 «
468 799 610 829 Circulus
633 808 749 829 aurens
764 799 797 828 in
812 798 898 828 nari-

130 851 189 881 bus
204 852 285 889 suis,
303 851 419 882 mulier
442 852 575 891 pulchra
601 854 630 882 et
654 853 760 890 fatua,
784 863 797 879 »
825 852 901 891 quia

129 904 272 934 diabolus
297 914 353 944 per
375 905 461 935 illam
485 906 630 944 inquinat
654 905 783 935 multos.
814 904 901 934 Hanc

130 960 236 988 autem
251 958 420 989 ruditatem
428 959 546 989 habent
557 959 717 989 daemones
728 959 762 988 in
774 958 816 988 sei
820 958 897 997 psis,

131 1011 184 1041 sed
204 1012 420 1043 carnalitatem
442 1015 626 1052 suggerunt
647 1012 715 1042 aliis
740 1023 746 1042 ι
772 1013 901 1051 propter

129 1063 213 1102 quod
226 1064 321 1094 etiam
332 1065 482 1095 dicuntur
494 1065 622 1104 spiritus
631 1064 787 1094 immundi
798 1074 804 1101 ;
818 1064 901 1094 unde

130 1118 213 1146 recte
230 1117 333 1156 porcis
348 1118 474 1156 cognati
489 1119 573 1155 sunt,
590 1117 765 1148 secundum
781 1116 858 1147 illud
869 1117 878 1132 ³·
892 1127 897 1145 :

136 1180 149 1197 κ
165 1169 198 1199 Si
212 1169 299 1208 ejicis
320 1179 378 1201 nos
397 1171 487 1206 binc,
514 1171 603 1200 mitte
626 1179 683 1200 nos
707 1170 741 1200 in
766 1178 901 1208 gregem

132 1230 311 1261 porcorum.
333 1233 348 1250 ι)
367 1223 405 1253 Hi
427 1224 512 1254 enim
532 1223 618 1262 porci
641 1225 814 1262 pascuntur
840 1222 900 1252 im-

133 1276 296 1306 munditiis
319 1279 538 1316 peccatorum,
561 1276 636 1315 quia
660 1276 693 1306 in
716 1276 776 1306 hoc
798 1275 901 1305 solum

133 1328 292 1360 daemones
315 1329 521 1360 delectantur.
540 1329 628 1359 Unde
652 1328 838 1358 Ambrosius

138 1381 259 1412 «Cibus
274 1383 457 1412 daemonum
477 1384 523 1412 est
543 1382 693 1419 ebrletas,
718 1381 900 1418 fornicatio,

133 1436 162 1464 et
178 1434 373 1473 hujusmodi,
390 1443 463 1474 quae
478 1434 594 1464 blanda
607 1436 692 1472 sunt,
708 1436 738 1464 et
753 1434 792 1464 ad
807 1442 903 1464 suum

133 1496 226 1517 usum
244 1489 456 1527 provocant.»
482 1487 491 1504 ⁶
519 1487 654 1527 «Neque
675 1487 736 1518 alia
757 1496 833 1518 cura
857 1489 903 1517 est

133 1539 315 1579 luxuriosis,
328 1540 387 1570 nisi
402 1543 437 1571 ut
450 1542 595 1571 ventrem
604 1549 698 1570 suum
710 1540 870 1580 impleant.
884 1552 898 1568 »

133 1591 175 1622 De
189 1593 305 1632 quibus
319 1593 433 1623 dicitur
447 1597 457 1612 ⁷
476 1605 482 1624 z
507 1605 521 1622 α
536 1593 679 1630 Quorum
695 1593 777 1624 Deus
792 1596 904 1625 venter

135 1648 200 1682 est,
222 1648 252 1676 et
272 1646 374 1685 gloria
399 1647 432 1676 in
453 1647 635 1677 confusione
658 1647 800 1686 ipsorum
815 1671 823 1684 ,
849 1646 904 1686 qui

135 1700 259 1729 terrena
273 1700 411 1739 sapiunt.
428 1712 442 1728 »
465 1700 550 1731 Unde
568 1701 627 1731 hos
642 1709 753 1740 porcos
773 1702 905 1739 pascunt

135 1751 279 1782 homines
294 1753 431 1792 porcini,
449 1753 483 1783 in
506 1753 622 1793 quibus
645 1755 761 1791 regnat
784 1753 905 1783 ruditas

135 1803 365 1843 intelligentiae,
383 1806 550 1836 carnalitas
565 1806 840 1844 concupiscentiae,
855 1814 906 1835 cu-

136 1855 247 1894 piditas
263 1858 415 1888 avaritiae.
433 1857 471 1887 Et
492 1858 569 1888 tales
591 1858 630 1887 ad
652 1857 782 1888 modum
800 1866 906 1897 porco-

136 1916 209 1937 rum
224 1908 304 1939 nihil
319 1919 448 1949 prorsus
465 1910 570 1941 valent
584 1910 623 1940 ad
640 1910 738 1940 vitam
749 1934 758 1948 ,
775 1910 828 1941 sed
853 1919 903 1940 so-

136 1960 202 1991 lum
217 1961 256 1991 ad
271 1961 452 1999 interitum,
479 1963 511 1992 in
537 1964 629 2002 quus
653 1963 905 2001 designationem

136 2014 250 2045 dicitur
266 2017 287 2051 ¹³,
302 2015 387 2055 quod
407 2027 420 2043 (ι
436 2016 557 2055 impetu
570 2016 647 2046 abiit
660 2025 742 2055 grex
756 2026 812 2056 per
827 2026 907 2056 prae-

136 2075 207 2106 ceps
220 2067 252 2097 in
267 2069 431 2106 stagnum,
450 2070 482 2097 et
496 2068 667 2098 suffocatus
680 2071 736 2106 est,
753 2080 766 2097 ι)
786 2071 844 2100 etc.

175 2119 279 2151 Tertio
294 2123 413 2160 autem,
430 2124 584 2161 quantum
603 2122 642 2152 ad
657 2124 837 2153 extremum
853 2131 907 2161 ge-

136 2183 196 2204 nus
212 2175 431 2212 mendicitatis,
449 2175 555 2205 subdit
571 2178 616 2213 (v.
637 2176 686 2212 10)
706 2186 712 2205 ;
730 2176 773 2206 Et
800 2176 904 2215 cupie-

137 2227 189 2257 bat
204 2227 334 2267 implere
348 2232 489 2258 ventrem
503 2237 598 2258 suam
619 2227 656 2258 cle
670 2228 805 2268 siliquis,
827 2238 907 2268 qaas

131 2280 226 2319 porci
234 2280 482 2311 manducabant.
497 2280 628 2320 Siliqua,
638 2283 674 2311 ut
682 2281 756 2311 dicit
767 2281 876 2312 Glossa
883 2284 905 2319 ⁹,

141 2343 155 2359 «
169 2335 216 2363 est
230 2342 334 2371 genus
348 2333 520 2372 leguminis
531 2333 652 2364 sonoris
668 2333 793 2364 follibus
809 2336 840 2364 et
855 2343 907 2365 va-

137 2385 220 2423 cuis,
239 2386 324 2425 quod
340 2387 483 2417 ventrem
499 2386 601 2424 magis
619 2388 729 2416 onerat
744 2395 841 2425 quam
856 2395 907 2416 re-

138 2438 230 2468 ficiat.
246 2450 260 2466 n
282 2438 318 2469 Et
333 2439 402 2469 ideo
417 2438 562 2477 designat
583 2438 802 2470 delectationes
817 2439 907 2470 vitio-

138 2500 211 2522 rum
225 2516 234 2530 ,
257 2502 329 2532 quae
353 2493 506 2532 peccatori
528 2493 566 2531 (a)
596 2493 766 2532 aliquando
789 2493 905 2533 aliquid

170 2556 177 2569 ¹
190 2554 288 2584 Malta,
303 2561 352 2585 vii,
367 2557 390 2578 6.
405 2568 436 2573 -
450 2556 492 2578 ²11
509 2555 586 2582 Petu,
605 2560 632 2586 11,
646 2557 684 2580 22.
701 2569 732 2574 —
746 2557 756 2572 ³
770 2557 852 2586 Pron„
869 2562 906 2586 xl,

139 2590 177 2611 22.
190 2602 220 2606 —
234 2590 241 2603 ⁴
258 2590 359 2618 Mami„
375 2596 432 2621 vin,
448 2592 486 2614 31.
499 2603 528 2607 —
544 2591 551 2603 ί·
570 2591 622 2614 lino
637 2592 718 2615 Gloss.
734 2592 758 2614 in
774 2591 841 2615 linnc
857 2591 905 2615 loc.

139 2636 168 2640 —
190 2626 199 2638 ‘¹
221 2625 264 2648 llic
282 2626 367 2656 incipit
384 2626 510 2655 Ambros,
530 2626 554 2648 iu
573 2626 639 2655 Luc.²
658 2627 701 2651 lib.
726 2627 784 2657 Vll,
805 2634 830 2650 u.
852 2628 905 2650 217.

140 2671 169 2675 —
187 2659 193 2672 ⁷
209 2660 314 2691 Philip„
335 2667 375 2690 111,
398 2662 434 2685 19.
452 2674 482 2678 —
498 2661 508 2677 ⁸
523 2663 595 2691 Sup.,
622 2667 683 2692 vni,
699 2664 736 2686 33.
754 2674 783 2680 —-
797 2664 805 2676 ‘³
824 2662 905 2686 Gloss.

953 275 1065 297 sonare
1085 267 1234 297 videntur
1248 267 1386 297 exterius
1396 290 1404 305 ,
1419 268 1473 297 sed
1495 268 1575 298 nihil
1591 269 1722 300 interius

954 322 1042 357 sunt;
1060 320 1143 350 unde
1157 320 1342 359 hujusmodi
1356 320 1577 352 delectationes
1590 323 1722 353 somniis

955 375 1178 412 comparantur
1192 374 1212 391 ¹⁰
1236 384 1242 403 ε
1264 373 1381 403 «Sicut
1405 374 1541 404 somniat
1567 375 1720 410 esuriens,

954 429 985 456 et
998 427 1149 465 comedit,
1167 435 1242 457 cum
1263 429 1369 457 autem
1394 427 1488 457 fuerit
1515 428 1550 467 (b)
1571 437 1723 468 experge—

954 480 1070 517 factus,
1087 489 1190 511 vacua
1204 482 1250 510 est
1264 480 1371 510 anima
1385 481 1471 518 ejus;
1489 483 1519 511 et
1539 481 1618 511 sicut
1640 490 1725 512 som-

955 532 1020 562 niat
1034 532 1141 562 sitiens
1158 535 1189 563 et
1208 532 1305 570 bibit,
1321 534 1352 563 et
1365 534 1532 572 postquam
1555 534 1648 564 fuerit
1669 543 1724 564 ex-

955 586 1162 624 pergefactus,
1180 585 1280 616 lassus
1295 585 1398 616 adhuc
1409 585 1485 624 sitit,
1496 588 1526 616 et
1536 587 1644 617 anima
1656 588 1725 626 ejus

956 647 1055 668 vacua
1076 640 1122 669 est
1139 650 1145 669 ι
1162 639 1206 669 sic
1220 639 1279 669 erit
1293 639 1463 670 multitudo
1478 640 1622 670 omnium
1646 649 1725 680 gen-

955 691 1036 721 tium
1049 715 1058 728 ,
1087 701 1159 730 quae
1190 692 1423 723 dimicaverunt
1450 694 1558 723 contra
1586 695 1724 724 montem

956 743 1043 774 Sion.
1060 756 1073 772 n
1094 744 1156 774 Has
1170 744 1299 784 siliquas
1314 745 1399 784 porci
1416 746 1626 783 manducant,
1651 747 1727 786 quia

956 797 1070 827 dicitur
1085 800 1105 815 ¹¹
1123 808 1130 827 ε
1149 797 1334 828 «Laetantur
1348 807 1421 828 cum
1438 799 1521 829 male
1534 799 1680 837 fecerint,
1697 802 1727 830 et

956 851 1101 881 exultant
1117 851 1150 880 in
1165 851 1259 881 rebus
1274 851 1430 890 pessimis.
1445 862 1460 879 »
1481 851 1519 882 Et
1531 852 1580 882 his
1596 852 1728 883 delecta-

956 903 1117 941 tionibus,
1143 906 1297 943 tanquam
1326 904 1443 934 deliciis
1472 904 1557 942 suis,
1585 907 1728 944 peccator

957 956 1074 995 qnaerit
1096 959 1126 986 et
1153 957 1272 996 appetit
1295 957 1413 987 satiari.
1440 957 1525 988 Unde
1551 958 1589 988 de
1612 958 1728 989 talibus

956 1008 1014 1039 Job
1031 1008 1052 1025 ¹²
1069 1018 1076 1038 :
1097 1021 1111 1038 «
1126 1008 1185 1046 Qui
1199 1009 1352 1040 rodebant
1377 1010 1411 1040 in
1432 1010 1615 1048 solitudine,
1633 1020 1726 1050 squa-

957 1061 1055 1091 lentes
1070 1062 1246 1092 calamitate
1269 1065 1300 1092 et
1321 1063 1458 1093 miseria.
1482 1062 1520 1093 Et
1536 1063 1728 1094 mandebant

957 1114 1081 1152 herbas,
1099 1116 1129 1145 et
1143 1115 1294 1146 arborum
1309 1115 1455 1154 cortices,
1473 1118 1503 1146 et
1527 1116 1618 1147 radix
1637 1116 1729 1156 juni-

958 1176 1107 1206 perorum
1121 1171 1188 1199 erat
1202 1169 1289 1199 cibus
1297 1178 1418 1200 eorum.
1429 1180 1443 1198 n
1458 1169 1628 1209 Sequitur:
1645 1170 1728 1206 «Qui

958 1222 1040 1252 inter
1063 1222 1286 1261 hujuscemodi
1305 1223 1512 1261 laetabantur,
1529 1225 1560 1253 et
1583 1232 1650 1254 esse
1670 1223 1729 1253 sub

958 1275 1099 1305 sentibus
1126 1275 1251 1306 delicias
1282 1276 1519 1315 computabant.
1548 1287 1562 1304 »
1594 1276 1632 1306 Et
1655 1277 1730 1316 quia

958 1328 1073 1357 talibus
1086 1337 1150 1358 non
1167 1330 1267 1367 potest
1282 1328 1378 1358 homo
1393 1328 1511 1366 satiari,
1524 1328 1593 1359 ideo
1602 1329 1708 1359 subdit
1721 1340 1727 1359 ε

958 1382 1003 1412 Et
1020 1390 1112 1411 nemo
1132 1381 1182 1410 illi
1198 1381 1312 1418 (labat,
1336 1381 1411 1420 quia
1435 1382 1632 1420 frequenter,
1656 1391 1730 1412 cum

959 1436 1103 1473 peccator
1126 1433 1311 1473 hujusmodi
1338 1433 1453 1472 quaerit
1475 1434 1620 1471 delicias,
1641 1435 1730 1473 Justo

958 1487 1012 1518 Dei
1026 1487 1148 1527 judicio
1170 1487 1278 1526 perdet
1294 1487 1373 1517 illas.
1394 1486 1479 1518 Unde
1504 1487 1537 1517 in
1561 1487 1642 1518 Osea
1657 1487 1731 1518 dicit

959 1542 1066 1571 anima
1081 1540 1239 1580 peccatrix
1251 1542 1274 1559 ¹³
1299 1549 1306 1570 :
1327 1551 1342 1568 «
1357 1539 1476 1571 Vadam
1492 1543 1560 1580 post
1575 1543 1730 1572 amatores

958 1602 1057 1631 meos,
1074 1594 1128 1633 qui
1142 1594 1217 1624 dant
1236 1602 1333 1633 panes
1348 1593 1443 1630 mihi,
1460 1597 1491 1623 et
1510 1602 1609 1633 aquas
1624 1603 1729 1631 meas,

959 1647 1063 1677 lanam
1089 1656 1212 1684 meam,
1237 1649 1267 1677 et
1287 1647 1389 1676 linum
1415 1655 1541 1684 meum,
1566 1649 1597 1677 et
1623 1647 1730 1678 oleum

960 1709 1085 1736 meum,
1101 1702 1131 1730 et
1147 1701 1257 1739 potum
1273 1708 1382 1729 meum
1406 1709 1412 1728 :
1441 1701 1567 1739 propter
1585 1700 1645 1730 hoc
1660 1709 1730 1731 ecce

960 1762 1021 1791 ego
1049 1753 1168 1792 sepiam
1196 1752 1282 1783 viam
1304 1754 1394 1782 tuam
1417 1752 1532 1790 spinis,
1556 1754 1587 1782 et
1608 1753 1729 1792 sepiam

960 1799 1029 1835 cam
1054 1805 1190 1835 maceria
1214 1815 1220 1835 ;
1249 1806 1280 1834 et
1304 1804 1430 1834 semitas
1452 1813 1526 1835 suas
1553 1814 1618 1835 non
1639 1806 1730 1836 inve-

960 1858 1036 1889 niet.
1064 1870 1078 1885 »
1111 1857 1148 1888 Et
1175 1859 1245 1897 post
1272 1868 1278 1887 z
1309 1869 1324 1885 «
1348 1856 1473 1888 Cessare
1496 1857 1608 1888 faciam
1637 1868 1730 1890 omne

961 1911 1118 1950 gaudium
1133 1912 1202 1949 ejus
1213 1935 1221 1948 ,
1246 1911 1478 1941 solemnitatem
1493 1912 1579 1950 ejus,
1603 1921 1730 1943 neome-

960 1964 1045 1994 niam
1062 1965 1132 2003 ejus
1144 1987 1152 2001 ,
1168 1966 1198 1994 et
1213 1964 1342 1994 sabbata
1366 1965 1435 2003 ejus
1447 1989 1455 2001 ,
1473 1967 1503 1995 et
1527 1966 1636 1996 omnia
1656 1966 1732 1997 festa

961 2019 1103 2056 tempora
1115 2018 1194 2056 ejus.
1209 2027 1222 2045 ι)
1242 2016 1280 2047 Et
1293 2017 1361 2047 llaec
1376 2017 1449 2048 facit
1460 2017 1542 2048 Deus
1555 2029 1561 2053 ;
1579 2019 1648 2049 ideo
1663 2029 1731 2059 pec-

961 2072 1094 2107 catores,
1111 2079 1130 2099 a
1145 2078 1178 2099 se
1193 2078 1321 2100 aversos
1335 2070 1373 2099 ad
1391 2070 1628 2109 delectationeS‚
1645 2073 1683 2103 ad
1699 2082 1731 2103 se

961 2124 1087 2153 revocat
1102 2131 1158 2162 per
1167 2122 1362 2153 afflictiones.
1376 2121 1463 2159 Unde
1477 2123 1678 2162 Augustinus
1689 2125 1728 2155 aa:

965 2187 979 2203 «
995 2176 1110 2207 Omnes
1121 2198 1130 2212 ,
1147 2176 1265 2215 inquit,
1289 2175 1508 2207 delectationes
1531 2185 1637 2214 meaS‚
1653 2187 1732 2217 quas

961 2229 1118 2266 amabam,
1136 2228 1312 2267 respexisti,
1330 2228 1461 2258 Domine
1476 2228 1558 2258 Deus
1566 2252 1576 2267 ,
1593 2231 1628 2259 ut
1642 2239 1732 2269 quae-

961 2291 1064 2312 rerem
1077 2282 1144 2312 sine
1159 2281 1332 2312 offensione
1355 2280 1472 2318 laetari,
1488 2283 1518 2312 et
1533 2291 1597 2313 non
1611 2283 1733 2315 inveni-

961 2344 1028 2365 rem
1045 2334 1103 2364 nisi
1120 2334 1153 2364 in
1173 2336 1214 2364 te.
1239 2345 1252 2361 ι)
1281 2333 1380 2364 Nemo
1403 2334 1504 2373 igitur
1526 2335 1578 2366 dat
1603 2337 1640 2367 de
1666 2337 1732 2368 istis

961 2388 1099 2427 siliquis,
1117 2387 1243 2427 quando
1258 2387 1412 2426 peccatori
1436 2387 1635 2420 subtrahitur
1656 2400 1729 2421 con-

961 2440 1071 2470 solatio
1086 2439 1234 2477 carnalis,
1254 2441 1288 2470 ut
1307 2439 1350 2470 sic
1372 2440 1483 2471 saltem
1499 2445 1677 2473 revertatur
1691 2445 1731 2474 ad

961 2510 1069 2534 interlin.
1087 2510 1110 2533 in
1129 2510 1196 2533 hunc
1213 2510 1262 2533 loc.
1276 2523 1304 2526 —
1323 2511 1341 2524 '⁰
1357 2511 1415 2540 lsa„
1436 2517 1509 2542 xxix,
1525 2513 1548 2536 8.
1564 2526 1594 2531 —-
1615 2515 1629 2527 ¹¹
1648 2515 1730 2545 Pron„

961 2553 990 2576 11,
1007 2548 1042 2569 14,
1061 2559 1085 2562 β
1105 2546 1125 2561 ¹2
1137 2545 1190 2575 Job,
1205 2553 1265 2575 xxx,
1284 2548 1307 2575 52³,
1329 2547 1351 2576 4,
1367 2547 1389 2569 7.
1407 2560 1435 2564 —
1453 2547 1472 2563 ¹⁸
1487 2550 1597 2579 Ose.‚11‚
1612 2550 1635 2579 ὅ,
1651 2551 1673 2580 6,
1693 2553 1729 2575 1¹.

960 2595 990 2599 -—
1008 2582 1025 2598 ¹⁶
1040 2582 1115 2611 Aug„
1129 2580 1199 2611 Coris,

1003 2628 1025 2655 a)
1046 2625 1106 2649 Coel.
1124 2625 1184 2648 edit.
1206 2627 1377 2655 peccatorem.
1396 2639 1425 2643 —
1447 2626 1478 2657 (ὁ)
1503 2628 1562 2652 caet.
1585 2628 1645 2653 edit.
1665 2629 1731 2653 deest

961 2661 1044 2685 suerit.
