1987 3032
228 225 266 253 52
772 214 985 247 EVANGELH
1008 214 1146 246 SANCTI
1169 214 1281 247 LUCAE

225 289 331 319 dinem
347 286 505 324 servavit,
522 286 560 316 de
574 294 638 325 quo
654 285 686 314 in
703 283 818 315 Genesi
831 281 946 311 dicitur
962 283 969 298 ¹
987 292 993 312 z

225 341 311 382 quod
332 352 346 369 <r
361 340 521 371 accusavit
540 340 651 369 fratres
672 346 746 367 suos
768 335 851 374 apud
875 337 996 374 patrem

225 394 356 425 crimine
367 393 513 433 pessimo.
523 403 537 420 »
553 392 599 422 Ex
611 400 674 430 quo
685 390 778 420 (latur
789 388 899 425 forma,
913 387 996 426 quod

225 448 367 488 praelato,
384 446 440 486 qui
454 446 523 476 vult
535 445 692 484 prodesse,
707 443 801 472 etiam
818 440 905 470 nulla
918 449 996 480 prae-

225 501 353 531 cedente
377 499 590 538 correptione,
614 497 716 536 potest
738 497 768 524 et
791 493 883 524 debet
905 493 997 532 culpa

225 552 364 592 proximi
379 552 519 582 accusari
540 552 630 581 extra
645 548 820 589 jiulicium,
839 547 864 576 si
885 547 925 576 sit
944 555 997 576 oc-

225 607 323 643 culta;
337 608 366 636 et
377 605 550 644 injudicio,
564 604 588 634 si
600 603 735 633 habetur
745 600 888 640 probatio
900 602 995 630 certa.

225 659 313 690 Unde
328 658 411 689 Beda
425 669 431 689 :
454 669 468 687 ι(
482 657 527 687 Ita
542 657 648 696 peccat
662 655 734 694 qui,
752 654 932 693 peccantem
950 652 996 682 vi-

225 712 312 749 dens,
330 713 421 748 tacet,
438 710 519 740 sicut
539 709 592 748 qui
617 706 781 748 poenitenti
805 715 870 736 non
890 705 997 735 indul-

226 766 281 804 get
303 775 309 794 z
333 774 347 792 »
374 763 460 803 quod
484 762 613 802 quidem
638 760 848 798 intelligitur,
873 757 999 798 quando

225 817 324 848 verbo
335 825 394 847 suo
410 817 511 855 potest
525 814 691 854 proximus
702 812 836 850 corrigi,
851 812 881 840 et
897 811 1000 849 majus

225 869 404 909 periculum
419 877 482 898 non
495 868 637 897 timetur.
658 865 745 896 Unde
760 873 856 903 super
875 863 973 893 illud²
988 872 996 893 :

229 934 244 951 «
266 922 356 952 Exite
379 921 418 951 de
442 920 545 951 medio
570 929 701 955 eorum,
717 930 731 946 n
763 918 837 948 dicit
863 916 970 946 Glossa
991 925 997 944 ι

231 986 244 1003 «
259 975 371 1010 Exire,
389 975 434 1003 est
450 974 550 1003 facere
567 972 652 1011 quod
668 970 803 1010 pertinet
819 969 857 999 ad
875 978 999 999 correc-

225 1028 345 1058 tionem
359 1026 518 1057 malorum
529 1050 536 1063 ‚
554 1026 710 1064 quantum
724 1023 795 1053 licet
818 1031 875 1061 pro
898 1021 1002 1060 gradu

226 1080 477 1118 uniuscujusque
487 1102 494 1116 ⁷
513 1078 599 1108 salva
614 1086 700 1116 pace.
713 1087 726 1103 n

266 1133 383 1170 Tertio,
395 1134 549 1171 quantum
560 1131 598 1160 ad
610 1128 842 1167 indulgentiam
858 1128 1002 1166 respectu

228 1186 468 1226 poenitentium,
498 1184 603 1214 subdit
627 1194 632 1213 ε
660 1183 705 1214 Et
729 1182 757 1211 si
778 1180 1002 1220 poenitentiam

228 1239 338 1279 eqerit,
359 1238 480 1268 dimitte
505 1237 562 1267 illi.
586 1235 669 1266 Beda
690 1246 697 1265 z
728 1245 742 1262 (ι
759 1233 829 1264 Non
850 1233 1003 1271 jubemur

227 1292 346 1331 passim
368 1290 525 1330 peccanti,
549 1288 603 1318 scd
618 1287 783 1327 poenitenti
803 1286 998 1316 dimittere.»

229 1344 374 1375 Primum
394 1352 472 1381 ergo
495 1343 541 1372 est
560 1342 740 1380 peccantem
765 1339 945 1377 increpare,
968 1339 1004 1367 ut

229 1399 300 1436 post
324 1395 490 1436 poenitenti
521 1394 677 1433 possimus
710 1392 879 1422 dimittere.
916 1389 1004 1420 llanc

231 1450 315 1479 enim
326 1449 434 1487 legem
451 1447 559 1477 statuit
570 1445 722 1476 Dominus
737 1445 770 1474 in
784 1444 931 1475 Oratione
946 1443 1004 1473 Do-

231 1502 367 1532 minica³
384 1512 391 1531 :
413 1500 563 1530 «Dimitte
579 1498 670 1528 nobis
688 1497 792 1528 debita
814 1499 938 1532 nostra,
960 1496 1002 1525 si-

232 1556 286 1585 cut
306 1556 336 1584 et
359 1562 418 1583 nos
442 1551 648 1588 dimittimus,
664 1561 678 1578 »
697 1552 754 1580 etc.
778 1548 816 1579 Et
835 1549 978 1588 sequitur
995 1558 1001 1578 ι

235 1619 251 1636 (ι
266 1606 298 1637 Si
313 1606 398 1636 enim
413 1604 594 1635 dimiseritis
608 1603 794 1634 hominibus
810 1604 935 1641 peccata
950 1610 1002 1630 eo-

232 1669 322 1698 rum,
336 1659 472 1690 dimittet
487 1660 517 1688 et
532 1657 622 1688 vobis
638 1656 730 1686 Pater
743 1658 848 1686 vester
870 1654 1005 1684 coelestis

232 1712 345 1743 delicta
353 1713 468 1743 vestra.
482 1710 514 1740 Si
524 1712 630 1740 autem
641 1718 705 1738 non
714 1707 894 1737 dimiseritis
905 1707 1006 1737 homi-

232 1765 342 1802 nibus,
359 1773 416 1794 nec.
438 1763 528 1793 Pater
548 1764 652 1793 vester
673 1761 807 1791 dimittet
826 1760 915 1790 vobis
931 1769 1005 1799 pec-

234 1819 302 1848 cata
314 1819 428 1847 vestra.
445 1828 459 1844 »
480 1816 552 1846 Ideo
567 1815 681 1845 dicitur
692 1814 702 1829 ”
718 1825 724 1843 z
745 1812 921 1851 «Relinque
936 1821 1006 1851 pro-

232 1870 321 1900 ximo
335 1871 389 1899 tuo
408 1868 532 1898 nocenti
548 1870 577 1897 te
588 1891 595 1905 ,
613 1869 643 1896 et
659 1869 733 1896 tunc
754 1865 932 1904 deprecanti
950 1865 1006 1895 tibi

234 1925 360 1962 peccata
368 1919 655 1961 solventu1¹2llomo
664 1918 786 1948 homini
796 1920 899 1948 servat
911 1917 1003 1954 iram,

234 1977 265 2005 et
279 1984 297 2004 a
312 1974 373 2004 Deo
388 1973 502 2013 quaerit
518 1971 672 2002 medelam
682 1972 697 2000 ?
720 1971 755 2000 In
775 1970 941 2000 hominem
961 1969 1006 1999 si-

234 2027 344 2057 milem
357 2026 434 2063 sibi,
450 2034 515 2056 non
530 2025 625 2054 babet
639 2023 904 2060 misericordiam,
922 2024 952 2052 et
969 2021 1006 2052 de

234 2080 368 2119 peccatis
381 2079 448 2109 suis
461 2078 668 2118 deprecatur?
682 2077 766 2116 lpse,
781 2086 854 2107 cum
869 2085 942 2106 caro
955 2075 1004 2112 sit,

234 2134 377 2162 reservat
404 2132 484 2161 iram
495 2155 503 2169 ,
532 2134 562 2161 et
591 2130 847 2170 propitiationem
879 2129 955 2168 petit
989 2137 1007 2158 a

234 2184 314 2215 Deo?
328 2196 341 2213 >³
360 2184 398 2215 Et
410 2184 561 2224 quoniam
577 2183 792 2213 misericordia
806 2182 898 2212 debet
913 2191 1004 2212 exce-

234 2238 307 2267 dere
323 2237 487 2274 offensam,
502 2236 571 2266 ideo
586 2235 692 2265 subdit
705 2237 755 2272 (v.
767 2236 801 2274 4)
818 2244 824 2265 :
844 2235 887 2265 Et
900 2235 929 2264 si
941 2243 1007 2273 sep-

235 2290 291 2319 ties
301 2290 480 2328 peccaverit
495 2289 527 2319 z'n
543 2292 587 2326 te,
604 2297 659 2327 per
674 2288 835 2317 laesionem
850 2287 1006 2326 multipli-

234 2351 314 2371 cem.
340 2342 422 2371 Beda
443 2352 448 2371 :
475 2353 489 2369 a
508 2341 591 2371 Solet
614 2340 805 2370 universitas
828 2340 1006 2379 septenario

233 2394 406 2432 designari,
417 2396 543 2432 propter
558 2393 641 2432 quod
655 2393 751 2423 etiam
766 2392 898 2422 dicitur5
912 2403 918 2422 :
933 2392 1007 2431 Sep-

232 2447 291 2476 ties
304 2447 389 2476 enim
401 2446 433 2475 in
444 2445 493 2475 die
506 2445 543 2483 (a)
557 2445 765 2484 caditjustus,
777 2447 807 2475 ct
818 2447 976 2483 resurget.
989 2456 1002 2472 n

232 2498 370 2529 Possunt
385 2500 489 2528 auten]
506 2506 561 2537 per
577 2498 650 2527 istas
668 2500 787 2536 septem
806 2497 890 2527 vices
908 2497 1007 2536 septi—

264 2561 273 2577 ¹
291 2561 361 2590 Gen„
376 2566 481 2589 xxxvii,
498 2563 521 2583 r1.
536 2573 565 2577 —
580 2560 624 2582 ²11
642 2560 765 2589 C01·.,v1‚
783 2561 820 2584 17.
835 2573 864 2577 —
880 2559 888 2573 ³
906 2559 1007 2588 Mami„

232 2597 320 2626 V1‚12,
337 2597 461 2619 14-15.-
475 2595 485 2611 ¹*
497 2595 585 2624 Eccli..
598 2601 690 2623 xxvui,
703 2596 754 2618 2-5.
768 2608 797 2612 —
813 2596 822 2610 ⁵
837 2596 920 2624 Proin,
935 2600 1007 2624 xxiv,

232 2633 271 2654 46.
291 2644 321 2648 —
342 2632 351 2645 ⁶
374 2630 429 2655 toli.
453 2636 476 2660 v,
502 2632 538 2654 19.
559 2643 589 2646 —
614 2630 621 2643 ⁷
645 2630 724 2652 Matth
739 2648 746 2660 ,
770 2636 848 2660 xvux,
873 2631 952 2653 32-33.
977 2643 1007 2646 —

232 2664 241 2677 ⁸
257 2666 355 2696 [izei-li„
369 2672 464 2695 xxxin,
481 2667 516 2689 12.
529 2678 558 2682 —
572 2667 580 2679 ²
591 2665 736 2695 Cbrysost„
748 2665 853 2695 Mutila„
867 2665 938 2689 hom.
953 2671 1005 2689 in.

1050 282 1165 312 formes
1177 282 1284 321 colligi
1295 283 1522 322 tribulationes,
1535 283 1652 323 quibus
1664 282 1734 322 quis
1748 291 1821 322 pro-

1050 335 1175 365 ximum
1196 335 1295 373 laedit,
1319 336 1495 367 seducendo
1517 336 1728 373 intellectum,
1751 344 1820 366 cor-

1050 387 1227 426 rumpendo
1242 388 1402 426 affectum,
1417 389 1588 428 affligendo
1604 397 1729 428 corpuS‚
1747 387 1821 418 sub-

1051 440 1205 470 trahendo
1233 442 1379 480 propria,
1409 441 1596 480 denegando
1619 450 1696 478 sua,
1725 440 1823 470 verbo

1051 492 1194 523 laedendo
1208 494 1339 532 samam,
1355 496 1385 524 et
1397 495 1542 534 exemplo
1556 494 1696 524 vitiando
1710 494 1820 524 vitam.

1051 545 1093 576 Dc
1108 546 1225 585 quibus
1240 546 1353 577 dicitur
1365 547 1375 562 ⁰
1392 558 1399 577 :
1420 558 1433 574 «
1446 546 1481 577 In
1496 556 1552 577 sex
1566 546 1824 577 tribulationibus

1051 599 1197 629 liberabit
1212 602 1258 637 te,
1276 601 1306 630 et
1320 600 1352 629 in
1364 600 1497 639 septima
1512 609 1576 630 non
1589 601 1701 638 tanget
1715 601 1745 629 te
1761 607 1826 629 ma-

1051 652 1131 682 lum.
1152 663 1166 680 1)
1191 652 1265 682 llaec
1288 653 1396 682 omnia
1417 652 1604 683 dimittenda
1625 654 1700 682 sunt
1723 651 1826 691 pomi«

1052 705 1145 743 tenti;
1174 707 1342 745 propterca
1367 705 1451 735 addit
1476 716 1483 736 z
1512 705 1557 736 Et
1581 705 1693 744 septies
1718 704 1752 734 in
1777 703 1828 734 die

1053 766 1219 788 conuersus
1234 759 1337 797 suerit
1351 757 1396 788 acl
1409 762 1452 795 te,
1469 757 1586 788 dicens.
1608 758 1745 788 Paenitet
1758 765 1826 794 me,

1054 820 1109 850 per
1125 811 1296 841 mentalem
1315 811 1607 851 compunctionen1;
1623 810 1747 841 dimitte
1763 809 1826 847 illi,

1054 873 1110 903 per
1126 863 1361 894 misericordem
1382 863 1644 893 condonationem
1663 874 1670 893 :
1691 872 1733 893 ne
1751 862 1831 893 forte

1055 917 1179 947 dicatur
1195 916 1251 946 tibi
1267 916 1344 946 illud
1356 939 1364 952 ‚
1381 915 1466 955 quod
1482 915 1598 946 dictum
1616 918 1662 946 est
1675 924 1767 945 servo
1780 923 1832 946 ne-

1056 972 1172 1008 quam⁷
1189 980 1195 1000 z
1215 981 1229 998 α
1243 968 1338 1000 Serve
1354 977 1508 1008 nequam,
1525 977 1620 999 omne
1633 967 1775 998 debitum
1788 967 1832 998 di-

1056 1022 1127 1052 misi
1144 1022 1216 1059 tibi,
1236 1022 1387 1061 quoniam
1404 1021 1525 1059 rogasti
1544 1030 1610 1059 me;
1631 1029 1738 1051 nonne
1755 1028 1833 1058 ergo

1057 1076 1197 1116 oportuit
1212 1077 1243 1106 et
1257 1078 1287 1106 te
1302 1075 1448 1105 misereri
1464 1075 1607 1104 conservi
1627 1074 1690 1111 tui,
1707 1073 1788 1103 sicut
1803 1074 1834 1102 et

1057 1138 1118 1168 ego
1139 1128 1185 1158 tui
1206 1129 1354 1158 misertus
1375 1137 1447 1157 sum
1467 1128 1482 1156 ‘t
1499 1138 1514 1155 n
1542 1126 1629 1157 Sicut
1651 1134 1729 1164 ergo
1751 1124 1834 1155 Deus

1057 1182 1145 1212 omni
1166 1182 1284 1220 petenti
1303 1181 1430 1211 veniam
1451 1180 1577 1218 tribuit,
1598 1178 1773 1209 secundum
1794 1177 1833 1208 il-

1056 1234 1111 1264 lud
1124 1237 1133 1253 ⁸
1152 1245 1158 1264 :
1179 1246 1193 1262 (ι
1212 1234 1359 1273 Impietas
1379 1233 1469 1272 impii
1493 1242 1558 1263 non
1581 1232 1706 1262 nocebit
1731 1231 1776 1269 ei,
1801 1230 1836 1260 in

1058 1296 1260 1326 quacumque
1281 1287 1332 1316 die
1353 1294 1526 1316 conversus
1548 1285 1684 1323 suerit‚n
1704 1286 1763 1314 etc.
1785 1282 1836 1313 Sic

1058 1342 1089 1370 et
1099 1349 1156 1370 nos
1167 1340 1319 1370 debemus
1337 1338 1500 1378 poenitenti
1515 1338 1691 1368 dimittere:
1707 1335 1836 1375 ponitur

1059 1393 1144 1423 enim
1159 1393 1211 1422 hic
1227 1401 1381 1422 numerus
1396 1391 1504 1421 finitus
1519 1399 1576 1430 pro
1594 1388 1730 1420 infinito.
1748 1387 1837 1419 Unde

1059 1445 1302 1484 Chrysostomus
1313 1444 1323 1460 ⁹
1337 1455 1342 1474 :
1362 1456 1375 1472 a
1384 1444 1421 1474 Et
1432 1444 1457 1473 si
1469 1443 1652 1482 septuagies
1665 1441 1780 1481 septies
1793 1440 1837 1471 di-

1059 1497 1198 1534 miseris,
1217 1499 1286 1527 tum
1308 1497 1387 1527 sicut
1407 1499 1500 1535 gutta
1521 1505 1611 1535 aquae
1632 1495 1670 1525 ad
1690 1494 1835 1534 pelagus,

1059 1551 1113 1588 ita⁷
1122 1551 1187 1580 imo
1200 1550 1299 1580 multo
1309 1550 1413 1588 magis
1421 1549 1544 1579 deficiat
1555 1552 1609 1579 tua
1616 1547 1808 1587 φιλαινῠρωπῖα
1817 1546 1838 1564 ¹⁰

1060 1604 1097 1633 ad
1108 1603 1265 1633 infinitam
1276 1603 1449 1632 bonitatem
1459 1602 1524 1632 Dei.
1532 1612 1546 1629 n
1558 1601 1676 1631 Debent
1685 1609 1762 1639 ergo
1771 1609 1838 1630 om-

1060 1666 1116 1686 nes
1132 1656 1262 1686 ostensae
1281 1657 1547 1694 quantaecumque
1562 1656 1593 1684 et
1608 1655 1835 1694 quotcumque,

1060 1712 1091 1740 et
1105 1709 1390 1748 quandocumque,
1408 1710 1437 1737 et
1454 1708 1486 1737 in
1502 1716 1757 1747 quemcumque,
1775 1709 1805 1737 et
1819 1716 1838 1736 a

1061 1771 1264 1802 quocumque
1275 1762 1364 1791 sactze
1378 1761 1506 1798 suerint,
1522 1760 1637 1790 dimitti
1649 1783 1656 1796 ‚
1670 1759 1696 1789 si
1710 1758 1838 1790 humili-

1061 1818 1109 1845 ter
1120 1824 1174 1854 per
1187 1824 1296 1845 veram
1310 1813 1528 1853 poenitentiam
1540 1813 1633 1843 venia
1647 1812 1836 1851 postulatur.

1062 1868 1157 1898 Debet
1170 1867 1266 1897 etiam
1281 1865 1483 1906 persequenti
1499 1865 1621 1895 offensa
1632 1864 1770 1902 remitti;
1784 1864 1839 1895 sed

1062 1920 1152 1950 aliter
1163 1920 1291 1958 petenti,
1304 1919 1394 1949 aliter
1406 1918 1617 1958 persequenti.
1630 1917 1720 1948 Unde
1731 1917 1840 1948 Glossa

1062 1971 1153 2002 Bedae
1173 1983 1178 2002 :
1202 1971 1327 2001 «Aliter
1344 1971 1432 2001 tratri
1451 1971 1586 2010 petenti,
1602 1970 1692 2000 aliter
1712 1969 1839 2000 inimico

1062 2024 1263 2064 persequenti
1284 2024 1411 2054 veniam
1431 2023 1506 2053 (lare
1526 2023 1732 2062 praecipimur
1750 2031 1758 2052 z
1774 2022 1837 2053 fra-

1063 2078 1103 2107 tri
1112 2102 1120 2115 ‚
1135 2087 1282 2108 concessa
1292 2077 1488 2113 remissione,
1501 2076 1584 2106 socia
1594 2076 1745 2106 charitate
1757 2084 1840 2106 com-

1063 2130 1285 2167 municamus;
1306 2128 1501 2169 persecutori
1525 2128 1645 2158 malum
1665 2127 1758 2158 nobis
1781 2136 1837 2158 vo·

1062 2182 1154 2220 lenti,
1177 2183 1246 2220 vel,
1272 2182 1299 2212 si
1326 2183 1446 2222 potest⁷
1472 2181 1564 2211 nobis
1589 2180 1729 2218 facienti,
1756 2180 1839 2210 bona

1064 2236 1227 2267 voluntate
1241 2236 1394 2266 faciamus
1409 2234 1493 2273 quod
1504 2242 1685 2274 possumus.
1698 2243 1713 2261 n
1726 2231 1765 2262 Et
1778 2233 1838 2264 hoc

1063 2289 1209 2328 exemplo
1225 2288 1357 2326 Christi,
1368 2288 1406 2318 de
1419 2297 1484 2327 quo
1497 2287 1580 2316 infra
1590 2287 1610 2303 ¹¹
1625 2297 1632 2316 :
1647 2285 1778 2324 «Pater,
1794 2286 1839 2317 di-

1065 2342 1153 2371 mitte
1177 2342 1252 2379 11115,
1273 2351 1338 2371 non
1354 2341 1439 2371 enim
1456 2340 1559 2370 sciunt
1574 2339 1652 2378 quid
1670 2339 1804 2376 iaciunt3
1819 2349 1834 2367 »

1063 2395 1210 2434 exemplo
1226 2394 1341 2431 David⁷
1366 2393 1420 2433 qui
1437 2393 1559 2423 dicebat
1577 2393 1597 2410 ¹²
1613 2402 1620 2421 ι
1642 2403 1656 2420 <1
1671 2391 1704 2422 Si
1719 2390 1839 2421 reddidi

1063 2447 1309 2477 retribuentibus
1334 2446 1414 2476 mihi
1438 2445 1536 2481 mala⁷
1556 2456 1570 2472 »
1598 2446 1669 2481 etc.;
1695 2442 1840 2482 exemplo

1063 2500 1306 2538 protomartyris
1327 2498 1493 2538 Stephani,
1509 2497 1548 2527 de
1572 2505 1635 2536 quo
1659 2496 1774 2526 dicitur
1789 2495 1812 2514 ¹⁸
1830 2506 1837 2525 ι

1064 2555 1094 2577 al.
1117 2561 1183 2584 Lxu,
1199 2564 1225 2579 n.
1249 2558 1268 2579 1.
1284 2570 1315 2573 —
1336 2556 1354 2571 ¹⁰
1376 2554 1561 2586 (l‘t),oe10poe71t'a‚
1579 2553 1604 2576 id
1622 2554 1668 2583 est,
1682 2551 1839 2583 humanitas,

1064 2590 1223 2620 benignitas,
1239 2598 1283 2614 seu
1299 2590 1483 2614 misericordia.
1503 2602 1532 2606 —
1554 2589 1572 2605 ¹¹
1588 2588 1646 2618 lut,
1662 2593 1742 2618 xxm,
1757 2590 1796 2614 34.
1809 2601 1840 2607 —

1065 2626 1085 2641 ¹2
1098 2626 1164 2649 Μαί.
1185 2632 1229 2657 vn,
1246 2628 1267 2649 ὅ,
1284 2640 1314 2644 -
1331 2627 1350 2642 ¹³
1363 2627 1428 2655 Act„
1445 2631 1495 2655 vu,
1511 2626 1549 2648 59.

1097 2666 1128 2695 (ιι)
1151 2665 1221 2696 Vuty.
1237 2674 1283 2689 non
1299 2665 1372 2690 habet
1386 2665 1412 2689 in
1427 2664 1476 2688 die.
