1987 3032
80 656 171 682 Lingua.

184 212 222 240 44

180 275 352 312 naturalis,
377 277 408 305 et
428 274 695 314 supernaturalis,
713 273 809 303 simul
824 272 951 303 afflietio

182 329 367 366 intrinseca,
384 330 414 358 et
429 327 606 358 extrinseca
617 350 624 364 ‚
642 326 738 357 simul
754 328 784 356 et
805 324 949 366 propria,
960 322 967 328 ”

182 384 212 412 et
226 381 343 419 aliena,
362 382 399 412 ut
412 381 456 410 sic
471 380 640 419 impleatur
656 379 732 409 illud
747 383 754 398 ¹
769 390 775 409 :
797 390 811 407 α
825 378 952 416 Pugna·

181 433 228 464 bit
242 443 315 464 cum
331 433 383 463 illo
399 433 483 463 orbis
498 434 657 462 terrarum
676 433 785 461 contra
809 431 950 461 insensa-

182 488 230 517 tos
247 497 254 517 :
270 498 285 515 ι)
303 495 380 518 vera
394 494 533 525 namque
553 485 684 515 flamma
701 484 869 521 adurebat,
886 483 952 514 lin-

185 550 251 580 gua
258 541 353 571 etiam
360 539 551 578 imaginaria
559 540 590 569 et
598 537 794 578 phantastica
803 537 837 567 in
847 537 953 567 anima

186 593 292 625 divitis
320 592 478 623 adustioni
502 592 545 621 illi
575 591 751 621 fomentum
777 590 951 629 praebebat.

188 646 289 685 Magis
303 648 410 676 autem
427 643 587 684 expressio
602 643 638 673 fit
658 643 697 673 de
711 643 842 681 lingua,
857 651 954 682 quam

186 699 223 730 de
238 699 299 729 alio
322 698 464 729 membro
479 696 563 737 quod
577 697 737 727 cruciatur
755 698 785 726 et
800 695 954 734 affligitur

186 752 219 782 in
244 751 384 788 inferno,
409 750 484 790 quia
507 751 575 790 ipsa
599 750 634 780 in
653 749 753 788 culpis
774 750 839 786 est,
863 749 954 788 quasi

186 804 284 835 fomes
294 804 387 834 totius
398 804 573 843 iniquitatis
582 804 592 819 ²
605 814 611 832 z
630 802 779 840 «Lingua
793 801 954 831 modicum

185 857 314 897 quidem
330 858 512 887 membrum
532 858 595 893 est,
616 857 647 886 et
667 864 788 893 magna
811 854 929 884 exaltat
946 864 953 883 ι

185 919 255 940 ecce
276 911 413 949 quantus
434 909 519 948 ignis
540 918 637 948 quam
660 916 814 946 magnam
840 907 954 937 silvam

185 963 340 993 incendit!
366 962 404 992 Et
427 962 541 1000 lingua
565 961 649 999 ignis
673 962 738 998 est,
763 959 955 990 universitas

185 1014 369 1054 iniquitatis
384 1013 511 1053 Lingua
530 1013 734 1044 constituitur
748 1013 782 1042 in
804 1012 955 1042 membris

185 1067 311 1103 nostris,
333 1076 405 1106 quae
420 1066 557 1096 maculat
572 1068 674 1096 totum
695 1074 824 1104 corpuS,
851 1066 882 1094 et
904 1064 953 1094 in-

186 1122 329 1152 flammat
338 1123 440 1151 rotam
448 1119 621 1150 nativitatis
629 1120 745 1149 nostrae
758 1118 956 1148 inflammata

186 1183 205 1204 a
237 1174 396 1212 gehenna.
431 1173 539 1204 Omnis
571 1172 657 1202 enim
692 1173 808 1201 natura
845 1170 956 1201 bestia-

185 1236 271 1264 rum,
283 1228 341 1257 etc.
357 1226 537 1256 domantur.
553 1236 567 1253 »
581 1224 732 1264 Sequitur
746 1234 752 1254 :
770 1235 784 1252 α
795 1223 955 1263 Linguam

186 1282 292 1310 autem
308 1279 414 1309 nullus
428 1279 598 1309 hominum
614 1278 743 1308 domare
764 1279 882 1316 potest⁷
906 1277 953 1306 in-

186 1333 330 1372 quietum
351 1332 491 1368 malum,
514 1331 608 1370 plena
632 1331 672 1367 (a)
697 1338 821 1361 veneno
843 1329 953 1359 morti-

184 1386 262 1416 fero.
278 1396 292 1413 »

225 1438 289 1469 Hoc
304 1439 411 1468 autem
426 1436 552 1472 dieitur,
574 1435 651 1474 quia
673 1435 739 1474 ipsa
759 1434 872 1473 lingua
895 1434 956 1464 im-

185 1492 309 1531 pugnat
341 1490 483 1521 divinam
518 1489 734 1527 majestatem,
768 1488 952 1525 veritatem,

185 1544 358 1575 bonitatem
369 1567 376 1581 ‚
393 1543 538 1573 mutuam
551 1541 748 1578 charitatem,
765 1542 795 1570 et
810 1541 954 1570 omnium

185 1605 310 1628 morum
330 1596 539 1626 honestatem.
562 1593 736 1632 Impugnat
757 1596 784 1623 1.
804 1594 956 1632 majesta-

186 1653 249 1681 tem
269 1659 325 1689 per
344 1649 440 1680 verba
461 1648 623 1688 jactantiae
641 1648 651 1664 ⁸
675 1658 682 1678 ε
700 1647 758 1683 Qui
781 1647 930 1678 dixerunt
947 1657 954 1677 ι

192 1715 206 1732 «
221 1703 380 1741 Linguam
396 1703 536 1732 nostram
553 1700 846 1739 magnificabimus,
862 1712 875 1728 »
895 1703 953 1730 etc.

188 1756 260 1786 Ideo
270 1754 434 1795 praemittit
444 1754 487 1784 ibi
501 1764 507 1783 :
525 1765 539 1782 «
550 1753 711 1792 Disperdat
721 1752 872 1783 Dominus
883 1753 955 1783 uni-

187 1817 279 1840 versa
303 1808 387 1838 labia
410 1807 533 1844 dolosa,
560 1808 591 1836 et
616 1806 762 1844 linguam
795 1806 955 1844 magnilo-

188 1870 297 1901 quam.
323 1871 337 1888 »
367 1860 446 1890 ltem
470 1869 526 1899 per
554 1860 651 1889 verba
682 1858 887 1897 blasphemiae
913 1862 922 1877 ⁸
947 1869 953 1888 ;

190 1926 205 1943 «
221 1913 571 1944 Commanducaverunt
589 1911 716 1950 linguas
729 1920 801 1941 suas
818 1920 884 1950 prae
899 1911 955 1941 do-

188 1966 269 2003 lore,
294 1968 325 1995 et
350 1965 653 2004 blasphemaverunt
675 1963 785 1994 Deum.
813 1974 827 1991 »
854 1963 892 1993 Et
913 1966 923 1981 ⁵
947 1974 953 1994 :

192 2030 207 2048 α
221 2019 382 2057 Linguam
396 2017 485 2056 impii
505 2016 666 2047 Nicanoris
687 2016 850 2056 praecisam
862 2017 957 2055 jussit

190 2071 403 2111 particulatim
419 2070 532 2100 avibus
546 2069 612 2100 dari
628 2079 634 2099 z
649 2080 663 2096 n
682 2068 958 2108 blasphemaverat

190 2125 288 2155 enim.
304 2126 334 2154 ⁰2.
355 2123 541 2159 Veritatem,
555 2131 611 2161 per
626 2122 723 2153 verba
738 2122 905 2152 mendacia
919 2126 929 2141 ⁰³
949 2133 955 2153 :

195 2188 209 2205 a
222 2176 349 2215 Lingua
370 2175 465 2205 fallax
483 2183 548 2205 non
563 2176 649 2204 amat
669 2174 851 2212 veritatem,
873 2177 904 2205 et
924 2184 959 2205 os

191 2229 350 2260 lubricum
362 2229 512 2268 operatur
524 2227 635 2257 minas.
652 2237 666 2255 ι)
683 2227 693 2243 ⁷
712 2239 726 2256 «
740 2226 959 2257 Extenderunt

190 2283 336 2321 linguam
346 2290 436 2312 suam
448 2281 539 2321 quasi
552 2289 662 2311 arcum
674 2281 839 2317 mendacii,
854 2283 883 2311 et
895 2290 959 2311 non

190 2334 343 2367 veritatis.
364 2345 378 2362 >³
403 2334 441 2365 Et
464 2336 533 2373 post
551 2345 557 2364 :
578 2345 593 2363 a
613 2334 793 2365 Docuerunt
815 2333 959 2372 linguam

191 2396 282 2419 suam
303 2387 391 2427 loqui
414 2387 631 2425 mendacium,
654 2398 669 2415 n
695 2388 755 2418 etc.
771 2386 782 2402 ⁸
807 2397 821 2415 a
836 2386 959 2417 Dilexe—

225 2484 318 2514 'Sap.,
335 2489 359 2513 v,
377 2485 414 2507 2¹.
430 2496 460 2500 —
478 2483 488 2498 ²
505 2484 571 2513 Jac.‚
591 2489 634 2512 111,
651 2485 700 2507 5-8.
718 2496 748 2501 —-
769 2484 777 2497 ³
798 2483 864 2507 Psal.
880 2489 920 2513 Χῖ,
936 2484 960 2513 5,

192 2521 215 2543 4.
234 2532 264 2537 --
288 2519 296 2532 ⁴
317 2519 402 2549 Apoc.‚
426 2524 485 2547 xv1,
508 2520 545 2541 ¹0.
570 2531 596 2535 —
622 2519 632 2534 ⁵
653 2519 672 2541 ll
695 2518 785 2549 Mach„
808 2524 850 2548 XV,
871 2520 910 2542 33.
930 2530 961 2535 -

192 2556 201 2567 ⁴³
218 2554 302 2582 Prov„
322 2559 395 2583 xxw,
415 2554 454 2576 28.
470 2566 500 2570 -
517 2554 527 2570 '¹
545 2553 645 2581 Jerem„
666 2559 706 2582 1x,
726 2556 752 2582 3,
768 2555 791 2577 5.
811 2566 841 2570 -
862 2555 870 2567 ⁵
893 2553 961 2576 Psal.

193 2594 296 2619 xxxvii,
311 2589 340 2612 36
364 2600 396 2606 —-
409 2588 418 2602 ⁹
434 2587 502 2611 Psal.
524 2594 561 2618 Lu,
581 2589 604 2611 4.
616 2601 647 2606 —
667 2589 685 2605 ¹⁰
702 2588 769 2612 Psal.
791 2594 864 2617 xux,
882 2589 918 2612 19.
931 2601 962 2606 —

196 2624 213 2639 ¹²
228 2624 318 2654 Eccli.‚
335 2629 359 2654 v,
376 2626 414 2648 Η.
430 2636 460 2641 —
480 2623 496 2637 '²
515 2623 599 2652 Prov.,
619 2629 657 2654 vr,
676 2624 714 2647 24.
733 2636 759 2640 —
781 2624 798 2640 ⁸⁸
813 2624 902 2653 Eccli„
917 2631 962 2654 xx,

197 2659 233 2683 ¹8.
256 2671 285 2676 —
309 2659 327 2675 ’Β
353 2660 435 2688 Pron„
462 2664 556 2689 xxvm,
580 2659 618 2683 23.
640 2672 669 2677 —
695 2659 714 2676 ¹⁶
739 2659 807 2690 Sap„
830 2666 854 2688 1,
876 2661 912 2684 1¹.
932 2672 962 2677 -

729 205 940 237 EVANGELII
963 204 1103 236 SANCTI
1126 204 1238 235 LUCAE

1008 273 1083 302 runt
1096 280 1170 302 eum
1186 272 1220 301 in
1232 281 1304 311 ore,
1320 284 1334 301 υ
1353 275 1410 303 etc.
1431 273 1441 288 ⁹
1461 284 1474 301 a
1489 272 1567 303 Tota
1581 272 1631 302 die
1648 271 1774 310 injusti-

1008 325 1085 354 tiam
1107 325 1258 363 cogitavit
1284 325 1394 364 lingua
1420 328 1488 362 t11a3
1516 325 1597 355 sicut
1620 323 1777 354 novacula

1008 379 1117 414 acuta,
1139 378 1237 407 fecisti
1252 378 1371 408 dolum.
1389 389 1403 405 »
1423 378 1460 408 Et
1476 378 1590 408 iterum
1610 377 1629 394 ¹⁰
1645 387 1650 406 :
1674 388 1687 405 α
1703 375 1776 406 Lin-

1010 439 1076 468 gua
1087 432 1141 460 tua
1150 431 1357 460 concinnabat
1368 431 1464 460 dolos.
1477 442 1491 458 »
1505 430 1541 460 Et
1553 431 1570 446 ¹¹
1585 441 1613 460 2«
1623 429 1692 460 Non
1705 438 1778 459 ven-

1011 482 1077 512 tiles
1099 485 1128 512 te
1151 483 1183 512 in
1208 492 1336 513 omnem
1360 485 1510 519 ventum,
1535 485 1565 512 et
1587 491 1652 512 non
1671 490 1724 512 eas
1744 481 1777 512 in

1009 544 1136 565 omnem
1152 536 1237 565 viam
1256 547 1262 565 :
1280 536 1322 565 sic
1337 536 1421 565 enim
1437 536 1540 565 omnis
1554 537 1696 574 peccator
1710 544 1779 574 pro—

1010 587 1104 616 batur
1120 586 1151 616 in
1166 586 1283 625 duplici
1298 586 1423 624 lingua.
1440 597 1454 614 »
1476 589 1504 616 3.
1517 585 1706 623 Bonitatem,
1722 595 1778 625 per

1010 640 1107 670 verba
1128 639 1322 669 blandientia
1341 649 1347 667 ι
1375 639 1395 654 ¹²
1413 650 1427 666 «
1446 638 1484 668 Ut
1506 638 1684 669 custodiant
1710 641 1740 669 te
1762 649 1781 670 a

1012 692 1142 722 muliere
1150 691 1245 729 mala,
1261 693 1290 721 et
1299 700 1317 721 a
1330 691 1444 721 blanda
1454 691 1566 730 lingua
1579 693 1750 722 extraneae.
1762 703 1776 720 ι)

1012 744 1049 775 Et
1063 745 1083 761 ¹³
1100 756 1106 774 ε
1129 756 1143 772 α
1157 744 1256 774 Fatuo
1276 752 1340 773 non
1356 744 1415 773 erit
1430 744 1566 780 amicus,
1591 745 1620 774 et
1635 753 1699 774 non
1723 745 1782 774 erit

1012 797 1157 836 gratiain
1172 797 1264 827 bonis
1275 796 1369 827 illius.
1385 796 1443 833 Qui
1456 797 1540 826 enim
1556 796 1653 826 edunt
1667 806 1780 836 panem

1012 850 1114 888 illius,
1132 850 1217 879 salsae
1238 849 1358 888 linguae
1374 851 1458 879 sunt.
1476 861 1490 877 »
1509 848 1529 865 ¹‘
1548 861 1562 878 «
1577 849 1635 886 Qui
1653 850 1782 889 corripit

1012 903 1186 940 hominem,
1198 902 1335 941 gratiam
1342 902 1597 941 posteainveniet
1605 902 1780 942 apudeum,

1012 955 1117 994 magis
1125 964 1221 995 quam
1235 955 1285 985 ille
1299 955 1353 994 qui
1364 964 1420 994 per
1431 955 1554 994 linguae
1566 955 1782 986 blandimenta

1012 1009 1135 1048 decipit.
1160 1020 1174 1037 υ
1201 1008 1278 1038 Item
1306 1017 1361 1047 per
1380 1008 1484 1039 verba
1508 1008 1707 1039 detrahentia
1732 1008 1752 1024 ¹⁵
1774 1019 1781 1038 ε

1017 1074 1031 1091 (ι
1047 1062 1204 1092 Custodite
1219 1070 1275 1093 vos
1291 1071 1309 1092 a
1324 1063 1594 1100 murmuratione,
1617 1070 1689 1101 quae
1706 1061 1785 1092 nihil

1012 1115 1155 1154 prodest,
1176 1116 1207 1146 et
1221 1125 1240 1145 a
1258 1115 1451 1145 detractione
1471 1115 1590 1155 parcite
1616 1115 1750 1154 linguae.
1766 1125 1780 1144 n

1012 1167 1050 1198 Et
1067 1168 1088 1184 ¹⁶
1104 1179 1111 1198 ι
1127 1180 1140 1196 <1
1157 1167 1229 1207 Sepi
1245 1177 1338 1199 aures
1356 1170 1426 1198 tuas
1441 1168 1558 1208 spinis,
1574 1167 1721 1207 linguam
1735 1177 1787 1199 ne-

1012 1230 1108 1260 quam
1119 1221 1184 1251 noli
1195 1221 1303 1251 audire
1315 1221 1544 1252 detrahentem.
1556 1232 1570 1249 n
1586 1221 1624 1251 Et
1634 1220 1654 1238 ¹⁷
1669 1232 1675 1251 :
1688 1220 1786 1252 «Ven-

1012 1276 1065 1303 tus
1078 1274 1188 1313 aquilo
1203 1274 1332 1313 dissipat
1342 1274 1479 1314 pluvias,
1490 1274 1722 1305 etsaciestristis
1729 1274 1788 1305 lin-

1013 1336 1113 1364 guam
1124 1327 1353 1357 detrahentem.
1368 1338 1382 1355 »
1395 1327 1416 1344 ¹¹³
1433 1338 1447 1356 «
1459 1327 1536 1357 Cum
1547 1327 1640 1358 dulce
1650 1327 1788 1358 fueritin

1012 1388 1069 1409 ore
1085 1381 1153 1419 ejus
1169 1379 1289 1410 malum
1298 1402 1308 1417 ,
1324 1379 1494 1410 abscondet
1509 1380 1586 1410 illud
1602 1380 1788 1419 sublingua

1013 1441 1081 1462 sua.
1101 1442 1115 1460 υ
1140 1435 1170 1462 4.
1188 1431 1332 1462 Mutuatn
1348 1433 1551 1470 charitatem,
1566 1442 1622 1472 per
1640 1433 1738 1464 verba
1751 1433 1789 1463 li-

1012 1485 1147 1523 tigantia
1158 1484 1179 1501 ¹⁹
1192 1484 1378 1524 :«Proteges
1389 1494 1442 1515 cos
1459 1486 1491 1515 in
1508 1486 1710 1516 tabernaculo
1720 1488 1786 1524 tuo,

1012 1548 1030 1568 a
1041 1538 1283 1569 contradictione
1304 1539 1526 1577 linguarum.»
1540 1540 1562 1557 ²⁰
1577 1551 1590 1567 (ι
1601 1538 1669 1569 Non
1682 1539 1789 1577 litiges

1012 1601 1086 1622 cum
1099 1591 1230 1621 homine
1240 1591 1399 1630 linguato,
1409 1595 1439 1622 et
1448 1601 1512 1622 non
1524 1594 1626 1622 strues
1637 1592 1789 1631 inignem

1012 1644 1097 1674 illius
1112 1644 1211 1682 ligna.
1225 1655 1239 1672 2>
1259 1644 1328 1674 Et²¹
1345 1655 1373 1675 2«
1385 1644 1453 1675 Noli
1469 1645 1583 1675 citatus
1599 1654 1666 1675 esse
1680 1645 1712 1675 in
1728 1645 1785 1676 lin-

1013 1706 1079 1735 gua
1102 1699 1166 1727 tua.
1183 1708 1196 1725 »
1216 1697 1293 1727 Item
1317 1707 1372 1737 per
1396 1698 1493 1728 verba
1518 1698 1721 1737 provocantia
1735 1701 1758 1718 ²²
1777 1709 1784 1729 :

1017 1749 1113 1780 «Filii
1128 1750 1314 1788 hominum,
1334 1750 1442 1780 dentes
1457 1759 1569 1781 eorum
1585 1760 1674 1781 arma
1689 1754 1719 1781 et
1735 1760 1786 1782 sa-

1014 1803 1103 1841 gittae
1112 1826 1120 1841 ,
1147 1805 1177 1833 et
1201 1803 1313 1842 lingua
1336 1812 1448 1833 eorum
1476 1803 1603 1842 gladius
1629 1806 1752 1834 acutus.
1767 1815 1782 1832 )>

1014 1856 1050 1886 Et
1063 1856 1085 1872 ²³
1098 1865 1129 1886 :«
1140 1855 1263 1894 Sagitta
1277 1855 1451 1887 vulnerans
1466 1856 1579 1895 lingua
1594 1865 1715 1895 eorum,
1733 1857 1786 1887 do-

1012 1907 1079 1937 lum
1092 1908 1225 1938 locuta.»
1238 1908 1259 1924 2⁶
1274 1920 1287 1936 «
1300 1909 1462 1938 Acuerunt
1476 1908 1605 1947 linguas
1619 1918 1692 1939 suas
1707 1909 1787 1940 sicut

1016 1963 1212 2000 serpentes.»
1232 1964 1261 1991 5.
1278 1961 1411 1991 Omnem
1428 1970 1555 1992 morum
1570 1963 1784 2000 honestatem,

1012 2023 1068 2053 per
1078 2014 1175 2043 verba
1185 2013 1345 2052 impudica
1354 2014 1375 2032 ²⁵
1386 2023 1415 2044 ια
1426 2013 1577 2044 Liberasti
1586 2024 1636 2045 me
1647 2015 1786 2054 alingua

1014 2066 1232 2106 coinquinata,
1246 2069 1277 2096 et
1288 2076 1307 2096 a
1323 2067 1421 2098 verbo
1437 2067 1603 2098 mendacii.
1618 2079 1631 2096 »
1647 2071 1669 2087 ’θ
1686 2079 1701 2097 (ι
1716 2068 1787 2098 Lin-

1016 2129 1082 2158 gua
1101 2120 1302 2150 constituitur
1322 2120 1356 2149 in
1377 2120 1528 2149 membris
1554 2121 1686 2158 nostris,
1711 2130 1785 2160 quae

1014 2173 1152 2203 maculat
1168 2174 1271 2202 totum
1287 2181 1418 2211 corpus,
1434 2174 1464 2202 et
1479 2173 1672 2211 inflammat,
1689 2183 1703 2201 n
1722 2176 1781 2204 etc.

1016 2226 1107 2263 Item,
1124 2235 1180 2265 per
1195 2225 1293 2256 verba
1310 2225 1507 2255 infructuosa
1516 2226 1537 2241 ²⁷
1556 2236 1584 2255 z«
1597 2225 1628 2255 Si
1644 2226 1715 2265 quis
1731 2236 1787 2266 pu-

1014 2281 1059 2310 tat
1081 2288 1114 2309 sc
1137 2278 1325 2317 religiosum
1346 2287 1429 2315 esse,
1454 2287 1518 2308 non
1540 2278 1702 2309 refrenans
1722 2279 1784 2311 lin-

1015 2341 1113 2371 guam
1129 2340 1236 2369 suam,
1251 2342 1265 2359 »
1280 2332 1337 2360 etc.
1355 2330 1392 2361 Et
1402 2331 1424 2349 ’Β
1437 2340 1465 2361 :«
1477 2331 1553 2367 Quis
1568 2333 1614 2361 est
1629 2332 1715 2362 enim
1730 2333 1786 2372 qui

1014 2394 1079 2416 non
1105 2384 1268 2424 deliquerit
1294 2383 1407 2423 lingua
1427 2393 1484 2414 sua
1499 2385 1514 2414 ’ἶ
1529 2395 1543 2412 »
1571 2386 1630 2415 etc.
1656 2386 1691 2415 Et
1714 2385 1784 2416 ideo

1017 2471 1034 2484 ¹⁶
1050 2469 1136 2499 Ecclz'.⁷
1156 2474 1251 2498 xxvm,
1272 2470 1311 2493 28.
1325 2481 1356 2485 —
1376 2469 1393 2485 ¹⁷
1409 2469 1491 2496 Prov..
1512 2474 1572 2497 xxv,
1592 2470 1630 2492 23.
1649 2481 1680 2486 -
1700 2469 1785 2499 ¹⁸Job,

1017 2504 1201 2533 xx,12.—-¹'⁴'
1221 2503 1374 2533 Psal.‚xxx‚
1390 2505 1427 2527 21.
1443 2516 1473 2521 —
1491 2504 1510 2520 ²⁰
1528 2503 1618 2531 Ecclz·.,
1638 2509 1698 2534 vm,
1716 2506 1740 2528 4.
1755 2518 1786 2522 —

1017 2541 1033 2554 ²¹
1051 2539 1124 2568 lbid.‚
1140 2545 1175 2567 w,
1188 2540 1227 2562 132.
1244 2552 1274 2556 —
1289 2539 1308 2554 ²²
1322 2539 1388 2561 Psal.
1406 2544 1456 2568 Lvr,
1473 2540 1495 2562 5.
1513 2552 1539 2555 —
1555 2539 1576 2554 ²³
1589 2539 1688 2567 levem..
1709 2545 1744 2569 tx,
1760 2541 1784 2564 8.

1018 2588 1045 2592 -
1064 2575 1083 2590 ²⁶
1098 2573 1166 2597 Psal.
1181 2579 1293 2603 cxxxnr,
1309 2575 1330 2597 4.
1346 2585 1376 2591 ——
1393 2574 1412 2590 ²⁵
1426 2574 1515 2603 Eccli.,
1539 2579 1578 2603 LI,
1600 2574 1621 2597 7.
1640 2587 1666 2591 —
1682 2574 1702 2590 ²⁸
1720 2575 1783 2603 lac„

1017 2615 1056 2640 111,
1070 2611 1092 2633 ὃ.
1108 2622 1138 2627 -
1155 2610 1174 2625 ²⁷
1189 2610 1250 2638 dac„
1267 2614 1284 2638 1,
1302 2610 1341 2633 26.
1356 2621 1387 2627 -
1401 2609 1421 2625 ²⁸
1435 2608 1524 2639 Eccli„
1539 2614 1594 2632 x1x.
1610 2610 1647 2632 Π.

1050 2658 1083 2687 (a)
1100 2657 1161 2682 Caet.
1177 2656 1240 2680 adit.
1256 2656 1313 2680 add.
1329 2658 1374 2681 est.
