1987 3032
89 1886 160 1905 Causa

75 1921 146 1936 exem<

70 1945 145 1972 pluris.

734 238 941 270 EXPOSlTIO
964 239 1002 270 ΙΝ
1025 239 1109 270 CAP.
1133 239 1155 269 Ι.

148 306 215 335 hoc.
238 309 270 335 Et
293 308 372 335 idem
386 307 394 322 ¹
420 315 426 333 :
451 316 464 331 α
478 306 544 340 Ejus
567 306 677 333 unitate
695 305 790 332 omnis
809 305 917 332 modus

147 353 255 380 sistitur
264 354 312 388 (a),
323 353 385 387 ejus
395 352 536 387 sapientia
546 351 641 378 omnis
656 351 844 386 pulchritudo
858 350 917 378 for—

147 401 253 433 matur,
270 399 331 433 ejus
345 398 408 432 lege
425 398 520 425 omnis
536 397 610 425 ordo
625 397 826 432 disponitur.»
844 398 919 430 Qua-

147 444 211 472 liter
229 446 325 471 autem
339 446 491 478 peccatum
510 445 552 470 est
568 443 648 475 nihil,
668 444 695 470 et
709 443 835 478 qualiter
849 450 918 477 pec-

149 492 260 517 catores
278 489 415 516 dicuntur
429 489 513 523 nihil,
528 489 576 516 vel
591 497 651 516 non
668 497 739 523 esse,
756 488 870 516 Boetius
885 487 895 503 2
911 498 917 516 :

151 547 165 563 α
187 539 264 570 Esse,
280 536 384 572 inquit,
406 539 447 564 est
471 536 552 571 quod
578 536 713 563 ordinem
731 535 843 568 retinet,
860 542 920 561 ser-

148 584 255 618 vatque
270 584 442 610 naturam.»
460 584 492 609 Et
506 583 655 617 sequitur:
672 592 685 606 «
701 583 771 609 Nam
787 581 838 616 qui
851 580 922 608 mali

149 630 225 662 sunt,
241 637 290 656 eos
312 637 374 656 esse
394 628 488 655 malos
507 636 568 655 non
588 628 704 662 abnu03
728 627 781 654 sed
802 627 923 654 eosdem

150 682 211 701 esse
232 682 304 709 pure
333 682 366 702 ac
389 674 576 710 simpliciter,
600 682 688 708 nego.
716 685 728 697 n
755 673 827 706 Quia
853 680 923 707 ergo

149 722 328 755 peccatores,
347 720 378 747 in
400 722 543 755 quantum
558 720 641 753 tales,
657 728 673 747 a
696 721 752 747 Deo
774 719 924 751 recedunt,

151 767 204 801 qui
218 767 298 794 solus
312 775 380 794 vere
396 768 447 800 est,
463 767 525 802 ipse
539 767 616 793 enim
629 768 639 783 ³
654 766 734 793 solus
748 767 800 799 est,
813 766 844 791 et
856 764 926 799 quia

152 813 273 840 tendunt
294 814 333 840 ad
354 821 414 840 non
434 821 506 846 esse,
522 816 549 841 et
570 814 641 848 quia
662 813 822 840 amiserunt
841 819 927 838 suum

152 859 267 886 bonum
282 867 353 893 esse,
365 859 432 886 ideo
444 859 548 887 merito
563 860 696 886 dicuntur
712 858 816 885 ῃίὶιίμε
829 860 927 885 «Ecce

153 905 237 933 nihili
251 905 344 932 factus
358 914 396 932 es.
417 916 429 931 »
449 907 480 933 Et
495 906 525 932 in
542 907 646 932 Psalmo
662 907 671 922 ⁵
688 914 694 932 :
713 914 727 930 «
743 905 785 931 Ad
801 904 929 931 nihilum

154 951 289 978 redactus
304 959 379 978 sum.
394 961 408 977 ι)
426 953 457 979 Et
471 951 602 987 sequitur
616 959 695 985 pars,
711 951 742 977 in
762 958 821 985 qua
836 951 930 976 osten-

157 997 208 1032 dit,
225 998 307 1032 quod
329 998 426 1033 ipsum
447 998 574 1025 Verbum
598 999 640 1024 est
660 996 838 1032 principium
860 1003 931 1031 pree-

157 1043 251 1070 sciens
274 1043 321 1070 vel
343 1051 586 1078 praecognoscens
610 1051 663 1079 per
684 1043 869 1078 sapientiam,
884 1041 932 1068 vel

158 1089 381 1124 praescientIam,
396 1089 435 1116 ibi
458 1098 464 1115 :
483 1090 558 1122 Quod
572 1091 676 1122 factum
691 1091 729 1115 est
751 1090 780 1115 in
800 1090 858 1122 ipso
872 1089 932 1115 vita

159 1138 226 1162 erat.
238 1135 325 1170 Igitur
341 1136 423 1170 quod
438 1135 562 1170 opponit
576 1135 755 1169 Augustinus
771 1143 778 1161 z
797 1144 811 1160 «
825 1137 865 1162 Ex
876 1135 933 1162 hoc

160 1190 242 1216 ergo,
257 1182 352 1217 inquit
365 1184 385 1216 ⁶,
400 1182 531 1218 sequitur
546 1182 628 1217 quod
643 1183 719 1209 terra
739 1181 801 1208 vita
821 1183 892 1214 erat,
908 1183 936 1208 et

160 1228 285 1263 lignum,
302 1230 329 1256 et
344 1228 445 1256 omnia
458 1228 527 1256 alia.
540 1238 553 1253 n
569 1228 612 1255 Ad
625 1227 708 1263 quod
721 1227 882 1262 respondet
896 1227 935 1254 sic

161 1274 426 1309 subdistinguendo
453 1284 459 1301 2
485 1275 560 1307 Quod
585 1276 688 1307 factum
710 1277 758 1307 est,
775 1274 884 1300 scilicet
906 1273 936 1300 in

161 1323 304 1357 tempore,
319 1324 350 1348 in
372 1323 419 1349 illo
440 1323 499 1349 vz'ta
523 1324 582 1348 erat
605 1331 612 1348 :
632 1332 645 1346 «
667 1321 770 1348 Omnia
786 1320 865 1347 enim
882 1320 892 1336 ⁷
907 1319 938 1346 in

162 1368 304 1403 sapientia
323 1368 426 1401 fecisti,
445 1378 458 1393 »
484 1368 524 1395 ait
546 1367 700 1402 Propheta.
723 1368 770 1393 Est
790 1368 888 1393 autem
908 1365 938 1392 in

163 1414 305 1449 sapientia
334 1414 470 1449 quaedam
498 1413 584 1447 ratio,
600 1421 659 1448 qua
681 1415 756 1440 terra
785 1412 860 1439 facta
887 1413 937 1438 est.

164 1461 197 1487 Et
212 1460 407 1495 exemplificat
421 1461 430 1476 ⁸
448 1469 454 1486 :
474 1469 488 1484 «
503 1459 594 1486 Faber
608 1459 705 1494 primo
725 1458 755 1485 in
777 1459 838 1485 arte
852 1457 942 1484 habet

165 1514 275 1540 arcam,
285 1502 375 1533 esilla
389 1506 419 1532 in
432 1508 492 1533 arte
507 1507 549 1532 est
563 1505 632 1538 vita,
646 1505 697 1531 illa
710 1512 781 1531 vero
796 1504 826 1530 in
841 1510 939 1538 opere,

166 1560 227 1579 non
244 1561 250 1579 :
266 1551 340 1578 vivit
364 1552 444 1578 enim
462 1551 562 1578 anima
583 1550 699 1578 artificis
720 1550 774 1577 ubi
793 1551 859 1577 sunt
876 1549 940 1583 ista,

168 1599 277 1626 scilicet
294 1606 385 1633 opera
400 1598 554 1632 exteriora,
570 1600 729 1633 antequam
745 1597 942 1633 proferantur,

168 1645 255 1673 Multo
270 1645 365 1679 magis
380 1644 523 1680 sapientia
539 1645 598 1678 Dei,
613 1652 666 1679 per
683 1652 773 1679 quam
788 1643 864 1671 facta
878 1645 945 1670 sunt

172 1692 282 1726 omnia,
307 1699 360 1727 per
383 1694 475 1719 artem
499 1691 627 1719 continet
651 1690 761 1724 omnia,
784 1691 945 1725 antequam

171 1737 302 1765 fabricet.
320 1738 400 1765 Foris
416 1745 552 1773 corpora,
568 1737 597 1764 in
615 1739 674 1764 arte
688 1736 747 1763 vita
764 1737 838 1762 sunt.
850 1746 863 1761 ι»
882 1736 945 1762 Haec

172 1784 238 1818 ille;
260 1786 287 1812 et
302 1784 343 1811 ihi
357 1784 433 1811 bene
454 1783 489 1810 de
504 1783 570 1810 hoc.
586 1784 618 1810 Et
632 1783 662 1809 in
681 1782 738 1809 hoc
755 1782 888 1816 designat
901 1781 946 1816 ip-

173 1838 239 1857 sum
260 1838 320 1857 esse
343 1837 463 1856 causam
477 1829 676 1863 exemplarem
697 1827 841 1855 omnium.
860 1828 892 1854 Et
909 1826 946 1855 de

173 1875 229 1902 hac
243 1875 303 1902 vita
315 1875 476 1910 exemplari
490 1875 666 1908 Augustinus
677 1874 752 1901 bene
765 1874 774 1890 ⁹
786 1882 792 1899 ε
808 1883 821 1899 α
831 1874 892 1900 Una
906 1875 948 1900 est

175 1921 282 1956 prima,
304 1922 332 1948 et
355 1928 470 1948 summa
491 1921 561 1947 vita.
580 1930 593 1946 n
621 1922 653 1947 Et
672 1919 802 1955 sequitur
826 1928 832 1945 ε
860 1928 874 1944 «
896 1921 948 1946 Ars

177 1966 314 2002 quaedam
333 1968 374 1994 est
395 1966 602 2001 omnipotentis
623 1968 710 2000 atque
731 1965 868 2000 sapientis
888 1965 946 1999 Dei,

177 2013 266 2048 plena
285 2012 419 2040 omnium
439 2012 587 2040 rationum
609 2011 767 2039 viventium
785 2011 949 2038 incommu-

178 2058 324 2092 tabilium,
340 2062 366 2086 et
387 2066 489 2086 omnes
509 2066 603 2085 unum
623 2057 653 2084 in
672 2065 716 2085 ea.
731 2067 745 2082 n
768 2058 800 2084 Et
818 2057 949 2093 sequitur

179 2104 220 2132 ibi
241 2113 246 2131 :
276 2114 290 2131 ι(
311 2104 413 2132 Omnia
440 2104 522 2132 novit
545 2106 634 2136 Deus,
659 2111 724 2139 quae
744 2102 810 2131 fecit
830 2111 882 2138 per
905 2103 949 2138 ip-

179 2158 252 2184 sam,
268 2160 281 2175 »
300 2152 353 2177 ete.
369 2152 401 2178 Et
416 2150 457 2177 ibi
478 2151 554 2177 bene
569 2149 606 2177 de
626 2150 694 2177 hoc.
711 2149 767 2177 Sed
786 2151 854 2176 tunc
874 2149 948 2184 obji—

180 2196 262 2230 citur,
280 2196 362 2231 quod
380 2196 431 2223 illa
446 2204 534 2223 causa
548 2195 724 2230 exemplaris
740 2203 801 2222 non
815 2195 952 2230 exprimit

180 2249 226 2269 res
237 2244 269 2269 ut
283 2244 359 2275 sunt,
375 2250 443 2269 cum
460 2250 521 2270 non
537 2250 639 2269 omnes
658 2249 704 2268 res
716 2241 797 2269 factae
812 2241 867 2268 sint
880 2241 949 2269 vita.

182 2290 214 2316 Et
228 2288 267 2316 ad
285 2289 362 2316 istud
376 2289 628 2324 respondendum,
644 2289 737 2324 quod,
753 2289 826 2316 sicut
842 2289 881 2315 ait
895 2291 951 2316 An—

182 2334 292 2362 selmus
308 2336 328 2352 ¹⁰
345 2343 352 2361 :
371 2344 384 2359 «
401 2337 455 2362 Res
475 2337 564 2370 prout
584 2337 650 2362 sunt
665 2335 695 2362 in
716 2336 784 2368 Deo,
801 2336 867 2362 sunt
889 2335 953 2370 ipsa

183 2380 279 2415 prima
300 2381 433 2415 essentia,
454 2382 481 2407 ct
498 2381 595 2416 prima
616 2381 731 2408 essendi
752 2380 868 2414 veritas,
887 2390 899 2406 ι)
923 2381 953 2408 in

184 2427 304 2462 proprio
319 2435 390 2454 vero
405 2435 511 2462 genere
524 2427 634 2455 habent
650 2428 683 2463 (b)
698 2436 784 2455 suum
796 2436 857 2456 esse
872 2430 954 2456 natu-

218 2487 224 2502 ¹
243 2487 317 2517 Aug„
334 2488 395 2511 conl.
413 2487 508 2515 Faust„
525 2487 589 2517 XXI,
607 2493 640 2510 vr.
652 2500 681 2504 —-
695 2488 703 2501 ²
718 2489 798 2514 noct..
814 2488 842 2511 de
857 2488 952 2513 Consul,

188 2520 291 2549 Plzilos..
311 2522 353 2545 lib.
378 2523 421 2551 1v,
438 2530 506 2552 pros.
526 2524 549 2552 2,
570 2525 626 2552 post
642 2523 707 2545 med.
722 2535 752 2540 —
771 2523 778 2536 ³
793 2522 845 2551 Job,
862 2529 914 2552 mv,
931 2526 953 2547 4.

188 2569 218 2573 —
230 2557 241 2572 ⁴
255 2558 456 2587 Ezech.,xxv111,
473 2560 510 2581 19.
521 2571 551 2575 -
565 2559 575 2574 ⁶
588 2557 656 2581 Psal.
670 2563 752 2587 Lxxu,
765 2560 803 2581 22.
813 2571 843 2574 -
858 2559 868 2574 ⁶
881 2560 954 2589 Aug„

189 2592 215 2614 in
228 2592 310 2621 Joan„
325 2594 396 2616 tract.
413 2599 431 2623 1,
447 2600 472 2616 n.
488 2596 525 2617 16.
539 2605 567 2609 -
584 2593 593 2609 '¹
608 2592 673 2616 Psal.
689 2599 744 2622 cm,
760 2594 797 2617 24.
811 2606 840 2611 —
856 2593 866 2610 ⁸
882 2595 955 2624 Aug„

189 2626 233 2651 ubi
255 2634 321 2658 sup„
340 2635 366 2652 n.
387 2630 470 2652 17.-
491 2629 499 2642 ’
518 2628 564 2659 ld.,
584 2628 612 2651 dc
633 2629 733 2658 Trina„
753 2629 800 2658 Vl,
821 2635 851 2658 x,
873 2632 909 2653 11.
927 2643 957 2648 --

191 2662 210 2677 ¹⁰
223 2662 346 2693 Anselm„
366 2664 499 2694 Monoleq„
514 2669 628 2694 xxxvm,
645 2664 677 2688 al.
697 2669 786 2688 xxxiv.
801 2676 832 2682 —
849 2665 866 2681 ¹¹
882 2666 957 2695 Aug„

328 2715 403 2738 TOM.
425 2716 469 2738 XI.

1683 247 1741 276 ⁶257

970 306 1031 333 rale
1047 305 1210 333 secundum
1229 305 1338 340 gradus
1359 314 1438 341 suos,
1454 315 1508 334 nec
1522 310 1618 342 potest
1632 312 1743 345 aequari

971 351 1001 378 in
1023 352 1161 379 omnibus
1175 352 1339 379 rationibus
1354 353 1584 389 exemplaribus,
1598 358 1686 390 prout
1706 357 1745 384 ait

973 398 1150 432 Augustinus
1175 398 1194 415 ¹¹
1218 408 1225 424 :
1252 399 1348 426 «Cum
1373 399 1517 427 decedant
1537 402 1565 427 et
1588 401 1747 430 succedant

973 445 1118 478 tempora,
1130 452 1189 471 non
1202 444 1317 472 decedit
1330 445 1378 472 vel
1389 445 1517 473 succedit
1527 446 1641 482 aliquid
1655 447 1747 475 scien-

974 489 1019 516 tize
1044 490 1102 516 Dei.
1119 500 1131 515 n
1155 490 1234 517 Unde
1258 492 1285 517 et
1303 490 1352 518 illa
1372 494 1437 519 sunt
1460 492 1629 527 mutabilia,
1649 495 1748 521 tamen

976 535 1198 563 immutabiliter
1212 537 1342 564 sciuntur
1354 545 1371 564 a
1384 539 1451 564 Deo.
1468 538 1536 565 ldeo
1553 539 1688 574 quamvis
1702 547 1749 566 res

976 584 1043 608 sunt
1066 582 1234 616 mutabiles,
1250 591 1310 610 non
1335 586 1431 611 tamen
1450 585 1582 620 sequitur
1603 586 1685 621 quod
1705 594 1750 613 ra-

977 627 1072 655 tiones
1096 629 1278 664 exemplares
1301 630 1458 658 mutabiles
1482 640 1489 658 ε
1515 633 1542 658 et
1566 633 1663 659 tamen
1684 634 1751 660 sunt

979 674 1193 709 perfectissimae
1207 676 1333 703 rationes
1356 678 1538 713 exemplares
1552 686 1661 706 rerum.
1678 680 1751 706 Con-

979 720 1110 748 similiter
1131 722 1162 756 (c)
1181 722 1305 756 opponit
1323 722 1360 757 (cl)
1381 723 1616 759 chrysostomus,
1631 725 1714 760 quod
1728 725 1752 752 si

980 767 1051 800 quod
1071 769 1174 800 factum
1189 771 1237 802 est,
1253 769 1282 794 in
1297 770 1355 802 ipso
1374 771 1431 795 vita
1450 772 1518 804 erat,
1533 778 1603 805 ergo
1623 771 1753 798 destruc-

981 812 1076 839 tiones
1090 813 1309 840 Sodomitarum
1324 816 1351 841 et
1366 814 1511 842 diluvium
1529 817 1556 843 et
1574 817 1710 851 gehenna
1724 817 1754 844 in

982 858 1046 893 ipso
1070 858 1129 886 vita
1154 862 1235 887 erant
1258 860 1311 895 (ΒΥ.)
1335 860 1470 888 Similiter
1496 863 1523 888 et
1544 862 1642 897 lapis:
1665 865 1692 890 et
1713 863 1755 890 ibi

983 905 1074 938 tangIt
1099 912 1229 932 errorem
1244 906 1444 934 haereticorum
1466 907 1543 935 circa
1563 908 1650 935 istud.
1666 910 1699 936 Et
1716 911 1757 936 est

984 950 1160 978 solvendum
1184 951 1257 978 sicut
1280 952 1372 987 prius,
1391 953 1473 988 quod
1494 962 1538 988 ea,
1562 962 1627 989 quae
1647 955 1758 982 habent

985 996 1094 1032 inipso
1113 998 1273 1034 exemplar,
1290 999 1348 1026 vita
1368 1001 1434 1026 sunt
1448 1000 1479 1026 in
1498 1000 1572 1035 ipso,
1593 1000 1624 1027 in
1638 1008 1692 1028 suo
1715 1002 1757 1028 ta-

986 1051 1055 1070 men
1069 1051 1174 1078 genere
1187 1044 1297 1071 habent
1312 1053 1398 1072 suum
1414 1053 1485 1073 esse.

1023 1091 1055 1116 Et
1076 1090 1206 1125 sequitur
1221 1091 1304 1118 tertia
1318 1091 1478 1126 particula,
1504 1092 1536 1119 in
1555 1100 1615 1127 qua
1633 1092 1760 1120 ostendit

988 1135 1085 1170 ipsum
1101 1144 1162 1163 esse
1176 1136 1355 1172 principium
1376 1137 1584 1165 illustrativum
1604 1140 1631 1166 et
1651 1139 1760 1174 gratifi-

990 1181 1118 1208 cativum
1130 1203 1138 1215 ,
1157 1190 1210 1217 per
1226 1183 1460 1211 misericordiam
1484 1186 1511 1211 et
1530 1185 1674 1220 gratiam,
1697 1185 1762 1213 illo-

990 1236 1057 1255 rum
1070 1228 1120 1263 qui
1133 1230 1200 1256 sunt
1210 1229 1359 1264 capabiles
1370 1230 1514 1265 praedietae
1529 1231 1761 1266 illuminationis,

992 1274 1033 1300 ibi
1045 1284 1052 1300 ε
1066 1276 1098 1301 Ει
1108 1276 1167 1301 υίῐα
1178 1278 1235 1302 crat
1250 1276 1297 1302 Iuoe
1310 1276 1455 1303 hominum.
1472 1278 1505 1303 Et
1518 1277 1561 1304 ihi
1576 1277 1652 1304 duo:
1666 1277 1763 1312 primo

993 1320 1144 1354 praemisso
1164 1341 1173 1354 ‚
1202 1321 1284 1356 quod
1313 1322 1439 1349 verbum
1466 1325 1508 1350 est
1534 1323 1765 1350 illuminativum

995 1366 1137 1393 mentium
1152 1367 1351 1394 humanarum
1367 1368 1547 1403 capabilium
1563 1369 1642 1396 illius
1655 1369 1764 1396 illumi-

995 1413 1140 1447 nationis3
1157 1413 1286 1440 secundo
1302 1414 1438 1441 subditur
1453 1414 1576 1442 defectio
1593 1423 1696 1443 eorum
1715 1416 1766 1451 qui

996 1459 1101 1486 nolunt
1111 1467 1172 1486 esse
1190 1467 1327 1494 capaces,
1344 1460 1404 1487 ibi:
1421 1462 1456 1487 Et
1468 1462 1516 1488 lum
1529 1463 1559 1488 in
1572 1462 1698 1495 tenebris,
1712 1464 1765 1489 etc.

1032 1506 1077 1532 Ait
1092 1513 1179 1540 ergo.-
1195 1507 1230 1532 Et
1244 1508 1303 1533 vita
1314 1509 1371 1533 erat
1388 1508 1435 1533 lum
1452 1508 1597 1534 hominum.
1615 1508 1766 1542 Quaeritur,

998 1559 1066 1578 cum
1081 1552 1154 1578 Deus
1170 1552 1205 1578 sit
1219 1551 1270 1579 lux
1285 1552 1455 1588 simpliciter
1471 1554 1490 1570 ¹²
1508 1562 1538 1580 :a
1552 1554 1625 1580 Deus
1640 1554 1690 1581 lux
1708 1556 1767 1588 est,

999 1597 1029 1624 in
1045 1605 1106 1632 quo
1122 1598 1248 1625 tenebras
1264 1606 1325 1625 non
1339 1601 1406 1625 sunt
1420 1598 1487 1626 ullae
1498 1609 1506 1631 ,·
1518 1609 1531 1624 ι)
1550 1607 1641 1634 quare
1655 1607 1717 1627 non
1731 1601 1770 1628 ait

1000 1643 1134 1671 absolute
1151 1653 1156 1671 :
1175 1645 1241 1671 Vita
1257 1647 1315 1671 erat
1339 1646 1396 1672 lucc.
1421 1647 1453 1672 Et
1476 1645 1515 1672 ad
1534 1645 1591 1673 hoc
1611 1646 1771 1681 respondet

1000 1690 1176 1723 Augustinus
1189 1690 1221 1723 ²³,
1233 1691 1316 1726 quod
1326 1699 1362 1719 ex
1374 1688 1438 1727 ipso
1453 1692 1588 1720 homines
1602 1693 1771 1721 illuminan-

1001 1737 1056 1770 tur,
1080 1744 1141 1763 non
1155 1745 1283 1771 pecora,
1305 1746 1371 1772 quae
1386 1746 1447 1765 non
1466 1738 1576 1766 habent
1599 1739 1712 1767 animas
1726 1747 1773 1767 rav

1002 1782 1134 1815 tionales,
1146 1790 1210 1817 quse
1218 1783 1330 1818 possint
1340 1783 1439 1811 videre
1450 1785 1623 1820 sapientiam
1634 1786 1682 1813 Dei
1694 1793 1700 1813 :
1710 1786 1772 1813 haec

1003 1835 1072 1862 ergo
1092 1828 1143 1855 lux
1161 1836 1221 1855 non
1244 1831 1286 1856 est
1309 1837 1567 1866 quorumcumque
1587 1831 1772 1866 animalium,

1003 1874 1055 1901 sed
1073 1874 1239 1901 hominum.
1257 1874 1276 1891 ¹¹*
1294 1884 1307 1900 «
1322 1875 1426 1902 Fuistis
1446 1876 1610 1912 aliquando
1634 1877 1772 1911 tenebrae,

1003 1928 1081 1947 nunc
1095 1922 1194 1948 autem
1208 1921 1260 1948 lux
1275 1921 1305 1948 in
1320 1921 1477 1949 Domino.»
1497 1922 1552 1950 Sed
1567 1923 1607 1950 ad
1620 1923 1678 1951 hoc
1698 1923 1773 1958 obji-

1005 1966 1078 1993 citur
1099 1967 1263 1994 secundum
1286 1967 1480 2002 Augustinum
1498 1968 1610 1996 ibidem
1632 1970 1669 2004 ¹¹⁵,
1691 1970 1775 2005 quod

1004 2013 1096 2040 multa
1116 2013 1206 2040 corda
1228 2020 1290 2040 non
1311 2015 1434 2048 possunt
1448 2014 1550 2042 videre
1566 2015 1651 2043 istam
1665 2015 1773 2043 lucem.

1005 2061 1036 2086 Et
1050 2059 1209 2094 respondet
1224 2059 1306 2094 quod
1321 2059 1344 2085 si
1360 2060 1399 2087 ita
1414 2061 1465 2093 est,
1481 2060 1538 2088 hoc
1552 2061 1621 2089 ideo
1637 2063 1689 2096 est,
1705 2062 1776 2097 quia

1006 2106 1130 2140 peccatis
1149 2105 1208 2132 suis
1230 2108 1427 2140 aggravantur
1448 2107 1497 2141 (f);
1523 2109 1550 2134 et
1570 2108 1654 2142 ponit
1674 2115 1774 2135 exem-

1004 2151 1088 2186 plum
1105 2160 1111 2178 :
1128 2153 1159 2179 In
1177 2151 1239 2178 sole
1261 2159 1357 2178 caecus
1377 2152 1489 2187 positus
1501 2174 1510 2187 ‚
1526 2153 1570 2181 sol
1591 2156 1633 2181 est
1646 2153 1689 2181 illi
1704 2162 1776 2189 prae-

1007 2206 1087 2232 sens,
1101 2197 1153 2225 sed
1165 2197 1226 2233 ipse
1239 2197 1294 2224 soli
1305 2199 1346 2225 est
1360 2198 1475 2225 absens.
1487 2198 1531 2225 Sic
1542 2199 1685 2235 sapientia
1698 2208 1773 2228 caeco

1006 2252 1133 2280 praesens
1148 2246 1204 2277 est,
1215 2244 1245 2271 id
1256 2246 1297 2271 est
1305 2244 1391 2272 stulto
1407 2247 1434 2272 et
1448 2245 1552 2280 iniquo
1560 2246 1630 2280 ,sed
1642 2246 1704 2282 ipse
1719 2246 1775 2275 soli

1008 2291 1043 2326 (9)
1059 2293 1101 2318 est
1112 2291 1227 2318 absens.
1239 2292 1270 2318 Et
1280 2290 1316 2317 de
1327 2290 1382 2318 hac
1392 2290 1456 2318 luce
1468 2291 1691 2327 Chrysostomus
1702 2293 1776 2321 hene

1008 2337 1047 2365 ait
1055 2337 1074 2353 ¹³
1087 2336 1378 2370 :Quemadmodum
1390 2337 1456 2371 lun,
1473 2338 1661 2372 quantumvis
1671 2338 1778 2366 illumi—

1008 2385 1058 2410 net
1076 2382 1293 2410 multitudinem
1319 2383 1493 2418 hominum,
1513 2384 1586 2412 nihil
1604 2384 1635 2412 in
1657 2385 1780 2421 propria

1010 2454 1051 2477 ubi
1068 2461 1123 2483 sup.
1142 2460 1215 2483 prox.
1228 2467 1256 2471 —
1275 2454 1292 2469 ’Ξ
1310 2453 1314 2475 Ι
1331 2454 1413 2482 donn„
1429 2460 1446 2484 ι,
1461 2456 1484 2478 5.
1498 2468 1528 2472 —
1539 2455 1559 2471 ¹³
1575 2456 1649 2486 Aug„
1662 2456 1688 2479 in
1699 2456 1779 2485 Joan„

1012 2491 1083 2512 tract.
1099 2495 1117 2517 1,
1130 2496 1155 2511 n.
1171 2489 1207 2510 18.
1224 2500 1252 2505 —
1272 2488 1290 2504 ’δ
1307 2488 1407 2518 Ephes.,
1426 2495 1451 2519 v,
1465 2491 1486 2513 8.
1505 2503 1531 2506 —
1549 2491 1565 2504 ¹⁵
1580 2491 1654 2521 Aug,
1669 2491 1710 2514 ubi
1724 2498 1779 2520 sup.

1011 2530 1095 2553 prox.,
1114 2530 1138 2546 n⁴
1158 2524 1193 2546 19.
1212 2535 1237 2538 -—
1256 2523 1275 2538 ¹⁶
1289 2523 1429 2554 Chrysost.,
1445 2525 1470 2547 in
1481 2525 1562 2553 Joan.,
1576 2525 1645 2549 hom.
1663 2531 1696 2554 ιν,
1712 2525 1743 2548 al.
1758 2532 1781 2556 v,

1012 2567 1037 2583 n.
1055 2562 1106 2583 3.—
1123 2558 1154 2587 (a)
1171 2559 1231 2582 Coeae.
1248 2559 1308 2581 edit.
1324 2558 1489 2583 insistitur.—
1503 2560 1534 2589 (b)
1547 2560 1608 2585 Coet.
1624 2561 1684 2584 edit.
1696 2560 1780 2584 hahet.

1012 2607 1041 2611 —
1055 2595 1085 2624 (c)
1095 2594 1155 2617 Cret.
1171 2593 1230 2616 edit.
1242 2594 1361 2622 proemz'tt.
1373 2594 1483 2622 Quia.—-
1497 2595 1533 2626 (cl)
1553 2596 1611 2620 Caet.
1626 2595 1689 2619 edit.
1702 2595 1782 2625 ponit.

1012 2642 1042 2646 —
1055 2630 1082 2659 (e)
1100 2629 1160 2651 Item
1175 2630 1237 2652 erat.
1247 2641 1275 2645 -—-
1293 2629 1324 2658 (f)
1342 2629 1402 2652 Item
1415 2633 1518 2659 peccata
1534 2637 1622 2654 eorum
1636 2632 1783 2661 gravantur.

1013 2678 1042 2682 —
1055 2665 1088 2694 (q)
1105 2663 1203 2694 SuppL,
1216 2663 1241 2686 id
1254 2665 1292 2687 est
1305 2663 1443 2694 sapientiae.

1627 2711 1664 2740 1'1

1817 2066 1896 2088 Simili·

1790 2098 1851 2119 tudo.
