<?xml version="1.0" encoding="UTF-8"?>
<!DOCTYPE html PUBLIC "-//W3C//DTD XHTML 1.0 Transitional//EN"
    "http://www.w3.org/TR/xhtml1/DTD/xhtml1-transitional.dtd">
<html xmlns="http://www.w3.org/1999/xhtml" xml:lang="en" lang="en">
 <head>
  <title>
</title>
<meta http-equiv="Content-Type" content="text/html;charset=utf-8" />
  <meta name='ocr-system' content='tesseract 3.04.00' />
  <meta name='ocr-capabilities' content='ocr_page ocr_carea ocr_par ocr_line ocrx_word'/>
</head>
<body>
  <div class='ocr_page' id='page_1' title='image "./operaomniasixtiv11bonauoft/operaomniasixtiv11bonauoft_0074.png"; bbox 0 0 1987 3032; ppageno 0'>
   <div class='ocr_carea' id='block_1_1' title="bbox 178 220 1231 254">
    <p class='ocr_par' dir='ltr' id='par_1_1' title="bbox 178 220 1231 254">
     <span class='ocr_line' id='line_1_1' title="bbox 178 220 1231 254; baseline 0.003 -3"><span class='ocrx_word' id='word_1_1' title='bbox 178 222 216 251; x_wconf 88' lang='grc'>60</span> <span class='ocrx_word' id='word_1_2' title='bbox 724 220 935 252; x_wconf 73' lang='lat' dir='ltr'>EVANGELH</span> <span class='ocrx_word' id='word_1_3' title='bbox 960 222 1100 253; x_wconf 80' lang='lat' dir='ltr'>SANCTI</span> <span class='ocrx_word' id='word_1_4' title='bbox 1120 222 1231 254; x_wconf 75' lang='lat' dir='ltr'><strong>[UCAE</strong></span> 
     </span>
    </p>
   </div>
   <div class='ocr_carea' id='block_1_2' title="bbox 131 287 950 2632">
    <p class='ocr_par' dir='ltr' id='par_1_2' title="bbox 177 287 947 431">
     <span class='ocr_line' id='line_1_2' title="bbox 178 287 947 325; baseline 0 -7"><span class='ocrx_word' id='word_1_5' title='bbox 178 287 358 318; x_wconf 79' lang='lat' dir='ltr'>effuderunt</span> <span class='ocrx_word' id='word_1_6' title='bbox 380 287 530 325; x_wconf 89' lang='lat' dir='ltr'>Domino,</span> <span class='ocrx_word' id='word_1_7' title='bbox 547 297 562 315; x_wconf 88' lang='lat'>»</span> <span class='ocrx_word' id='word_1_8' title='bbox 585 289 642 317; x_wconf 88' lang='lat' dir='ltr'>etc.</span> <span class='ocrx_word' id='word_1_9' title='bbox 667 289 696 318; x_wconf 89' lang='lat'>3.</span> <span class='ocrx_word' id='word_1_10' title='bbox 720 287 755 318; x_wconf 93' lang='lat' dir='ltr'>In</span> <span class='ocrx_word' id='word_1_11' title='bbox 779 288 947 318; x_wconf 85' lang='lat' dir='ltr'>beneficio-</span> 
     </span>
     <span class='ocr_line' id='line_1_3' title="bbox 178 340 946 380; baseline 0 -10"><span class='ocrx_word' id='word_1_12' title='bbox 178 350 250 370; x_wconf 89' lang='lat' dir='ltr'>rum</span> <span class='ocrx_word' id='word_1_13' title='bbox 274 341 470 380; x_wconf 73' lang='lat' dir='ltr'><strong>susceptione</strong></span> <span class='ocrx_word' id='word_1_14' title='bbox 489 342 496 356; x_wconf 85' lang='lat'>¹</span> <span class='ocrx_word' id='word_1_15' title='bbox 522 351 528 370; x_wconf 90' lang='lat'>:</span> <span class='ocrx_word' id='word_1_16' title='bbox 560 352 573 368; x_wconf 68' lang='grc' dir='ltr'>(ι</span> <span class='ocrx_word' id='word_1_17' title='bbox 594 340 709 371; x_wconf 79' lang='lat' dir='ltr'>Cecidit</span> <span class='ocrx_word' id='word_1_18' title='bbox 728 341 889 371; x_wconf 80' lang='lat' dir='ltr'>Abraham</span> <span class='ocrx_word' id='word_1_19' title='bbox 913 341 946 371; x_wconf 91' lang='lat' dir='ltr'>in</span> 
     </span>
     <span class='ocr_line' id='line_1_4' title="bbox 177 393 666 431; baseline 0 -8"><span class='ocrx_word' id='word_1_20' title='bbox 177 393 287 424; x_wconf 87' lang='lat' dir='ltr'>faciem</span> <span class='ocrx_word' id='word_1_21' title='bbox 304 402 410 431; x_wconf 86' lang='lat' dir='ltr'>suam,</span> <span class='ocrx_word' id='word_1_22' title='bbox 427 395 457 422; x_wconf 89' lang='lat' dir='ltr'>et</span> <span class='ocrx_word' id='word_1_23' title='bbox 472 393 556 431; x_wconf 73' lang='lat' dir='ltr'>risit,</span> <span class='ocrx_word' id='word_1_24' title='bbox 575 404 589 421; x_wconf 74' lang='lat'>1&gt;</span> <span class='ocrx_word' id='word_1_25' title='bbox 608 395 666 423; x_wconf 89' lang='lat' dir='ltr'>etc.</span> 
     </span>
    </p>

    <p class='ocr_par' dir='ltr' id='par_1_3' title="bbox 131 445 950 2534">
     <span class='ocr_line' id='line_1_5' title="bbox 217 445 947 485; baseline -0.001 -9"><span class='ocrx_word' id='word_1_26' title='bbox 217 445 379 483; x_wconf 88' lang='lat' dir='ltr'>Secundo,</span> <span class='ocrx_word' id='word_1_27' title='bbox 399 448 555 485; x_wconf 89' lang='lat' dir='ltr'>quantum</span> <span class='ocrx_word' id='word_1_28' title='bbox 579 446 617 476; x_wconf 86' lang='lat' dir='ltr'>ad</span> <span class='ocrx_word' id='word_1_29' title='bbox 641 446 878 483; x_wconf 76' lang='lat' dir='ltr'>ingratitudinis</span> <span class='ocrx_word' id='word_1_30' title='bbox 898 446 947 476; x_wconf 90' lang='lat' dir='ltr'>in—</span> 
     </span>
     <span class='ocr_line' id='line_1_6' title="bbox 177 498 946 538; baseline 0.001 -10"><span class='ocrx_word' id='word_1_31' title='bbox 177 499 406 537; x_wconf 70' lang='lat' dir='ltr'>crepationem,</span> <span class='ocrx_word' id='word_1_32' title='bbox 433 499 538 528; x_wconf 83' lang='lat' dir='ltr'>subdit</span> <span class='ocrx_word' id='word_1_33' title='bbox 564 501 614 537; x_wconf 87' lang='lat' dir='ltr'>(v.</span> <span class='ocrx_word' id='word_1_34' title='bbox 634 500 689 537; x_wconf 72' lang='lat'>17)</span> <span class='ocrx_word' id='word_1_35' title='bbox 715 508 721 528; x_wconf 94' lang='lat'><strong>:</strong></span> <span class='ocrx_word' id='word_1_36' title='bbox 746 498 946 538; x_wconf 78' lang='lat' dir='ltr'>Respomlens</span> 
     </span>
     <span class='ocr_line' id='line_1_7' title="bbox 177 551 950 589; baseline 0 -7"><span class='ocrx_word' id='word_1_37' title='bbox 177 555 284 582; x_wconf 80' lang='lat' dir='ltr'>aulem</span> <span class='ocrx_word' id='word_1_38' title='bbox 298 552 404 589; x_wconf 78' lang='lat' dir='ltr'>Jesus,</span> <span class='ocrx_word' id='word_1_39' title='bbox 424 551 507 582; x_wconf 67' lang='lat' dir='ltr'>(lixit</span> <span class='ocrx_word' id='word_1_40' title='bbox 520 560 530 581; x_wconf 92' lang='grc'>.·</span> <span class='ocrx_word' id='word_1_41' title='bbox 548 552 661 583; x_wconf 80' lang='lat' dir='ltr'><em>Nonne</em></span> <span class='ocrx_word' id='word_1_42' title='bbox 677 551 783 581; x_wconf 75' lang='lat' dir='ltr'>decem</span> <span class='ocrx_word' id='word_1_43' title='bbox 800 552 950 582; x_wconf 68' lang='lat' dir='ltr'>mundati</span> 
     </span>
     <span class='ocr_line' id='line_1_8' title="bbox 176 603 947 643; baseline 0 -9"><span class='ocrx_word' id='word_1_44' title='bbox 176 604 273 634; x_wconf 81' lang='lat' dir='ltr'>sunt?</span> <span class='ocrx_word' id='word_1_45' title='bbox 289 608 317 634; x_wconf 76' lang='lat' dir='ltr'>et</span> <span class='ocrx_word' id='word_1_46' title='bbox 338 613 451 634; x_wconf 73' lang='lat' dir='ltr'>norem</span> <span class='ocrx_word' id='word_1_47' title='bbox 475 604 530 633; x_wconf 80' lang='lat' dir='ltr'>ubi</span> <span class='ocrx_word' id='word_1_48' title='bbox 551 604 651 633; x_wconf 73' lang='lat' dir='ltr'>sunl?</span> <span class='ocrx_word' id='word_1_49' title='bbox 679 603 748 634; x_wconf 90' lang='lat' dir='ltr'>Non</span> <span class='ocrx_word' id='word_1_50' title='bbox 772 605 886 643; x_wconf 79' lang='lat' dir='ltr'>quaerit</span> <span class='ocrx_word' id='word_1_51' title='bbox 909 605 947 635; x_wconf 87' lang='lat' dir='ltr'>de</span> 
     </span>
     <span class='ocr_line' id='line_1_9' title="bbox 176 656 943 696; baseline -0.001 -9"><span class='ocrx_word' id='word_1_52' title='bbox 176 666 293 687; x_wconf 88' lang='lat' dir='ltr'>novem</span> <span class='ocrx_word' id='word_1_53' title='bbox 310 656 397 687; x_wconf 87' lang='lat' dir='ltr'>velut</span> <span class='ocrx_word' id='word_1_54' title='bbox 413 656 567 694; x_wconf 83' lang='lat' dir='ltr'>ignorans</span> <span class='ocrx_word' id='word_1_55' title='bbox 583 656 750 695; x_wconf 83' lang='lat' dir='ltr'>cujuslibet</span> <span class='ocrx_word' id='word_1_56' title='bbox 765 666 943 696; x_wconf 82' lang='lat' dir='ltr'>personam,</span> 
     </span>
     <span class='ocr_line' id='line_1_10' title="bbox 177 709 947 748; baseline 0.001 -9"><span class='ocrx_word' id='word_1_57' title='bbox 177 710 231 739; x_wconf 88' lang='lat' dir='ltr'>sed</span> <span class='ocrx_word' id='word_1_58' title='bbox 248 709 421 748; x_wconf 85' lang='lat' dir='ltr'>reprobans</span> <span class='ocrx_word' id='word_1_59' title='bbox 436 709 697 747; x_wconf 80' lang='lat' dir='ltr'>ingratitudinem</span> <span class='ocrx_word' id='word_1_60' title='bbox 718 712 748 740; x_wconf 86' lang='lat' dir='ltr'>et</span> <span class='ocrx_word' id='word_1_61' title='bbox 768 710 947 740; x_wconf 87' lang='lat' dir='ltr'>irreveren-</span> 
     </span>
     <span class='ocr_line' id='line_1_11' title="bbox 178 761 945 801; baseline 0.001 -9"><span class='ocrx_word' id='word_1_62' title='bbox 178 762 271 798; x_wconf 82' lang='lat' dir='ltr'>tiam,</span> <span class='ocrx_word' id='word_1_63' title='bbox 294 761 374 792; x_wconf 84' lang='lat' dir='ltr'>sicut</span> <span class='ocrx_word' id='word_1_64' title='bbox 393 762 555 801; x_wconf 66' lang='lat' dir='ltr'>quaerebat</span> <span class='ocrx_word' id='word_1_65' title='bbox 578 762 729 792; x_wconf 83' lang='lat' dir='ltr'>Dominus</span> <span class='ocrx_word' id='word_1_66' title='bbox 741 766 751 781; x_wconf 72' lang='lat'>²</span> <span class='ocrx_word' id='word_1_67' title='bbox 767 774 772 793; x_wconf 93' lang='grc'>;</span> <span class='ocrx_word' id='word_1_68' title='bbox 794 774 808 791; x_wconf 80' lang='lat' dir='ltr'>a</span> <span class='ocrx_word' id='word_1_69' title='bbox 827 763 945 801; x_wconf 84' lang='lat' dir='ltr'>Adam,</span> 
     </span>
     <span class='ocr_line' id='line_1_12' title="bbox 131 811 947 854; baseline 0.001 -10"><span class='ocrx_word' id='word_1_70' title='bbox 131 811 138 818; x_wconf 85' lang='grc'><em>“</em></span> <span class='ocrx_word' id='word_1_71' title='bbox 176 815 231 844; x_wconf 87' lang='lat' dir='ltr'>ubi</span> <span class='ocrx_word' id='word_1_72' title='bbox 247 817 302 845; x_wconf 79' lang='lat' dir='ltr'>es‘?</span> <span class='ocrx_word' id='word_1_73' title='bbox 317 825 331 842; x_wconf 76' lang='grc' dir='ltr'>ι)</span> <span class='ocrx_word' id='word_1_74' title='bbox 358 813 445 845; x_wconf 83' lang='lat' dir='ltr'>Unde</span> <span class='ocrx_word' id='word_1_75' title='bbox 470 814 577 844; x_wconf 87' lang='lat' dir='ltr'>Glossa</span> <span class='ocrx_word' id='word_1_76' title='bbox 595 826 601 845; x_wconf 77' lang='lat' dir='ltr'>z</span> <span class='ocrx_word' id='word_1_77' title='bbox 633 827 646 843; x_wconf 88' lang='lat'>«</span> <span class='ocrx_word' id='word_1_78' title='bbox 667 815 829 854; x_wconf 76' lang='lat' dir='ltr'>Ingratos,</span> <span class='ocrx_word' id='word_1_79' title='bbox 856 816 947 854; x_wconf 83' lang='lat' dir='ltr'>quasi</span> 
     </span>
     <span class='ocr_line' id='line_1_13' title="bbox 177 867 948 907; baseline 0.003 -10"><span class='ocrx_word' id='word_1_80' title='bbox 177 867 324 906; x_wconf 87' lang='lat' dir='ltr'>ignotos,</span> <span class='ocrx_word' id='word_1_81' title='bbox 340 868 396 898; x_wconf 88' lang='lat' dir='ltr'>ubi</span> <span class='ocrx_word' id='word_1_82' title='bbox 422 869 494 905; x_wconf 85' lang='lat' dir='ltr'>sint,</span> <span class='ocrx_word' id='word_1_83' title='bbox 518 869 691 907; x_wconf 83' lang='lat' dir='ltr'>requirit.»</span> <span class='ocrx_word' id='word_1_84' title='bbox 718 869 762 899; x_wconf 87' lang='lat' dir='ltr'>Ita</span> <span class='ocrx_word' id='word_1_85' title='bbox 786 871 822 899; x_wconf 89' lang='lat' dir='ltr'>ut</span> <span class='ocrx_word' id='word_1_86' title='bbox 846 869 878 899; x_wconf 93' lang='lat' dir='ltr'>in</span> <span class='ocrx_word' id='word_1_87' title='bbox 903 870 948 900; x_wconf 91' lang='lat' dir='ltr'>eis</span> 
     </span>
     <span class='ocr_line' id='line_1_14' title="bbox 176 921 945 961; baseline 0.003 -11"><span class='ocrx_word' id='word_1_88' title='bbox 176 921 360 951; x_wconf 78' lang='lat' dir='ltr'>verificetur</span> <span class='ocrx_word' id='word_1_89' title='bbox 374 921 472 951; x_wconf 79' lang='lat' dir='ltr'>illud³</span> <span class='ocrx_word' id='word_1_90' title='bbox 490 932 495 952; x_wconf 91' lang='lat'>:</span> <span class='ocrx_word' id='word_1_91' title='bbox 520 921 574 951; x_wconf 86' lang='lat' dir='ltr'>«Si</span> <span class='ocrx_word' id='word_1_92' title='bbox 590 921 661 961; x_wconf 85' lang='lat' dir='ltr'>quis</span> <span class='ocrx_word' id='word_1_93' title='bbox 680 921 828 960; x_wconf 89' lang='lat' dir='ltr'>ignorat,</span> <span class='ocrx_word' id='word_1_94' title='bbox 850 922 945 960; x_wconf 86' lang='lat' dir='ltr'>igno-</span> 
     </span>
     <span class='ocr_line' id='line_1_15' title="bbox 176 973 944 1013; baseline 0.001 -10"><span class='ocrx_word' id='word_1_95' title='bbox 176 973 308 1003; x_wconf 82' lang='lat' dir='ltr'>rabitur.</span> <span class='ocrx_word' id='word_1_96' title='bbox 321 985 335 1001; x_wconf 86' lang='lat'>»</span> <span class='ocrx_word' id='word_1_97' title='bbox 354 974 392 1004; x_wconf 85' lang='lat' dir='ltr'>Et</span> <span class='ocrx_word' id='word_1_98' title='bbox 407 974 488 1010; x_wconf 84' lang='lat' dir='ltr'>ideo,</span> <span class='ocrx_word' id='word_1_99' title='bbox 504 976 539 1004; x_wconf 88' lang='lat' dir='ltr'>ut</span> <span class='ocrx_word' id='word_1_100' title='bbox 555 974 696 1004; x_wconf 85' lang='lat' dir='ltr'>ostendat</span> <span class='ocrx_word' id='word_1_101' title='bbox 711 975 796 1013; x_wconf 86' lang='lat' dir='ltr'>quod</span> <span class='ocrx_word' id='word_1_102' title='bbox 811 976 880 1005; x_wconf 75' lang='lat' dir='ltr'>haec</span> <span class='ocrx_word' id='word_1_103' title='bbox 896 984 944 1005; x_wconf 93' lang='lat' dir='ltr'>re-</span> 
     </span>
     <span class='ocr_line' id='line_1_16' title="bbox 176 1026 947 1066; baseline 0.001 -10"><span class='ocrx_word' id='word_1_104' title='bbox 176 1026 337 1065; x_wconf 85' lang='lat' dir='ltr'>probando</span> <span class='ocrx_word' id='word_1_105' title='bbox 352 1026 449 1064; x_wconf 84' lang='lat' dir='ltr'>dixit,</span> <span class='ocrx_word' id='word_1_106' title='bbox 467 1027 573 1057; x_wconf 88' lang='lat' dir='ltr'>subdit</span> <span class='ocrx_word' id='word_1_107' title='bbox 590 1027 637 1066; x_wconf 81' lang='lat' dir='ltr'>(v.</span> <span class='ocrx_word' id='word_1_108' title='bbox 656 1028 709 1065; x_wconf 79' lang='lat'>18)</span> <span class='ocrx_word' id='word_1_109' title='bbox 726 1038 731 1056; x_wconf 80' lang='lat' dir='ltr'>z</span> <span class='ocrx_word' id='word_1_110' title='bbox 751 1028 825 1060; x_wconf 76' lang='lat' dir='ltr'>Non</span> <span class='ocrx_word' id='word_1_111' title='bbox 838 1032 883 1057; x_wconf 79' lang='lat' dir='ltr'>est</span> <span class='ocrx_word' id='word_1_112' title='bbox 897 1028 947 1057; x_wconf 81' lang='lat' dir='ltr'>in-</span> 
     </span>
     <span class='ocr_line' id='line_1_17' title="bbox 176 1078 944 1119; baseline 0.003 -11"><span class='ocrx_word' id='word_1_113' title='bbox 176 1083 285 1109; x_wconf 77' lang='lat' dir='ltr'>ventus</span> <span class='ocrx_word' id='word_1_114' title='bbox 306 1079 364 1118; x_wconf 78' lang='lat' dir='ltr'>qui</span> <span class='ocrx_word' id='word_1_115' title='bbox 379 1078 512 1116; x_wconf 73' lang='lat' dir='ltr'>rediret,</span> <span class='ocrx_word' id='word_1_116' title='bbox 538 1083 567 1108; x_wconf 79' lang='lat' dir='ltr'>et</span> <span class='ocrx_word' id='word_1_117' title='bbox 589 1079 680 1109; x_wconf 73' lang='lat' dir='ltr'>claret</span> <span class='ocrx_word' id='word_1_118' title='bbox 701 1080 840 1119; x_wconf 69' lang='lat' dir='ltr'>qlorz&#39;am</span> <span class='ocrx_word' id='word_1_119' title='bbox 863 1081 944 1118; x_wconf 79' lang='lat' dir='ltr'>Deo,</span> 
     </span>
     <span class='ocr_line' id='line_1_18' title="bbox 175 1132 947 1172; baseline 0.001 -10"><span class='ocrx_word' id='word_1_120' title='bbox 175 1133 239 1163; x_wconf 82' lang='lat' dir='ltr'>m&#39;sz&#39;</span> <span class='ocrx_word' id='word_1_121' title='bbox 251 1133 301 1163; x_wconf 77' lang='lat' dir='ltr'>lzic</span> <span class='ocrx_word' id='word_1_122' title='bbox 316 1133 506 1172; x_wconf 73' lang='lat' dir='ltr'>alz&#39;em&#39;qena.</span> <span class='ocrx_word' id='word_1_123' title='bbox 532 1132 565 1162; x_wconf 91' lang='lat' dir='ltr'>ln</span> <span class='ocrx_word' id='word_1_124' title='bbox 585 1142 648 1172; x_wconf 83' lang='lat' dir='ltr'>quo</span> <span class='ocrx_word' id='word_1_125' title='bbox 664 1134 826 1163; x_wconf 84' lang='lat' dir='ltr'>manifeste</span> <span class='ocrx_word' id='word_1_126' title='bbox 841 1136 947 1163; x_wconf 81' lang='lat' dir='ltr'>osten-</span> 
     </span>
     <span class='ocr_line' id='line_1_19' title="bbox 175 1186 946 1226; baseline 0 -10"><span class='ocrx_word' id='word_1_127' title='bbox 175 1186 260 1216; x_wconf 87' lang='lat' dir='ltr'>ditur</span> <span class='ocrx_word' id='word_1_128' title='bbox 287 1186 473 1217; x_wconf 84' lang='lat' dir='ltr'>Judaeorum</span> <span class='ocrx_word' id='word_1_129' title='bbox 502 1186 695 1225; x_wconf 70' lang='lat' dir='ltr'>ingratitudo</span> <span class='ocrx_word' id='word_1_130' title='bbox 708 1210 715 1223; x_wconf 83' lang='lat'>,</span> <span class='ocrx_word' id='word_1_131' title='bbox 746 1187 822 1226; x_wconf 87' lang='lat' dir='ltr'>quia</span> <span class='ocrx_word' id='word_1_132' title='bbox 834 1211 841 1223; x_wconf 93' lang='lat'>,</span> <span class='ocrx_word' id='word_1_133' title='bbox 873 1196 946 1216; x_wconf 79' lang='lat' dir='ltr'>eum</span> 
     </span>
     <span class='ocr_line' id='line_1_20' title="bbox 175 1239 946 1277; baseline 0 -8"><span class='ocrx_word' id='word_1_134' title='bbox 175 1242 278 1269; x_wconf 89' lang='lat' dir='ltr'>essent</span> <span class='ocrx_word' id='word_1_135' title='bbox 293 1249 425 1277; x_wconf 86' lang='lat' dir='ltr'>novem,</span> <span class='ocrx_word' id='word_1_136' title='bbox 449 1240 557 1269; x_wconf 92' lang='lat' dir='ltr'>nullus</span> <span class='ocrx_word' id='word_1_137' title='bbox 573 1249 613 1269; x_wconf 80' lang='lat' dir='ltr'>ex</span> <span class='ocrx_word' id='word_1_138' title='bbox 628 1240 673 1269; x_wconf 84' lang='lat' dir='ltr'>eis</span> <span class='ocrx_word' id='word_1_139' title='bbox 690 1240 799 1275; x_wconf 88' lang='lat' dir='ltr'>rediit,</span> <span class='ocrx_word' id='word_1_140' title='bbox 821 1239 873 1269; x_wconf 85' lang='lat' dir='ltr'>sed</span> <span class='ocrx_word' id='word_1_141' title='bbox 895 1248 946 1269; x_wconf 87' lang='lat' dir='ltr'>so-</span> 
     </span>
     <span class='ocr_line' id='line_1_21' title="bbox 175 1291 944 1331; baseline -0.001 -9"><span class='ocrx_word' id='word_1_142' title='bbox 175 1291 223 1322; x_wconf 88' lang='lat' dir='ltr'>lus</span> <span class='ocrx_word' id='word_1_143' title='bbox 239 1292 295 1322; x_wconf 84' lang='lat' dir='ltr'>iste</span> <span class='ocrx_word' id='word_1_144' title='bbox 311 1292 545 1328; x_wconf 80' lang='lat' dir='ltr'>Samaritanus,</span> <span class='ocrx_word' id='word_1_145' title='bbox 561 1292 616 1331; x_wconf 86' lang='lat' dir='ltr'>qui</span> <span class='ocrx_word' id='word_1_146' title='bbox 630 1301 714 1322; x_wconf 90' lang='lat' dir='ltr'>unus</span> <span class='ocrx_word' id='word_1_147' title='bbox 729 1294 795 1321; x_wconf 83' lang='lat' dir='ltr'>erat</span> <span class='ocrx_word' id='word_1_148' title='bbox 808 1294 838 1321; x_wconf 89' lang='lat' dir='ltr'>et</span> <span class='ocrx_word' id='word_1_149' title='bbox 848 1292 944 1322; x_wconf 87' lang='lat' dir='ltr'>solus.</span> 
     </span>
     <span class='ocr_line' id='line_1_22' title="bbox 176 1345 946 1384; baseline 0.001 -10"><span class='ocrx_word' id='word_1_150' title='bbox 176 1345 210 1374; x_wconf 91' lang='lat' dir='ltr'>ln</span> <span class='ocrx_word' id='word_1_151' title='bbox 224 1354 287 1384; x_wconf 90' lang='lat' dir='ltr'>quo</span> <span class='ocrx_word' id='word_1_152' title='bbox 310 1345 501 1384; x_wconf 82' lang='lat' dir='ltr'>intelligitur</span> <span class='ocrx_word' id='word_1_153' title='bbox 520 1345 628 1375; x_wconf 79' lang='lat' dir='ltr'>electio</span> <span class='ocrx_word' id='word_1_154' title='bbox 651 1345 816 1382; x_wconf 82' lang='lat' dir='ltr'>gentium,</span> <span class='ocrx_word' id='word_1_155' title='bbox 842 1347 872 1374; x_wconf 85' lang='lat' dir='ltr'>et</span> <span class='ocrx_word' id='word_1_156' title='bbox 893 1354 946 1375; x_wconf 88' lang='lat' dir='ltr'>re·-</span> 
     </span>
     <span class='ocr_line' id='line_1_23' title="bbox 175 1397 948 1437; baseline -0.003 -9"><span class='ocrx_word' id='word_1_157' title='bbox 175 1398 317 1437; x_wconf 78' lang='lat' dir='ltr'>probatio</span> <span class='ocrx_word' id='word_1_158' title='bbox 328 1397 523 1435; x_wconf 82' lang='lat' dir='ltr'>Judaeorum,</span> <span class='ocrx_word' id='word_1_159' title='bbox 537 1397 709 1427; x_wconf 86' lang='lat' dir='ltr'>secundum</span> <span class='ocrx_word' id='word_1_160' title='bbox 724 1397 820 1427; x_wconf 63' lang='lat' dir='ltr'>illudb</span> <span class='ocrx_word' id='word_1_161' title='bbox 836 1407 842 1427; x_wconf 78' lang='lat'>1</span> <span class='ocrx_word' id='word_1_162' title='bbox 860 1409 873 1425; x_wconf 74' lang='grc' dir='ltr'>α</span> <span class='ocrx_word' id='word_1_163' title='bbox 885 1397 948 1427; x_wconf 86' lang='lat' dir='ltr'>Ali-</span> 
     </span>
     <span class='ocr_line' id='line_1_24' title="bbox 174 1450 946 1490; baseline -0.001 -10"><span class='ocrx_word' id='word_1_164' title='bbox 174 1451 302 1490; x_wconf 82' lang='lat' dir='ltr'>quando</span> <span class='ocrx_word' id='word_1_165' title='bbox 318 1459 375 1481; x_wconf 93' lang='lat' dir='ltr'>vos</span> <span class='ocrx_word' id='word_1_166' title='bbox 393 1450 433 1489; x_wconf 76' lang='lat' dir='ltr'>(a)</span> <span class='ocrx_word' id='word_1_167' title='bbox 453 1451 565 1488; x_wconf 85' lang='lat' dir='ltr'>gentes</span> <span class='ocrx_word' id='word_1_168' title='bbox 581 1450 613 1479; x_wconf 91' lang='lat' dir='ltr'>in</span> <span class='ocrx_word' id='word_1_169' title='bbox 629 1459 738 1486; x_wconf 84' lang='lat' dir='ltr'>carne,</span> <span class='ocrx_word' id='word_1_170' title='bbox 755 1452 829 1487; x_wconf 66' lang='lat' dir='ltr'>etc„</span> <span class='ocrx_word' id='word_1_171' title='bbox 852 1450 946 1480; x_wconf 86' lang='lat' dir='ltr'>eratis</span> 
     </span>
     <span class='ocr_line' id='line_1_25' title="bbox 175 1502 946 1542; baseline 0 -10"><span class='ocrx_word' id='word_1_172' title='bbox 175 1503 227 1533; x_wconf 93' lang='lat' dir='ltr'>illo</span> <span class='ocrx_word' id='word_1_173' title='bbox 237 1503 270 1532; x_wconf 90' lang='lat' dir='ltr'>in</span> <span class='ocrx_word' id='word_1_174' title='bbox 279 1505 420 1542; x_wconf 84' lang='lat' dir='ltr'>tempore</span> <span class='ocrx_word' id='word_1_175' title='bbox 430 1503 497 1533; x_wconf 89' lang='lat' dir='ltr'>sine</span> <span class='ocrx_word' id='word_1_176' title='bbox 508 1503 642 1539; x_wconf 81' lang='lat' dir='ltr'>Christo,</span> <span class='ocrx_word' id='word_1_177' title='bbox 654 1502 806 1532; x_wconf 81' lang='lat' dir='ltr'>alienatia</span> <span class='ocrx_word' id='word_1_178' title='bbox 816 1512 946 1532; x_wconf 86' lang='lat' dir='ltr'>conver-</span> 
     </span>
     <span class='ocr_line' id='line_1_26' title="bbox 175 1555 944 1595; baseline 0 -10"><span class='ocrx_word' id='word_1_179' title='bbox 175 1556 293 1586; x_wconf 81' lang='lat' dir='ltr'>satione</span> <span class='ocrx_word' id='word_1_180' title='bbox 316 1555 424 1593; x_wconf 85' lang='lat' dir='ltr'>Israel,</span> <span class='ocrx_word' id='word_1_181' title='bbox 449 1558 479 1586; x_wconf 91' lang='lat' dir='ltr'>et</span> <span class='ocrx_word' id='word_1_182' title='bbox 503 1555 639 1595; x_wconf 77' lang='lat' dir='ltr'>hospites</span> <span class='ocrx_word' id='word_1_183' title='bbox 664 1557 944 1593; x_wconf 80' lang='lat' dir='ltr'>testamentorum,</span> 
     </span>
     <span class='ocr_line' id='line_1_27' title="bbox 174 1607 946 1648; baseline 0 -10"><span class='ocrx_word' id='word_1_184' title='bbox 174 1607 391 1648; x_wconf 84' lang='lat' dir='ltr'>promissionis</span> <span class='ocrx_word' id='word_1_185' title='bbox 417 1617 505 1647; x_wconf 89' lang='lat' dir='ltr'>spem</span> <span class='ocrx_word' id='word_1_186' title='bbox 532 1617 597 1637; x_wconf 91' lang='lat' dir='ltr'>non</span> <span class='ocrx_word' id='word_1_187' title='bbox 626 1607 794 1645; x_wconf 81' lang='lat' dir='ltr'>habentes,</span> <span class='ocrx_word' id='word_1_188' title='bbox 823 1610 853 1637; x_wconf 88' lang='lat' dir='ltr'>et</span> <span class='ocrx_word' id='word_1_189' title='bbox 879 1608 946 1639; x_wconf 88' lang='lat' dir='ltr'>siue</span> 
     </span>
     <span class='ocr_line' id='line_1_28' title="bbox 174 1660 946 1691; baseline 0.001 -1"><span class='ocrx_word' id='word_1_190' title='bbox 174 1661 236 1691; x_wconf 88' lang='lat' dir='ltr'>Deo</span> <span class='ocrx_word' id='word_1_191' title='bbox 252 1661 284 1690; x_wconf 92' lang='lat' dir='ltr'>in</span> <span class='ocrx_word' id='word_1_192' title='bbox 300 1660 359 1690; x_wconf 90' lang='lat' dir='ltr'>hoe</span> <span class='ocrx_word' id='word_1_193' title='bbox 373 1661 504 1691; x_wconf 86' lang='lat' dir='ltr'>mundo.</span> <span class='ocrx_word' id='word_1_194' title='bbox 527 1660 617 1691; x_wconf 87' lang='lat' dir='ltr'>Nune</span> <span class='ocrx_word' id='word_1_195' title='bbox 640 1662 746 1690; x_wconf 83' lang='lat' dir='ltr'>autem</span> <span class='ocrx_word' id='word_1_196' title='bbox 770 1660 803 1690; x_wconf 89' lang='lat' dir='ltr'>in</span> <span class='ocrx_word' id='word_1_197' title='bbox 824 1660 946 1691; x_wconf 85' lang='lat' dir='ltr'>Christo</span> 
     </span>
     <span class='ocr_line' id='line_1_29' title="bbox 174 1713 946 1753; baseline -0.001 -9"><span class='ocrx_word' id='word_1_198' title='bbox 174 1714 248 1744; x_wconf 88' lang='lat' dir='ltr'>Jesu</span> <span class='ocrx_word' id='word_1_199' title='bbox 257 1722 313 1744; x_wconf 90' lang='lat' dir='ltr'>vos</span> <span class='ocrx_word' id='word_1_200' title='bbox 324 1713 377 1752; x_wconf 86' lang='lat' dir='ltr'>qui</span> <span class='ocrx_word' id='word_1_201' title='bbox 389 1713 559 1753; x_wconf 84' lang='lat' dir='ltr'>aliquando</span> <span class='ocrx_word' id='word_1_202' title='bbox 568 1713 662 1743; x_wconf 81' lang='lat' dir='ltr'>eratis</span> <span class='ocrx_word' id='word_1_203' title='bbox 672 1713 777 1752; x_wconf 85' lang='lat' dir='ltr'>longe,</span> <span class='ocrx_word' id='word_1_204' title='bbox 791 1714 861 1743; x_wconf 85' lang='lat' dir='ltr'>faeti</span> <span class='ocrx_word' id='word_1_205' title='bbox 873 1714 946 1743; x_wconf 87' lang='lat' dir='ltr'>estis</span> 
     </span>
     <span class='ocr_line' id='line_1_30' title="bbox 176 1765 946 1806; baseline 0 -10"><span class='ocrx_word' id='word_1_206' title='bbox 176 1776 315 1806; x_wconf 82' lang='lat' dir='ltr'>prope,n</span> <span class='ocrx_word' id='word_1_207' title='bbox 345 1768 403 1796; x_wconf 88' lang='lat' dir='ltr'>ete.</span> <span class='ocrx_word' id='word_1_208' title='bbox 427 1765 618 1804; x_wconf 79' lang='lat' dir='ltr'>Alienigena</span> <span class='ocrx_word' id='word_1_209' title='bbox 635 1765 768 1803; x_wconf 84' lang='lat' dir='ltr'>dicitur,</span> <span class='ocrx_word' id='word_1_210' title='bbox 794 1766 849 1805; x_wconf 88' lang='lat' dir='ltr'>qui</span> <span class='ocrx_word' id='word_1_211' title='bbox 871 1766 946 1796; x_wconf 85' lang='lat' dir='ltr'>alibi</span> 
     </span>
     <span class='ocr_line' id='line_1_31' title="bbox 174 1818 947 1855; baseline 0.001 -7"><span class='ocrx_word' id='word_1_212' title='bbox 174 1818 307 1855; x_wconf 84' lang='lat' dir='ltr'>habitat,</span> <span class='ocrx_word' id='word_1_213' title='bbox 323 1820 353 1848; x_wconf 87' lang='lat' dir='ltr'>et</span> <span class='ocrx_word' id='word_1_214' title='bbox 367 1818 442 1848; x_wconf 84' lang='lat' dir='ltr'>alibi</span> <span class='ocrx_word' id='word_1_215' title='bbox 458 1820 551 1848; x_wconf 84' lang='lat' dir='ltr'>natus</span> <span class='ocrx_word' id='word_1_216' title='bbox 566 1820 612 1848; x_wconf 87' lang='lat' dir='ltr'>est</span> <span class='ocrx_word' id='word_1_217' title='bbox 628 1829 634 1847; x_wconf 92' lang='lat'>:</span> <span class='ocrx_word' id='word_1_218' title='bbox 653 1818 696 1847; x_wconf 87' lang='lat' dir='ltr'>sic</span> <span class='ocrx_word' id='word_1_219' title='bbox 716 1821 763 1848; x_wconf 89' lang='lat' dir='ltr'>est</span> <span class='ocrx_word' id='word_1_220' title='bbox 781 1819 819 1849; x_wconf 89' lang='lat' dir='ltr'>de</span> <span class='ocrx_word' id='word_1_221' title='bbox 843 1819 947 1849; x_wconf 90' lang='lat' dir='ltr'>omni-</span> 
     </span>
     <span class='ocr_line' id='line_1_32' title="bbox 174 1870 944 1911; baseline 0 -10"><span class='ocrx_word' id='word_1_222' title='bbox 174 1872 233 1901; x_wconf 91' lang='lat' dir='ltr'>bus</span> <span class='ocrx_word' id='word_1_223' title='bbox 253 1871 309 1911; x_wconf 88' lang='lat' dir='ltr'>qui</span> <span class='ocrx_word' id='word_1_224' title='bbox 331 1870 498 1901; x_wconf 79' lang='lat' dir='ltr'>carnaliter</span> <span class='ocrx_word' id='word_1_225' title='bbox 518 1871 582 1900; x_wconf 84' lang='lat' dir='ltr'>nati</span> <span class='ocrx_word' id='word_1_226' title='bbox 608 1870 646 1900; x_wconf 88' lang='lat' dir='ltr'>ad</span> <span class='ocrx_word' id='word_1_227' title='bbox 671 1870 817 1909; x_wconf 88' lang='lat' dir='ltr'>spiritum</span> <span class='ocrx_word' id='word_1_228' title='bbox 840 1874 944 1901; x_wconf 83' lang='lat' dir='ltr'>trans-</span> 
     </span>
     <span class='ocr_line' id='line_1_33' title="bbox 174 1922 943 1962; baseline 0 -8"><span class='ocrx_word' id='word_1_229' title='bbox 174 1927 268 1962; x_wconf 88' lang='lat' dir='ltr'>eunt,</span> <span class='ocrx_word' id='word_1_230' title='bbox 284 1924 460 1954; x_wconf 88' lang='lat' dir='ltr'>secundum</span> <span class='ocrx_word' id='word_1_231' title='bbox 476 1923 552 1953; x_wconf 87' lang='lat' dir='ltr'>illud</span> <span class='ocrx_word' id='word_1_232' title='bbox 564 1923 574 1939; x_wconf 78' lang='lat'><strong>⁵</strong></span> <span class='ocrx_word' id='word_1_233' title='bbox 591 1933 597 1952; x_wconf 82' lang='lat' dir='ltr'><strong><em>z</em></strong></span> <span class='ocrx_word' id='word_1_234' title='bbox 619 1934 633 1950; x_wconf 75' lang='grc' dir='ltr'>(ι</span> <span class='ocrx_word' id='word_1_235' title='bbox 647 1922 715 1953; x_wconf 90' lang='lat' dir='ltr'>Non</span> <span class='ocrx_word' id='word_1_236' title='bbox 732 1923 787 1962; x_wconf 89' lang='lat' dir='ltr'>qui</span> <span class='ocrx_word' id='word_1_237' title='bbox 806 1924 862 1953; x_wconf 87' lang='lat' dir='ltr'>filii</span> <span class='ocrx_word' id='word_1_238' title='bbox 879 1933 943 1954; x_wconf 84' lang='lat' dir='ltr'>car-</span> 
     </span>
     <span class='ocr_line' id='line_1_34' title="bbox 175 1975 944 2015; baseline 0 -9"><span class='ocrx_word' id='word_1_239' title='bbox 175 1977 234 2014; x_wconf 87' lang='lat' dir='ltr'>nis,</span> <span class='ocrx_word' id='word_1_240' title='bbox 244 1977 277 2006; x_wconf 87' lang='lat' dir='ltr'>hi</span> <span class='ocrx_word' id='word_1_241' title='bbox 288 1977 343 2006; x_wconf 79' lang='lat' dir='ltr'>filii</span> <span class='ocrx_word' id='word_1_242' title='bbox 352 1977 421 2013; x_wconf 87' lang='lat' dir='ltr'>Dei;</span> <span class='ocrx_word' id='word_1_243' title='bbox 435 1976 488 2006; x_wconf 87' lang='lat' dir='ltr'>sed</span> <span class='ocrx_word' id='word_1_244' title='bbox 500 1976 554 2015; x_wconf 88' lang='lat' dir='ltr'>qui</span> <span class='ocrx_word' id='word_1_245' title='bbox 564 1975 621 2005; x_wconf 82' lang='lat' dir='ltr'>filii</span> <span class='ocrx_word' id='word_1_246' title='bbox 631 1978 705 2005; x_wconf 89' lang='lat' dir='ltr'>sunt</span> <span class='ocrx_word' id='word_1_247' title='bbox 716 1976 944 2015; x_wconf 77' lang='lat' dir='ltr'>promissionis,</span> 
     </span>
     <span class='ocr_line' id='line_1_35' title="bbox 175 2028 944 2065; baseline 0.001 -6"><span class='ocrx_word' id='word_1_248' title='bbox 175 2029 415 2060; x_wconf 69' lang='lat' dir='ltr'>zestimanturin</span> <span class='ocrx_word' id='word_1_249' title='bbox 424 2029 578 2059; x_wconf 82' lang='lat' dir='ltr'>semine.»</span> <span class='ocrx_word' id='word_1_250' title='bbox 593 2028 682 2065; x_wconf 78' lang='lat' dir='ltr'>Quia,</span> <span class='ocrx_word' id='word_1_251' title='bbox 696 2029 777 2058; x_wconf 81' lang='lat' dir='ltr'>sieut</span> <span class='ocrx_word' id='word_1_252' title='bbox 787 2030 901 2059; x_wconf 85' lang='lat' dir='ltr'>dicitur</span> <span class='ocrx_word' id='word_1_253' title='bbox 914 2031 924 2046; x_wconf 78' lang='lat'><strong>⁶</strong></span> <span class='ocrx_word' id='word_1_254' title='bbox 938 2041 944 2060; x_wconf 77' lang='grc' dir='ltr'>ε</span> 
     </span>
     <span class='ocr_line' id='line_1_36' title="bbox 180 2082 945 2119; baseline 0.003 -8"><span class='ocrx_word' id='word_1_255' title='bbox 180 2082 295 2118; x_wconf 79' lang='lat' dir='ltr'>«Quod</span> <span class='ocrx_word' id='word_1_256' title='bbox 311 2084 421 2112; x_wconf 86' lang='lat' dir='ltr'>natum</span> <span class='ocrx_word' id='word_1_257' title='bbox 438 2084 536 2111; x_wconf 82' lang='lat' dir='ltr'>estex</span> <span class='ocrx_word' id='word_1_258' title='bbox 556 2090 650 2110; x_wconf 87' lang='lat' dir='ltr'>carne</span> <span class='ocrx_word' id='word_1_259' title='bbox 661 2105 668 2118; x_wconf 92' lang='lat'>,</span> <span class='ocrx_word' id='word_1_260' title='bbox 690 2090 762 2111; x_wconf 82' lang='lat' dir='ltr'>caro</span> <span class='ocrx_word' id='word_1_261' title='bbox 779 2084 841 2119; x_wconf 86' lang='lat' dir='ltr'>est,</span> <span class='ocrx_word' id='word_1_262' title='bbox 854 2093 868 2110; x_wconf 88' lang='lat'>»</span> <span class='ocrx_word' id='word_1_263' title='bbox 886 2085 945 2113; x_wconf 82' lang='lat' dir='ltr'>etc.</span> 
     </span>
     <span class='ocr_line' id='line_1_37' title="bbox 176 2132 948 2165; baseline 0 -1"><span class='ocrx_word' id='word_1_264' title='bbox 176 2134 213 2164; x_wconf 81' lang='lat' dir='ltr'>Et</span> <span class='ocrx_word' id='word_1_265' title='bbox 225 2134 294 2165; x_wconf 89' lang='lat' dir='ltr'>ideo</span> <span class='ocrx_word' id='word_1_266' title='bbox 309 2134 342 2164; x_wconf 88' lang='lat' dir='ltr'>in</span> <span class='ocrx_word' id='word_1_267' title='bbox 358 2134 487 2165; x_wconf 78' lang='lat' dir='ltr'>Psalmo</span> <span class='ocrx_word' id='word_1_268' title='bbox 500 2133 615 2163; x_wconf 87' lang='lat' dir='ltr'>dicitur</span> <span class='ocrx_word' id='word_1_269' title='bbox 629 2132 774 2163; x_wconf 74' lang='lat' dir='ltr'>Ecclesiae</span> <span class='ocrx_word' id='word_1_270' title='bbox 786 2137 795 2153; x_wconf 86' lang='lat'><strong>⁷</strong></span> <span class='ocrx_word' id='word_1_271' title='bbox 814 2145 820 2164; x_wconf 89' lang='lat'>:</span> <span class='ocrx_word' id='word_1_272' title='bbox 840 2146 853 2163; x_wconf 85' lang='lat'>«</span> <span class='ocrx_word' id='word_1_273' title='bbox 867 2134 948 2164; x_wconf 87' lang='lat' dir='ltr'>Obli-</span> 
     </span>
     <span class='ocr_line' id='line_1_38' title="bbox 176 2185 947 2226; baseline 0 -9"><span class='ocrx_word' id='word_1_274' title='bbox 176 2187 294 2217; x_wconf 85' lang='lat' dir='ltr'>viscere</span> <span class='ocrx_word' id='word_1_275' title='bbox 323 2186 479 2226; x_wconf 89' lang='lat' dir='ltr'>populum</span> <span class='ocrx_word' id='word_1_276' title='bbox 507 2188 601 2216; x_wconf 90' lang='lat' dir='ltr'>tuum</span> <span class='ocrx_word' id='word_1_277' title='bbox 630 2187 661 2215; x_wconf 83' lang='lat' dir='ltr'>ct</span> <span class='ocrx_word' id='word_1_278' title='bbox 690 2185 821 2215; x_wconf 89' lang='lat' dir='ltr'>domum</span> <span class='ocrx_word' id='word_1_279' title='bbox 850 2188 947 2225; x_wconf 83' lang='lat' dir='ltr'>patris</span> 
     </span>
     <span class='ocr_line' id='line_1_39' title="bbox 176 2238 947 2278; baseline 0.001 -9"><span class='ocrx_word' id='word_1_280' title='bbox 176 2240 234 2270; x_wconf 89' lang='lat' dir='ltr'>tui.</span> <span class='ocrx_word' id='word_1_281' title='bbox 248 2251 262 2267; x_wconf 86' lang='lat'>»</span> <span class='ocrx_word' id='word_1_282' title='bbox 283 2239 320 2269; x_wconf 87' lang='lat' dir='ltr'>Et</span> <span class='ocrx_word' id='word_1_283' title='bbox 334 2240 366 2269; x_wconf 91' lang='lat' dir='ltr'>in</span> <span class='ocrx_word' id='word_1_284' title='bbox 381 2240 487 2278; x_wconf 88' lang='lat' dir='ltr'>figura</span> <span class='ocrx_word' id='word_1_285' title='bbox 502 2238 615 2268; x_wconf 85' lang='lat' dir='ltr'>dieitur</span> <span class='ocrx_word' id='word_1_286' title='bbox 629 2238 784 2268; x_wconf 66' lang='lat' dir='ltr'>Abrahaess</span> <span class='ocrx_word' id='word_1_287' title='bbox 797 2250 803 2269; x_wconf 90' lang='lat'>:</span> <span class='ocrx_word' id='word_1_288' title='bbox 825 2251 839 2267; x_wconf 87' lang='lat'>«</span> <span class='ocrx_word' id='word_1_289' title='bbox 850 2239 947 2278; x_wconf 87' lang='lat' dir='ltr'>Egre-</span> 
     </span>
     <span class='ocr_line' id='line_1_40' title="bbox 177 2291 948 2330; baseline 0 -7"><span class='ocrx_word' id='word_1_290' title='bbox 177 2293 250 2323; x_wconf 89' lang='lat' dir='ltr'>dere</span> <span class='ocrx_word' id='word_1_291' title='bbox 264 2292 302 2322; x_wconf 85' lang='lat' dir='ltr'>(le</span> <span class='ocrx_word' id='word_1_292' title='bbox 317 2294 400 2322; x_wconf 85' lang='lat' dir='ltr'>terra</span> <span class='ocrx_word' id='word_1_293' title='bbox 414 2295 485 2330; x_wconf 84' lang='lat' dir='ltr'>tua,</span> <span class='ocrx_word' id='word_1_294' title='bbox 506 2293 537 2322; x_wconf 89' lang='lat' dir='ltr'>et</span> <span class='ocrx_word' id='word_1_295' title='bbox 557 2291 595 2321; x_wconf 88' lang='lat' dir='ltr'>de</span> <span class='ocrx_word' id='word_1_296' title='bbox 616 2291 806 2329; x_wconf 81' lang='lat' dir='ltr'>cognatione</span> <span class='ocrx_word' id='word_1_297' title='bbox 827 2294 900 2330; x_wconf 85' lang='lat' dir='ltr'>tua,</span> <span class='ocrx_word' id='word_1_298' title='bbox 917 2295 948 2323; x_wconf 90' lang='lat' dir='ltr'>et</span> 
     </span>
     <span class='ocr_line' id='line_1_41' title="bbox 177 2343 944 2384; baseline 0 -9"><span class='ocrx_word' id='word_1_299' title='bbox 177 2345 215 2375; x_wconf 89' lang='lat' dir='ltr'>de</span> <span class='ocrx_word' id='word_1_300' title='bbox 230 2345 323 2375; x_wconf 89' lang='lat' dir='ltr'>domo</span> <span class='ocrx_word' id='word_1_301' title='bbox 338 2345 435 2384; x_wconf 80' lang='lat' dir='ltr'>patris</span> <span class='ocrx_word' id='word_1_302' title='bbox 450 2345 514 2382; x_wconf 83' lang='lat' dir='ltr'>tui,</span> <span class='ocrx_word' id='word_1_303' title='bbox 531 2346 562 2374; x_wconf 87' lang='lat' dir='ltr'>et</span> <span class='ocrx_word' id='word_1_304' title='bbox 575 2343 648 2375; x_wconf 88' lang='lat' dir='ltr'>veni</span> <span class='ocrx_word' id='word_1_305' title='bbox 664 2343 837 2382; x_wconf 86' lang='lat' dir='ltr'>interram,</span> <span class='ocrx_word' id='word_1_306' title='bbox 854 2356 868 2372; x_wconf 75' lang='lat' dir='ltr'>n</span> <span class='ocrx_word' id='word_1_307' title='bbox 887 2347 944 2375; x_wconf 87' lang='lat' dir='ltr'>etc.</span> 
     </span>
     <span class='ocr_line' id='line_1_42' title="bbox 178 2397 948 2438; baseline -0.003 -9"><span class='ocrx_word' id='word_1_308' title='bbox 178 2398 239 2429; x_wconf 58' lang='lat' dir='ltr'>Ev-</span> <span class='ocrx_word' id='word_1_309' title='bbox 255 2408 262 2428; x_wconf 93' lang='lat'>:</span> <span class='ocrx_word' id='word_1_310' title='bbox 284 2409 299 2426; x_wconf 88' lang='lat'>«</span> <span class='ocrx_word' id='word_1_311' title='bbox 314 2398 448 2428; x_wconf 80' lang='lat' dir='ltr'>Obsecro</span> <span class='ocrx_word' id='word_1_312' title='bbox 463 2407 519 2428; x_wconf 85' lang='lat' dir='ltr'>vos</span> <span class='ocrx_word' id='word_1_313' title='bbox 533 2400 686 2436; x_wconf 85' lang='lat' dir='ltr'>tanquam</span> <span class='ocrx_word' id='word_1_314' title='bbox 701 2397 837 2428; x_wconf 83' lang='lat' dir='ltr'>advenas</span> <span class='ocrx_word' id='word_1_315' title='bbox 851 2400 882 2428; x_wconf 89' lang='lat' dir='ltr'>et</span> <span class='ocrx_word' id='word_1_316' title='bbox 896 2407 948 2438; x_wconf 87' lang='lat' dir='ltr'>pe-</span> 
     </span>
     <span class='ocr_line' id='line_1_43' title="bbox 178 2450 948 2490; baseline 0.001 -9"><span class='ocrx_word' id='word_1_317' title='bbox 178 2451 340 2490; x_wconf 86' lang='lat' dir='ltr'>regrinos,</span> <span class='ocrx_word' id='word_1_318' title='bbox 358 2451 515 2482; x_wconf 83' lang='lat' dir='ltr'>abstinere</span> <span class='ocrx_word' id='word_1_319' title='bbox 530 2459 586 2481; x_wconf 89' lang='lat' dir='ltr'>vos</span> <span class='ocrx_word' id='word_1_320' title='bbox 600 2459 620 2479; x_wconf 81' lang='lat' dir='ltr'>a</span> <span class='ocrx_word' id='word_1_321' title='bbox 634 2450 812 2481; x_wconf 83' lang='lat' dir='ltr'>carnalibus</span> <span class='ocrx_word' id='word_1_322' title='bbox 826 2451 948 2482; x_wconf 87' lang='lat' dir='ltr'>deside-</span> 
     </span>
     <span class='ocr_line' id='line_1_44' title="bbox 177 2504 273 2534; baseline -0.021 0"><span class='ocrx_word' id='word_1_323' title='bbox 177 2504 245 2534; x_wconf 84' lang='lat' dir='ltr'>riis.</span> <span class='ocrx_word' id='word_1_324' title='bbox 258 2514 273 2532; x_wconf 72' lang='lat'>1&gt;</span> 
     </span>
    </p>

    <p class='ocr_par' dir='ltr' id='par_1_4' title="bbox 179 2564 949 2632">
     <span class='ocr_line' id='line_1_45' title="bbox 210 2564 948 2597; baseline -0.001 -8"><span class='ocrx_word' id='word_1_325' title='bbox 210 2567 217 2581; x_wconf 93' lang='lat'>¹</span> <span class='ocrx_word' id='word_1_326' title='bbox 234 2565 306 2593; x_wconf 85' lang='lat' dir='ltr'>Gen.,</span> <span class='ocrx_word' id='word_1_327' title='bbox 324 2570 392 2595; x_wconf 77' lang='lat' dir='ltr'>xvu,</span> <span class='ocrx_word' id='word_1_328' title='bbox 408 2566 445 2588; x_wconf 83' lang='lat'>17.</span> <span class='ocrx_word' id='word_1_329' title='bbox 461 2576 492 2581; x_wconf 94' lang='lat'>—</span> <span class='ocrx_word' id='word_1_330' title='bbox 506 2564 514 2577; x_wconf 82' lang='lat'>²</span> <span class='ocrx_word' id='word_1_331' title='bbox 526 2564 600 2593; x_wconf 65' lang='lat' dir='ltr'>ibid„</span> <span class='ocrx_word' id='word_1_332' title='bbox 619 2571 663 2595; x_wconf 84' lang='lat'>111,</span> <span class='ocrx_word' id='word_1_333' title='bbox 679 2567 742 2588; x_wconf 83' lang='grc'>9.-</span> <span class='ocrx_word' id='word_1_334' title='bbox 759 2566 769 2582; x_wconf 85' lang='lat'><strong>³</strong></span> <span class='ocrx_word' id='word_1_335' title='bbox 784 2567 791 2589; x_wconf 90' lang='lat'><em>1</em></span> <span class='ocrx_word' id='word_1_336' title='bbox 808 2566 877 2596; x_wconf 58' lang='lat' dir='ltr'>Com,</span> <span class='ocrx_word' id='word_1_337' title='bbox 894 2571 948 2597; x_wconf 66' lang='lat' dir='ltr'>x-v,</span> 
     </span>
     <span class='ocr_line' id='line_1_46' title="bbox 179 2600 949 2632; baseline 0.001 -8"><span class='ocrx_word' id='word_1_338' title='bbox 179 2602 217 2624; x_wconf 84' lang='lat'>38.</span> <span class='ocrx_word' id='word_1_339' title='bbox 228 2613 258 2618; x_wconf 89' lang='lat'>·-</span> <span class='ocrx_word' id='word_1_340' title='bbox 272 2601 280 2615; x_wconf 89' lang='lat'><strong>⁴</strong></span> <span class='ocrx_word' id='word_1_341' title='bbox 296 2600 396 2631; x_wconf 69' lang='lat' dir='ltr'>Ephes„</span> <span class='ocrx_word' id='word_1_342' title='bbox 412 2606 442 2628; x_wconf 76' lang='grc' dir='ltr'>υ,</span> <span class='ocrx_word' id='word_1_343' title='bbox 460 2602 538 2624; x_wconf 77' lang='grc'><strong>11-13.</strong></span> <span class='ocrx_word' id='word_1_344' title='bbox 550 2613 581 2617; x_wconf 90' lang='grc'><strong>-</strong></span> <span class='ocrx_word' id='word_1_345' title='bbox 595 2601 605 2617; x_wconf 80' lang='lat'><strong>⁶</strong></span> <span class='ocrx_word' id='word_1_346' title='bbox 619 2601 696 2630; x_wconf 58' lang='lat' dir='ltr'>Rom„</span> <span class='ocrx_word' id='word_1_347' title='bbox 712 2607 752 2632; x_wconf 81' lang='lat' dir='ltr'>ix,</span> <span class='ocrx_word' id='word_1_348' title='bbox 769 2603 831 2625; x_wconf 82' lang='grc'>8.-</span> <span class='ocrx_word' id='word_1_349' title='bbox 847 2602 857 2618; x_wconf 80' lang='lat'>⁵</span> <span class='ocrx_word' id='word_1_350' title='bbox 868 2602 949 2632; x_wconf 67' lang='lat' dir='ltr'>dean„</span> 
     </span>
    </p>
   </div>
   <div class='ocr_carea' id='block_1_3' title="bbox 179 2634 950 2703">
    <p class='ocr_par' dir='ltr' id='par_1_5' title="bbox 179 2634 950 2703">
     <span class='ocr_line' id='line_1_47' title="bbox 181 2634 949 2666; baseline 0.004 -8"><span class='ocrx_word' id='word_1_351' title='bbox 181 2641 222 2664; x_wconf 77' lang='lat' dir='ltr'>ut,</span> <span class='ocrx_word' id='word_1_352' title='bbox 247 2638 269 2659; x_wconf 86' lang='grc'>6.</span> <span class='ocrx_word' id='word_1_353' title='bbox 292 2649 322 2654; x_wconf 89' lang='grc'><strong>-</strong></span> <span class='ocrx_word' id='word_1_354' title='bbox 347 2636 354 2650; x_wconf 86' lang='lat'>⁷</span> <span class='ocrx_word' id='word_1_355' title='bbox 379 2634 445 2660; x_wconf 78' lang='lat' dir='ltr'>Psal.</span> <span class='ocrx_word' id='word_1_356' title='bbox 467 2640 535 2666; x_wconf 51' lang='grc' dir='ltr'>λων,</span> <span class='ocrx_word' id='word_1_357' title='bbox 558 2637 596 2659; x_wconf 86' lang='lat'>11.</span> <span class='ocrx_word' id='word_1_358' title='bbox 618 2648 648 2653; x_wconf 95' lang='lat'><strong>—</strong></span> <span class='ocrx_word' id='word_1_359' title='bbox 671 2636 679 2650; x_wconf 60' lang='grc' dir='ltr'>Β</span> <span class='ocrx_word' id='word_1_360' title='bbox 701 2636 771 2666; x_wconf 84' lang='lat' dir='ltr'>Gen.,</span> <span class='ocrx_word' id='word_1_361' title='bbox 799 2643 849 2666; x_wconf 86' lang='lat' dir='ltr'>xu,</span> <span class='ocrx_word' id='word_1_362' title='bbox 875 2640 896 2661; x_wconf 81' lang='lat'>1.</span> <span class='ocrx_word' id='word_1_363' title='bbox 919 2650 949 2655; x_wconf 90' lang='lat'><em>-</em></span> 
     </span>
     <span class='ocr_line' id='line_1_48' title="bbox 179 2670 950 2703; baseline 0.004 -9"><span class='ocrx_word' id='word_1_364' title='bbox 179 2671 189 2687; x_wconf 82' lang='lat'>⁹</span> <span class='ocrx_word' id='word_1_365' title='bbox 207 2672 224 2694; x_wconf 94' lang='grc' dir='ltr'>ΙΙ</span> <span class='ocrx_word' id='word_1_366' title='bbox 248 2672 326 2701; x_wconf 60' lang='lat' dir='ltr'>Petra,</span> <span class='ocrx_word' id='word_1_367' title='bbox 347 2677 378 2701; x_wconf 88' lang='lat'>11,</span> <span class='ocrx_word' id='word_1_368' title='bbox 396 2673 433 2695; x_wconf 83' lang='lat'>11.</span> <span class='ocrx_word' id='word_1_369' title='bbox 449 2683 479 2688; x_wconf 96' lang='lat'>—</span> <span class='ocrx_word' id='word_1_370' title='bbox 499 2670 519 2687; x_wconf 82' lang='lat'>¹⁰</span> <span class='ocrx_word' id='word_1_371' title='bbox 532 2670 631 2701; x_wconf 66' lang='lat' dir='ltr'>Ephes„</span> <span class='ocrx_word' id='word_1_372' title='bbox 647 2676 671 2702; x_wconf 77' lang='grc' dir='ltr'>ν,</span> <span class='ocrx_word' id='word_1_373' title='bbox 688 2672 725 2695; x_wconf 76' lang='lat'>14.</span> <span class='ocrx_word' id='word_1_374' title='bbox 739 2684 770 2689; x_wconf 83' lang='lat'>--</span> <span class='ocrx_word' id='word_1_375' title='bbox 786 2673 803 2688; x_wconf 87' lang='lat'>¹¹</span> <span class='ocrx_word' id='word_1_376' title='bbox 819 2672 883 2702; x_wconf 66' lang='lat' dir='ltr'>Act„</span> <span class='ocrx_word' id='word_1_377' title='bbox 901 2678 950 2703; x_wconf 71' lang='lat' dir='ltr'>xm,</span> 
     </span>
    </p>
   </div>
   <div class='ocr_carea' id='block_1_4' title="bbox 998 289 1776 2493">
    <p class='ocr_par' dir='ltr' id='par_1_6' title="bbox 998 289 1776 2430">
     <span class='ocr_line' id='line_1_49' title="bbox 1039 289 1772 331; baseline 0.003 -11"><span class='ocrx_word' id='word_1_378' title='bbox 1039 289 1160 328; x_wconf 85' lang='lat' dir='ltr'>Tertio,</span> <span class='ocrx_word' id='word_1_379' title='bbox 1177 291 1334 330; x_wconf 85' lang='lat' dir='ltr'>quantum</span> <span class='ocrx_word' id='word_1_380' title='bbox 1350 291 1387 321; x_wconf 85' lang='lat' dir='ltr'>ad</span> <span class='ocrx_word' id='word_1_381' title='bbox 1404 290 1605 330; x_wconf 84' lang='lat' dir='ltr'>gratitudinis</span> <span class='ocrx_word' id='word_1_382' title='bbox 1621 291 1772 331; x_wconf 86' lang='lat' dir='ltr'>approba-</span> 
     </span>
     <span class='ocr_line' id='line_1_50' title="bbox 1001 342 1770 383; baseline 0.004 -12"><span class='ocrx_word' id='word_1_383' title='bbox 1001 342 1137 380; x_wconf 87' lang='lat' dir='ltr'>tionem,</span> <span class='ocrx_word' id='word_1_384' title='bbox 1155 344 1261 373; x_wconf 86' lang='lat' dir='ltr'>subdit</span> <span class='ocrx_word' id='word_1_385' title='bbox 1277 344 1326 381; x_wconf 81' lang='lat' dir='ltr'>(v.</span> <span class='ocrx_word' id='word_1_386' title='bbox 1345 345 1396 382; x_wconf 63' lang='lat'>19)</span> <span class='ocrx_word' id='word_1_387' title='bbox 1414 355 1420 374; x_wconf 78' lang='lat' dir='ltr'><em>z</em></span> <span class='ocrx_word' id='word_1_388' title='bbox 1439 344 1483 375; x_wconf 90' lang='lat' dir='ltr'>Et</span> <span class='ocrx_word' id='word_1_389' title='bbox 1496 345 1541 374; x_wconf 77' lang='lat' dir='ltr'>ait</span> <span class='ocrx_word' id='word_1_390' title='bbox 1558 344 1606 374; x_wconf 76' lang='lat' dir='ltr'>illi</span> <span class='ocrx_word' id='word_1_391' title='bbox 1621 354 1631 374; x_wconf 95' lang='grc'>.·</span> <span class='ocrx_word' id='word_1_392' title='bbox 1646 345 1770 383; x_wconf 66' lang='lat' dir='ltr'>Sin-qe,</span> 
     </span>
     <span class='ocr_line' id='line_1_51' title="bbox 1000 395 1770 436; baseline 0.005 -13"><span class='ocrx_word' id='word_1_393' title='bbox 1000 395 1079 425; x_wconf 76' lang='lat' dir='ltr'>vade</span> <span class='ocrx_word' id='word_1_394' title='bbox 1089 419 1098 432; x_wconf 88' lang='lat'>,</span> <span class='ocrx_word' id='word_1_395' title='bbox 1113 396 1190 434; x_wconf 69' lang='lat' dir='ltr'>qnia</span> <span class='ocrx_word' id='word_1_396' title='bbox 1203 396 1280 434; x_wconf 73' lang='lat' dir='ltr'>fides</span> <span class='ocrx_word' id='word_1_397' title='bbox 1296 400 1350 425; x_wconf 74' lang='lat' dir='ltr'>lua</span> <span class='ocrx_word' id='word_1_398' title='bbox 1367 400 1395 426; x_wconf 81' lang='lat' dir='ltr'>te</span> <span class='ocrx_word' id='word_1_399' title='bbox 1409 397 1533 426; x_wconf 66' lang='lat' dir='ltr'>salvum</span> <span class='ocrx_word' id='word_1_400' title='bbox 1548 398 1636 436; x_wconf 75' lang='lat' dir='ltr'>fecis.</span> <span class='ocrx_word' id='word_1_401' title='bbox 1653 398 1770 436; x_wconf 71' lang='lat' dir='ltr'>Surqe,</span> 
     </span>
     <span class='ocr_line' id='line_1_52' title="bbox 1000 448 1774 488; baseline 0.004 -11"><span class='ocrx_word' id='word_1_402' title='bbox 1000 456 1056 486; x_wconf 85' lang='lat' dir='ltr'>per</span> <span class='ocrx_word' id='word_1_403' title='bbox 1073 448 1286 486; x_wconf 73' lang='lat' dir='ltr'>pmnitentiam</span> <span class='ocrx_word' id='word_1_404' title='bbox 1302 451 1323 467; x_wconf 87' lang='lat'>¹0</span> <span class='ocrx_word' id='word_1_405' title='bbox 1342 459 1348 479; x_wconf 89' lang='lat'><strong>:</strong></span> <span class='ocrx_word' id='word_1_406' title='bbox 1369 449 1500 487; x_wconf 78' lang='lat' dir='ltr'>«Surge</span> <span class='ocrx_word' id='word_1_407' title='bbox 1519 449 1574 488; x_wconf 85' lang='lat' dir='ltr'>qui</span> <span class='ocrx_word' id='word_1_408' title='bbox 1589 449 1724 486; x_wconf 81' lang='lat' dir='ltr'>dormis,</span> <span class='ocrx_word' id='word_1_409' title='bbox 1743 452 1774 480; x_wconf 86' lang='lat' dir='ltr'>et</span> 
     </span>
     <span class='ocr_line' id='line_1_53' title="bbox 1001 500 1772 537; baseline 0.005 -9"><span class='ocrx_word' id='word_1_410' title='bbox 1001 508 1123 537; x_wconf 81' lang='lat' dir='ltr'>exurge</span> <span class='ocrx_word' id='word_1_411' title='bbox 1139 509 1157 529; x_wconf 90' lang='lat' dir='ltr'>a</span> <span class='ocrx_word' id='word_1_412' title='bbox 1174 501 1319 530; x_wconf 79' lang='lat' dir='ltr'>mortuis,</span> <span class='ocrx_word' id='word_1_413' title='bbox 1333 511 1346 527; x_wconf 78' lang='lat' dir='ltr'>n</span> <span class='ocrx_word' id='word_1_414' title='bbox 1368 501 1404 530; x_wconf 65' lang='lat' dir='ltr'>lit</span> <span class='ocrx_word' id='word_1_415' title='bbox 1421 501 1442 516; x_wconf 87' lang='lat'>¹¹</span> <span class='ocrx_word' id='word_1_416' title='bbox 1460 510 1467 530; x_wconf 88' lang='lat'><strong>:</strong></span> <span class='ocrx_word' id='word_1_417' title='bbox 1487 500 1667 531; x_wconf 80' lang='lat' dir='ltr'>«Excitavit</span> <span class='ocrx_word' id='word_1_418' title='bbox 1682 511 1772 535; x_wconf 86' lang='lat' dir='ltr'>eum,</span> 
     </span>
     <span class='ocr_line' id='line_1_54' title="bbox 1001 551 1773 593; baseline 0.005 -13"><span class='ocrx_word' id='word_1_419' title='bbox 1001 551 1124 581; x_wconf 83' lang='lat' dir='ltr'>dicens:</span> <span class='ocrx_word' id='word_1_420' title='bbox 1147 551 1251 590; x_wconf 86' lang='lat' dir='ltr'>Surge</span> <span class='ocrx_word' id='word_1_421' title='bbox 1267 553 1453 583; x_wconf 79' lang='lat' dir='ltr'>velociter.»</span> <span class='ocrx_word' id='word_1_422' title='bbox 1481 552 1582 591; x_wconf 78' lang='lat' dir='ltr'>Vade,</span> <span class='ocrx_word' id='word_1_423' title='bbox 1600 562 1655 593; x_wconf 88' lang='lat' dir='ltr'>per</span> <span class='ocrx_word' id='word_1_424' title='bbox 1674 554 1773 593; x_wconf 75' lang='lat' dir='ltr'>Justi-</span> 
     </span>
     <span class='ocr_line' id='line_1_55' title="bbox 1002 605 1772 644; baseline 0.006 -11"><span class='ocrx_word' id='word_1_425' title='bbox 1002 605 1077 634; x_wconf 85' lang='lat' dir='ltr'>tiam</span> <span class='ocrx_word' id='word_1_426' title='bbox 1091 606 1151 634; x_wconf 71' lang='lat'>¹21«</span> <span class='ocrx_word' id='word_1_427' title='bbox 1170 605 1243 634; x_wconf 82' lang='lat' dir='ltr'>Dico</span> <span class='ocrx_word' id='word_1_428' title='bbox 1258 605 1333 635; x_wconf 88' lang='lat' dir='ltr'>huic</span> <span class='ocrx_word' id='word_1_429' title='bbox 1349 616 1356 636; x_wconf 75' lang='grc' dir='ltr'><strong>ι</strong></span> <span class='ocrx_word' id='word_1_430' title='bbox 1374 605 1474 643; x_wconf 80' lang='lat' dir='ltr'>Vade,</span> <span class='ocrx_word' id='word_1_431' title='bbox 1491 608 1521 636; x_wconf 87' lang='lat' dir='ltr'>et</span> <span class='ocrx_word' id='word_1_432' title='bbox 1537 606 1640 644; x_wconf 85' lang='lat' dir='ltr'>vadit,</span> <span class='ocrx_word' id='word_1_433' title='bbox 1654 618 1668 634; x_wconf 88' lang='lat'>»</span> <span class='ocrx_word' id='word_1_434' title='bbox 1689 607 1772 637; x_wconf 89' lang='lat' dir='ltr'>scili-</span> 
     </span>
     <span class='ocr_line' id='line_1_56' title="bbox 1001 658 1775 698; baseline 0.004 -11"><span class='ocrx_word' id='word_1_435' title='bbox 1001 660 1048 687; x_wconf 91' lang='lat' dir='ltr'>cet</span> <span class='ocrx_word' id='word_1_436' title='bbox 1072 667 1128 697; x_wconf 86' lang='lat' dir='ltr'>per</span> <span class='ocrx_word' id='word_1_437' title='bbox 1150 658 1377 695; x_wconf 76' lang='lat' dir='ltr'>obedientiam,</span> <span class='ocrx_word' id='word_1_438' title='bbox 1406 668 1478 698; x_wconf 81' lang='lat' dir='ltr'>quae</span> <span class='ocrx_word' id='word_1_439' title='bbox 1504 661 1549 689; x_wconf 87' lang='lat' dir='ltr'>est</span> <span class='ocrx_word' id='word_1_440' title='bbox 1578 659 1775 690; x_wconf 87' lang='lat' dir='ltr'>nobilissima</span> 
     </span>
     <span class='ocr_line' id='line_1_57' title="bbox 1001 711 1770 751; baseline 0.005 -12"><span class='ocrx_word' id='word_1_441' title='bbox 1001 719 1073 749; x_wconf 85' lang='lat' dir='ltr'>pars</span> <span class='ocrx_word' id='word_1_442' title='bbox 1084 711 1235 749; x_wconf 78' lang='lat' dir='ltr'>jiistitiae,</span> <span class='ocrx_word' id='word_1_443' title='bbox 1252 720 1324 750; x_wconf 81' lang='lat' dir='ltr'>quae</span> <span class='ocrx_word' id='word_1_444' title='bbox 1342 711 1502 750; x_wconf 84' lang='lat' dir='ltr'>potissime</span> <span class='ocrx_word' id='word_1_445' title='bbox 1518 712 1575 742; x_wconf 87' lang='lat' dir='ltr'>suit</span> <span class='ocrx_word' id='word_1_446' title='bbox 1589 713 1622 742; x_wconf 92' lang='lat' dir='ltr'>in</span> <span class='ocrx_word' id='word_1_447' title='bbox 1637 712 1770 751; x_wconf 87' lang='lat' dir='ltr'>Christo,</span> 
     </span>
     <span class='ocr_line' id='line_1_58' title="bbox 1001 763 1774 803; baseline 0.004 -11"><span class='ocrx_word' id='word_1_448' title='bbox 1001 763 1177 793; x_wconf 87' lang='lat' dir='ltr'>secundum</span> <span class='ocrx_word' id='word_1_449' title='bbox 1192 763 1269 793; x_wconf 88' lang='lat' dir='ltr'>illud</span> <span class='ocrx_word' id='word_1_450' title='bbox 1280 764 1301 782; x_wconf 88' lang='lat'>¹³</span> <span class='ocrx_word' id='word_1_451' title='bbox 1322 773 1329 793; x_wconf 91' lang='lat'>:</span> <span class='ocrx_word' id='word_1_452' title='bbox 1351 775 1365 792; x_wconf 86' lang='lat'>«</span> <span class='ocrx_word' id='word_1_453' title='bbox 1381 763 1478 794; x_wconf 85' lang='lat' dir='ltr'>Filius</span> <span class='ocrx_word' id='word_1_454' title='bbox 1493 764 1619 803; x_wconf 85' lang='lat' dir='ltr'>quidem</span> <span class='ocrx_word' id='word_1_455' title='bbox 1635 764 1774 795; x_wconf 88' lang='lat' dir='ltr'>hominis</span> 
     </span>
     <span class='ocr_line' id='line_1_59' title="bbox 1001 815 1776 855; baseline 0.004 -9"><span class='ocrx_word' id='word_1_456' title='bbox 1001 815 1103 853; x_wconf 86' lang='lat' dir='ltr'>vadit,</span> <span class='ocrx_word' id='word_1_457' title='bbox 1125 816 1205 845; x_wconf 87' lang='lat' dir='ltr'>sicut</span> <span class='ocrx_word' id='word_1_458' title='bbox 1227 817 1378 855; x_wconf 83' lang='lat' dir='ltr'>scriptum</span> <span class='ocrx_word' id='word_1_459' title='bbox 1401 819 1447 846; x_wconf 88' lang='lat' dir='ltr'>est</span> <span class='ocrx_word' id='word_1_460' title='bbox 1471 817 1509 847; x_wconf 88' lang='lat' dir='ltr'>de</span> <span class='ocrx_word' id='word_1_461' title='bbox 1531 817 1594 847; x_wconf 89' lang='lat' dir='ltr'>illo.</span> <span class='ocrx_word' id='word_1_462' title='bbox 1616 829 1630 845; x_wconf 91' lang='lat'>»</span> <span class='ocrx_word' id='word_1_463' title='bbox 1650 817 1715 848; x_wconf 86' lang='lat' dir='ltr'>Hoc</span> <span class='ocrx_word' id='word_1_464' title='bbox 1729 820 1776 849; x_wconf 87' lang='lat' dir='ltr'>est</span> 
     </span>
     <span class='ocr_line' id='line_1_60' title="bbox 1000 868 1773 907; baseline 0.004 -10"><span class='ocrx_word' id='word_1_465' title='bbox 1000 868 1046 898; x_wconf 85' lang='lat' dir='ltr'>ire</span> <span class='ocrx_word' id='word_1_466' title='bbox 1061 878 1078 897; x_wconf 86' lang='lat' dir='ltr'>a</span> <span class='ocrx_word' id='word_1_467' title='bbox 1093 868 1166 904; x_wconf 85' lang='lat' dir='ltr'>Deo,</span> <span class='ocrx_word' id='word_1_468' title='bbox 1184 869 1222 898; x_wconf 85' lang='lat' dir='ltr'>ad</span> <span class='ocrx_word' id='word_1_469' title='bbox 1238 868 1356 906; x_wconf 87' lang='lat' dir='ltr'>Deum,</span> <span class='ocrx_word' id='word_1_470' title='bbox 1373 872 1402 899; x_wconf 87' lang='lat' dir='ltr'>et</span> <span class='ocrx_word' id='word_1_471' title='bbox 1418 870 1591 900; x_wconf 78' lang='lat' dir='ltr'>seeundum</span> <span class='ocrx_word' id='word_1_472' title='bbox 1608 869 1724 907; x_wconf 86' lang='lat' dir='ltr'>Deum,</span> <span class='ocrx_word' id='word_1_473' title='bbox 1742 872 1773 901; x_wconf 84' lang='lat' dir='ltr'>et</span> 
     </span>
     <span class='ocr_line' id='line_1_61' title="bbox 1002 921 1772 962; baseline 0.003 -11"><span class='ocrx_word' id='word_1_474' title='bbox 1002 923 1128 960; x_wconf 82' lang='lat' dir='ltr'>propter</span> <span class='ocrx_word' id='word_1_475' title='bbox 1144 921 1241 952; x_wconf 83' lang='lat' dir='ltr'>Deum</span> <span class='ocrx_word' id='word_1_476' title='bbox 1255 923 1275 940; x_wconf 63' lang='lat'>¹⁶</span> <span class='ocrx_word' id='word_1_477' title='bbox 1292 931 1324 952; x_wconf 79' lang='lat' dir='ltr'>t«</span> <span class='ocrx_word' id='word_1_478' title='bbox 1340 922 1447 952; x_wconf 85' lang='lat' dir='ltr'>Sciens</span> <span class='ocrx_word' id='word_1_479' title='bbox 1460 923 1535 962; x_wconf 86' lang='lat' dir='ltr'>quia</span> <span class='ocrx_word' id='word_1_480' title='bbox 1549 932 1567 952; x_wconf 86' lang='lat' dir='ltr'>a</span> <span class='ocrx_word' id='word_1_481' title='bbox 1582 922 1644 953; x_wconf 86' lang='lat' dir='ltr'>Deo</span> <span class='ocrx_word' id='word_1_482' title='bbox 1659 923 1772 960; x_wconf 82' lang='lat' dir='ltr'>exivit,</span> 
     </span>
     <span class='ocr_line' id='line_1_62' title="bbox 1001 974 1775 1015; baseline 0.003 -11"><span class='ocrx_word' id='word_1_483' title='bbox 1001 976 1031 1004; x_wconf 89' lang='lat' dir='ltr'>et</span> <span class='ocrx_word' id='word_1_484' title='bbox 1046 975 1084 1004; x_wconf 80' lang='lat' dir='ltr'>ad</span> <span class='ocrx_word' id='word_1_485' title='bbox 1102 974 1200 1004; x_wconf 89' lang='lat' dir='ltr'>Deum</span> <span class='ocrx_word' id='word_1_486' title='bbox 1215 975 1337 1005; x_wconf 83' lang='lat' dir='ltr'>vadit.»</span> <span class='ocrx_word' id='word_1_487' title='bbox 1357 975 1394 1005; x_wconf 86' lang='lat' dir='ltr'>Et</span> <span class='ocrx_word' id='word_1_488' title='bbox 1404 976 1423 992; x_wconf 76' lang='lat'>¹⁵</span> <span class='ocrx_word' id='word_1_489' title='bbox 1438 986 1443 1005; x_wconf 87' lang='lat'>:</span> <span class='ocrx_word' id='word_1_490' title='bbox 1459 975 1566 1006; x_wconf 80' lang='lat' dir='ltr'>«Vado</span> <span class='ocrx_word' id='word_1_491' title='bbox 1580 976 1619 1006; x_wconf 86' lang='lat' dir='ltr'>ad</span> <span class='ocrx_word' id='word_1_492' title='bbox 1633 985 1706 1006; x_wconf 88' lang='lat' dir='ltr'>eum</span> <span class='ocrx_word' id='word_1_493' title='bbox 1719 976 1775 1015; x_wconf 85' lang='lat' dir='ltr'>qui</span> 
     </span>
     <span class='ocr_line' id='line_1_63' title="bbox 1001 1027 1773 1067; baseline 0.003 -11"><span class='ocrx_word' id='word_1_494' title='bbox 1001 1027 1086 1056; x_wconf 85' lang='lat' dir='ltr'>misit</span> <span class='ocrx_word' id='word_1_495' title='bbox 1103 1036 1171 1063; x_wconf 87' lang='lat' dir='ltr'>me,</span> <span class='ocrx_word' id='word_1_496' title='bbox 1188 1038 1201 1055; x_wconf 76' lang='lat' dir='ltr'>n</span> <span class='ocrx_word' id='word_1_497' title='bbox 1221 1029 1278 1057; x_wconf 73' lang='lat' dir='ltr'>otc.</span> <span class='ocrx_word' id='word_1_498' title='bbox 1297 1028 1325 1058; x_wconf 85' lang='lat' dir='ltr'><em>F</em></span> <span class='ocrx_word' id='word_1_499' title='bbox 1326 1027 1391 1057; x_wconf 76' lang='lat' dir='ltr'>icles</span> <span class='ocrx_word' id='word_1_500' title='bbox 1409 1032 1464 1057; x_wconf 72' lang='lat' dir='ltr'>tua</span> <span class='ocrx_word' id='word_1_501' title='bbox 1480 1031 1507 1057; x_wconf 79' lang='lat' dir='ltr'>te</span> <span class='ocrx_word' id='word_1_502' title='bbox 1529 1027 1654 1057; x_wconf 75' lang='lat' dir='ltr'>salvum</span> <span class='ocrx_word' id='word_1_503' title='bbox 1677 1028 1773 1067; x_wconf 75' lang='lat' dir='ltr'>fecit,</span> 
     </span>
     <span class='ocr_line' id='line_1_64' title="bbox 1002 1079 1775 1120; baseline 0.004 -12"><span class='ocrx_word' id='word_1_504' title='bbox 1002 1088 1057 1117; x_wconf 88' lang='lat' dir='ltr'>per</span> <span class='ocrx_word' id='word_1_505' title='bbox 1081 1079 1302 1110; x_wconf 76' lang='lat' dir='ltr'>confidentiam</span> <span class='ocrx_word' id='word_1_506' title='bbox 1326 1090 1399 1120; x_wconf 77' lang='lat' dir='ltr'>quae</span> <span class='ocrx_word' id='word_1_507' title='bbox 1427 1082 1465 1111; x_wconf 83' lang='lat' dir='ltr'>ad</span> <span class='ocrx_word' id='word_1_508' title='bbox 1488 1081 1628 1119; x_wconf 86' lang='lat' dir='ltr'>agendas</span> <span class='ocrx_word' id='word_1_509' title='bbox 1654 1081 1775 1119; x_wconf 83' lang='lat' dir='ltr'>gratias</span> 
     </span>
     <span class='ocr_line' id='line_1_65' title="bbox 1001 1132 1774 1172; baseline 0.004 -11"><span class='ocrx_word' id='word_1_510' title='bbox 1001 1132 1163 1162; x_wconf 85' lang='lat' dir='ltr'>inclinavit</span> <span class='ocrx_word' id='word_1_511' title='bbox 1186 1144 1191 1163; x_wconf 92' lang='lat'>:</span> <span class='ocrx_word' id='word_1_512' title='bbox 1223 1136 1268 1163; x_wconf 73' lang='lat' dir='ltr'>est</span> <span class='ocrx_word' id='word_1_513' title='bbox 1289 1136 1395 1163; x_wconf 84' lang='lat' dir='ltr'>autem</span> <span class='ocrx_word' id='word_1_514' title='bbox 1422 1134 1498 1165; x_wconf 78' lang='lat' dir='ltr'>fides</span> <span class='ocrx_word' id='word_1_515' title='bbox 1522 1137 1639 1172; x_wconf 81' lang='lat' dir='ltr'>nostrae</span> <span class='ocrx_word' id='word_1_516' title='bbox 1663 1134 1774 1165; x_wconf 81' lang='lat' dir='ltr'>salutis</span> 
     </span>
     <span class='ocr_line' id='line_1_66' title="bbox 1000 1186 1774 1226; baseline 0.004 -11"><span class='ocrx_word' id='word_1_517' title='bbox 1000 1186 1126 1215; x_wconf 86' lang='lat' dir='ltr'>initium</span> <span class='ocrx_word' id='word_1_518' title='bbox 1140 1210 1147 1223; x_wconf 90' lang='lat'>,</span> <span class='ocrx_word' id='word_1_519' title='bbox 1163 1196 1236 1225; x_wconf 62' lang='lat' dir='ltr'>qua}</span> <span class='ocrx_word' id='word_1_520' title='bbox 1252 1187 1323 1217; x_wconf 83' lang='lat' dir='ltr'>facit</span> <span class='ocrx_word' id='word_1_521' title='bbox 1342 1188 1488 1226; x_wconf 84' lang='lat' dir='ltr'>cognosci</span> <span class='ocrx_word' id='word_1_522' title='bbox 1510 1197 1627 1218; x_wconf 91' lang='lat' dir='ltr'>nomen</span> <span class='ocrx_word' id='word_1_523' title='bbox 1650 1188 1774 1219; x_wconf 90' lang='lat' dir='ltr'>Domini</span> 
     </span>
     <span class='ocr_line' id='line_1_67' title="bbox 1000 1238 1775 1278; baseline 0.004 -10"><span class='ocrx_word' id='word_1_524' title='bbox 1000 1238 1074 1268; x_wconf 78' lang='lat' dir='ltr'>Jesu</span> <span class='ocrx_word' id='word_1_525' title='bbox 1098 1238 1227 1276; x_wconf 75' lang='lat' dir='ltr'>Christi,</span> <span class='ocrx_word' id='word_1_526' title='bbox 1253 1240 1291 1269; x_wconf 83' lang='lat' dir='ltr'>de</span> <span class='ocrx_word' id='word_1_527' title='bbox 1313 1249 1376 1278; x_wconf 81' lang='lat' dir='ltr'>quo</span> <span class='ocrx_word' id='word_1_528' title='bbox 1399 1240 1512 1270; x_wconf 86' lang='lat' dir='ltr'>dicitur</span> <span class='ocrx_word' id='word_1_529' title='bbox 1532 1241 1553 1257; x_wconf 73' lang='lat'>¹⁶</span> <span class='ocrx_word' id='word_1_530' title='bbox 1581 1251 1619 1270; x_wconf 74' lang='lat' dir='ltr'>:a</span> <span class='ocrx_word' id='word_1_531' title='bbox 1634 1240 1705 1270; x_wconf 85' lang='lat' dir='ltr'>Non</span> <span class='ocrx_word' id='word_1_532' title='bbox 1728 1242 1775 1271; x_wconf 84' lang='lat' dir='ltr'>est</span> 
     </span>
     <span class='ocr_line' id='line_1_68' title="bbox 1001 1291 1775 1329; baseline 0.004 -8"><span class='ocrx_word' id='word_1_533' title='bbox 1001 1291 1087 1321; x_wconf 83' lang='lat' dir='ltr'>aliud</span> <span class='ocrx_word' id='word_1_534' title='bbox 1102 1301 1220 1322; x_wconf 88' lang='lat' dir='ltr'>nomen</span> <span class='ocrx_word' id='word_1_535' title='bbox 1235 1293 1295 1322; x_wconf 90' lang='lat' dir='ltr'>sub</span> <span class='ocrx_word' id='word_1_536' title='bbox 1311 1292 1388 1322; x_wconf 79' lang='lat' dir='ltr'>coelo</span> <span class='ocrx_word' id='word_1_537' title='bbox 1405 1293 1513 1323; x_wconf 88' lang='lat' dir='ltr'>datum</span> <span class='ocrx_word' id='word_1_538' title='bbox 1529 1293 1726 1329; x_wconf 80' lang='lat' dir='ltr'>hominibus,</span> <span class='ocrx_word' id='word_1_539' title='bbox 1740 1293 1775 1324; x_wconf 91' lang='lat' dir='ltr'>in</span> 
     </span>
     <span class='ocr_line' id='line_1_69' title="bbox 1001 1345 1775 1385; baseline 0.004 -12"><span class='ocrx_word' id='word_1_540' title='bbox 1001 1353 1064 1383; x_wconf 89' lang='lat' dir='ltr'>quo</span> <span class='ocrx_word' id='word_1_541' title='bbox 1079 1346 1221 1383; x_wconf 80' lang='lat' dir='ltr'>oporteat</span> <span class='ocrx_word' id='word_1_542' title='bbox 1243 1353 1299 1374; x_wconf 90' lang='lat' dir='ltr'>nos</span> <span class='ocrx_word' id='word_1_543' title='bbox 1320 1345 1425 1375; x_wconf 76' lang='lat' dir='ltr'>salvos</span> <span class='ocrx_word' id='word_1_544' title='bbox 1447 1346 1527 1376; x_wconf 88' lang='lat' dir='ltr'>fieri.</span> <span class='ocrx_word' id='word_1_545' title='bbox 1542 1356 1556 1373; x_wconf 89' lang='lat'>»</span> <span class='ocrx_word' id='word_1_546' title='bbox 1576 1346 1653 1385; x_wconf 86' lang='lat' dir='ltr'>Spes</span> <span class='ocrx_word' id='word_1_547' title='bbox 1668 1348 1775 1376; x_wconf 87' lang='lat' dir='ltr'>autem</span> 
     </span>
     <span class='ocr_line' id='line_1_70' title="bbox 1001 1397 1775 1436; baseline 0.004 -10"><span class='ocrx_word' id='word_1_548' title='bbox 1001 1398 1047 1426; x_wconf 85' lang='lat' dir='ltr'>est</span> <span class='ocrx_word' id='word_1_549' title='bbox 1072 1397 1168 1436; x_wconf 84' lang='lat' dir='ltr'>hujus</span> <span class='ocrx_word' id='word_1_550' title='bbox 1192 1397 1302 1426; x_wconf 84' lang='lat' dir='ltr'>salutis</span> <span class='ocrx_word' id='word_1_551' title='bbox 1326 1397 1576 1436; x_wconf 88' lang='lat' dir='ltr'>incrementum,</span> <span class='ocrx_word' id='word_1_552' title='bbox 1600 1399 1775 1429; x_wconf 89' lang='lat' dir='ltr'>secundum</span> 
     </span>
     <span class='ocr_line' id='line_1_71' title="bbox 1001 1449 1775 1488; baseline 0.004 -9"><span class='ocrx_word' id='word_1_553' title='bbox 1001 1449 1112 1480; x_wconf 77' lang='grc' dir='ltr'>111υ(1Π</span> <span class='ocrx_word' id='word_1_554' title='bbox 1131 1460 1160 1480; x_wconf 79' lang='lat' dir='ltr'>z«</span> <span class='ocrx_word' id='word_1_555' title='bbox 1175 1450 1236 1488; x_wconf 87' lang='lat' dir='ltr'>Spe</span> <span class='ocrx_word' id='word_1_556' title='bbox 1252 1450 1331 1480; x_wconf 91' lang='lat' dir='ltr'>salvi</span> <span class='ocrx_word' id='word_1_557' title='bbox 1348 1451 1417 1480; x_wconf 84' lang='lat' dir='ltr'>facti</span> <span class='ocrx_word' id='word_1_558' title='bbox 1432 1460 1553 1481; x_wconf 86' lang='lat' dir='ltr'>sumus.</span> <span class='ocrx_word' id='word_1_559' title='bbox 1566 1462 1580 1479; x_wconf 69' lang='lat' dir='ltr'>n</span> <span class='ocrx_word' id='word_1_560' title='bbox 1598 1451 1658 1481; x_wconf 87' lang='lat' dir='ltr'>Sed</span> <span class='ocrx_word' id='word_1_561' title='bbox 1674 1451 1775 1482; x_wconf 86' lang='lat' dir='ltr'>chari-</span> 
     </span>
     <span class='ocr_line' id='line_1_72' title="bbox 1002 1502 1771 1542; baseline 0.004 -10"><span class='ocrx_word' id='word_1_562' title='bbox 1002 1502 1077 1532; x_wconf 82' lang='lat' dir='ltr'>ritas</span> <span class='ocrx_word' id='word_1_563' title='bbox 1104 1503 1387 1542; x_wconf 87' lang='lat' dir='ltr'>complementum,</span> <span class='ocrx_word' id='word_1_564' title='bbox 1419 1504 1593 1534; x_wconf 78' lang='lat' dir='ltr'>secundum</span> <span class='ocrx_word' id='word_1_565' title='bbox 1618 1504 1696 1534; x_wconf 87' lang='lat' dir='ltr'>illud</span> <span class='ocrx_word' id='word_1_566' title='bbox 1719 1507 1741 1524; x_wconf 82' lang='lat'>¹⁸</span> <span class='ocrx_word' id='word_1_567' title='bbox 1765 1517 1771 1536; x_wconf 82' lang='lat'>2</span> 
     </span>
     <span class='ocr_line' id='line_1_73' title="bbox 1007 1555 1775 1596; baseline 0.004 -12"><span class='ocrx_word' id='word_1_568' title='bbox 1007 1567 1020 1583; x_wconf 73' lang='lat' dir='ltr'>t&lt;</span> <span class='ocrx_word' id='word_1_569' title='bbox 1034 1555 1120 1585; x_wconf 87' lang='lat' dir='ltr'>Tuus</span> <span class='ocrx_word' id='word_1_570' title='bbox 1135 1565 1205 1585; x_wconf 89' lang='lat' dir='ltr'>sum</span> <span class='ocrx_word' id='word_1_571' title='bbox 1221 1564 1283 1593; x_wconf 90' lang='lat' dir='ltr'>ego</span> <span class='ocrx_word' id='word_1_572' title='bbox 1299 1566 1305 1585; x_wconf 89' lang='lat'>:</span> <span class='ocrx_word' id='word_1_573' title='bbox 1324 1555 1449 1585; x_wconf 85' lang='lat' dir='ltr'>salvum</span> <span class='ocrx_word' id='word_1_574' title='bbox 1470 1565 1520 1586; x_wconf 89' lang='lat' dir='ltr'>me</span> <span class='ocrx_word' id='word_1_575' title='bbox 1539 1556 1600 1594; x_wconf 82' lang='lat' dir='ltr'>sac,</span> <span class='ocrx_word' id='word_1_576' title='bbox 1622 1557 1775 1596; x_wconf 85' lang='lat' dir='ltr'>quoniam</span> 
     </span>
     <span class='ocr_line' id='line_1_74' title="bbox 998 1608 1775 1648; baseline 0.003 -11"><span class='ocrx_word' id='word_1_577' title='bbox 998 1608 1240 1647; x_wconf 77' lang='lat' dir='ltr'>justificationes</span> <span class='ocrx_word' id='word_1_578' title='bbox 1251 1612 1321 1638; x_wconf 84' lang='lat' dir='ltr'>tuas</span> <span class='ocrx_word' id='word_1_579' title='bbox 1337 1608 1530 1647; x_wconf 76' lang='lat' dir='ltr'>exquisivi.»</span> <span class='ocrx_word' id='word_1_580' title='bbox 1544 1608 1582 1639; x_wconf 87' lang='lat' dir='ltr'>Et</span> <span class='ocrx_word' id='word_1_581' title='bbox 1591 1611 1676 1647; x_wconf 77' lang='lat' dir='ltr'>nota,</span> <span class='ocrx_word' id='word_1_582' title='bbox 1690 1609 1775 1648; x_wconf 88' lang='lat' dir='ltr'>quod</span> 
     </span>
     <span class='ocr_line' id='line_1_75' title="bbox 1002 1660 1776 1701; baseline 0.001 -11"><span class='ocrx_word' id='word_1_583' title='bbox 1002 1660 1144 1691; x_wconf 87' lang='lat' dir='ltr'>Christus</span> <span class='ocrx_word' id='word_1_584' title='bbox 1169 1661 1311 1691; x_wconf 83' lang='lat' dir='ltr'>attribuit</span> <span class='ocrx_word' id='word_1_585' title='bbox 1331 1661 1480 1698; x_wconf 86' lang='lat' dir='ltr'>salutem,</span> <span class='ocrx_word' id='word_1_586' title='bbox 1505 1670 1601 1700; x_wconf 84' lang='lat' dir='ltr'>quam</span> <span class='ocrx_word' id='word_1_587' title='bbox 1624 1662 1690 1701; x_wconf 88' lang='lat' dir='ltr'>ipse</span> <span class='ocrx_word' id='word_1_588' title='bbox 1712 1661 1776 1692; x_wconf 90' lang='lat' dir='ltr'>vir-</span> 
     </span>
     <span class='ocr_line' id='line_1_76' title="bbox 1003 1713 1775 1751; baseline 0.001 -8"><span class='ocrx_word' id='word_1_589' title='bbox 1003 1716 1092 1743; x_wconf 86' lang='lat' dir='ltr'>tuose</span> <span class='ocrx_word' id='word_1_590' title='bbox 1106 1714 1237 1750; x_wconf 84' lang='lat' dir='ltr'>fecerat,</span> <span class='ocrx_word' id='word_1_591' title='bbox 1254 1713 1344 1751; x_wconf 88' lang='lat' dir='ltr'>fidei,</span> <span class='ocrx_word' id='word_1_592' title='bbox 1362 1715 1396 1743; x_wconf 86' lang='lat' dir='ltr'>ut</span> <span class='ocrx_word' id='word_1_593' title='bbox 1416 1713 1459 1743; x_wconf 88' lang='lat' dir='ltr'>sic</span> <span class='ocrx_word' id='word_1_594' title='bbox 1481 1723 1521 1743; x_wconf 77' lang='lat' dir='ltr'>ex</span> <span class='ocrx_word' id='word_1_595' title='bbox 1541 1713 1601 1744; x_wconf 85' lang='lat' dir='ltr'>hoc</span> <span class='ocrx_word' id='word_1_596' title='bbox 1620 1714 1775 1744; x_wconf 88' lang='lat' dir='ltr'>miraculo</span> 
     </span>
     <span class='ocr_line' id='line_1_77' title="bbox 1002 1766 1776 1806; baseline 0 -10"><span class='ocrx_word' id='word_1_597' title='bbox 1002 1767 1058 1796; x_wconf 83' lang='lat' dir='ltr'>fiat</span> <span class='ocrx_word' id='word_1_598' title='bbox 1073 1767 1271 1796; x_wconf 85' lang='lat' dir='ltr'>confirmatio</span> <span class='ocrx_word' id='word_1_599' title='bbox 1292 1766 1538 1805; x_wconf 68' lang='lat' dir='ltr'>preecedeutfflm</span> <span class='ocrx_word' id='word_1_600' title='bbox 1558 1766 1663 1806; x_wconf 87' lang='lat' dir='ltr'>quoad</span> <span class='ocrx_word' id='word_1_601' title='bbox 1681 1766 1776 1805; x_wconf 86' lang='lat' dir='ltr'>pieta-</span> 
     </span>
     <span class='ocr_line' id='line_1_78' title="bbox 1002 1819 1774 1856; baseline 0.001 -7"><span class='ocrx_word' id='word_1_602' title='bbox 1002 1821 1065 1849; x_wconf 87' lang='lat' dir='ltr'>tem</span> <span class='ocrx_word' id='word_1_603' title='bbox 1084 1819 1181 1849; x_wconf 86' lang='lat' dir='ltr'>animi</span> <span class='ocrx_word' id='word_1_604' title='bbox 1203 1819 1236 1849; x_wconf 93' lang='lat' dir='ltr'>in</span> <span class='ocrx_word' id='word_1_605' title='bbox 1260 1819 1380 1850; x_wconf 89' lang='lat' dir='ltr'>Christo</span> <span class='ocrx_word' id='word_1_606' title='bbox 1405 1819 1589 1856; x_wconf 87' lang='lat' dir='ltr'>miserente,</span> <span class='ocrx_word' id='word_1_607' title='bbox 1610 1819 1774 1850; x_wconf 89' lang='lat' dir='ltr'>humilita-</span> 
     </span>
     <span class='ocr_line' id='line_1_79' title="bbox 1003 1872 1774 1911; baseline 0 -10"><span class='ocrx_word' id='word_1_608' title='bbox 1003 1875 1065 1902; x_wconf 85' lang='lat' dir='ltr'>tem</span> <span class='ocrx_word' id='word_1_609' title='bbox 1084 1872 1225 1911; x_wconf 88' lang='lat' dir='ltr'>ohsequii</span> <span class='ocrx_word' id='word_1_610' title='bbox 1247 1872 1280 1901; x_wconf 91' lang='lat' dir='ltr'>in</span> <span class='ocrx_word' id='word_1_611' title='bbox 1300 1872 1433 1902; x_wconf 85' lang='lat' dir='ltr'>liberato</span> <span class='ocrx_word' id='word_1_612' title='bbox 1456 1872 1652 1911; x_wconf 87' lang='lat' dir='ltr'>procidente,</span> <span class='ocrx_word' id='word_1_613' title='bbox 1673 1872 1774 1902; x_wconf 87' lang='lat' dir='ltr'>firmi-</span> 
     </span>
     <span class='ocr_line' id='line_1_80' title="bbox 1004 1924 1774 1963; baseline 0.001 -9"><span class='ocrx_word' id='word_1_614' title='bbox 1004 1927 1097 1954; x_wconf 84' lang='lat' dir='ltr'>tatem</span> <span class='ocrx_word' id='word_1_615' title='bbox 1118 1924 1190 1954; x_wconf 79' lang='lat' dir='ltr'>fidei</span> <span class='ocrx_word' id='word_1_616' title='bbox 1210 1925 1243 1954; x_wconf 91' lang='lat' dir='ltr'>in</span> <span class='ocrx_word' id='word_1_617' title='bbox 1270 1925 1392 1963; x_wconf 86' lang='lat' dir='ltr'>leproso</span> <span class='ocrx_word' id='word_1_618' title='bbox 1422 1925 1620 1954; x_wconf 82' lang='lat' dir='ltr'>curationem</span> <span class='ocrx_word' id='word_1_619' title='bbox 1647 1933 1774 1963; x_wconf 81' lang='lat' dir='ltr'>prome-</span> 
     </span>
     <span class='ocr_line' id='line_1_81' title="bbox 1003 1977 1776 2017; baseline 0.001 -10"><span class='ocrx_word' id='word_1_620' title='bbox 1003 1979 1091 2007; x_wconf 89' lang='lat' dir='ltr'>rente</span> <span class='ocrx_word' id='word_1_621' title='bbox 1105 1988 1111 2007; x_wconf 83' lang='lat'>:</span> <span class='ocrx_word' id='word_1_622' title='bbox 1131 1979 1164 2007; x_wconf 88' lang='lat' dir='ltr'>ut</span> <span class='ocrx_word' id='word_1_623' title='bbox 1179 1977 1222 2006; x_wconf 79' lang='lat' dir='ltr'>sic</span> <span class='ocrx_word' id='word_1_624' title='bbox 1234 1986 1275 2007; x_wconf 81' lang='lat' dir='ltr'>ex</span> <span class='ocrx_word' id='word_1_625' title='bbox 1289 1977 1440 2016; x_wconf 63' lang='lat' dir='ltr'>praedicto</span> <span class='ocrx_word' id='word_1_626' title='bbox 1457 1977 1612 2008; x_wconf 88' lang='lat' dir='ltr'>miraculo</span> <span class='ocrx_word' id='word_1_627' title='bbox 1626 1978 1776 2017; x_wconf 75' lang='lat' dir='ltr'>praedicta</span> 
     </span>
     <span class='ocr_line' id='line_1_82' title="bbox 1002 2029 1771 2061; baseline 0 -1"><span class='ocrx_word' id='word_1_628' title='bbox 1002 2031 1111 2060; x_wconf 84' lang='lat' dir='ltr'>omnia</span> <span class='ocrx_word' id='word_1_629' title='bbox 1129 2030 1261 2060; x_wconf 83' lang='lat' dir='ltr'>firmiter</span> <span class='ocrx_word' id='word_1_630' title='bbox 1275 2030 1512 2060; x_wconf 83' lang='lat' dir='ltr'>confirmentur.</span> <span class='ocrx_word' id='word_1_631' title='bbox 1536 2029 1624 2060; x_wconf 90' lang='lat' dir='ltr'>Unde</span> <span class='ocrx_word' id='word_1_632' title='bbox 1638 2029 1746 2060; x_wconf 81' lang='lat' dir='ltr'>Glossa</span> <span class='ocrx_word' id='word_1_633' title='bbox 1763 2040 1771 2061; x_wconf 77' lang='lat' dir='ltr'><strong><em>z</em></strong></span> 
     </span>
     <span class='ocr_line' id='line_1_83' title="bbox 1007 2082 1774 2122; baseline 0.003 -11"><span class='ocrx_word' id='word_1_634' title='bbox 1007 2095 1021 2111; x_wconf 89' lang='lat'>«</span> <span class='ocrx_word' id='word_1_635' title='bbox 1032 2083 1065 2113; x_wconf 90' lang='lat' dir='ltr'>ln</span> <span class='ocrx_word' id='word_1_636' title='bbox 1080 2083 1233 2122; x_wconf 87' lang='lat' dir='ltr'>superiori</span> <span class='ocrx_word' id='word_1_637' title='bbox 1246 2083 1394 2122; x_wconf 85' lang='lat' dir='ltr'>parabola</span> <span class='ocrx_word' id='word_1_638' title='bbox 1404 2083 1594 2119; x_wconf 82' lang='lat' dir='ltr'>decernitur,</span> <span class='ocrx_word' id='word_1_639' title='bbox 1608 2082 1703 2113; x_wconf 86' lang='lat' dir='ltr'>fidem</span> <span class='ocrx_word' id='word_1_640' title='bbox 1719 2091 1774 2121; x_wconf 85' lang='lat' dir='ltr'>per</span> 
     </span>
     <span class='ocr_line' id='line_1_84' title="bbox 1003 2134 1774 2174; baseline 0.001 -9"><span class='ocrx_word' id='word_1_641' title='bbox 1003 2136 1216 2165; x_wconf 81' lang='lat' dir='ltr'>humilitatem</span> <span class='ocrx_word' id='word_1_642' title='bbox 1245 2136 1357 2166; x_wconf 86' lang='lat' dir='ltr'>debere</span> <span class='ocrx_word' id='word_1_643' title='bbox 1385 2135 1507 2174; x_wconf 86' lang='lat' dir='ltr'>augeri.</span> <span class='ocrx_word' id='word_1_644' title='bbox 1536 2134 1570 2164; x_wconf 92' lang='lat' dir='ltr'>In</span> <span class='ocrx_word' id='word_1_645' title='bbox 1594 2135 1652 2164; x_wconf 85' lang='lat' dir='ltr'>ista</span> <span class='ocrx_word' id='word_1_646' title='bbox 1680 2135 1774 2166; x_wconf 88' lang='lat' dir='ltr'>rebus</span> 
     </span>
     <span class='ocr_line' id='line_1_85' title="bbox 1003 2187 1773 2228; baseline 0.001 -10"><span class='ocrx_word' id='word_1_647' title='bbox 1003 2189 1077 2228; x_wconf 77' lang='lat' dir='ltr'>ipsis</span> <span class='ocrx_word' id='word_1_648' title='bbox 1092 2188 1258 2218; x_wconf 81' lang='lat' dir='ltr'>manifeste</span> <span class='ocrx_word' id='word_1_649' title='bbox 1273 2188 1464 2224; x_wconf 87' lang='lat' dir='ltr'>ostenditur,</span> <span class='ocrx_word' id='word_1_650' title='bbox 1482 2196 1546 2217; x_wconf 89' lang='lat' dir='ltr'>non</span> <span class='ocrx_word' id='word_1_651' title='bbox 1560 2187 1634 2217; x_wconf 87' lang='lat' dir='ltr'>fidei</span> <span class='ocrx_word' id='word_1_652' title='bbox 1648 2190 1773 2219; x_wconf 84' lang='lat' dir='ltr'>tantum</span> 
     </span>
     <span class='ocr_line' id='line_1_86' title="bbox 1003 2240 1773 2280; baseline -0.001 -9"><span class='ocrx_word' id='word_1_653' title='bbox 1003 2242 1145 2280; x_wconf 76' lang='lat' dir='ltr'>agnitam</span> <span class='ocrx_word' id='word_1_654' title='bbox 1162 2241 1336 2277; x_wconf 81' lang='lat' dir='ltr'>rationem,</span> <span class='ocrx_word' id='word_1_655' title='bbox 1356 2241 1409 2271; x_wconf 84' lang='lat' dir='ltr'>sed</span> <span class='ocrx_word' id='word_1_656' title='bbox 1424 2240 1496 2270; x_wconf 87' lang='lat' dir='ltr'>fidei</span> <span class='ocrx_word' id='word_1_657' title='bbox 1514 2242 1679 2270; x_wconf 77' lang='lat' dir='ltr'>executam</span> <span class='ocrx_word' id='word_1_658' title='bbox 1695 2249 1773 2279; x_wconf 89' lang='lat' dir='ltr'>ope-</span> 
     </span>
     <span class='ocr_line' id='line_1_87' title="bbox 1003 2293 1774 2333; baseline -0.003 -8"><span class='ocrx_word' id='word_1_659' title='bbox 1003 2296 1157 2325; x_wconf 86' lang='lat' dir='ltr'>rationem</span> <span class='ocrx_word' id='word_1_660' title='bbox 1179 2304 1263 2331; x_wconf 82' lang='lat' dir='ltr'>esse,</span> <span class='ocrx_word' id='word_1_661' title='bbox 1286 2304 1359 2333; x_wconf 62' lang='lat' dir='ltr'>quae</span> <span class='ocrx_word' id='word_1_662' title='bbox 1383 2294 1509 2324; x_wconf 88' lang='lat' dir='ltr'>salvum</span> <span class='ocrx_word' id='word_1_663' title='bbox 1531 2293 1622 2324; x_wconf 85' lang='lat' dir='ltr'>faciat</span> <span class='ocrx_word' id='word_1_664' title='bbox 1644 2293 1774 2324; x_wconf 87' lang='lat' dir='ltr'>creden-</span> 
     </span>
     <span class='ocr_line' id='line_1_88' title="bbox 1004 2345 1773 2387; baseline 0 -10"><span class='ocrx_word' id='word_1_665' title='bbox 1004 2350 1084 2385; x_wconf 86' lang='lat' dir='ltr'>tem,</span> <span class='ocrx_word' id='word_1_666' title='bbox 1100 2348 1214 2387; x_wconf 86' lang='lat' dir='ltr'>detque</span> <span class='ocrx_word' id='word_1_667' title='bbox 1231 2347 1368 2385; x_wconf 84' lang='lat' dir='ltr'>gloriam</span> <span class='ocrx_word' id='word_1_668' title='bbox 1390 2346 1492 2384; x_wconf 88' lang='lat' dir='ltr'>Patri‚</span> <span class='ocrx_word' id='word_1_669' title='bbox 1510 2346 1566 2385; x_wconf 88' lang='lat' dir='ltr'>qui</span> <span class='ocrx_word' id='word_1_670' title='bbox 1586 2348 1632 2376; x_wconf 88' lang='lat' dir='ltr'>est</span> <span class='ocrx_word' id='word_1_671' title='bbox 1656 2345 1690 2375; x_wconf 90' lang='lat' dir='ltr'>in</span> <span class='ocrx_word' id='word_1_672' title='bbox 1710 2354 1773 2377; x_wconf 84' lang='lat' dir='ltr'>coe-</span> 
     </span>
     <span class='ocr_line' id='line_1_89' title="bbox 1003 2401 1079 2430; baseline -0.026 0"><span class='ocrx_word' id='word_1_673' title='bbox 1003 2401 1051 2430; x_wconf 83' lang='lat' dir='ltr'>lis.</span> <span class='ocrx_word' id='word_1_674' title='bbox 1065 2411 1079 2428; x_wconf 87' lang='grc'>))</span> 
     </span>
    </p>

    <p class='ocr_par' dir='ltr' id='par_1_7' title="bbox 1044 2452 1776 2493">
     <span class='ocr_line' id='line_1_90' title="bbox 1044 2452 1776 2493; baseline -0.003 -10"><span class='ocrx_word' id='word_1_675' title='bbox 1044 2455 1093 2483; x_wconf 71' lang='lat'>20.</span> <span class='ocrx_word' id='word_1_676' title='bbox 1112 2454 1333 2493; x_wconf 68' lang='lat' dir='ltr'>Interroycztzzs</span> <span class='ocrx_word' id='word_1_677' title='bbox 1348 2457 1454 2484; x_wconf 81' lang='lat' dir='ltr'>autem</span> <span class='ocrx_word' id='word_1_678' title='bbox 1470 2462 1489 2483; x_wconf 83' lang='lat' dir='ltr'>a</span> <span class='ocrx_word' id='word_1_679' title='bbox 1509 2452 1698 2490; x_wconf 73' lang='lat' dir='ltr'>Pharz&#39;soeis,</span> <span class='ocrx_word' id='word_1_680' title='bbox 1715 2453 1776 2482; x_wconf 87' lang='lat' dir='ltr'>etc.</span> 
     </span>
    </p>
   </div>
   <div class='ocr_carea' id='block_1_5' title="bbox 1004 2504 1775 2546">
    <p class='ocr_par' dir='ltr' id='par_1_8' title="bbox 1004 2504 1775 2546">
     <span class='ocr_line' id='line_1_91' title="bbox 1004 2504 1775 2546; baseline -0.001 -11"><span class='ocrx_word' id='word_1_681' title='bbox 1004 2506 1195 2536; x_wconf 63' lang='lat' dir='ltr'>Tei-minans</span> <span class='ocrx_word' id='word_1_682' title='bbox 1217 2507 1341 2536; x_wconf 83' lang='lat' dir='ltr'>duabus</span> <span class='ocrx_word' id='word_1_683' title='bbox 1363 2506 1504 2546; x_wconf 87' lang='lat' dir='ltr'>partibus</span> <span class='ocrx_word' id='word_1_684' title='bbox 1527 2504 1775 2543; x_wconf 89' lang='lat' dir='ltr'>principalibus,</span> 
     </span>
    </p>
   </div>
   <div class='ocr_carea' id='block_1_6' title="bbox 1005 2561 1778 2703">
    <p class='ocr_par' dir='ltr' id='par_1_9' title="bbox 1005 2561 1778 2663">
     <span class='ocr_line' id='line_1_92' title="bbox 1005 2561 1778 2593; baseline 0 -8"><span class='ocrx_word' id='word_1_685' title='bbox 1005 2564 1027 2585; x_wconf 79' lang='lat'>7.</span> <span class='ocrx_word' id='word_1_686' title='bbox 1047 2575 1076 2579; x_wconf 91' lang='lat'>—</span> <span class='ocrx_word' id='word_1_687' title='bbox 1102 2562 1122 2578; x_wconf 76' lang='lat'>¹²</span> <span class='ocrx_word' id='word_1_688' title='bbox 1138 2562 1239 2592; x_wconf 47' lang='lat' dir='ltr'>Mutela,</span> <span class='ocrx_word' id='word_1_689' title='bbox 1261 2569 1322 2593; x_wconf 79' lang='lat' dir='ltr'>viu,</span> <span class='ocrx_word' id='word_1_690' title='bbox 1342 2565 1364 2587; x_wconf 81' lang='grc'>9.</span> <span class='ocrx_word' id='word_1_691' title='bbox 1384 2575 1414 2579; x_wconf 96' lang='grc'>-</span> <span class='ocrx_word' id='word_1_692' title='bbox 1435 2562 1454 2578; x_wconf 76' lang='lat'>¹³</span> <span class='ocrx_word' id='word_1_693' title='bbox 1474 2561 1574 2588; x_wconf 64' lang='lat' dir='ltr'>Mami„</span> <span class='ocrx_word' id='word_1_694' title='bbox 1596 2566 1671 2591; x_wconf 76' lang='lat' dir='ltr'>xxvi,</span> <span class='ocrx_word' id='word_1_695' title='bbox 1691 2562 1729 2586; x_wconf 72' lang='lat'>24.</span> <span class='ocrx_word' id='word_1_696' title='bbox 1746 2574 1778 2579; x_wconf 88' lang='lat'>--</span> 
     </span>
     <span class='ocr_line' id='line_1_93' title="bbox 1007 2597 1776 2628; baseline 0.001 -7"><span class='ocrx_word' id='word_1_697' title='bbox 1007 2599 1025 2614; x_wconf 68' lang='lat'>¹⁸</span> <span class='ocrx_word' id='word_1_698' title='bbox 1037 2599 1119 2627; x_wconf 60' lang='lat' dir='ltr'>Joan„</span> <span class='ocrx_word' id='word_1_699' title='bbox 1135 2604 1192 2627; x_wconf 76' lang='lat' dir='ltr'>xiii,</span> <span class='ocrx_word' id='word_1_700' title='bbox 1211 2600 1234 2621; x_wconf 82' lang='grc'>3.</span> <span class='ocrx_word' id='word_1_701' title='bbox 1248 2611 1279 2616; x_wconf 84' lang='grc'>-</span> <span class='ocrx_word' id='word_1_702' title='bbox 1295 2599 1313 2615; x_wconf 78' lang='lat'>¹⁵</span> <span class='ocrx_word' id='word_1_703' title='bbox 1329 2599 1464 2628; x_wconf 77' lang='lat' dir='ltr'>lbid.,xvi,</span> <span class='ocrx_word' id='word_1_704' title='bbox 1481 2599 1505 2621; x_wconf 80' lang='lat'>5.</span> <span class='ocrx_word' id='word_1_705' title='bbox 1524 2609 1550 2614; x_wconf 91' lang='lat'>-</span> <span class='ocrx_word' id='word_1_706' title='bbox 1569 2597 1587 2613; x_wconf 73' lang='lat'>¹⁶</span> <span class='ocrx_word' id='word_1_707' title='bbox 1602 2598 1776 2627; x_wconf 71' lang='lat' dir='ltr'>.4cl.,1v,¹2.</span> 
     </span>
     <span class='ocr_line' id='line_1_94' title="bbox 1005 2632 1614 2663; baseline -0.002 -7"><span class='ocrx_word' id='word_1_708' title='bbox 1005 2647 1035 2651; x_wconf 97' lang='lat'><strong>—</strong></span> <span class='ocrx_word' id='word_1_709' title='bbox 1050 2634 1069 2650; x_wconf 81' lang='lat'>¹¹¹</span> <span class='ocrx_word' id='word_1_710' title='bbox 1085 2634 1161 2662; x_wconf 68' lang='lat' dir='ltr'>Rom„</span> <span class='ocrx_word' id='word_1_711' title='bbox 1179 2639 1237 2663; x_wconf 71' lang='lat' dir='ltr'>vni,</span> <span class='ocrx_word' id='word_1_712' title='bbox 1253 2636 1292 2657; x_wconf 73' lang='lat'>⁶24.</span> <span class='ocrx_word' id='word_1_713' title='bbox 1308 2647 1339 2651; x_wconf 97' lang='lat'><strong>—</strong></span> <span class='ocrx_word' id='word_1_714' title='bbox 1353 2636 1370 2648; x_wconf 70' lang='lat'>¹¹⁵</span> <span class='ocrx_word' id='word_1_715' title='bbox 1381 2633 1449 2658; x_wconf 80' lang='lat' dir='ltr'>Psal.</span> <span class='ocrx_word' id='word_1_716' title='bbox 1467 2637 1561 2661; x_wconf 80' lang='lat' dir='ltr'>exvm,</span> <span class='ocrx_word' id='word_1_717' title='bbox 1576 2632 1614 2656; x_wconf 67' lang='lat'>94.</span> 
     </span>
    </p>

    <p class='ocr_par' dir='ltr' id='par_1_10' title="bbox 1038 2673 1401 2703">
     <span class='ocr_line' id='line_1_95' title="bbox 1038 2673 1401 2703; baseline 0 -7"><span class='ocrx_word' id='word_1_718' title='bbox 1038 2674 1070 2703; x_wconf 84' lang='grc' dir='ltr'>(α)</span> <span class='ocrx_word' id='word_1_719' title='bbox 1089 2674 1148 2697; x_wconf 81' lang='lat' dir='ltr'>coet.</span> <span class='ocrx_word' id='word_1_720' title='bbox 1166 2673 1226 2697; x_wconf 67' lang='lat' dir='ltr'>edit.</span> <span class='ocrx_word' id='word_1_721' title='bbox 1243 2673 1300 2697; x_wconf 76' lang='lat' dir='ltr'>add.</span> <span class='ocrx_word' id='word_1_722' title='bbox 1318 2673 1401 2697; x_wconf 79' lang='lat' dir='ltr'>eratis.</span> 
     </span>
    </p>
   </div>
  </div>
 </body>
</html>
