1987 3032
75 1990 145 2011 Phase

40 2022 145 2070 31151ῗὲ
161 2014 312 2053 accipitur
327 2022 383 2052 pro
406 2012 473 2052 ipso
489 2021 572 2050 agno
588 2010 766 2048 occidendo,
784 2011 864 2041 sicut
877 2020 928 2041 ac-

40 2083 118 2101 matur.

693 201 899 234 EXPOSlTIO
924 201 961 232 [N
983 201 1066 233 CAP.
1090 201 1183 233 XXII.

145 283 269 314 agnum
298 281 400 313 usque
427 271 466 302 ad
493 270 797 310 quartamdecimam
828 268 910 298 diem

143 327 262 358 mensis
281 327 388 365 hujUs.
411 323 652 362 Immolabitque
671 331 744 352 eum
764 321 912 352 universa

144 379 312 411 multitudo
332 377 471 407 filiorum
493 376 587 406 Israel
611 375 650 406 ad
673 383 848 414 vesperam.
875 373 913 404 Et

144 441 250 464 mense
272 431 391 471 primo,
412 429 645 470 quartadecima
669 429 718 458 die
739 427 854 457 mensis
874 427 911 457 ad

144 493 324 524 vesperum,
341 483 438 522 phase
454 483 577 513 Domini
592 484 637 512 est
654 492 660 511 :
678 483 708 511 et
721 480 913 520 quintacleci-
936 493 940 497 »

144 547 197 568 ma
211 537 260 567 die
275 536 390 567 mensis
400 536 509 575 hujus,
522 534 705 565 solemnitas
719 533 913 572 Azymorum

143 589 269 621 Domini
280 591 336 619 est.
344 588 469 628 Septem
476 588 586 618 diebus
592 596 703 626 azyma
709 586 887 616 comedetis.
895 596 909 613 n

144 643 192 674 Ex
209 651 272 682 quo
287 643 425 681 apparet,
440 641 525 680 quod
539 640 680 671 Christus
690 638 860 670 celebravit
872 638 911 677 (a)

146 696 262 736 pascha
285 705 322 726 ea
342 695 393 725 die
414 703 478 734 qua
499 695 685 724 consuetum
709 694 776 723 erat
804 701 914 722 secun-

145 750 222 779 dum
237 749 360 788 legem3
386 756 421 777 ac
442 756 499 786 per
513 747 572 777 hoc
589 745 764 776 celebravit
779 744 812 774 in
833 744 914 784 Azy-

146 802 217 840 mis,
233 801 308 841 quia
328 801 360 830 in
374 800 621 831 Deuteronomio
636 798 750 829 dicitnr
766 799 773 814 ¹
792 808 798 827 :
819 809 832 825 «
847 797 915 828 Non

147 854 311 895 apparebit
329 854 552 883 fermentatum
572 853 605 882 in
632 852 780 881 omnibns
803 851 912 880 termi-

148 908 199 938 nis
214 907 278 938 tuis
293 908 412 946 septem
423 906 544 942 diebus,
557 916 571 933 »
591 907 648 935 etc.
662 904 698 934 Et
714 904 783 933 isleo
798 903 835 934 de
848 913 917 942 azy·

149 970 201 991 mo
216 959 359 995 confecit,
373 959 546 989 secundum
563 957 647 997 qnod
661 956 868 987 conveniebat
883 957 916 985 fi-

150 1022 242 1052 gurae
259 1016 269 1031 ²
285 1023 290 1042 :
316 1024 330 1041 (ι
350 1012 389 1042 Et
411 1011 504 1042 edent
523 1019 632 1041 carnes
650 1011 741 1040 nocte
761 1009 814 1039 illa
832 1018 918 1038 assas

148 1065 228 1104 igni,
245 1067 274 1094 et
288 1073 415 1104 azymos
430 1073 536 1103 panes,
552 1072 623 1093 cnm
638 1062 766 1092 lactucis
782 1061 917 1099 agresti-

147 1118 218 1147 bus.
234 1128 248 1144 »
268 1117 421 1155 Competit
436 1116 530 1146 etiam
546 1115 605 1145 1100
619 1114 694 1144 hnic
710 1116 916 1151 sacramento,

149 1169 323 1200 secundum
340 1169 419 1199 illud
436 1169 445 1185 ³
465 1179 472 1198 ε
495 1180 509 1197 (1
523 1168 710 1207 Epulemur,
729 1176 792 1197 non
808 1166 841 1196 in
856 1166 919 1196 fer-

148 1224 255 1252 mento
265 1222 375 1259 veteri,
386 1221 480 1252 sedin
491 1220 611 1260 azymis
621 1219 819 1256 sinceritatis,
831 1230 844 1246 n
859 1220 917 1248 etc.

149 1276 188 1306 Et
196 1276 257 1306 hoc
269 1276 476 1306 confirmatur
491 1284 547 1313 per
561 1274 638 1304 alios
656 1273 734 1303 dnos
750 1272 917 1310 Evangeli-

151 1331 224 1365 stas,
252 1328 437 1358 Matthaeum
466 1327 581 1357 scilicet
603 1328 634 1356 et
661 1325 820 1360 Marcunr,
846 1324 921 1363 qnia

152 1381 278 1420 utrique
297 1381 406 1411 dicunt
424 1380 433 1395 ⁴
454 1379 613 1410 Christum
633 1378 806 1408 celebrasse
825 1377 921 1416 phase

153 1434 254 1473 primo
269 1434 318 1464 die
333 1434 539 1472 Azymorum.
561 1432 697 1462 Joannes
712 1431 786 1461 dicit
800 1433 820 1468 ὃ,
837 1430 922 1469 qnod

152 1486 253 1517 ludaei
279 1497 293 1514 «
315 1494 379 1515 non
399 1485 590 1515 introierunt
607 1484 642 1513 in
660 1483 864 1523 praetorium,
887 1485 923 1513 ut

154 1548 218 1569 non
237 1538 540 1574 contaminarentur,
563 1536 615 1566 sed
636 1538 672 1566 ut
695 1535 924 1566 manducarent

154 1591 280 1631 pascha.
297 1602 311 1619 »
336 1590 374 1621 Et
388 1590 457 1620 ideo
473 1589 572 1620 Graeci
588 1589 712 1626 dicunt,
735 1589 819 1628 quod
835 1588 923 1618 Chri-

157 1647 223 1674 stus
238 1643 406 1674 celebravit
421 1643 519 1682 phase
534 1644 605 1672 ante
620 1642 924 1681 quartamdecimam

156 1697 266 1727 lunam
285 1696 328 1734 (in
342 1696 397 1726 illa
406 1696 473 1734 ipse
488 1695 670 1725 immolatus
685 1696 716 1724 et
726 1694 923 1732 crucifixus),

156 1752 186 1781 et
200 1750 268 1780 idco
284 1750 402 1785 dicunt,
420 1749 505 1788 quod
524 1748 656 1778 confecit
675 1747 712 1777 de
727 1748 924 1777 fermentato.

157 1803 216 1834 Sed
234 1803 334 1834 Graeci
354 1802 517 1838 falluntur,
538 1801 612 1839 quia
631 1800 864 1839 compelluntur
879 1799 925 1829 di-

157 1866 238 1893 cero,
259 1856 345 1895 quod
361 1855 412 1885 alii
436 1853 648 1893 Evangelistae
670 1862 688 1882 a
706 1852 824 1883 Joanne
838 1852 928 1882 dixe-

159 1911 233 1939 runt
247 1908 372 1938 salsum.
389 1906 554 1937 Falluntur
574 1907 696 1941 autem,
723 1905 798 1944 qnia
813 1914 927 1935 nomen

157 1961 256 2001 phase
274 1960 436 2000 aequivoce
460 1959 623 1998 accipitur.
646 1958 823 1997 Aliquando
843 1958 928 1988 enim

161 2067 276 2107 cipitur
296 2067 347 2097 hic
370 2075 376 2095 :
401 2066 489 2097 Venit
509 2065 573 2095 (lies
592 2066 800 2103 Azysmmvm,
818 2065 850 2094 in
865 2074 930 2104 qim

159 2129 280 2151 necesse
304 2123 374 2149 erat
402 2119 502 2149 occidi
518 2118 659 2158 posel1a;
683 2118 852 2156 aliqnando
873 2127 930 2157 pro

160 2173 392 2213 quintadecima
406 2172 455 2203 die
471 2171 587 2201 mensis
600 2171 610 2186 ‘³
629 2181 635 2202 :
663 2183 677 2200 «
695 2170 931 2207 Quintadecima

159 2226 210 2257 die
223 2226 340 2256 mensis
354 2225 463 2264 hujus,
477 2224 660 2254 solemnitas
668 2223 863 2263 Azymorurn
876 2223 932 2254 Do-

161 2279 240 2309 mini
259 2280 316 2308 cst.
339 2277 464 2317 Septem
486 2277 596 2307 diebus
617 2285 728 2316 azyma
749 2276 929 2307 comedetis.

160 2331 230 2361 Dies
254 2331 378 2370 primus
397 2330 456 2360 erit
477 2330 565 2359 vobis
585 2328 819 2366 celeberrimus,
837 2340 850 2356 »
870 2331 928 2359 etc.

161 2383 199 2414 ΕΙ.
212 2384 256 2414 510
270 2383 421 2423 accipitur
438 2382 471 2412 in
485 2382 618 2412 Joamze.
638 2381 813 2421 Respondet
824 2384 930 2412 autem

162 2436 278 2467 veritas
293 2437 420 2475 figurae,
436 2435 508 2465 licet
524 2434 756 2474 quintadecima
772 2434 822 2464 die
838 2444 931 2466 11100-

162 2489 204 2519 sis
227 2489 320 2520 suerit
344 2489 525 2519 crucifixus.
548 2487 634 2518 Unde
655 2487 761 2518 Glossa
785 2497 792 2518 :
815 2500 829 2516 «
848 2488 932 2520 Licet

196 2548 201 2561 ¹
218 2547 299 2577 Dent„
316 2553 368 2575 xvi,
386 2548 398 2570 4
422 2560 453 2564 —
467 2545 576 2576 ²13J0d.‚
591 2552 636 2575 xn,
653 2548 676 2568 S.
690 2558 718 2562 —
735 2545 745 2561 ³
762 2546 768 2568 l
783 2546 850 2575 Cora,
866 2553 889 2577 v,
907 2548 929 2572 8,

166 2594 192 2599 -
208 2581 218 2596 ⁶
233 2583 331 2608 Mami..
343 2588 413 2610 xxvi,
426 2583 462 2612 173
481 2582 567 2609 Marc„
579 2587 632 2610 xiV,
651 2583 687 2604 12.
698 2593 728 2597 —
741 2581 751 2596 ⁵
764 2582 846 2612 Jotm„
856 2588 931 2613 xvin,

164 2618 204 2640 28.
214 2629 243 2634 —
257 2618 266 2630 ⁶
280 2617 367 2646 tevit„
385 2623 458 2647 xxiii,
473 2618 525 2640 6-7.
537 2630 566 2634 -
583 2617 589 2630 ⁷
608 2616 722 2639 Fortasse
737 2615 843 2640 intendit
857 2622 919 2648 Ἴης

165 2657 345 2686 interpretatus
361 2659 407 2682 est.
420 2671 446 2675 —
464 2657 471 2671 Β
486 2660 549 2696 pn,
565 2656 669 2687 gratiani
681 2655 824 2695 fecium-1,
840 2640 930 2687 grutia'.

1680 210 1736 238 175

966 269 1109 308 sequenti
1133 268 1198 306 die,
1221 267 1252 298 id
1273 268 1319 298 est
1340 268 1572 307 quintadecima
1595 272 1672 303 luna
1698 274 1738 304 sit

968 321 1150 358 crucifixus,
1167 321 1226 351 hac
1240 323 1345 351 tamen
1360 323 1462 359 nocte,
1478 332 1542 362 qua
1557 333 1661 363 agnus
1676 326 1738 356 im-

968 373 1157 411 molabatur,
1167 374 1307 404 etcarnis
1318 376 1348 404 et
1357 375 1522 414 sanguinis
1537 377 1602 407 suis
1621 378 1659 417 (b)
1674 379 1738 409 dis-

969 426 1080 465 cipulis
1097 429 1293 457 sacramenta
1314 427 1500 458 celebranda
1514 430 1656 469 tradidit,
1674 433 1704 462 et
1723 442 1740 462 a

968 479 1086 510 Jtldaeis
1105 483 1210 510 tentus
1232 482 1262 510 et
1282 480 1412 519 ligatus,
1429 481 1528 520 ipsius
1544 482 1739 515 immolatio-

970 532 1031 570 nis,
1060 532 1092 562 id
1120 535 1183 571 est,
1212 533 1368 572 passionis
1394 543 1461 565 suae
1489 536 1624 567 sacravit
1647 546 1739 568 exor-

969 584 1070 614 dium.
1087 596 1100 612 n

1011 637 1167 675 Secundo,
1179 640 1335 677 quantum
1348 640 1387 669 ad
1398 640 1581 672 missionem
1596 642 1742 681 magistri

970 691 1206 730 perficiendam,
1221 692 1327 722 subdit
1340 694 1381 730 (v.
1392 694 1420 731 8)
1433 703 1439 724 :
1453 694 1498 725 Et
1509 695 1598 725 misit
1611 696 1743 726 Petrum

971 749 1001 774 et
1007 745 1176 783 Jommem,
1188 745 1293 776 dicens
1303 755 1314 776 .·
1322 746 1445 776 Ezmtes
1451 749 1660 786 paratenobz's
1667 758 1744 789 pas-

971 797 1040 835 elza,
1058 801 1094 827 ut
1106 797 1346 828 manducemus.
1361 798 1557 829 Misitautem
1576 800 1703 831 Petrum
1714 804 1745 832 et

972 850 1138 887 joannem,
1155 854 1307 891 tanquam
1323 852 1402 883 duos
1412 853 1468 892 qui
1481 857 1571 885 erant
1579 855 1660 886 inter
1668 856 1745 886 alios

976 904 1164 943 principales
1182 914 1189 934 :
1206 914 1292 935 unus
1306 907 1459 945 tanquam
1474 908 1579 946 magis
1594 909 1742 947 diligens,

974 957 1054 987 alter
1068 959 1222 997 tanquan]
1246 958 1351 997 magis
1376 959 1526 997 dilectus;
1548 969 1603 991 seu
1619 963 1746 1001 propter

974 1010 1240 1047 significationem
1256 1019 1263 1040 :
1282 1020 1355 1040 nam
1368 1011 1481 1041 Petrus
1492 1013 1502 1028 '¹
1518 1021 1704 1051 agnoscens,
1717 1016 1747 1044 et

975 1062 1123 1099 Joctmzes,
1141 1063 1173 1092 in
1187 1072 1251 1102 quo
1265 1065 1313 1093 est
1328 1064 1432 1102 gralia
1447 1067 1469 1102 ⁸,
1484 1065 1646 1095 insinuant
1657 1066 1747 1096 nobis

975 1115 1069 1145 fidem
1081 1125 1153 1145 cuin
1170 1115 1331 1146 charitate.
1350 1116 1386 1146 Et
1400 1116 1468 1147 haec
1483 1119 1568 1156 sunt,
1586 1127 1659 1158 quae
1670 1128 1749 1158 prae-

974 1170 1087 1207 parant
1101 1168 1140 1199 ad
1156 1169 1433 1199 manducationem
1455 1181 1462 1200 z
1487 1180 1561 1201 nam
1582 1181 1637 1211 per
1652 1173 1748 1202 fidem

975 1222 1021 1250 est
1037 1221 1225 1258 masticatio,
1246 1231 1302 1261 per
1322 1222 1506 1253 charitatem
1524 1223 1746 1264 incorporatio.

977 1272 1108 1312 Propter
1121 1274 1204 1312 quod
1219 1274 1254 1304 in
1269 1275 1393 1305 Joamzc
1408 1276 1441 1314 (c)
1453 1276 1463 1291 ⁹
1480 1285 1490 1306 .·
1507 1287 1520 1304 α
1537 1276 1595 1312 Qui
1611 1278 1747 1308 mandu-

977 1328 1025 1355 cat
1049 1335 1152 1356 meam
1177 1336 1320 1365 carnem,
1343 1330 1373 1357 et
1393 1328 1470 1357 bibit
1489 1337 1597 1358 meum
1617 1330 1750 1369 sangui-

977 1387 1062 1416 nein,
1080 1378 1175 1409 inme
1191 1382 1308 1417 manet,
1325 1382 1355 1410 et
1365 1389 1427 1419 ego
1442 1381 1475 1410 in
1490 1381 1554 1411 illo.
1568 1392 1582 1409 »
1602 1381 1679 1412 Item
1695 1392 1751 1422 per

981 1430 1108 1461 Petrum
1125 1433 1264 1470 scientia,
1281 1442 1336 1471 per
1348 1433 1502 1464 ι1001100111
1518 1435 1619 1465 virtus
1633 1437 1664 1465 et
1675 1445 1750 1474 gra—

979 1484 1021 1513 tia
1033 1495 1039 1513 :
1053 1484 1158 1515 0111Ἔο
1168 1488 1253 1523 sunt,
1263 1494 1334 1525 quae
1344 1489 1524 1525 praeparant
1534 1487 1698 1518 hominem
1710 1489 1747 1519 ¹⁰:

984 1548 997 1565 (ι
1009 1537 1133 1568 ,lustitia
1143 1540 1173 1568 et
1179 1538 1340 1577 ι1011101001
1353 1541 1542 1579 praeparatio
1558 1541 1639 1571 sedis
1653 1544 1746 1579 tuae,»

979 1591 1054 1630 quia
1073 1591 1158 1630 qnod
1179 1591 1308 1622 scientia
1326 1591 1437 1629 dictat,
1453 1593 1555 1623 virtus
1569 1595 1749 1634 exequitur.

981 1643 1164 1674 insinuatur
1184 1653 1264 1683 ergo
1286 1648 1318 1674 in
1338 1645 1413 1682 1100,
1436 1646 1519 1685 quod
1540 1647 1647 1677 nullus
1661 1648 1753 1678 debet

980 1697 1126 1727 accedere
1141 1698 1180 1727 ad
1194 1698 1301 1728 cibum
1317 1698 1507 1737 paschalem,
1521 1700 1580 1730 nisi
1596 1709 1752 1740 praepara-

980 1751 1044 1780 tns.
1061 1750 1191 1789 Propter
1205 1750 1288 1790 quod
1305 1751 1420 1781 dicitur
1434 1752 1453 1767 ¹¹
1473 1763 1502 1782 :a
1513 1751 1627 1783 Probet
1640 1757 1749 1784 autem

982 1803 1121 1842 seipsum
1141 1803 1236 1833 homo
1254 1814 1260 1833 ε
1281 1806 1311 1834 01
1325 1804 1370 1833 510
1390 1805 1427 1835 de
1450 1815 1530 1844 pane
1549 1806 1602 1837 illo
1619 1807 1706 1844 edat,
1722 1810 1753 1837 et

982 1856 1020 1886 de
1035 1856 1129 1886 calice
1144 1856 1240 1886 bibat.
1260 1856 1319 1893 Qui
1334 1857 1420 1887 enirn
1439 1858 1610 1889 manducat
1627 1862 1658 1889 et
1674 1859 1753 1890 bibit

984 1909 1124 1948 indigne,
1138 1909 1295 1948 judicium
1316 1910 1375 1940 sibi
1394 1911 1564 1942 manducat
1584 1914 1615 1942 01
1630 1912 1718 1943 bibit.
1734 1923 1748 1942 ›>

984 1962 1021 1992 Et
1032 1962 1100 1992 ideo
1109 1971 1125 1992 e
1136 1963 1293 1993 contrario
1305 1963 1419 1993 (licitur
1435 1964 1456 1983 ¹²
1471 1975 1476 1994 :
1487 1964 1663 1996 «Venerunt
1673 1975 1754 2006 nup-

984 2015 1035 2044 tiae
1051 2015 1139 2053 agni,
1157 2017 1187 2045 et
1202 2024 1284 2045 uxor
1297 2016 1364 2055 ejus
1380 2018 1569 2056 praeparavit
1583 2027 1651 2048 se.»
1673 2018 1753 2050 Nam

985 2069 1041 2108 qui
1058 2071 1176 2099 vestem
1192 2069 1366 2108 nuptialem
1381 2078 1445 2099 non
1467 2070 1572 2108 habet,
1589 2072 1756 2111 expellitur

985 2122 1024 2152 ab
1037 2122 1097 2152 1100
1111 2121 1257 2152 0011ν1ν10
1274 2122 1294 2137 ¹³
1314 2132 1320 2151 :
1335 2133 1349 2150 «
1367 2122 1498 2153 Intravit
1514 2125 1621 2154 autern
1636 2134 1705 2163 rex,
1720 2128 1756 2156 ut

985 2175 1104 2205 videret
1119 2175 1353 2205 discumbentes
1370 2186 1376 2205 :
1395 2177 1426 2206 et
1446 2175 1523 2206 vidit
1536 2176 1579 2206 ibi
1592 2177 1756 2209 hominem

985 2236 1050 2258 non
1064 2228 1214 2258 vestitum
1226 2230 1311 2258 veste
1324 2229 1468 2267 nuptiali.
1482 2228 1520 2259 Et
1531 2229 1574 2260 ait
1584 2229 1630 2260 1111
1647 2240 1655 2260 ;
1671 2231 1756 2261 Ami-

985 2290 1030 2319 ce,
1048 2281 1207 2320 quomodo
1222 2281 1286 2311 huc
1301 2281 1443 2311 intrasti?
1458 2292 1471 2310 n
1493 2284 1551 2313 etc.

1025 2334 1140 2373 Tertio,
1158 2337 1313 2374 quantum
1329 2334 1368 2364 ad
1383 2335 1615 2374 congruitatem
1630 2337 1689 2368 loci
1706 2338 1757 2368 in-

985 2387 1186 2425 veniendam,
1201 2387 1350 2426 adiungit
1363 2387 1404 2426 (v.
1413 2388 1440 2427 9)
1458 2398 1464 2417 ε
1478 2388 1520 2419 At
1529 2389 1578 2419 illi
1586 2389 1757 2423 clm-erunt.-

989 2442 1050 2472 L'bz'
1061 2442 1107 2471 vis
1119 2442 1295 2481 paremus?
1311 2444 1461 2481 tanquam
1475 2442 1508 2472 in
1520 2442 1588 2473 loco
1601 2453 1755 2483 congruo,

985 2551 1016 2555 -
1031 2538 1131 2567 ⁹Joan.,
1148 2542 1182 2566 v1‚
1197 2537 1269 2560 57.—
1283 2520 1301 2552 ὦ
1314 2535 1382 2560 Psal.
1399 2541 1526 2567 Lixxvni,
1544 2539 1616 2561 15.—
1628 2538 1645 2555 ¹¹
1662 2539 1668 2562 1
1688 2539 1757 2569 Corn,

986 2581 1023 2605 111,
1036 2574 1150 2598 28-29.-
1165 2573 1184 2589 Π
1196 2573 1281 2603 Apeva,
1295 2579 1349 2603 xxx,
1364 2573 1466 2597 17.-13
1479 2573 1579 2603 Matth„
1596 2581 1660 2605 xxlt,
1677 2577 1757 2600 11-12.

1019 2630 1052 2658 (a)
1077 2628 1137 2652 Coet.
1158 2627 1219 2650 edil.
1239 2627 1358 2651 celebrat.
1382 2640 1413 2645 —
1436 2626 1470 2657 (b)
1492 2627 1566 2652 Forte
1590 2629 1638 2659 leq.
1663 2629 1710 2654 sui.
1730 2643 1756 2647 -

991 2666 1018 2695 (c)
1036 2665 1095 2687 (fal.
1110 2662 1171 2686 edit.
1187 2664 1290 2693 propter
1310 2663 1378 2693 110011
1393 2663 1512 2686 ,loannes
