1987 3032
46 2277 146 2298 Christus

42 2310 73 2328 ter
108 2309 145 2328 fie-

41 2339 99 2359 visse
119 2339 147 2359 le-

43 2370 110 2396 gitur.

154 230 211 258 1024
700 223 910 256 EVANGELII
933 224 1071 256 SANCTl
1095 224 1207 256 LUCAE

153 294 191 325 ad
206 293 467 334 praesignandum
479 294 679 325 vocationem
695 291 804 332 populi
818 291 924 322 Chris-

153 347 243 385 tiani,
256 347 419 377 excaeeatis
431 346 446 377 J
451 347 558 384 udaeis,
571 347 610 376 de
622 354 760 385 quorum
777 344 924 384 proxima

153 399 358 430 subversione
381 399 414 429 in
435 398 701 438 consequentibus
729 398 797 436 agit
816 397 921 436 deplo-

153 461 228 483 rans
254 453 414 483 excidium
438 451 613 482 Jerusalem
634 451 771 482 civitatis
793 450 920 489 regalis.

193 509 242 536 41.
270 506 316 537 Ec
344 509 380 535 ut
402 504 696 545 appropinquavit,
737 506 794 534 etc.
833 503 924 534 Post-

154 568 251 599 quam
264 558 427 598 descripsit
443 558 577 597 qualiter
590 557 742 588 Dominus
753 557 924 587 ostenderit

154 621 186 642 sc
209 620 275 641 esse
296 610 455 640 Christum
480 611 685 650 promissum,
705 612 862 649 quantum
885 610 924 640 ad

154 666 339 703 potestatem
364 663 522 702 regalem,
552 663 602 693 hic
626 663 764 693 secundo
788 662 924 693 ostendit

154 717 291 755 idipsum
308 716 411 755 quoad
426 716 575 756 pietatem
592 716 816 756 pontificalem.
834 715 923 746 Sicut

154 770 239 800 enim
266 771 401 809 potestas
425 771 456 799 et
477 769 581 800 honor
604 769 714 800 decent
736 778 857 808 regem,
881 769 925 799 sic

154 822 277 862 pietatis
303 822 392 852 dolor
415 822 502 852 decet
528 822 724 860 Pontificem,
747 821 923 852 secundum

154 875 250 905 illud¹
269 886 274 904 :
297 886 311 904 (ι
325 874 393 905 Non
408 875 564 905 habemus
582 875 774 914 pontificem,
789 874 845 914 qui
860 883 924 904 non

155 928 250 967 possit
266 927 402 967 compati
418 927 655 957 infirmitatibus
675 927 805 964 nostris;
822 928 923 958 tenta-

154 983 221 1011 tum
236 982 343 1010 antem
358 989 414 1020 per
429 981 536 1010 omnia
559 989 617 1020 pro
634 980 839 1011 similitudine
854 980 925 1010 abs-

154 1042 217 1072 que
232 1034 369 1072 peccato.
386 1043 400 1060 n
420 1032 600 1064 Ostenditur
613 1035 720 1063 autem
743 1033 812 1063 haec
826 1033 926 1072 pietas

155 1086 269 1116 Christi
294 1094 425 1124 magna,
441 1085 516 1125 quia
534 1086 566 1115 in
589 1085 640 1116 die
656 1085 774 1115 summi
796 1085 926 1116 honoris

156 1139 207 1169 sui
222 1139 254 1168 in
268 1139 361 1168 terris
375 1148 439 1169 non
454 1139 595 1169 cessabat
613 1148 632 1168 a
647 1138 796 1177 lacrymis
815 1147 870 1177 per
885 1138 928 1168 af-

156 1192 273 1222 fectum
297 1192 533 1231 compassionis.
560 1192 750 1222 Describitur
773 1201 850 1231 ergo
865 1192 927 1230 pie-

156 1247 203 1275 tas
218 1244 341 1282 Christi,
359 1247 393 1275 ut
408 1244 575 1284 deplorans
596 1244 797 1275 sacerdotalis
816 1244 926 1275 civita-

155 1298 194 1327 tis
209 1297 363 1336 gaudium
385 1297 530 1333 stultum,
546 1297 705 1328 excidium
727 1297 925 1336 proximum,

156 1351 187 1380 et
201 1351 362 1389 peccatum
378 1350 624 1389 praeambulum.

195 1402 301 1432 Primo
315 1412 392 1441 crgo
407 1404 564 1442 quantum
580 1403 617 1434 ad
641 1402 755 1433 Christi
769 1403 926 1442 pontificis

157 1456 267 1486 fletum
288 1455 477 1494 piissimum,
498 1455 571 1486 dicit
595 1465 603 1486 :
626 1456 671 1487 Et
693 1459 729 1486 ut
751 1456 925 1495 appropin-

156 1508 277 1548 quarit,
291 1508 399 1538 videns
414 1508 582 1545 civitatem,
597 1508 685 1548 flevit
707 1517 802 1548 super
824 1509 925 1539 [llum.

156 1561 436 1600 Appropinquavit
451 1570 514 1591 non
538 1562 662 1591 tantum
686 1561 827 1600 corporis
851 1561 925 1598 situ,

157 1623 271 1644 verum
308 1614 402 1644 etiam
438 1614 539 1644 cordis
573 1614 688 1645 affectu
706 1638 714 1652 ,
751 1614 927 1644 secundnm

158 1667 235 1697 illud
250 1670 259 1686 ²
281 1676 287 1695 :
308 1678 321 1694 «
340 1667 600 1706 Appropinquate
616 1668 656 1704 (a)
673 1667 745 1704 Deo,
762 1669 792 1697 et
813 1676 927 1706 appro-

158 1720 324 1760 pinquabit
338 1720 438 1751 vobis.
457 1731 471 1748 »
492 1720 528 1750 Et
543 1721 572 1750 ³:
594 1732 607 1748 «
624 1720 687 1750 Nec
706 1722 753 1750 est
767 1720 828 1750 alia
842 1720 928 1750 natio

158 1777 222 1804 tam
252 1773 381 1812 grandis
409 1782 481 1812 quae
507 1773 622 1803 habeat
655 1772 733 1803 Deos
756 1773 927 1812 appropin-

158 1828 290 1866 quantes
321 1826 389 1864 sibi,
414 1838 428 1854 »
460 1828 518 1856 etc.
539 1826 620 1857 Vidit
647 1826 742 1856 etiam
769 1826 928 1856 civitatem

158 1890 222 1911 non
243 1882 367 1910 tantum
390 1880 490 1910 oculis
515 1879 672 1919 corporis,
696 1888 808 1909 verum
833 1880 928 1909 etiam

158 1935 285 1972 aspectu
300 1933 423 1972 pietatis
438 1933 448 1948 ¹²
467 1943 474 1963 z
505 1944 519 1961 «
543 1932 623 1970 Quia
643 1932 804 1971 prospexit
820 1932 858 1962 de
878 1941 929 1962 ex-

159 1986 241 2016 celso
256 1988 363 2016 sancto
373 1994 441 2023 suo,
457 1985 608 2016 Dominus
622 1985 660 2015 de
675 1984 753 2015 coelo
764 1985 796 2014 in
812 1986 928 2015 terram

159 2039 297 2078 aspexit,
321 2041 357 2068 ut
375 2038 499 2068 audiret
520 2038 677 2077 gemitus,
698 2049 711 2065 n
740 2039 799 2067 etc.
816 2037 860 2067 Et
883 2038 893 2053 ⁵
919 2048 925 2067 z

164 2104 177 2121 ε(
200 2091 271 2123 Vidi
293 2091 496 2122 afflictionem
521 2091 630 2131 populi
657 2091 721 2122 mei
748 2091 781 2121 in
812 2090 930 2130 AEgyp-

160 2147 202 2182 to,
218 2156 232 2173 »
251 2146 310 2175 etc.
327 2144 428 2175 Flevit
443 2153 538 2184 super
552 2144 640 2174 illam
656 2153 712 2184 per
731 2144 928 2174 affectionem

160 2200 344 2239 piissimam,
357 2202 388 2230 et.
399 2199 652 2239 compassionem
663 2199 878 2229 affectuosam.
892 2198 929 2228 Et

160 2255 234 2283 nota
249 2254 332 2292 quod
356 2253 498 2283 Christus
518 2252 637 2291 legitur
660 2253 707 2281 ter
727 2252 852 2282 flevisse
872 2260 929 2290 pro

161 2306 251 2336 nobis
273 2314 280 2335 :
304 2309 331 2336 1.
354 2314 450 2344 super
478 2305 631 2335 Lazarum
658 2304 873 2334 suscitandum
893 2307 928 2333 ¹³:

166 2370 179 2387 «
194 2358 232 2388 Et
246 2358 437 2397 lacrymatus
452 2361 497 2388 est
511 2358 618 2395 Jesus3
635 2368 649 2386 n
667 2360 696 2387 2.
715 2365 809 2396 super
824 2356 931 2386 civita-

161 2413 225 2441 tem
253 2410 438 2448 Jerusalem,
454 2410 533 2440 sicut
560 2410 627 2447 hic;
652 2412 681 2440 et
697 2412 727 2441 3.
748 2409 875 2440 tandem
898 2409 930 2438 in

162 2472 252 2494 eruce
268 2463 302 2493 ⁷:
325 2462 431 2493 «Cum
453 2463 589 2493 clamore
603 2463 708 2494 valido
730 2464 760 2493 et
782 2461 931 2501 lacrymis

195 2580 202 2595 ¹
219 2578 354 2608 Hebr.,1v‚
372 2579 409 2601 15.
422 2590 452 2594 —
466 2577 476 2592 ²
490 2577 601 2607 Juc.‚1v,
614 2579 637 2601 8.
653 2591 683 2594 —
698 2578 707 2594 ⁸
723 2578 805 2607 Dent„
820 2578 890 2607 n·‚7.
902 2589 932 2594 —

162 2614 172 2629 δ
191 2613 253 2636 Psal.
270 2620 303 2641 (21,
321 2614 361 2642 20,
378 2614 416 2636 21.
438 2624 468 2629 -
483 2612 491 2625 ⁵
508 2612 600 2640 Eroti„
621 2618 659 2642 ιιι,
683 2614 706 2636 7.
723 2626 748 2629 —
772 2613 781 2626 ‘³
795 2614 874 2641 donn„
894 2618 932 2642 XI,

164 2649 203 2671 115.
217 2662 247 2665 -
261 2649 271 2665 '¹
286 2647 369 2677 Helm,
385 2653 413 2676 v,
426 2647 448 2669 'i.
461 2659 490 2663 —
503 2646 513 2662 ¹³
532 2647 623 2677 llymu.
641 2647 755 2670 l’assion.
774 2648 885 2677 Domin.,
901 2647 932 2670 ad

166 2682 266 2713 Laudes,
282 2690 312 2707 cx
328 2683 473 2706 Fortunato.
489 2695 518 2700 -—
539 2684 547 2695 '³
568 2681 637 2706 Psal.
655 2688 688 2713 vi,
706 2684 729 2705 7.
748 2695 778 2700 -
799 2684 817 2699 ¹·
832 2682 932 2712 Manli„

979 292 1125 329 offerens
1143 291 1310 323 exauditus
1325 295 1370 323 cst
1384 301 1441 332 pro
1455 301 1513 323 sua
1528 292 1718 323 reverentia.
1729 302 1744 320 n

980 344 1026 375 Ex
1041 354 1104 385 quo
1119 345 1177 375 suit
1191 345 1289 385 pietas
1306 345 1419 375 Christi
1437 345 1661 385 perfectissime
1682 354 1750 376 ma-

978 398 1091 427 nifesta
1104 398 1143 428 ad
1156 407 1225 428 nos.
1241 398 1383 429 Creditur
1397 398 1493 429 etiam
1506 398 1630 429 flevisse
1643 398 1675 428 in
1691 407 1750 428 sua

979 451 1120 488 infantia,
1138 451 1265 490 quando
1277 451 1406 481 intravit
1421 451 1452 481 in
1474 452 1637 491 praesentis
1652 453 1750 482 status

980 504 1152 541 miseriam,
1174 504 1349 534 secundum
1373 504 1457 543 quod
1473 504 1607 535 Ecclesia
1629 504 1667 534 de
1684 505 1750 544 ipso

979 559 1083 587 cantat
1099 560 1109 576 ⁸
1125 568 1132 588 ε
1157 558 1250 597 Vaqit
1269 558 1378 597 infans
1395 558 1476 587 inter
1495 562 1584 588 arcta
1607 558 1750 588 conditus

977 611 1145 650 proescpz'a.
1172 610 1206 640 ln
1231 610 1290 641 hoc
1320 612 1427 640 autem
1453 610 1650 650 quadruplici
1673 611 1751 641 fletu

979 666 1116 704 quatuor
1132 665 1164 694 in
1179 664 1268 694 nobis
1282 664 1418 695 ostendit
1433 664 1550 694 debere
1573 672 1640 694 esse
1660 663 1752 694 diffe-

979 717 1098 747 rentias
1125 717 1339 756 lacrymarum
1363 719 1394 747 et
1413 717 1560 754 fletuum,
1582 716 1698 747 scilicet
1721 719 1749 747 1.

980 777 1019 799 ex
1043 769 1284 808 compunctione
1299 769 1309 785 ⁹
1327 778 1333 797 :
1351 779 1366 798 α
1383 768 1509 800 Lavabo
1532 778 1588 808 per
1608 768 1753 808 singulas

980 823 1086 851 noctes
1108 821 1226 851 lectum
1249 830 1376 859 meum,
1400 822 1548 861 lacrymis
1570 822 1648 852 meis
1671 823 1752 852 stra-

980 876 1049 904 tum
1069 883 1177 905 meum
1192 874 1316 913 rigabo.
1333 886 1347 903 »
1372 874 1409 905 Et
1422 875 1517 905 etiam
1538 875 1652 905 dicitur
1674 874 1694 891 ¹⁰
1713 874 1752 905 de

976 927 1072 958 'Petro
1087 927 1172 967 quod
1190 939 1204 956 «
1221 937 1370 966 egressus
1386 928 1478 966 foras,
1495 928 1583 958 ssevit
1597 936 1716 958 amare.
1733 938 1747 955 »

980 981 1010 1010 ΞΣ.
1028 979 1075 1010 Ex
1090 981 1323 1020 compassione;
1340 981 1400 1011 Joh
1416 981 1435 997 ¹¹
1456 991 1462 1011 z
1480 980 1636 1011 «Flebam
1650 988 1751 1019 quon·

980 1032 1053 1063 dam
1069 1042 1164 1072 super
1177 1042 1213 1063 6ο
1229 1033 1284 1073 qui
1299 1033 1434 1063 afflictus
1448 1035 1526 1071 erat,
1541 1035 1572 1063 et
1582 1032 1754 1072 compatie-

981 1085 1075 1115 batur
1099 1085 1205 1116 anima
1226 1095 1297 1116 mea
1318 1086 1461 1126 pauperi.
1478 1096 1492 1113 n
1518 1085 1555 1116 Et
1574 1086 1595 1102 ¹²
1613 1094 1620 1115 ε
1646 1084 1753 1122 «Quis

981 1137 1067 1168 dabit
1081 1138 1174 1178 capiti
1190 1147 1260 1169 meo
1275 1148 1403 1178 aquam,
1419 1141 1450 1169 et
1471 1138 1570 1168 oculis
1586 1138 1664 1168 meis
1680 1138 1751 1168 son-

981 1194 1045 1222 tem
1060 1192 1275 1231 lacrymarum
1286 1193 1300 1222 ἱ)
1323 1195 1381 1222 etc.
1398 1194 1426 1222 3.
1444 1192 1522 1222 Item
1539 1200 1596 1232 pro
1610 1190 1751 1222 incolatu

982 1245 1148 1284 praesentis
1164 1245 1301 1276 miseriae
1316 1246 1337 1262 ¹³
1355 1256 1384 1276 z«
1398 1245 1564 1276 Plorabitis
1579 1247 1609 1275 et
1624 1244 1750 1282 flebitiS,

982 1307 1056 1335 vos;
1069 1298 1208 1329 mundus
1218 1300 1326 1328 autem
1338 1299 1523 1337 gaudebit.»
1539 1298 1559 1315 ¹⁸
1572 1297 1650 1328 «liei
1659 1297 1749 1335 mihi,

981 1351 1057 1391 quia
1080 1351 1235 1381 incolatus
1258 1360 1349 1381 meus
1372 1351 1581 1390 prolongatus
1602 1353 1660 1381 est.
1686 1362 1700 1379 »
1720 1353 1750 1381 4.

984 1403 1045 1433 Pro
1057 1404 1198 1443 appetitu
1210 1403 1362 1434 felicitatis
1375 1406 1503 1434 aeternae
1519 1404 1540 1420 ¹⁵
1554 1415 1560 1434 :
1574 1415 1588 1432 «
1599 1403 1685 1434 Beati
1696 1403 1752 1443 qui

981 1456 1110 1495 lugent,
1134 1457 1284 1496 quoniam
1308 1457 1367 1496 ipsi
1383 1457 1671 1487 consolabuntur.»
1691 1455 1754 1486 Has

981 1510 1137 1549 lacrymas
1152 1510 1303 1540 debemus
1323 1512 1440 1548 petere,
1462 1509 1617 1549 quamdiu
1640 1517 1753 1539 sumus

982 1571 1076 1601 snper
1102 1562 1234 1592 asellum
1269 1562 1469 1592 mortalitatis
1508 1566 1635 1592 nostrae.
1666 1562 1754 1592 Sicut

982 1616 1067 1646 enim
1089 1616 1231 1646 Christus
1255 1625 1349 1655 super
1374 1615 1500 1646 asinum
1523 1615 1630 1652 flevit;
1657 1615 1701 1644 sic
1723 1617 1754 1644 et

982 1669 1098 1706 anima,
1114 1677 1187 1708 quae
1200 1669 1314 1699 insidet
1330 1668 1453 1707 corpori
1470 1668 1585 1698 misero
1600 1671 1753 1707 tanquam

982 1722 1089 1759 asello,
1103 1722 1178 1752 flere
1188 1722 1290 1752 debet.
1304 1721 1339 1751 ln
1354 1723 1403 1760 cuj
1409 1730 1445 1751 us
1454 1721 1595 1759 figuram
1605 1720 1720 1750 dicitur
1731 1719 1752 1736 ¹⁵

983 1775 1067 1813 quod
1086 1774 1156 1804 Axa
1170 1774 1234 1804 filia
1249 1774 1340 1805 Caleb
1363 1774 1474 1804 sedens
1496 1774 1529 1803 in
1545 1774 1634 1803 asino
1650 1773 1754 1812 suspi-

983 1827 1082 1864 ravit3
1100 1829 1130 1857 et
1145 1829 1213 1867 post
1227 1827 1386 1864 subditur,
1396 1826 1481 1866 quod
1491 1826 1569 1856 dixit
1584 1837 1614 1856 2«
1623 1826 1753 1856 Terram

983 1890 1150 1911 arenosam
1161 1881 1272 1911 dedisti
1284 1880 1379 1910 mihi:
1393 1880 1432 1910 da
1443 1882 1474 1910 et
1481 1879 1639 1918 irriguam
1649 1879 1752 1918 aquis.

985 1933 1073 1963 Dedit
1088 1942 1168 1972 ergo
1184 1933 1274 1964 Caleb
1286 1933 1449 1971 irriguum
1460 1932 1618 1971 superius,
1630 1934 1661 1962 et
1676 1932 1756 1962 irru-

984 1994 1084 2024 gunzn
1102 1986 1242 2016 inferius.
1264 1997 1278 2014 ›>
1298 1986 1338 2015 Iis
1353 1986 1454 2016 modis
1471 1985 1665 2024 lacrymandi
1680 1985 1754 2015 irri—

985 2039 1055 2077 gari
1079 2038 1170 2069 debet
1191 2039 1357 2078 paradisus
1372 2039 1581 2069 conscientiae.
1605 2038 1639 2068 ln
1663 2038 1754 2077 cujus

984 2091 1236 2130 designationem
1247 2091 1362 2122 dicitur
1372 2092 1405 2129 ¹⁷,
1415 2091 1499 2130 qnod
1515 2102 1528 2120 «
1536 2091 1654 2121 fluvius
1665 2099 1755 2129 egre-

984 2145 1128 2176 diebatur
1151 2146 1189 2176 de
1209 2146 1276 2176 loco
1296 2145 1468 2184 voluptatis
1491 2145 1530 2175 ad
1554 2144 1754 2182 irrigandum

985 2199 1178 2237 paradisum,
1191 2199 1247 2237 qui
1260 2198 1333 2228 inde
1344 2198 1494 2228 dividitur
1508 2198 1541 2227 in
1556 2199 1691 2236 quatuor
1705 2206 1754 2226 ca-

985 2252 1060 2291 pita.
1076 2262 1090 2280 »
1102 2251 1136 2281 In
1147 2260 1209 2290 quo
1220 2251 1409 2289 intelligitur
1419 2251 1503 2290 quod
1518 2259 1557 2280 ex
1569 2250 1682 2289 pietate
1689 2259 1755 2281 cor-

985 2305 1032 2335 dis
1048 2305 1146 2335 nostri
1161 2305 1251 2335 debet
1266 2304 1464 2343 quadruplex
1474 2304 1592 2334 fluvius
1604 2304 1752 2334 derivari.

1026 2357 1182 2395 Secundo,
1195 2359 1353 2396 quantum
1368 2357 1406 2386 ad
1422 2356 1520 2395 regiae
1533 2356 1667 2387 civitatis
1679 2365 1756 2395 gau-

986 2410 1073 2441 dium
1090 2410 1221 2440 stultum
1245 2410 1358 2447 subdit,
1387 2409 1490 2440 [licens
1516 2410 1557 2448 (v.
1579 2409 1627 2447 42)
1645 2419 1652 2439 t
1671 2408 1755 2447 Quia

986 2462 1014 2492 si
1033 2462 1229 2501 coqnovisses
1250 2466 1278 2492 et
1298 2466 1332 2492 ῐιι
1349 2453 1405 2501 per
1428 2461 1675 2501 providentiam,
1698 2460 1755 2491 sse-

986 2573 1055 2594 xsvi,
1076 2568 1113 2590 ΤΞ).
1137 2579 1166 2583 -—
1187 2567 1203 2582 ¹¹
1227 2567 1279 2596 Job,
1299 2574 1360 2597 xxx,
1381 2568 1420 2590 25.
1436 2579 1465 2583 —
1485 2566 1502 2581 ¹²
1517 2566 1618 2594 leram..
1635 2571 1669 2595 ιι,
1688 2568 1708 2590 1.
1725 2579 1754 2583 -

987 2603 1162 2631 1³Jomz..xxl‚
1181 2603 1220 2625 20.
1235 2615 1264 2619 —
1281 2603 1296 2618 ¹¹
1308 2602 1374 2625 Psal.
1390 2607 1458 2632 cx1x,
1473 2603 1496 2624 ὅ.
1509 2600 1719 2632 —15M11tth.‚v,
1730 2603 1752 2626 ὅ.

987 2637 1154 2663 —-1¹'·Jzulic.,
1172 2643 1188 2666 1,
1208 2639 1242 2667 14,
1264 2638 1300 2661 15,
1317 2651 1346 2655 —
1361 2637 1380 2653 ¹7
1396 2637 1559 2667 Ge11.‚11,10.

1021 2681 1056 2711 (a)
1073 2682 1133 2705 Caet.
1149 2681 1208 2705 edil.
1228 2681 1388 2712 Appropiate.
