1987 3032
776 206 978 238 iCXPOSlTlO
1002 207 1040 237 IN
1063 207 1148 238 CAP.
1172 206 1208 236 X.

193 275 272 304 uncti
283 275 313 302 in
323 276 439 302 Psalmo:
450 273 573 301 ¹«Nolite
582 275 699 308 tangere
711 273 833 301 christos
843 281 957 300 meos.»

192 324 224 350 Et
238 322 295 349 hoc
311 323 352 349 est
368 320 559 355 conveniens;
576 320 599 347 si
615 320 693 347 enim
708 319 842 347 homines
857 319 959 346 dicun-

191 371 237 397 tur
251 368 292 396 dii
305 370 425 403 propter
438 367 551 394 virtutis
566 366 783 399 excellentiam,
800 366 860 393 sive
871 373 961 401 prop-

190 417 233 442 ter
246 415 380 442 virtutem
390 413 538 440 heroicam
547 434 553 446 ,
569 414 658 447 prout
672 412 711 439 ait
723 412 852 447 sapiens,
864 412 958 439 multo

190 461 284 496 magis
303 462 425 495 possunt
445 459 502 486 dici
519 459 560 486 dii
578 460 698 494 propter
719 459 856 485 virtutem
873 457 955 484 deifi-

188 515 267 540 cam,
288 514 353 541 quae
367 505 434 533 facit
449 505 600 532 credentes
616 513 676 532 esse
692 504 826 531 membra
841 503 955 536 Christi,

187 555 214 580 et
228 560 321 579 unum
336 559 443 587 corpus
459 560 527 578 cum
543 560 577 579 eo
588 573 596 585 ,
611 554 637 578 et
653 559 713 578 uno
727 550 847 577 nomine
862 549 958 576 nomi-

185 598 259 625 nari.
272 599 364 633 Supra
373 597 384 612 ²
396 607 421 625 z«
432 599 522 625 Nemo
535 597 666 625 aseendit
676 597 706 624 in
714 596 893 630 coelum,nisi
905 596 955 631 qui

186 644 223 672 de
234 644 308 671 coelo
317 644 477 671 descendit.
485 654 497 668 n
510 644 562 671 Ubi
574 652 680 679 eorpus
689 643 791 671 Christi
800 642 955 678 mysticum

185 698 251 717 cum
261 698 296 717 eo
308 689 388 717 idem
405 690 435 724 (a)
453 690 635 725 intelligitur,
651 692 681 716 ut
694 689 829 716 habitum
845 690 886 715 est
901 688 952 715 ibi.

219 738 262 764 37.
279 738 310 764 Et
324 736 454 771 sequitur
468 736 647 771 improbatio
663 735 858 762 excusationis
876 735 952 761 testi-

182 783 284 810 monio
296 791 419 818 operum
428 792 434 809 z
443 783 473 810 Si
485 791 533 809 non
543 784 614 815 facio
623 790 702 816 opera
714 783 806 808 Putris
820 783 885 814 mei,
898 783 951 808 etc.

182 831 215 856 Ut
234 829 313 856 enim
336 829 375 856 ait
397 829 647 864 Chrysostomus3,
675 828 745 864 quia
759 827 954 854 substantiam

181 876 270 903 Patris
279 875 379 902 videre
392 875 574 910 impossibile
583 877 654 907 erat,
669 875 707 902 ab
719 882 843 909 operum
853 873 952 908 parili-

180 926 237 951 tate
260 924 540 951 demonstrationem
560 923 661 950 tribuit
685 923 746 957 ejus
768 922 951 950 indissimili-

180 970 305 1005 tudinis,
321 979 388 1006 quae
409 972 469 997 erat
493 970 655 997 secundum
679 970 831 1003 virtutem,
855 971 951 996 osten-

181 1017 271 1051 dens,
287 1018 372 1052 quasi
384 1024 454 1051 ergo
471 1016 579 1043 diecret
597 1025 602 1043 :
619 1016 646 1043 Si
667 1016 742 1043 facio
759 1023 866 1051 opera,
886 1024 951 1050 quie

180 1063 279 1090 nullus
293 1065 388 1098 potest
409 1063 523 1096 facere,
545 1062 600 1089 nisi
624 1064 697 1089 Deus
717 1062 755 1096 (v.
781 1062 823 1096 38)
842 1071 847 1088 :
874 1063 909 1088 Et
927 1063 951 1088 si

178 1110 247 1136 mihi
272 1117 324 1135 non
343 1109 451 1135 creditis
465 1129 471 1139 ,
497 1109 619 1143 operibns
643 1109 754 1135 credite.
781 1109 877 1143 Supra
902 1108 911 1123 ³*
942 1117 947 1122 ·

182 1166 195 1180 «
209 1158 303 1191 Opera
318 1163 383 1190 quae
398 1163 453 1190 ego
468 1154 559 1188 facio,
574 1154 772 1181 testimonium
794 1154 949 1189 perhibent

179 1202 215 1229 de
230 1210 286 1229 me.
302 1212 315 1227 »
335 1203 366 1228 Et
380 1201 435 1228 hoc
446 1221 454 1234 ,
466 1204 496 1227 ut
511 1201 638 1234 credatis,
650 1203 677 1227 et
692 1200 840 1227 credendo
856 1209 947 1233 cogno-

177 1251 258 1275 scatis
273 1257 281 1275 .·
296 1247 378 1275 «Nisi
393 1247 471 1274 enim
486 1248 495 1263 ⁵
512 1247 692 1274 credideritis
704 1268 710 1280 ,
727 1255 789 1273 non
803 1246 947 1281 intellige-

178 1295 212 1322 tis
228 1295 277 1329 (b),
291 1305 304 1320 n
322 1294 486 1321 secundum
505 1293 594 1321 aliam
609 1294 736 1320 litteram
753 1302 759 1319 :
778 1294 849 1325 Quia
873 1295 948 1320 Pater

178 1342 206 1367 z'n
221 1349 260 1367 me
275 1343 312 1367 est
324 1361 332 1373 ,
349 1342 374 1366 et
388 1348 432 1374 eqo
449 1341 478 1366 in
493 1341 589 1369 Patre,
609 1342 770 1374 «tanquam
784 1339 905 1374 {equalis
918 1339 947 1365 in

177 1395 212 1414 eo
229 1387 275 1414 cui
290 1389 332 1414 est
345 1386 466 1422 aequalis
478 1406 485 1420 ,
502 1386 541 1413 ait
555 1386 731 1420 Augustinus
746 1386 765 1413 ⁶.
790 1388 821 1413 Et
840 1386 869 1412 in
890 1386 947 1413 hoc

177 1435 253 1468 patet
268 1441 461 1469 personarum
477 1432 636 1466 distinctio,
658 1432 717 1459 sive
739 1432 945 1466 distinguibili-

176 1482 227 1512 tas,
239 1482 265 1507 et
275 1480 404 1507 essentiae
415 1479 559 1506 identitas.
573 1479 629 1506 Sed
642 1479 782 1514 quferitur
795 1487 861 1514 quze
880 1481 947 1506 sunt

175 1534 286 1561 opera,
306 1535 372 1562 quae
391 1526 585 1553 ostendebant
606 1534 674 1553 eum
697 1525 800 1552 Filium
822 1525 868 1552 Dei
884 1533 945 1552 esse

174 1582 227 1609 per
243 1576 375 1601 naturam
393 1582 399 1600 z
415 1574 486 1609 quia
504 1574 527 1600 si
549 1572 727 1608 loquebatur
747 1572 782 1599 de
805 1572 945 1607 operibus

174 1619 393 1656 spiritualibus,
409 1620 459 1647 illa
474 1622 555 1647 erant
569 1618 751 1646 insensibilia
772 1618 864 1645 oculis
880 1626 943 1645 eor-

173 1666 290 1702 poreis;
313 1666 335 1693 si
351 1666 388 1693 de
404 1666 609 1700 sensibilibus,
632 1665 796 1692 consimilia
814 1666 945 1692 fecerunt

173 1713 322 1748 prophelae
337 1714 364 1739 et
376 1712 501 1747 apostoli
515 1733 523 1745 ,
538 1712 589 1747 qui
605 1714 703 1738 tamen
720 1719 779 1738 non
795 1714 877 1738 erant
891 1711 944 1738 filii

174 1759 221 1786 Dei
244 1767 295 1795 per
316 1762 461 1787 naturam.
478 1760 547 1786 Item
562 1758 637 1785 infra
654 1759 663 1774 ⁷
682 1767 688 1785 z
707 1768 720 1782 «
742 1758 794 1790 Qui
808 1758 898 1784 eredit
914 1758 943 1785 in

173 1815 234 1841 me,
258 1814 364 1842 opera,
385 1814 451 1841 quae
472 1814 527 1840 ego
551 1806 626 1832 facio
640 1826 646 1838 ,
673 1807 699 1832 et
721 1805 782 1840 ipse
798 1805 895 1838 faciet,
917 1807 944 1832 et

172 1853 287 1887 majora
308 1853 415 1880 horum
437 1852 531 1879 faciet.
548 1862 561 1877 »
591 1853 680 1885 Ergo,
701 1853 732 1878 ut
750 1852 840 1887 prius.
859 1854 890 1879 Et
904 1852 941 1879 ad

173 1898 248 1925 istud
265 1898 524 1934 respondendum,
541 1898 623 1933 quod
636 1898 696 1932 ipse
712 1898 838 1925 faciebat
852 1907 943 1933 opera

171 1952 224 1971 sua
239 1945 359 1980 propria
375 1945 496 1978 virtute,
513 1944 561 1980 qui
575 1947 634 1972 erat
643 1944 784 1978 Verbum,
802 1953 862 1979 quo
879 1953 941 1971 om-

170 1992 219 2018 nia
233 1991 308 2018 iacta
322 1994 404 2025 sunt,
420 1993 446 2018 et
462 1991 522 2018 sine
537 1991 723 2018 invocatione
739 1991 857 2018 alterius
873 1999 940 2018 coo-

170 2038 298 2073 perantis
322 2037 370 2064 vel
395 2037 562 2072 adjuvantis
579 2047 584 2064 :
613 2037 665 2064 sed
689 2037 780 2064 sancti
808 2038 940 2064 fecerunt

171 2092 260 2119 opera
269 2084 446 2111 miraculosa
459 2084 560 2111 virtute
572 2084 633 2110 Filii
644 2083 702 2117 Dei,
713 2086 739 2110 et
753 2084 940 2111 invocatione

170 2131 213 2158 sui
230 2131 357 2157 nominis
371 2131 380 2147 ⁸
398 2140 403 2157 ε
424 2140 436 2155 «
454 2132 483 2157 ln
498 2130 618 2157 nomine
632 2132 699 2157 Jesu
715 2130 816 2157 Christi
829 2151 837 2163 ‚
853 2139 939 2165 surge

170 2179 197 2204 et
207 2177 338 2204 ambula.
349 2187 362 2202 »
376 2177 463 2204 Filius
477 2185 546 2211 ergo
564 2176 609 2203 Dei
624 2178 685 2203 erat
696 2177 822 2203 efficiens
839 2185 938 2212 opera,

169 2224 178 2239 ⁹
194 2224 268 2251 «Dei
287 2223 392 2257 virtus,
414 2225 441 2250 et
455 2223 503 2250 Dei
523 2223 700 2258 sapientia.»
722 2223 774 2249 Alii
794 2223 845 2258 qui
864 2223 939 2251 sece-

168 2272 236 2296 runt
253 2269 393 2296 miracula
406 2290 412 2302 ‚
435 2269 619 2296 invocatione
641 2269 684 2296 sui
705 2269 850 2301 nominis,
867 2272 893 2297 et
910 2270 938 2297 in

167 2315 225 2342 fide
242 2315 332 2350 ipsius
347 2315 458 2350 operati
474 2317 540 2341 sunt
556 2324 561 2341 t
579 2315 649 2341 mali
670 2317 766 2342 autem
783 2324 848 2351 quie
863 2316 938 2343 sece-

166 2363 234 2389 runt
248 2361 424 2388 miraculosa
439 2368 544 2396 opera,
563 2363 594 2388 ut
608 2361 774 2396 phantasias
789 2362 936 2397 quasdam

198 2433 204 2448 ¹
221 2432 288 2456 Psal.
308 2437 360 2460 μιν,
385 2433 419 2454 ῑῖῐ,
434 2445 463 2448 -
484 2432 491 2444 2
511 2432 582 2461 Sup„
603 2438 645 2461 iii,
672 2434 706 2455 13.
724 2445 753 2449 -
770 2433 779 2449 ³
796 2433 936 2464 Chrysus-l„

167 2467 208 2491 ubi
228 2475 294 2497 sup,
318 2474 341 2490 n.
365 2468 387 2490 2.
409 2480 437 2483 ——
462 2467 468 2480 ‘
489 2467 559 2495 Susu,
584 2472 606 2496 v,
629 2468 668 2490 till.
686 2480 717 2484 —
737 2468 747 2483 ὕ
766 2469 825 2498 Ι.ς[ι.,
843 2474 891 2498 vii,
912 2472 935 2498 9,

162 2502 234 2532 juxta
251 2503 322 2526 Lxx.
342 2516 365 2518 -
385 2504 393 2515 ⁴*
408 2504 480 2531 Aug„
500 2502 541 2525 ubi
557 2509 622 2532 sup,
639 2509 663 2526 n.
686 2506 721 2525 tlt.
737 2516 767 2519 —
783 2504 793 2520 ⁷
811 2504 865 2531 lnf„
884 2511 935 2535 xiv,

167 2540 204 2561 12.
220 2551 244 2554 ——
263 2539 349 2566 ”siclw
366 2540 441 2567 1156.
454 2551 482 2554 -
496 2538 506 2552 ⁹
523 2538 526 2559 l
546 2538 593 2560 [ἠ]Δ
606 2555 612 2567 ,
629 2544 649 2566 l,
665 2540 702 2561 21.
716 2540 934 2570 —¹'³C}1rys‹›sl>‚

167 2579 192 2594 ln
207 2573 286 2601 lnam,
303 2574 372 2597 hom.
396 2579 468 2603 arui,
490 2573 520 2595 :il>
546 2579 598 2602 xix,
620 2580 634 2596 11
668 2576 690 2597 2.
712 2587 739 2590 —
762 2575 777 2590 ‘¹
799 2576 860 2603 Λιιμ,
894 2576 935 2599 ubi

167 2614 234 2637 sup„
252 2615 277 2631 u.
299 2611 335 2632 ll.
358 2621 381 2625 -—
408 2609 425 2625 ¹²
446 2609 452 2631 l
477 2610 544 2635 flor„
564 2614 600 2636 lx,
624 2610 660 2632 214,
677 2622 706 2626 —
727 2610 742 2623 ¹³
762 2612 833 2641 Sup..
857 2613 934 2635 18.—

170 2642 348 2673 “Suus-111,
366 2645 404 2667 59.
420 2657 449 2661 —
466 2644 484 2660 ¹⁵
500 2646 571 2674 sup„
588 2649 633 2674 vii,
653 2648 687 2668 ιυ.
703 2658 732 2662 -
750 2646 767 2660 ¹⁵
783 2647 839 2676 lull,
858 2654 894 2677 >.ι,
915 2649 933 2670 ι.

1728 214 1785 241 405

1016 273 1163 307 feeerunt;
1185 276 1212 301 et
1231 274 1364 301 similiter
1389 275 1541 302 doemones
1561 278 1591 303 ut
1615 276 1785 312 deceptores

1016 319 1162 354 fecerunt,
1179 322 1210 347 ut
1224 320 1263 347 ait
1279 320 1501 356 chrysostomus
1516 321 1546 349 ¹⁰.

1050 368 1093 393 39.
1111 368 1142 394 Et
1161 367 1291 402 sequitur
1306 368 1409 395 ultima
1429 369 1591 404 particula,
1614 370 1642 396 in
1659 378 1718 405 qna
1734 379 1782 398 eo-

1014 421 1079 440 rum
1091 413 1231 441 insidiosa
1246 414 1423 449 malignitas,
1437 418 1464 442 et
1477 415 1578 442 Christi
1594 418 1721 451 potestas
1735 417 1784 445 de-

1014 460 1139 486 claratur
1160 469 1166 486 ε
1188 461 1345 492 Quaerebant
1367 469 1426 494 erqo
1446 470 1504 488 eum
1523 463 1733 497 apprehendere,
1753 464 1783 490 id

1013 508 1070 540 est,
1091 516 1103 531 «
1118 507 1266 533 saeviendo
1283 509 1309 534 et
1330 507 1510 541 occidendo,
1527 519 1539 533 n
1559 511 1589 535 ut
1613 509 1651 536 ait
1671 512 1783 544 Augus-

1011 552 1088 579 tinus
1106 553 1135 586 ¹¹3
1152 561 1212 580 non
1234 553 1306 580 sieut
1322 554 1424 581 fideles
1446 555 1496 589 qui
1521 558 1655 590 quaerunt
1679 564 1782 591 appre-

1011 598 1140 626 hendere
1158 609 1171 623 ι(
1187 599 1334 627 credendo
1346 602 1373 627 et
1387 601 1704 635 intelligendo.›‚¹‘2«Sic
1720 610 1784 629 cur-

1010 645 1062 672 rite
1073 666 1080 678 ,
1096 647 1128 672 ut
1142 646 1409 681 comprehendatis.
1426 657 1438 672 n

1045 692 1080 718 Ec
1092 694 1177 718 eoeivit
1196 692 1228 719 de
1241 693 1362 719 manibus
1377 701 1474 720 eorum.
1492 695 1523 720 Et
1537 694 1566 720 in
1582 694 1639 721 hoc
1656 694 1783 722 ostendit

1009 746 1091 765 suam
1101 740 1283 773 potestatem,
1296 741 1323 765 et
1331 738 1511 766 voluntatem
1523 741 1679 774 moriendi,
1689 749 1782 776 quan-

1009 784 1048 811 do
1062 787 1135 811 esset
1146 784 1228 811 hora.
1245 785 1347 820 Supra,
1361 785 1466 812 eodem
1477 787 1497 802 ¹³
1510 795 1516 812 :
1529 788 1684 813 ‚votestatem
1700 788 1780 815 liabeo

1007 832 1124 866 ponendi
1139 833 1256 858 animam
1272 841 1364 859 meam.
1383 833 1452 859 Item
1469 833 1497 859 in
1513 833 1569 860 hoc
1587 834 1714 861 ostendit
1728 843 1780 861 eo—

1007 885 1073 904 rum
1094 877 1299 912 indignitatem
1321 887 1327 905 2
1349 886 1408 905 non
1434 879 1513 906 enim
1532 882 1613 906 erant
1633 880 1729 915 digni,
1750 883 1781 908 ut

1008 932 1074 950 cum
1090 924 1131 951 eis
1146 924 1297 952 habitaret.
1315 925 1406 959 Supra
1418 926 1436 941 ¹²
1452 935 1457 952 :
1474 936 1485 951 «
1498 925 1657 954 Abscondit
1669 935 1699 954 se
1711 936 1722 951 n
1741 928 1779 954 ab

1007 970 1057 997 eis.
1082 972 1112 997 Et
1136 971 1165 997 in
1180 971 1236 998 hoe
1250 972 1422 998 terminatur
1439 971 1489 998 illa
1509 980 1591 1007 parS,
1612 973 1641 999 in
1659 981 1718 1008 qua
1742 973 1779 1000 de

1007 1017 1139 1044 doctrina
1159 1017 1314 1045 Salvatoris
1327 1038 1333 1050 ,
1354 1021 1511 1053 postquam
1529 1019 1659 1046 ascendit
1678 1019 1777 1046 Hiero-

1006 1064 1153 1099 solymam
1162 1085 1170 1098 ,
1185 1072 1273 1099 supra
1285 1064 1314 1090 ¹⁵.

1041 1111 1084 1137 40.
1102 1112 1132 1137 Et
1146 1110 1276 1144 sequitur
1292 1110 1327 1137 de
1344 1110 1465 1137 transitu
1489 1111 1551 1145 ejus
1573 1113 1653 1138 trans
1676 1112 1777 1139 Jorda-

1004 1164 1083 1189 nem,
1100 1156 1140 1183 ibi
1155 1165 1160 1182 :
1178 1157 1211 1182 Et
1230 1157 1301 1183 abiit
1311 1158 1409 1183 iterum
1423 1160 1498 1183 trans
1512 1158 1664 1184 Jorclunem.
1680 1160 1711 1185 Et
1726 1158 1777 1186 illa

1004 1211 1072 1238 pars
1087 1203 1117 1230 in
1130 1203 1204 1230 duas
1214 1205 1329 1238 partes:
1345 1203 1454 1238 primo,
1468 1203 1504 1230 de
1515 1211 1568 1230 suo
1580 1205 1717 1238 transitu,-
1735 1213 1777 1231 se-

1005 1250 1112 1281 cundo,
1126 1249 1162 1276 de
1175 1257 1227 1276 suo
1243 1257 1377 1283 regressu
1394 1249 1423 1276 in
1437 1250 1578 1284 Judaeam,
1593 1252 1620 1277 et
1636 1250 1672 1277 (le
1693 1259 1776 1278 ocea-

1003 1296 1085 1322 sione
1107 1295 1200 1322 festini
1221 1303 1385 1329 regressuS,
1410 1295 1548 1330 proximo
1574 1296 1702 1331 capitulo
1728 1297 1747 1313 ¹⁵
1767 1305 1773 1323 ε

1007 1352 1019 1367 «
1035 1343 1099 1369 Erat
1112 1344 1209 1369 autem
1223 1342 1345 1377 quidam
1360 1343 1492 1375 Lazarus,
1507 1344 1560 1369 etc.
1572 1352 1585 1367 n

1039 1389 1083 1416 Ait
1097 1397 1166 1423 ergo
1183 1398 1190 1415 t
1207 1389 1241 1415 Ei
1257 1389 1326 1415 abiit
1341 1392 1416 1415 crans
1431 1389 1584 1415 Jorilmiem.
1599 1389 1654 1416 Sed
1670 1389 1773 1424 quaeri—

1003 1437 1058 1469 tur,
1074 1435 1112 1461 ad
1135 1435 1207 1470 quid
1225 1434 1376 1462 transivit?
1392 1438 1417 1461 et
1432 1435 1591 1470 respondet
1605 1436 1774 1471 Chrysosto-

1002 1490 1067 1508 mus
1084 1483 1103 1498 ¹⁷
1121 1491 1147 1508 z«
1157 1483 1228 1508 Cum
1244 1489 1385 1515 magnum
1401 1481 1474 1516 quid
1489 1483 1516 1508 et
1531 1482 1678 1509 excelsum
1695 1482 1774 1509 dixe-

1001 1530 1045 1554 rat
1061 1528 1093 1562 (1))
1103 1548 1110 1559 ,
1126 1527 1235 1554 recedit
1248 1527 1397 1561 velociter,
1412 1528 1560 1555 remittens
1575 1536 1678 1555 eorum
1693 1528 1772 1555 furo-

1001 1582 1063 1601 rem
1079 1576 1109 1601 ut
1124 1574 1251 1607 sedetur,
1273 1575 1303 1600 ut
1323 1574 1452 1609 quiescat
1470 1575 1583 1609 passio,
1601 1575 1710 1601 scilicet
1728 1575 1772 1601 in-

1001 1620 1102 1653 vidise,
1119 1629 1172 1655 pes
1187 1620 1349 1647 absentIam
1366 1621 1462 1655 ejus.»
1490 1623 1522 1648 In
1546 1630 1604 1648 etim
1625 1623 1707 1648 Iocum
1726 1622 1773 1647 ubi

1001 1670 1057 1694 erat
1072 1668 1195 1694 Joannes.
1205 1667 1310 1700 Quaerit
1325 1667 1548 1702 chrysostomus
1563 1668 1596 1701 ¹⁸,
1612 1675 1703 1702 quare
1718 1675 1772 1694 no-

1001 1713 1093 1740 minat
1102 1714 1220 1740 locum?
1232 1716 1261 1741 Et
1272 1714 1520 1749 respondetquod
1530 1716 1686 1750 propterca
1700 1714 1773 1741 abiit

1000 1760 1085 1793 illuc,
1108 1759 1297 1786 reminiscens
1322 1768 1372 1787 eos
1387 1760 1585 1787 testimonium
1601 1760 1720 1787 Joannis
1734 1760 1770 1787 de

1000 1806 1080 1841 ipso,
1101 1814 1190 1841 supra
1204 1805 1232 1833 ¹⁹.
1253 1806 1321 1833 Ideo
1338 1806 1469 1841 sequitur
1489 1806 1528 1842 (v.
1544 1807 1587 1840 41)
1605 1816 1611 1834 ε
1636 1808 1718 1833 Mulli
1736 1807 1773 1833 ad

999 1861 1057 1879 eum
1071 1855 1207 1886 venerunt,
1220 1853 1290 1888 quia
1304 1853 1511 1887 meminerunt,
1526 1861 1592 1888 quae
1603 1853 1771 1880 dixitJoan-

998 1907 1050 1925 nes
1070 1899 1106 1925 de
1130 1899 1205 1934 ipso.
1227 1901 1260 1926 Et
1275 1900 1397 1926 dicebant
1415 1908 1420 1926 :
1438 1901 1503 1933 quia
1526 1901 1639 1926 Jomznes
1662 1901 1769 1934 quidem

998 1946 1101 1972 nullum
1115 1947 1222 1979 sianum
1234 1947 1306 1980 fecit,
1321 1946 1390 1980 quia
1404 1954 1478 1972 «nec
1487 1946 1597 1980 fugavit
1612 1946 1768 1980 (hemonia,

998 1999 1052 2019 nec
1077 2000 1168 2019 caecos
1183 1992 1379 2026 illuminavit,
1395 2002 1407 2017 1>
1427 1995 1453 2019 et
1468 1992 1509 2019 sic
1527 1992 1563 2019 de
1579 1992 1643 2019 aliis
1654 2014 1662 2027 ,
1688 1994 1760 2020 utait

999 2039 1173 2073 Augustinus
1192 2039 1222 2065 2⁰.
1248 2039 1284 2074 (v.
1311 2040 1353 2073 42)
1377 2039 1473 2065 Onmfa
1493 2042 1580 2065 autem
1603 2048 1770 2074 qiioecumque

997 2086 1071 2111 dimit
1085 2086 1199 2111 Jormnes
1214 2086 1245 2112 tle
1258 2086 1319 2118 hoc,
1333 2085 1363 2111 id
1378 2087 1419 2111 cst
1429 2106 1436 2118 ,
1453 2085 1564 2112 Christo
1575 2107 1582 2119 ,
1598 2094 1660 2112 vera
1680 2090 1767 2113 erant.

997 2133 1125 2158 Lucerna
1141 2131 1219 2158 enim
1236 2132 1309 2162 erat,
1329 2133 1355 2157 et
1371 2131 1408 2157 ad
1424 2131 1569 2158 Christum
1590 2132 1766 2159 adducebat.

997 2178 1076 2204 Unde
1097 2180 1121 2204 et
1136 2179 1217 2204 multi
1232 2177 1402 2204 crediderunt
1416 2179 1444 2203 iii
1459 2185 1533 2211 enm,
1556 2177 1662 2205 scilicet
1678 2178 1766 2205 remi-

996 2225 1137 2251 niscentes
1154 2224 1349 2250 testimouium
1370 2224 1490 2250 loannis
1511 2232 1518 2250 ι
1534 2224 1669 2250 dixerunt
1688 2225 1766 2251 enim

996 2270 1139 2297 Christum
1153 2278 1214 2296 esse
1229 2270 1377 2296 fortiorem
1395 2269 1458 2304 ipso
1468 2291 1475 2303 ,
1491 2273 1629 2297 vocantes
1644 2278 1712 2297 eum
1725 2271 1766 2297 vi-

996 2319 1054 2343 tam
1083 2320 1109 2344 et
1135 2317 1300 2348 veritatem,
1324 2317 1377 2342 etc.
1403 2316 1458 2342 Sed
1483 2316 1621 2351 qusrritur
1648 2317 1683 2344 de
1707 2317 1765 2344 hoc

995 2363 1077 2398 quod
1093 2363 1148 2396 ait,
1166 2362 1247 2398 quod
1266 2364 1392 2389 ,loannes
1408 2362 1524 2389 nullum
1544 2363 1661 2396 signum
1680 2363 1764 2398 fecit,

995 2416 1028 2435 ex
1053 2409 1134 2443 quo¹
1155 2419 1167 2434 ι(
1183 2409 1257 2436 inter
1280 2411 1363 2436 natos
1384 2409 1541 2436 mulierum
1561 2417 1621 2436 non
1641 2410 1765 2437 surrexit

993 2504 1023 2508 —
1039 2492 1055 2507 ¹7
1075 2491 1214 2522 Chrysusl..
1230 2490 1270 2513 ubi
1287 2498 1353 2519 sup„
1369 2498 1392 2512 ιι.
1413 2493 1434 2512 tl.
1451 2504 1480 2507 —
1498 2491 1516 2506 ¹⁸
1535 2491 1597 2514 ibid.
1611 2504 1640 2508 —
1656 2492 1675 2508 ¹9
1691 2494 1741 2522 Sup
1755 2511 1762 2521 ‚

993 2532 1011 2556 1,
1031 2529 1056 2549 ιι)
1071 2529 1095 2549 et
1110 2534 1161 2556 seq.
1175 2539 1205 2543 —
1220 2527 1237 2539 ²⁰
1256 2529 1329 2556 Aug„
1348 2526 1388 2549 uhi
1406 2533 1471 2556 sup„
1487 2534 1511 2550 n.
1528 2528 1607 2550 12.-
1623 2528 1640 2542 2¹
1658 2528 1761 2555 ,llrilll1.,

994 2568 1028 2592 xr,
1049 2564 1083 2586 ll.

1026 2612 1057 2640 (a,
1073 2613 1131 2634 woet.
1148 2611 1207 2634 viliis.
1224 2611 1257 2634 iil.
1273 2624 1302 2628 -—
1318 2611 1349 2641 (b)
1371 2610 1441 2642 Γαίῃ.
1457 2618 1507 2635 ιιοιι
1524 2612 1713 2641 permanebitis.
1731 2626 1761 2630 —

993 2647 1022 2678 (c)
1038 2648 1098 2671 mel.
1110 2646 1169 2670 ellit.
1182 2648 1276 2677 i'uerat;
1300 2647 1428 2677 Chrysost.
1446 2647 1505 2677 ipse,
1521 2648 1652 2678 φΟέγξηται.
