1987 3032
73 428 145 447 Conti-

40 457 123 478 nuatio.

59 700 141 720 Divisio

36 729 113 758 capitis
119 732 140 751 iu

60 763 114 782 duas

46 794 126 819 partes.

736 213 998 246 EXPOSFTHJIN
1018 214 1091 245 CAP
1126 214 1177 245 lv,

403 325 682 360 CAPUTIV.

195 423 220 448 1.
241 422 274 447 Ut
286 427 346 453 erqo
359 420 480 452 coqnovz't
498 419 585 451 Jesus,
601 420 652 445 etc.
672 420 811 445 Enarrata
825 418 925 445 mani-

158 468 308 495 festatione
322 466 382 493 Filii
398 465 446 493 Dei
461 466 529 500 ipsis
543 465 663 499 Judaeis,
680 465 709 492 in
722 468 804 501 parte
821 465 875 492 ista
891 466 927 492 de

157 513 386 541 manifestatione
401 520 454 539 sua
469 512 537 547 ipsis
553 511 753 545 samaritanis,
771 511 806 538 de
822 512 928 547 prfedi-

157 559 269 587 catione
285 559 326 586 eis
341 559 391 594 qui
408 560 489 585 erant
504 558 673 592 alienigenae
686 579 693 591 ,
710 557 739 584 in
755 557 851 591 figura
867 565 926 585 suae

155 605 370 640 praedicationis
385 604 496 640 populo
511 604 621 638 gentili,
638 606 669 630 ut
680 604 795 638 patetin
812 604 923 631 Glossa.

155 653 187 678 Et
202 651 271 686 quia
286 653 346 678 erat
360 651 532 677 transiturus
545 650 574 676 in
590 649 748 682 Galilfeam,
765 650 832 677 ideo
848 650 927 676 istud

156 697 316 732 capitulum
329 697 358 723 in
374 697 448 723 duas
462 698 558 731 partes
574 696 715 722 dividitur
729 705 735 722 ε
750 696 846 731 primo
862 703 925 722 nar-

156 744 236 770 ratur
251 743 287 769 de
310 743 438 770 adventu
460 750 513 768 suo
536 743 566 768 in
590 742 767 775 Samariam3
793 742 924 768 secundo

156 790 290 815 narratur
306 789 342 816 de
359 788 479 815 transitu
494 787 524 814 in
539 787 687 815 Galilaeam
699 808 706 820 ,
728 790 755 814 et
777 787 814 814 de
830 787 925 814 mani--

155 834 305 862 festatione
326 842 379 861 sua
397 834 467 869 ipsis
484 834 649 866 Pharisaeis,
670 833 711 860 ibi
727 834 735 849 ¹
753 843 759 860 z
777 835 837 860 Post
860 834 925 860 duos

154 883 243 907 autem
258 881 330 913 dies,
346 882 399 907 etc.
416 880 510 907 Prima
522 879 552 906 in
569 879 660 906 duas:
677 879 773 914 primo
784 901 791 911 ,
808 881 924 906 antece-

155 925 286 953 dentium
308 926 548 961 praedicationem
573 934 657 952 suam
677 925 855 960 p1¹aemissi03
881 933 924 952 se-

155 972 253 999 cundo
265 992 275 1005 ,
290 972 354 1007 ipsa
368 971 536 1006 praedicatio
547 992 555 1005 ,
572 971 631 998 ibi2
645 981 652 997 :
672 972 751 998 Venit
766 975 854 998 autem
868 979 925 998 mu-

155 1018 213 1048 lier,
230 1020 283 1045 etc.
309 1019 341 1045 In
363 1017 460 1052 prima
476 1017 553 1050 duo,
579 1017 687 1043 scilicet
704 1026 710 1043 ε
727 1017 771 1043 sui
791 1025 924 1051 egressus

153 1063 275 1097 rati03et
289 1063 433 1090 adventus
448 1063 614 1097 subjunctio
627 1084 634 1096 ,
651 1063 691 1089 ibi
702 1063 712 1079 ³
729 1072 734 1089 :
756 1064 849 1097 Venit,
867 1065 922 1091 etc.

187 1109 232 1136 Ait
251 1117 336 1144 ergo,
363 1108 564 1135 continuando
585 1110 612 1135 et
631 1108 838 1143 praesignando
855 1117 922 1136 cau-

152 1163 215 1183 sam
234 1155 279 1182 sui
298 1155 433 1182 transitus
450 1163 455 1181 :
478 1155 509 1180 Ut
531 1156 651 1187 coynovt't
671 1155 762 1189 Jesus,
785 1157 849 1189 quia
874 1164 922 1182 αιι-

152 1202 276 1233 dierunt,
301 1202 353 1228 etc.
379 1200 484 1233 Quaerit
508 1200 732 1235 Chrysostomus
757 1209 848 1236 quare
870 1201 923 1228 fuit

151 1255 300 1282 egressus,
325 1246 494 1282 relinquens
517 1246 676 1273 Pharisaeos
695 1267 704 1280 ,
730 1255 798 1274 cum
823 1250 921 1282 posset

151 1293 228 1320 exire
244 1293 281 1320 de
293 1292 392 1320 medio
409 1300 512 1320 eorum
527 1301 595 1319 cum
610 1292 709 1326 vellet,
721 1293 794 1319 sicut
810 1293 920 1320 infra&

153 1348 166 1364 «
179 1339 351 1372 Quaerebant
365 1346 432 1365 eum
448 1338 679 1373 apprehendere;
693 1338 744 1365 sed
758 1347 845 1366 nemo
868 1339 922 1366 mi-

150 1385 186 1411 sit
199 1392 322 1412 manum
338 1384 367 1411 in
383 1392 450 1411 eum
460 1404 467 1417 ‚
482 1384 552 1419 quia
565 1384 700 1411 nondum
715 1387 835 1412 venerat
847 1386 921 1413 hora

150 1431 222 1465 ejus.
233 1441 246 1455 »
270 1432 302 1457 Et
322 1430 397 1457 infra
411 1430 541 1457 similiter
556 1431 565 1446 ⁵
582 1439 588 1457 ι
613 1440 625 1455 «
640 1431 814 1463 Quaerebant
835 1440 919 1465 eum,

149 1478 177 1503 et
191 1476 259 1503 exiit
274 1476 317 1503 de
324 1476 461 1503 manibus
477 1483 611 1502 eorum.»
620 1478 682 1503 Non
697 1477 827 1511 oportuit
837 1485 918 1512 ergo,

148 1522 284 1557 quamvis
299 1524 391 1548 essent
402 1521 507 1553 invidi,
520 1521 602 1556 quod
616 1522 751 1549 transiret
762 1523 799 1549 ab
816 1523 856 1549 eis
869 1523 916 1559 (a).

148 1568 179 1594 Et
207 1567 245 1594 ad
268 1567 325 1594 hoc
346 1567 505 1602 respondet
528 1567 548 1599 ⁶,
569 1568 651 1602 quod
677 1569 777 1595 «sicut
798 1569 919 1596 volebat

147 1613 243 1647 credi,
264 1613 406 1649 quoniam
435 1615 496 1640 erat
519 1615 602 1647 Deus,
629 1614 669 1641 sic
693 1614 813 1642 volebat
837 1615 917 1642 credi

147 1659 304 1695 quoniam,
330 1668 380 1686 ens
397 1661 486 1691 Deus,
511 1668 628 1687 carnem
650 1660 761 1688 ferebat
783 1663 813 1688 ut
830 1669 917 1688 verus

145 1705 248 1738 homo,
264 1705 428 1740 aliquando
442 1706 610 1739 recedebat,
626 1709 653 1734 et
667 1708 852 1741 praecavebat
866 1716 915 1735 eo-

144 1759 210 1779 rum
225 1752 354 1778 insidias.
367 1762 380 1777 n
400 1754 431 1779 Et
445 1752 484 1779 ad
499 1753 555 1779 hoc
566 1752 743 1786 Augustinus
755 1753 871 1788 planius
885 1755 894 1770 ⁷
906 1763 913 1781 z

148 1799 300 1831 «Poterat,
316 1798 428 1833 inquit,
442 1799 469 1825 et
482 1806 608 1833 praesens
623 1798 660 1825 ab
673 1798 717 1825 his
732 1806 792 1825 non
807 1799 914 1833 teneri,

143 1844 195 1870 sed
210 1844 281 1878 quia
294 1843 325 1870 in
339 1852 424 1870 carne
437 1852 526 1878 quam
542 1843 639 1878 gessit,
655 1846 686 1871 ut
700 1844 806 1878 homo,
822 1845 915 1872 homi-

143 1889 230 1916 nibus
251 1889 281 1916 in
305 1897 334 1916 se
359 1890 511 1917 credituris
534 1891 686 1925 praebebat
714 1892 885 1927 exemplum
904 1913 914 1926 ‚

143 1935 213 1970 quia
227 1935 428 1971 unusquisque
444 1944 546 1963 servus
558 1937 605 1963 Dei
621 1945 681 1964 non
696 1940 812 1972 peccat,
829 1938 850 1964 si
868 1946 914 1965 re-

142 1981 257 2008 cesserit
271 1981 301 2008 in
318 1981 409 2008 alium
430 1982 545 2016 locum,
567 1982 668 2009 videns
689 1982 819 2011 furorem
838 1983 911 2011 forte

140 2028 380 2062 persequentium
390 2049 397 2061 ,
408 2038 420 2053 n
431 2031 483 2055 etc.
502 2029 563 2055 Haec
579 2028 636 2055 ille.
656 2030 687 2055 Ut
699 2037 758 2063 erqo
773 2032 910 2064 cognovit,

141 2075 204 2107 quio
215 2074 343 2100 Pharisoez
354 2074 497 2100 audierunt
509 2074 628 2107 ,scilicet
638 2082 655 2101 a
666 2074 817 2110 discipulis
827 2077 912 2103 Joan-

140 2119 185 2145 nis
195 2139 204 2152 ,
219 2119 289 2153 quod
301 2120 376 2146 Jesus
390 2121 480 2153 plures
494 2120 627 2154 baptizat,
644 2122 709 2151 etc„
726 2122 753 2147 et
773 2122 812 2148 sic
828 2122 911 2156 quod

140 2164 288 2192 videretur
297 2165 425 2200 dignior,
434 2165 511 2192 etsie
520 2166 613 2200 magis
624 2166 667 2192 inx
676 2166 797 2193 idebant
809 2176 815 2193 z
833 2168 870 2201 (v.
883 2168 908 2200 2)

139 2211 297 2245 Quanquam
307 2219 359 2238 non
375 2212 537 2245 baptizaret,
556 2211 587 2238 id
603 2213 662 2246 est,
678 2212 853 2247 intingeret,
871 2214 910 2240 ait

139 2256 239 2284 Glossa
251 2257 289 2291 (v.
305 2256 331 2291 3)
342 2265 348 2283 z
360 2258 481 2291 Reliquit
495 2257 615 2284 Judaeam
627 2279 635 2291 ,
649 2258 818 2292 significans
832 2261 910 2286 tran-

138 2302 225 2329 situm
241 2302 279 2329 ad
294 2305 393 2336 gentes
410 2311 415 2329 :
433 2303 529 2336 Abiit,
550 2303 581 2330 id
598 2305 655 2337 est,
674 2304 755 2331 abire
771 2305 907 2340 incoepit:

139 2349 171 2375 In
188 2348 343 2382 Galilaeam,
368 2348 405 2375 de
430 2356 490 2383 qua
513 2352 634 2376 venerat
651 2348 670 2376 ⁸.
688 2351 719 2376 Et
741 2350 777 2377 de
805 2351 907 2379 ordine

138 2394 275 2421 transitus
289 2394 333 2420 sui
348 2394 377 2420 in
394 2393 541 2421 Galilaeam
552 2414 561 2427 ,
577 2395 710 2430 Magister
728 2396 757 2423 in
773 2397 907 2425 Historiis

138 2440 323 2467 sufficienter.
337 2440 555 2468 Etinterseritur
569 2441 643 2468 ratio
659 2442 797 2469 veniendi
811 2443 907 2471 Sama-

169 2523 176 2539 ¹
193 2523 248 2553 Ins„
264 2524 302 2547 43.
317 2536 347 2541 —
361 2524 371 2540 ¹
384 2523 441 2553 inf„
455 2525 478 2547 7.
492 2537 521 2541 —
537 2524 544 2537 ³
558 2524 614 2554 Inf.,
625 2527 647 2548 5.
661 2538 687 2542 —
704 2526 711 2539 ⁴
729 2525 786 2555 int„
803 2531 848 2556 vu,
866 2528 904 2551 3ο.

138 2569 168 2575 -
183 2557 191 2571 Β
207 2557 263 2588 tut„
280 2564 306 2588 x,
324 2559 361 2582 39.
381 2571 410 2576 -
424 2560 433 2572 ‘³
449 2559 590 2589 Chrysost„
608 2560 633 2582 in
654 2560 732 2588 loun„
754 2560 824 2584 hom.
843 2567 904 2591 xxx,

139 2591 161 2614 al
189 2597 259 2622 xxxi,
273 2599 300 2616 n.
317 2595 339 2616 1.
353 2605 385 2610 —
398 2594 406 2607 ⁷
420 2594 493 2624 Aug„
510 2595 535 2617 in
549 2595 629 2623 loun„
646 2596 717 2618 tract.
737 2601 779 2623 xv,
793 2602 818 2619 n.
836 2597 859 2620 2.
875 2609 905 2613 —

140 2627 148 2640 ⁸
162 2626 217 2651 Vid.
229 2634 295 2658 sup„
310 2634 340 2658 11,
353 2631 406 2653 t.—
416 2629 425 2642 ⁹
435 2629 520 2659 Helm,
533 2635 567 2658 iv,
584 2631 619 2653 13.
632 2642 661 2648 —
678 2631 697 2647 ¹⁰
711 2631 785 2661 Aug„
801 2630 830 2654 de
844 2632 903 2656 Gen.

1694 218 1752 247 309

984 279 1058 306 riam
1075 281 1112 315 (v.
1128 280 1154 314 4)
1173 289 1178 307 :
1196 279 1353 315 Oportebat,
1369 282 1436 314 etc.,
1461 280 1531 315 quia
1545 280 1675 308 Samaria
1691 285 1752 310 erat

983 326 1068 360 quasi
1089 326 1187 353 media
1210 326 1284 353 inter
1306 326 1453 353 Galilaeam
1482 328 1510 353 et
1529 326 1669 354 Judaeam.
1694 327 1751 355 Sed

983 372 1122 406 quaeritur
1137 373 1173 399 de
1188 373 1260 405 hoc,
1281 373 1362 408 quod
1377 373 1417 399 ait
1432 382 1438 399 :
1464 374 1497 399 Ut
1520 375 1643 406 cognovit
1657 382 1665 399 .-
1683 381 1751 401 cum

984 418 1083 445 omnia
1103 418 1187 445 sciret
1205 421 1363 453 antequam
1380 421 1474 446 essent
1487 418 1497 433 ⁹
1511 428 1517 446 ε
1538 430 1550 443 ι(
1565 419 1668 446 Omnia
1684 421 1753 447 sunt

983 464 1065 490 nuda
1090 466 1117 491 et
1141 466 1241 499 aperta
1257 465 1349 492 oculis
1365 465 1441 499 ejus,
1456 475 1470 490 n
1489 465 1614 500 qualiter
1637 465 1676 492 ait
1692 474 1698 491 :
1719 467 1752 492 Uc

983 512 1104 543 coqnove‘t
1115 531 1122 543 ,
1139 511 1284 545 signando
1296 512 1428 545 tempus?
1444 513 1475 538 Et
1490 511 1528 537 ad
1540 511 1616 537 istud
1632 519 1753 546 respon-

984 556 1131 588 dendum,
1147 557 1229 591 quod
1248 557 1321 583 sicut
1341 557 1360 573 ¹⁰
1380 567 1392 581 «
1408 557 1512 583 dicitur
1528 558 1618 584 Deum
1639 557 1753 592 aliquid

982 609 1170 635 cognoscere,
1185 602 1305 637 quando
1322 603 1389 629 facit
1403 611 1456 629 nos
1467 611 1645 637 cognoscere
1658 612 1665 637 ;
1677 613 1690 628 »
1711 603 1752 630 sic

983 647 1088 674 dicitur
1098 648 1227 674 similiter
1236 656 1413 682 cognoscere
1422 670 1431 682 ,
1443 649 1563 683 quando
1574 649 1613 675 ad
1627 649 1752 677 modum

983 694 1184 727 cognoscentis
1199 694 1276 726 facit,
1297 697 1327 720 ut
1341 694 1387 721 hic
1415 695 1496 721 Unde
1517 694 1692 729 Augustinus
1707 695 1726 712 ¹¹
1743 704 1750 722 t

984 749 997 763 «
1013 739 1085 772 Quia
1099 740 1237 773 cognovit
1253 748 1354 766 eorum
1370 740 1520 767 scientiam
1532 761 1541 773 ,
1557 741 1697 774 cognovit
1712 741 1750 768 si—

982 786 1044 812 mul
1059 785 1287 812 etinvidentiam
1301 794 1306 811 τ
1320 786 1389 820 quia
1400 794 1460 812 non
1470 786 1531 812 haec
1543 789 1697 821 propterea
1708 787 1752 814 di—

982 831 1129 865 dicerant,
1152 833 1183 857 ut
1199 832 1232 866 (b)
1249 834 1450 866 sequerentur,
1475 832 1526 858 sed
1543 834 1573 858 ut
1593 840 1750 869 perseque-

980 881 1098 911 rentur3
1114 877 1182 904 ideo
1197 879 1266 904 abiit
1287 878 1359 904 iar-le,
1374 888 1387 902 »
1402 879 1464 904 Haec
1479 877 1537 904 ille.
1555 878 1698 910 Quoeritur
1713 878 1749 905 de

980 923 1047 957 hoc,
1063 924 1144 959 quod
1159 924 1209 956 ait,
1225 924 1294 958 quod
1308 926 1383 950 Jrsus
1398 932 1449 950 uon
1465 925 1627 958 baptizaret,
1639 924 1685 950 sed
1696 925 1750 951 clis-

980 970 1081 1003 cz'pult‘:
1092 970 1169 996 unde
1182 970 1221 996 ait
1231 970 1406 1004 Augustinus
1422 969 1451 1003 ²²,
1464 970 1544 1004 quod
1563 971 1663 996 «Jesus
1678 970 1750 1006 bap-

980 1016 1103 1049 tizabat,
1121 1015 1191 1050 quia
1207 1015 1269 1050 ipse
1285 1016 1449 1042 mundabat
1465 1024 1471 1042 :
1488 1023 1548 1042 non
1564 1015 1749 1050 baptizabat,

980 1062 1051 1096 quia
1065 1069 1125 1088 non
1140 1061 1271 1095 tingebat
1287 1070 1293 1087 :
1311 1061 1482 1096 praebebant
1497 1061 1633 1097 discipuli
1648 1061 1749 1089 minis-

979 1108 1085 1134 terium
1101 1108 1232 1142 corporis
1242 1128 1249 1140 ,
1265 1107 1415 1142 praebebat
1429 1107 1477 1134 ille
1493 1107 1674 1141 adjutorium
1687 1116 1748 1135 ma-

975 1153 1095 1188 jestatis.
1104 1163 1116 1177 n
1126 1155 1157 1180 Et
1172 1153 1212 1179 ibi
1222 1153 1298 1180 bene
1309 1153 1346 1179 de
1356 1153 1422 1180 hoc.
1433 1155 1508 1187 Ergo
1519 1152 1682 1180 secundum
1692 1153 1749 1181 hoc

978 1199 1008 1226 in
1023 1199 1170 1234 baptismo
1186 1199 1304 1232 Christi,
1322 1200 1349 1225 et
1363 1199 1577 1234 discipulorum
1593 1199 1673 1233 ejus,
1695 1199 1749 1226 da-

977 1246 1065 1272 batur
1087 1245 1190 1280 gratia.
1213 1247 1282 1272 Item
1303 1245 1360 1272 hoc
1375 1245 1462 1280 plane
1483 1245 1521 1272 ait
1543 1245 1652 1272 Glossa.
1679 1247 1749 1272 Item

978 1294 1054 1318 tactu
1070 1292 1165 1318 carnis
1180 1299 1268 1318 sacrae
1281 1299 1340 1317 suae
1356 1291 1438 1318 dedit
1454 1291 1539 1326 aquis
1554 1291 1614 1318 vim
1632 1299 1749 1325 regene-

977 1338 1100 1365 rativam
1112 1359 1120 1371 ,
1138 1339 1169 1364 ut
1183 1337 1222 1364 ait
1236 1337 1336 1364 Glossa
1348 1346 1354 1364 :
1372 1345 1443 1372 ergo
1458 1337 1632 1372 baptismate
1645 1340 1748 1372 postea

977 1392 994 1411 a
1009 1383 1159 1419 discipulis
1175 1384 1237 1417 ejus
1251 1383 1416 1410 mundabat
1431 1383 1532 1418 gratia.
1555 1384 1612 1411 Sed
1631 1386 1746 1411 contra-

976 1430 1052 1456 rium
1069 1430 1107 1457 ait
1127 1430 1362 1465 Chrysostomus,
1378 1433 1409 1456 ut
1423 1430 1557 1456 habitum
1581 1432 1623 1457 est
1645 1438 1744 1465 supra.

976 1476 1016 1503 Ibi
1033 1476 1089 1510 ait,
1112 1476 1193 1511 quod
1217 1476 1352 1503 nondum
1374 1477 1435 1502 erat
1454 1476 1570 1510 spiritus
1595 1476 1699 1509 datus,
1719 1479 1746 1503 et

974 1522 1042 1549 ideo
1054 1530 1113 1549 non
1129 1522 1287 1557 baptizavit
1302 1521 1445 1554 Christus,
1460 1529 1514 1548 nec
1530 1521 1658 1557 amplius
1674 1530 1744 1548 con-

973 1568 1083 1595 ferebat
1107 1568 1253 1603 baptisma
1267 1568 1497 1603 discipulorum,
1522 1576 1612 1603 quam
1634 1568 1744 1603 baptis-

974 1622 1022 1641 ma
1036 1614 1165 1641 Ioannis.
1182 1616 1250 1641 Item
1266 1613 1430 1649 baptismus
1444 1613 1534 1641 habet
1548 1613 1707 1640 efficaciam
1726 1622 1743 1641 a

972 1660 1107 1695 passione
1125 1659 1227 1686 Christi
1244 1659 1264 1676 ¹³
1283 1669 1288 1685 :
1307 1670 1318 1683 «
1334 1661 1363 1686 In
1379 1662 1470 1686 morte
1492 1659 1584 1694 ipsius
1605 1659 1743 1695 baptizati

971 1714 1081 1733 sumus.
1098 1716 1111 1731 u
1129 1707 1203 1739 Ergo
1218 1713 1278 1732 non
1293 1705 1397 1732 habuit
1412 1704 1573 1732 efficaciam
1588 1707 1653 1732 ante
1675 1714 1741 1741 pas-

971 1752 1093 1779 sionem.
1112 1753 1179 1779 Item
1194 1751 1331 1786 baptizati
1341 1754 1407 1778 tunc
1418 1759 1435 1778 a
1448 1751 1609 1787 discipulis,
1626 1752 1664 1778 ad
1677 1752 1742 1779 lim-

970 1798 1042 1824 bum
1057 1799 1126 1824 tunc
1137 1797 1371 1830 descendebant,
1384 1797 1454 1832 quia
1469 1805 1530 1824 non
1546 1797 1599 1824 fuit
1613 1797 1741 1832 pretium

970 1844 1098 1870 solutum
1113 1851 1167 1870 nec
1188 1844 1279 1879 janua
1295 1845 1404 1879 aperta.
1422 1845 1454 1871 Et
1474 1843 1511 1870 ad
1527 1843 1605 1870 istud
1621 1851 1741 1879 respon-

969 1889 1101 1916 dendum
1116 1889 1177 1916 sine
1192 1889 1364 1924 praejudicio
1374 1910 1382 1923 ,
1394 1889 1475 1924 quod
1493 1889 1551 1916 alio
1567 1890 1594 1916 et
1608 1889 1666 1916 alio
1678 1897 1740 1916 mo-

969 1936 1007 1962 do
1022 1935 1158 1962 videntur
1174 1935 1220 1962 hic
1236 1935 1339 1962 sentire
1355 1935 1532 1969 Augustinus
1548 1936 1575 1962 et
1599 1935 1737 1970 Chrysos-

968 1984 1082 2016 tomus,
1099 1984 1130 2008 ut
1143 1983 1221 2016 patet
1243 1982 1330 2016 plane
1348 1981 1377 2008 in
1394 1981 1477 2008 dictis
1500 1989 1613 2008 eorum.
1641 1983 1738 2009 Posset

967 2031 1065 2055 tamen
1076 2027 1148 2054 forte
1161 2027 1218 2054 dici
1230 2028 1312 2062 quod
1324 2028 1351 2054 in
1364 2028 1511 2063 baptismo
1524 2028 1736 2062 discipulorum

966 2074 1068 2101 Christi
1084 2073 1210 2100 dabatur
1222 2073 1325 2108 gratia,
1341 2077 1484 2108 quantum
1495 2076 1537 2100 est
1549 2073 1585 2101 de
1600 2074 1628 2100 vi
1642 2082 1737 2101 sacra-

965 2121 1074 2155 menti,
1095 2120 1242 2147 mundans
1262 2128 1279 2147 a
1299 2122 1381 2147 reatu
1401 2120 1552 2154 originalis
1571 2120 1733 2147 inficientis.

965 2167 1044 2194 Unde
1064 2166 1255 2201 Augustinus,
1272 2174 1385 2201 ponens
1401 2166 1475 2193 illud
1487 2166 1505 2182 ¹⁴
1520 2175 1526 2193 :
1544 2166 1679 2193 Mundans
1693 2167 1733 2193 la-

964 2221 1041 2239 vacro
1056 2221 1132 2247 aquoe
1144 2221 1153 2239 .·
1164 2222 1176 2236 «
1191 2212 1267 2245 Quid
1283 2214 1341 2244 est,
1358 2212 1462 2247 inquit,
1479 2212 1684 2247 baptismus?›)
1703 2214 1735 2239 Et

964 2258 1123 2294 respondet
1144 2267 1150 2285 ε
1175 2268 1188 2284 ι(
1207 2259 1365 2285 Lavacrum
1387 2266 1480 2293 aquae.
1507 2258 1585 2284 Tolle
1605 2266 1732 2293 aquam,

963 2312 1024 2332 non
1040 2307 1081 2332 est
1095 2304 1258 2339 baptismus
1285 2304 1363 2331 Tolle
1375 2304 1514 2337 verbum,
1529 2312 1589 2331 non
1604 2307 1646 2331 est
1660 2304 1733 2340 bap·

962 2351 1075 2378 tismus.
1091 2361 1104 2375 >›
1133 2352 1196 2377 Haec
1220 2350 1279 2377 ille.
1310 2350 1432 2376 Effectus
1455 2352 1552 2377 tamen
1574 2350 1730 2385 baptismi,

963 2399 1107 2432 quantum
1130 2396 1169 2423 ad
1183 2396 1391 2423 reserationem
1405 2396 1520 2431 januae,
1541 2396 1732 2424 differebatur

962 2478 996 2501 ad
1013 2478 1073 2506 litt„
1095 2478 1138 2501 lib.
1165 2478 1205 2507 IV,
1228 2484 1250 2500 c.
1271 2483 1311 2504 lx,
1332 2484 1358 2500 n.
1380 2478 1416 2501 17.
1439 2490 1469 2495 —
1490 2478 1509 2494 ¹¹
1532 2478 1578 2508 Id.,
1601 2479 1627 2502 in
1650 2478 1730 2507 Imm„

962 2515 1034 2537 tract.
1052 2519 1092 2542 xv,
1110 2520 1136 2536 n.
1150 2515 1173 2536 2.
1189 2525 1218 2530 —
1235 2513 1253 2527 ¹2
1267 2512 1339 2542 thid„
1355 2520 1380 2537 n.
1398 2514 1419 2536 3.
1437 2526 1463 2530 —
1482 2513 1502 2530 ¹³
1517 2513 1594 2542 Rom„
1607 2518 1646 2542 νι,
1663 2514 1685 2536 3.
1700 2525 1731 2531 -

962 2549 978 2564 1‘
995 2550 1070 2578 Aug,
1087 2549 1112 2571 in
1128 2548 1206 2576 Jowz.r
1223 2549 1295 2571 tract.
1314 2553 1356 2578 xv,
1370 2554 1396 2570 n.
1413 2549 1436 2571 4.

994 2597 1027 2627 (a)
1048 2596 1108 2619 Coel.
1126 2596 1185 2619 mm.
1202 2596 1270 2626 quod
1283 2596 1399 2620 transiret
1417 2596 1448 2619 ab
1468 2597 1513 2620 eis.
1534 2597 1599 2627 Ergo
1614 2595 1730 2627 quamvis

964 2633 1048 2655 esseut
1062 2631 1150 2654 invidi.
1166 2643 1194 2648 —
1211 2631 1244 2661 (b)
1260 2632 1320 2655 Item
1335 2632 1460 2661 dicerent,
1479 2634 1512 2655 ct.
