1987 3032
137 777 220 798 simile.

136 2426 157 2446 M
161 2427 193 2452 ysl
197 2426 202 2445 i
206 2436 216 2442 ··

111 2463 149 2476 cus
165 2462 202 2477 sen
207 2468 215 2472 -

111 2493 157 2508 sus.

245 223 303 258 161

242 302 317 324 cum
338 292 529 332 conceperit,
547 291 627 331 parit
645 290 818 329 peccatum.
842 287 1009 318 Peccatum

240 354 316 376 vero
325 354 399 376 cum
407 346 663 375 consummatum
674 341 778 378 tuerit,
787 342 918 379 generat
929 347 1010 369 mor-

238 400 314 429 tem.
331 410 344 427 n
363 398 400 429 Et
414 398 528 428 talibus
543 397 602 427 erit
614 406 663 426 vae
680 395 712 425 in
727 394 779 424 illa
794 393 1006 424 tribulatione.

238 450 326 482 Unde
349 451 503 490 Sapiens¹
525 461 530 480 :
564 461 577 478 (1
600 449 646 479 Ex
671 448 787 487 iniquis
814 455 924 477 omnes
949 445 1006 476 filii

236 504 290 543 qui
306 506 490 540 nascuntur,
508 505 601 533 testes
625 504 698 532 snut
722 501 871 541 nequitia}
896 500 1007 530 adver-

235 565 290 587 sus
311 558 456 596 parentes
480 556 511 585 in
531 555 780 593 interrogatione
800 563 867 584 sua.
892 564 906 581 i)
931 552 1006 583 Pos-

233 612 309 640 sunt
323 612 430 640 autem
445 618 501 648 per
516 611 724 648 praegnantes
737 607 872 645 intelligi
889 606 1006 636 animae

233 672 306 701 quae
328 663 449 693 bonum
473 662 591 693 habent
615 661 831 701 propositum,
858 659 912 689 sed
940 668 1006 689 nou

234 715 425 754 perveniunt
440 724 542 754 usque
564 715 603 745 ad
618 716 745 754 partum
761 712 901 743 effectus
918 711 1005 742 Unde

235 768 331 799 lsaias
346 769 355 784 ²
372 777 378 797 :
398 779 412 797 «
429 767 594 799 Venerunt
609 767 666 797 filii
686 776 788 806 usque
803 766 842 796 ad
864 768 1003 805 partum,

234 824 264 852 et
279 823 381 852 virtus
396 830 461 852 non
475 824 522 851 est
537 820 691 860 pariendi.
708 830 722 848 »
747 819 784 850 Et
800 819 865 849 istis
880 819 939 848 erit
954 826 1004 848 vae

233 875 266 905 in
281 875 334 905 illa
352 874 566 911 tribulatione,
585 874 659 913 quia
677 873 716 912 (a)
737 873 816 902 sicut
830 872 889 901 flos
902 871 1004 901 vineae

233 928 266 958 in
281 928 400 966 frigore
413 927 552 964 laeditur,
566 927 610 955 sic
624 926 821 965 propositum
834 925 955 954 bonum
970 924 1003 953 in

232 980 451 1019 persecutione
466 978 674 1009 annihilatur.
691 977 780 1008 Unde
794 977 851 1007 ι101)
867 979 877 995 ³
894 986 900 1005 ε
915 988 929 1005 «
942 976 1005 1007 Lae-

231 1033 317 1063 ditur
346 1032 437 1072 quasi
465 1032 559 1062 vinea
588 1031 619 1061 in
649 1031 754 1069 primo
784 1030 862 1060 flore
894 1030 1004 1060 botrus

231 1086 310 1124 ejus.
329 1096 343 1113 n
367 1084 405 1114 Et
427 1085 487 1115 hoc
510 1093 566 1124 per
589 1083 672 1113 mala
693 1082 854 1121 exempla3
876 1084 1003 1121 propter

231 1138 315 1177 quod
339 1138 437 1167 Amos
461 1139 471 1155 ¹*
499 1148 504 1167 :
531 1148 545 1165 «
573 1137 675 1175 Super
704 1136 807 1165 tribus
832 1134 1003 1164 sceleribus

232 1191 335 1221 Amon
347 1215 356 1228 ,
382 1192 413 1220 et
440 1200 535 1230 super
561 1192 697 1229 quatuor
724 1198 788 1219 non
820 1190 1002 1218 convertam

231 1253 317 1280 eum,
327 1253 364 1274 eo
377 1244 461 1283 quod
476 1243 660 1274 dissecuerit
674 1244 875 1282 praegnantes
887 1240 1003 1270 Galaad

232 1297 271 1328 ad
285 1297 483 1328 dilatandum
508 1296 682 1327 terminum
698 1304 806 1325 suum.
823 1306 836 1322 n
861 1294 930 1323 Istis
944 1293 1004 1323 erit

232 1360 281 1381 vae
296 1353 424 1390 propter
442 1349 685 1388 negligentiam,
703 1349 783 1378 sicut
799 1347 868 1378 aliis
881 1347 939 1377 erit
953 1355 1003 1376 vae

232 1405 359 1443 propter
378 1402 677 1442 concupiscentiam.
700 1402 738 1432 Et
758 1402 802 1431 sic
819 1399 1004 1439 implebitur

232 1456 307 1487 illud
323 1459 332 1475 ⁵
352 1465 358 1484 z
382 1467 395 1484 a
414 1456 480 1486 Erit
494 1456 538 1486 eis
554 1455 689 1485 verbum
708 1454 830 1484 Domini
852 1462 859 1483 :
877 1452 1001 1489 Mandu,

234 1509 398 1546 remanda,
411 1511 552 1548 expecta,
564 1509 730 1547 reexpecta
746 1516 753 1537 ε
771 1506 929 1536 modicum
948 1505 1001 1542 ibi,

232 1564 268 1592 ut
283 1562 410 1599 vadant,
428 1564 458 1592 et
472 1561 584 1592 cadant
598 1562 785 1597 retrorsum,
797 1561 827 1589 et
843 1561 1004 1589 conteran-

233 1617 299 1653 tur,
316 1617 346 1645 et
358 1615 583 1654 illaqueentur,
600 1616 630 1644 et
643 1613 818 1653 capiantur.
836 1622 850 1639 n

274 1668 429 1704 Secundo,
446 1669 602 1706 quantum
617 1666 655 1696 ad
671 1665 915 1696 destructionem
930 1664 1005 1694 civi-

234 1722 306 1751 tatis
319 1729 489 1760 oppressae,
513 1719 660 1750 subditur
677 1721 719 1757 (v.
737 1719 784 1757 24)
805 1728 812 1748 :
833 1718 878 1749 Ec
892 1717 1006 1748 caelent

236 1775 269 1804 in
284 1783 337 1804 ore
351 1773 462 1813 qlaclii,
481 1776 511 1802 et
528 1772 647 1812 captivi
667 1771 821 1801 ducentur
845 1771 877 1800 in
897 1780 1004 1800 ornnes

233 1830 350 1866 yeme&
368 1826 416 1856 Ad
432 1825 569 1855 litteram
584 1824 643 1854 hoc
660 1823 825 1863 impletum
841 1825 886 1853 est
901 1823 932 1852 in
948 1823 1004 1853 111-

233 1880 321 1918 daeis,
333 1879 370 1909 de
385 1879 501 1918 quibus
516 1878 630 1908 miram
646 1878 755 1907 narrat
763 1876 917 1915 Josephus
927 1878 1004 1905 stra-

234 1942 320 1971 gem,
342 1934 372 1962 et
387 1931 565 1962 mirabilem
580 1931 725 1962 videmus
740 1929 918 1961 viventium
939 1929 1003 1959 dis-

232 1985 422 2025 persionem.
440 1983 478 2014 Et
493 1985 536 2014 sic
552 1984 749 2015 verificatum
769 1985 815 2012 est
838 1983 870 2012 in
894 1982 940 2012 eis
964 1982 1001 2011 il-

232 2038 287 2068 lud
302 2037 311 2053 ‘³
329 2046 336 2067 :
358 2048 371 2066 a
390 2036 479 2067 Foris
494 2036 629 2067 vastabit
648 2044 701 2066 eos
716 2035 852 2074 gladius,
870 2037 899 2065 et
917 2035 1002 2064 intus

232 2099 342 2130 pavor,
357 2091 510 2129 juvenem
527 2088 623 2119 simul
645 2098 681 2118 ac
694 2088 868 2126 virginem,
884 2087 1003 2117 lactan-

231 2147 296 2174 tem
311 2152 384 2173 cum
400 2142 531 2172 homine
544 2151 628 2172 sene.
648 2152 663 2168 »
682 2140 720 2171 Et
736 2140 812 2171 illud
827 2140 836 2156 ⁷
856 2151 862 2170 :
884 2151 898 2168 1(
913 2139 1001 2169 Foris

232 2195 378 2226 interficit
391 2195 526 2234 gladius,
543 2197 574 2224 et
589 2194 675 2224 domi
690 2202 776 2224 mors
793 2193 904 2223 similis
916 2195 996 2223 est.»

233 2247 271 2278 Et
285 2248 429 2278 similiter
444 2248 521 2277 illud
537 2248 547 2265 ⁵
566 2258 572 2277 :
593 2258 608 2276 «
624 2247 767 2277 Tetendit
781 2255 890 2276 arcum
904 2255 1000 2276 suum

232 2301 322 2340 quasi
349 2301 513 2337 iuimicus,
552 2300 693 2330 firmavit
718 2299 880 2329 dexteram
908 2307 999 2328 suam

232 2353 323 2393 quasi
337 2353 445 2391 hostis,
456 2356 486 2383 et
501 2353 612 2384 occidit
625 2362 720 2383 omne
730 2353 813 2392 qnod
828 2351 998 2391 pulchrum

231 2409 299 2438 erat
314 2407 385 2437 visu
402 2407 434 2436 in
449 2407 652 2437 tabernaculo
666 2407 739 2437 filiae
751 2406 838 2436 Sion.
851 2416 866 2434 »
885 2405 999 2436 Secun-

230 2461 308 2492 dum
323 2459 492 2499 mysticum
509 2459 712 2497 intellectum,
734 2468 790 2499 per
809 2459 901 2489 istam
915 2459 996 2489 occi-

260 2541 268 2556 ¹
283 2540 354 2571 Sap„
370 2545 405 2569 1v,
427 2540 450 2563 6.
467 2551 495 2556 —
511 2540 521 2554 “2
542 2539 601 2567 Im„
614 2545 712 2568 xxxvii,
729 2542 751 2563 3.
766 2553 796 2557 -—
813 2540 822 2553 ³
834 2539 886 2567 Job,
903 2545 946 2567 xv,
958 2541 995 2563 33.

228 2577 238 2592 ⁵
250 2577 331 2605 Amos,
351 2581 369 2604 1,
391 2576 428 2598 13.
441 2587 472 2592 --
487 2575 495 2588 ⁸
507 2574 567 2603 lsa„
582 2577 726 2603 xxvni,1:3.
742 2587 772 2592 -
790 2575 800 2590 ⁶
814 2575 897 2604 Dent„
913 2580 995 2604 xxxn,

227 2614 266 2635 25.
278 2624 309 2628 —-
323 2611 333 2627 '¹
346 2610 443 2640 Ilm-en„
462 2616 480 2640 1,
495 2610 533 2632 20.
548 2622 579 2626 -
597 2609 606 2622 ⁸
623 2609 696 2639 ibid„
714 2616 739 2638 11,
754 2612 776 2634 4.
789 2623 820 2627 —
834 2612 842 2623 “-’
858 2610 996 2640 Isa.,xxi1,

226 2649 250 2669 5.
268 2660 296 2663 --
317 2647 335 2662 ¹⁰
360 2646 436 2675 Dan„
456 2651 494 2675 xi,
508 2646 547 2675 31³,
571 2646 610 2667 35.
628 2656 658 2661 —
678 2645 695 2660 ¹¹
714 2645 811 2675 Ezecli„
835 2651 871 2673 ix,
892 2646 944 2668 5-6.
965 2658 996 2662 —-

226 2683 246 2699 ¹2
260 2681 313 2711 Job,
330 2686 383 2711 xlx,
396 2682 475 2704 290-
489 2680 507 2696 ¹³
523 2680 620 2710 Tmen..
636 2681 659 2710 1,
678 2682 713 2703 10.
730 2694 757 2697 ---
773 2680 790 2695 ¹³
806 2680 879 2710 thid„
893 2687 920 2709 11,
936 2682 958 2709 2,
971 2683 983 2704 ὕ
994 2698 999 2704 .

785 218 996 252 EVANGELH
1020 218 1157 250 SANCTI
1179 218 1290 250 LUCAE

1067 286 1187 315 sionem
1208 285 1397 324 intelligitur
1423 284 1524 315 caedes
1550 284 1602 315 illa
1627 286 1833 325 permaxima,

1066 348 1138 377 quae
1149 339 1208 369 erit
1218 338 1250 368 in
1259 338 1459 369 tribulatione
1471 338 1567 375 tinali,
1580 338 1618 368 de
1631 347 1695 377 qua
1705 338 1833 369 1saias⁹:

1071 403 1084 419 «
1101 391 1170 421 Dies
1187 391 1411 422 intersectionis
1427 392 1457 420 et
1469 391 1724 430 conculcationis,
1740 393 1770 422 et
1785 392 1838 422 sse-

1066 446 1156 474 tnum
1169 444 1302 474 Domino
1316 444 1376 473 Deo
1387 443 1585 474 uxereituuui
1601 445 1634 474 in
1649 444 1730 474 valle
1745 444 1836 475 visio-

1064 497 1123 527 nis.
1140 508 1154 524 »
1175 497 1279 527 1111100
1298 496 1402 526 Daniel
1418 497 1439 514 ¹⁰
1460 505 1467 526 :
1490 507 1504 524 «
1519 496 1556 527 Et
1572 497 1654 528 docti
1671 498 1703 527 in
1721 497 1835 537 populo

1064 550 1221 580 docebunt
1236 550 1389 590 plurimos
1407 560 1414 579 z
1431 551 1462 579 et
1478 550 1612 580 ruuntin
1625 550 1743 589 gladio,
1759 554 1789 581 et
1802 551 1835 581 in

1063 602 1203 641 flamma,
1226 606 1256 633 et
1278 603 1311 632 in
1332 603 1521 642 captivitate,
1547 603 1622 633 etin
1637 604 1749 643 rapina
1765 604 1834 634 die-

1063 664 1147 685 rum.
1163 667 1177 683 »
1198 655 1348 695 Sequitur
1365 664 1372 685 :
1396 667 1410 684 α
1430 655 1467 686 Et
1481 655 1519 685 de
1534 647 1664 686 eruditis
1679 658 1783 694 ruent,
1799 659 1835 687 ut

1063 706 1250 746 conflentur,
1267 711 1296 739 et
1311 708 1484 747 eligantur,
1497 711 1526 739 et
1535 708 1731 746 dealbentur,
1747 720 1761 737 1)
1773 712 1832 740 etc.

1063 760 1150 792 Unde
1165 762 1278 792 dicitur
1293 762 1312 777 ¹¹
1328 770 1334 791 :
1348 772 1361 790 t(
1377 760 1519 791 Transito
1534 770 1590 800 per
1605 761 1776 800 civitatem,
1788 771 1835 793 se—

1062 816 1194 853 quentes
1209 824 1294 851 cum,
1306 817 1335 845 et
1346 815 1516 854 perentite3
1532 824 1596 846 non
1607 817 1714 854 parcat
1722 815 1834 846 oculus

1061 868 1177 904 vester,
1203 876 1306 907 neque
1328 868 1541 898 misereamini
1567 877 1686 906 senem,
1712 869 1832 900 adoles-

1061 921 1224 951 centulum
1235 924 1265 951 et
1275 921 1447 960 virginem,
1463 921 1633 960 parvulum
1645 924 1676 952 et
1684 922 1834 952 mulieres

1060 973 1226 1004 interficite
1242 984 1342 1014 usque
1355 974 1393 1004 ad
1404 974 1663 1005 internecionem.
1679 974 1718 1005 Et
1730 984 1749 1005 a
1764 984 1833 1005 san-

1060 1027 1181 1057 ctuario
1195 1036 1266 1057 meo
1281 1027 1419 1067 incipite,
1437 1038 1451 1055 ))
1471 1030 1529 1058 etc.
1545 1027 1582 1058 Et
1596 1028 1654 1058 Job
1672 1029 1692 1044 ¹²
1711 1039 1717 1059 :
1738 1039 1753 1057 «
1767 1028 1830 1059 Fu-

1061 1081 1126 1119 gite
1141 1090 1221 1120 ergo
1236 1090 1254 1111 a
1269 1081 1345 1111 facie
1362 1081 1469 1119 gladii,
1487 1092 1501 1109 »
1520 1083 1577 1112 etc.

1101 1133 1217 1171 Tertio,
1235 1137 1391 1173 quantum
1403 1135 1441 1164 ad
1457 1134 1683 1165 desolationem
1698 1134 1832 1164 civitatis

1059 1186 1226 1216 destructae
1237 1210 1245 1224 ,
1263 1187 1474 1225 subjimgitur
1491 1198 1497 1217 :
1514 1187 1559 1218 Et
1572 1186 1749 1217 Jerusalem
1765 1186 1831 1217 cal-

1060 1239 1183 1269 cabitur
1206 1249 1226 1268 (ι
1240 1240 1395 1279 (sentibus.
1418 1241 1440 1257 ¹²³
1460 1251 1474 1267 α
1491 1240 1620 1270 Manum
1635 1249 1727 1270 suam
1745 1240 1830 1270 misit

1059 1291 1159 1322 hostis
1173 1292 1211 1322 ad
1225 1293 1333 1322 omnia
1341 1292 1558 1323 desiderabilia
1568 1294 1649 1332 eJus,
1664 1292 1739 1332 quia
1753 1292 1831 1323 vidit

1059 1346 1171 1383 gentes
1185 1345 1346 1383 ingressas
1359 1345 1575 1375 sanctuarium
1590 1355 1698 1383 suum,
1714 1346 1752 1376 de
1764 1346 1831 1385 qui-

1060 1397 1119 1427 bus
1139 1406 1346 1437 praeceperim,
1369 1407 1410 1428 ne
1434 1398 1589 1428 intrarent
1611 1398 1644 1428 in
1667 1398 1830 1429 ecclesiam

1059 1452 1158 1480 tuam.
1171 1461 1185 1478 n
1200 1450 1237 1480 Et
1247 1451 1267 1466 ¹⁵
1277 1461 1282 1480 :
1293 1462 1308 1478 «
1320 1451 1532 1490 Praecipitavit
1541 1451 1704 1489 Dominus,
1714 1461 1772 1482 nec
1780 1460 1831 1491 pe-

1059 1503 1167 1541 percit.
1182 1502 1394 1542 Praecipitavit
1407 1504 1516 1533 omnia
1530 1505 1645 1534 nioenia
1653 1505 1733 1543 eJus,
1743 1504 1831 1536 dissi-

1060 1555 1146 1594 pavit
1157 1555 1349 1586 munitiones
1359 1557 1385 1595 ej
1392 1565 1439 1593 us,
1452 1558 1482 1586 et
1492 1556 1626 1595 replevit
1634 1556 1667 1587 in
1677 1556 1742 1587 filia
1749 1556 1830 1587 Juda

1059 1608 1264 1638 humiliatum
1279 1611 1308 1638 et
1324 1609 1534 1639 humiliatam.
1554 1619 1568 1637 n
1585 1609 1623 1640 Et
1637 1610 1656 1626 ¹⁵
1675 1618 1682 1638 :
1703 1621 1716 1638 (1
1733 1609 1828 1648 Deus,

1061 1663 1217 1692 venerunt
1234 1664 1345 1700 gentes
1359 1662 1392 1691 in
1407 1661 1621 1692 haereditatem
1634 1665 1756 1699 tuam,»
1770 1664 1828 1693 etc.

1059 1713 1097 1744 Et
1112 1714 1264 1753 quoniam
1279 1714 1326 1744 ira
1342 1713 1465 1744 Domini
1479 1723 1544 1744 non
1562 1717 1609 1745 est
1623 1715 1690 1746 sine
1706 1715 1828 1746 miseri-

1060 1767 1177 1805 cordia,
1204 1768 1273 1798 ideo
1289 1767 1374 1798 addit
1391 1776 1399 1797 :
1422 1767 1519 1798 donec
1535 1768 1729 1808 impleantur
1750 1772 1828 1799 tem-

1054 1829 1139 1859 pora
1160 1821 1340 1851 nacionum.
1365 1820 1473 1850 Glossa
1498 1831 1504 1850 :
1528 1832 1542 1848 «
1557 1820 1590 1851 ld
1611 1824 1657 1851 est
1672 1821 1706 1859 ¹⁸,
1730 1822 1829 1852 donec

1059 1873 1219 1911 plenitudo
1234 1874 1379 1911 gentium
1394 1873 1537 1911 intraret,
1560 1876 1590 1903 et
1609 1874 1653 1904 sic
1667 1875 1827 1905 0111111513-

1058 1926 1123 1955 rael
1133 1926 1239 1956 salvus
1254 1928 1376 1964 fieren»
1388 1926 1469 1956 sicut
1478 1926 1631 1966 scriptum
1646 1929 1692 1957 est
1703 1928 1740 1957 ¹⁷:
1757 1927 1828 1959 «Ve-

1058 1978 1123 2008 niet
1137 1987 1177 2008 ex
1193 1978 1267 2009 Sion
1284 1978 1319 2017 (b)
1338 1979 1391 2018 qui
1405 1979 1518 2018 eripiat
1539 1982 1569 2009 et
1584 1982 1705 2010 avertat
1721 1980 1828 2020 impie-

1057 2032 1154 2061 tatem
1172 2040 1191 2061 a
1213 2031 1319 2061 Jacob.
1336 2042 1350 2059 »
1375 2031 1413 2062 Et
1435 2032 1504 2062 ideo
1519 2032 1634 2063 dicitur
1650 2033 1671 2050 ¹⁸
1689 2043 1696 2063 ε
1719 2033 1827 2070 «Quia

1058 2092 1120 2114 11011
1146 2084 1274 2123 repellet
1301 2084 1335 2123 (c)
1360 2084 1393 2114 in
1412 2085 1642 2124 sempiternum
1661 2085 1823 2117 Dominus.

1057 2136 1138 2173 Quia
1166 2138 1191 2167 si
1211 2137 1340 2176 abjecit,
1366 2139 1396 2167 et
1421 2137 1622 2168 miserebitur
1650 2139 1824 2170 secundum

1056 2190 1293 2220 multitudinem
1303 2190 1587 2220 misericordiarum
1595 2199 1756 2222 suarum.»
1767 2192 1824 2223 Se·

1056 2243 1198 2274 cundum
1215 2243 1385 2283 mysticum
1395 2243 1600 2281 intellectum,
1616 2253 1672 2283 per
1681 2247 1824 2284 tempora

1056 2297 1222 2328 nationum
1242 2297 1433 2336 intelligitur
1452 2299 1578 2337 tempus
1601 2298 1689 2338 illud,
1707 2309 1770 2339 quo
1784 2300 1822 2330 fi-

1055 2351 1116 2381 lins
1143 2351 1326 2391 perditionis
1354 2351 1523 2381 Ecclesiam
1553 2352 1747 2383 conculcabit
1766 2353 1787 2372 ¹⁹
1813 2363 1821 2383 :

1060 2404 1205 2434 «Atrium
1220 2404 1304 2444 quod
1318 2406 1364 2434 est
1376 2404 1449 2434 soris
1457 2405 1622 2443 templum,
1638 2405 1715 2444 ejice
1727 2405 1821 2444 foras,

1054 2459 1083 2488 et
1096 2466 1136 2487 ne
1149 2457 1289 2488 metiaris
1301 2457 1390 2495 illud,
1403 2458 1555 2497 quoniam
1565 2458 1675 2489 datum
1685 2461 1732 2489 est
1747 2467 1824 2498 gen-

1053 2547 1082 2551 —
1098 2535 1117 2550 ¹³
1132 2535 1323 2563 Psal.1.xxviii,
1338 2538 1359 2558 1.
1375 2535 1434 2552 -Ν
1445 2535 1570 2565 Rom.,x1‚
1586 2536 1625 2565 25,
1640 2537 1678 2559 26.
1694 2548 1724 2553 —
1737 2537 1821 2567 ’Ἰὼ-(1.,

1053 2572 1156 2629 ξξςξο,
1171 2570 1244 2600 juxta
1260 2577 1353 2594 mx.—
1368 2571 1387 2586 ¹⁸
1400 2570 1494 2600 Taren„
1512 2576 1551 2599 in,
1567 2572 1605 2601 35,
1620 2572 1692 2595 32—
1703 2572 1722 2588 ¹⁹
1736 2573 1821 2603 Alme„

1052 2623 1057 2627 .
1080 2623 1087 2634 ,
1103 2622 1125 2628 -.

1085 2645 1117 2673 (ιι)
1137 2646 1197 2668 Cret.
1223 2646 1282 2670 edit.
1308 2646 1365 2674 Oui.
1388 2658 1418 2664 —-
1438 2644 1472 2675 (b)
1497 2646 1604 2677 Exemp.
1630 2647 1721 2677 Vatic„
1741 2643 1820 2672 ἕνεκεν

1051 2680 1120 2704 Σιὼν.
1135 2695 1165 2698 -
1181 2681 1212 2711 (rs)
1225 2682 1285 2705 c'oet.
1300 2683 1360 2706 edil.
1377 2681 1482 2711 repellit..

1871 2213 1946 2240 Mysti-

1839 2249 1879 2264 σοι
1892 2249 1943 2264 sen-

1839 2279 1886 2295 ms.
