1987 3032
88 271 181 295 Quomo-

82 302 110 322 do
128 300 185 326 judi·

78 336 112 355 cat
119 332 187 353 Filius

103 2249 194 2276 Triplex

90 2280 190 2300 voluntas

91 2310 113 2330 in
124 2310 196 2331 Chris-

93 2342 122 2361 to.

199 201 257 230 334

200 264 292 292 modo
306 263 433 299 judicat:
443 263 583 291 nimirum
595 263 686 297 juste,
697 261 856 297 quaerendo
868 260 970 289 volun-

201 312 288 338 tatem
302 310 400 337 Patris.
417 310 490 343 Quia
505 309 615 336 dictum
631 309 687 341 est,
703 307 786 343 quod
807 315 881 334 omne
891 307 969 341 judi-

201 358 271 383 cium
291 356 366 383 dedit
389 357 474 387 Fili0;
496 363 533 382 ne
549 355 701 382 dicerent:
720 356 783 381 Non
807 353 969 380 secundum

200 403 312 429 Patrem
326 402 533 436 ergojudicas3
548 400 615 427 ideo
628 400 684 426 ait:
701 401 761 427 Non
776 407 891 433 possum,
903 400 968 432 etc„

200 447 274 475 sicut
297 448 446 475 continuat
469 446 646 480 Augustinus
669 447 685 472 ¹.
702 447 734 472 Et
753 444 860 472 eodem
878 444 970 471 modo

200 494 423 529 chrysostomus
435 514 443 527 ,
459 492 583 519 homilia
599 492 675 518 dicta
686 492 712 517 ²:
728 490 896 523 «Quoniam
912 490 970 517 dis-

200 540 308 567 similia
323 548 340 567 a
356 539 506 574 prophetis
520 537 676 565 videbatur
691 536 803 570 dicere,
819 536 869 571 qui
887 536 970 563 dixe-

201 588 268 612 runt
282 586 291 601 ³
308 595 314 612 :
335 595 348 610 <1
364 586 437 612 Deus
449 584 541 619 judex
553 584 687 618 justus,»
707 585 778 617 etc.;
804 585 833 609 et
851 582 922 609 alibi
937 582 945 597 '⁴
964 591 969 608 :

206 641 218 656 α
230 631 377 658 Judicabit
391 631 496 658 orbem
514 631 596 657 terrae
612 639 644 656 :»
662 629 814 656 destruens
831 627 972 662 suspicio-

200 684 279 711 nem,
295 677 335 704 ait
350 685 356 703 :
371 677 432 705 Non
452 684 558 711 possum
574 684 590 702 α
601 683 640 702 me
655 677 713 709 ipso
724 685 753 708 ,n
772 675 825 701 etc.
847 675 880 701 Ut
894 673 973 701 enim

201 722 241 749 ait
256 723 434 757 Augustinus
448 723 468 757 ⁶,
487 722 557 757 quia
572 729 632 749 non
655 723 696 748 est
715 721 803 748 Filius
818 728 835 747 a
849 728 895 754 se,
911 727 972 746 non

200 770 296 803 potest
310 768 423 804 aliquid
438 776 456 796 a
474 776 515 795 se.
531 770 563 795 Et
578 767 601 794 si
619 767 789 802 objiciatur,
806 766 879 793 sicut
896 765 972 800 obji-

201 816 281 843 ciunt
291 816 432 849 haeretici,
449 815 531 850 quod
546 817 614 842 tunc
628 822 689 841 non
705 816 746 841 est
761 821 844 848 seque
857 814 973 848 potens,

201 861 276 888 sicut
290 863 390 894 Pater-5
411 861 669 896 respondendum,
687 859 770 895 quod
789 868 825 886 ex
844 859 901 886 hoc
919 859 972 886 de·-

201 909 320 936 notatur
344 908 575 942 omnipotentia,
602 906 672 942 quia
697 906 821 939 eadem,
843 913 909 940 qum
932 907 974 932 est

202 954 294 990 ipsius
309 954 413 988 Patris,
427 956 468 980 est
482 956 510 980 et
520 952 582 980 Filii
592 962 600 987 ;
612 955 639 979 et
651 952 733 979 uuila
748 953 865 978 notatur
880 952 974 987 impo-

202 1000 311 1034 tentia,
327 999 386 1033 ¹sed
409 999 531 1026 omnino
557 998 662 1026 eadem
681 997 828 1033 potentia,
852 1005 917 1032 quae
933 999 974 1024 est

202 1046 307 1080 Patris,
327 1046 400 1072 sicut
418 1048 459 1072 est
477 1045 582 1072 eadem
598 1045 654 1071 vita
671 1046 698 1071 et
712 1043 818 1071 eadem
839 1043 971 1070 essentia.

202 1093 234 1118 Et
247 1091 316 1119 ideo
332 1091 464 1126 sequitur
482 1100 488 1118 :
504 1091 579 1118 Sicut
596 1090 690 1124 audio,
702 1089 806 1123 judico,
822 1089 853 1116 id
870 1091 920 1123 est,
938 1089 974 1115 si-

203 1139 250 1165 cut
264 1137 376 1172 accipio
398 1145 415 1164 a
434 1138 526 1164 Patre.
543 1138 576 1163 rt
591 1135 669 1163 enim
690 1135 729 1162 ait
753 1135 932 1170 Augustinus
952 1135 972 1167 ⁶,

202 1191 263 1211 non
278 1185 319 1210 est
334 1183 359 1210 ei
375 1183 457 1210 aliud
470 1182 589 1215 audire,
605 1181 688 1209 aliud
700 1181 818 1215 videre3
835 1181 886 1208 sed
902 1180 973 1207 Filio

202 1232 244 1256 est
259 1229 339 1256 idem
350 1250 357 1262 ,
378 1231 404 1256 et
419 1237 479 1256 esse
495 1236 512 1255 a
531 1230 627 1261 Patre,
649 1229 676 1254 et
694 1227 796 1254 audire
811 1229 838 1254 et
858 1226 973 1260 videre,

202 1275 367 1302 secundum
381 1274 585 1309 Augustinum,
600 1273 691 1308 prius.
702 1274 712 1289 ⁷
723 1282 737 1298 «
751 1272 855 1299 Omnia
869 1272 975 1299 tradita.

204 1323 271 1348 sunt
285 1320 358 1348 mihi
373 1329 390 1348 a
403 1322 484 1348 Patre
500 1327 577 1346 meo.
593 1329 606 1345 ι)

238 1368 272 1394 Et
283 1367 417 1401 judicium
430 1374 516 1393 meum
536 1373 626 1392 verum
639 1367 677 1392 est
693 1373 702 1392 .·
718 1364 788 1400 qnia
802 1364 841 1391 ita
853 1364 955 1398 judico
965 1385 974 1398 ,

206 1420 239 1440 ae
254 1413 277 1439 si
292 1413 354 1448 ipse
369 1414 451 1440 Pater
466 1413 559 1446 esset,
578 1411 629 1446 qui
641 1410 771 1445 judicat,
793 1410 833 1437 ait
853 1410 977 1445 Chryso-

205 1460 316 1486 stomus
324 1459 345 1485 ⁸.
368 1460 400 1485 Et
415 1458 489 1491 hoc,
515 1459 581 1492 quia
596 1465 684 1491 quaero
701 1458 865 1483 voluntatem
885 1458 976 1483 Patris

203 1506 265 1531 mei.
282 1504 377 1532 infra&
404 1513 411 1531 :
431 1514 443 1529 «
459 1506 517 1538 Ego
533 1506 560 1530 et
576 1505 658 1530 Pater
672 1510 765 1529 unum
780 1510 898 1536 sumus,
910 1512 922 1527 »
949 1504 977 1528 et

203 1550 272 1577 ideo
288 1558 349 1577 una
362 1550 508 1577 voluntas,
521 1549 601 1576 Unde
616 1549 841 1583 Chrysostomus
853 1549 874 1565 ¹⁰
891 1557 917 1574 :u
928 1550 976 1575 os-

206 1596 298 1623 tendit
312 1604 373 1623 esse
397 1603 489 1622 unam
503 1595 700 1628 voluntatem,
716 1596 742 1621 et
768 1602 833 1628 quae
853 1593 930 1627 ejus,
949 1594 976 1620 et

206 1649 273 1676 quae
287 1641 377 1669 Patris
389 1662 397 1675 ,
414 1650 447 1668 ac
462 1641 486 1668 si
500 1641 587 1668 unius
602 1641 702 1675 utique
716 1639 821 1666 mentis
837 1641 911 1666 esset
925 1647 977 1666 vo-

205 1686 340 1714 luntas.»
358 1688 390 1714 Et
407 1687 443 1713 de
466 1687 523 1713 hoc
545 1686 670 1721 opponit
691 1686 916 1720 Chrysostomus
936 1685 974 1719 ¹¹,

206 1733 289 1768 quod
304 1732 466 1760 secundum
480 1732 537 1759 hoc
552 1731 611 1758 alia
623 1731 759 1758 voluntas
773 1738 841 1764 sua,
859 1730 917 1757 alia
927 1732 977 1757 Pa-

206 1779 273 1813 tris,
289 1778 360 1813 quia
373 1778 413 1804 ait
428 1777 511 1813 quod
525 1777 605 1804 venit
617 1776 712 1804 facere
728 1776 911 1803 voluntatem
926 1778 976 1803 Pa-

206 1825 257 1852 tris
268 1845 277 1858 ,
292 1832 353 1851 non
369 1832 462 1851 suam.
480 1825 511 1850 Et
526 1823 549 1850 si
564 1822 620 1857 sic,
636 1831 688 1850 sua
700 1823 734 1857 (a)
751 1824 812 1849 erat
826 1822 974 1849 deficiens.

206 1870 263 1897 Sed
280 1870 318 1897 ad
333 1869 513 1897 contrarium
523 1869 618 1903 arguit
630 1868 752 1895 Paulus:
766 1868 804 1895 ita
818 1876 849 1895 se
862 1868 979 1895 miscuit

207 1916 314 1943 divinae
326 1916 480 1950 voluntati,
496 1918 527 1942 ut
541 1915 650 1942 diceret
666 1916 685 1932 ¹²
700 1924 706 1941 :
721 1924 734 1940 «
750 1914 821 1941 Vivo
835 1922 902 1949 ego,
915 1914 978 1948 jam

207 1970 268 1989 non
283 1970 348 1996 ego.
361 1973 373 1987 ι)
390 1964 422 1989 Et
436 1962 475 1989 ita
489 1961 571 1988 nulla
584 1961 615 1988 in
635 1968 669 1987 eo
685 1960 839 1993 voluntas,
858 1960 913 1986 nisi
935 1959 978 1986 di-

207 2009 295 2036 vina:
312 2017 383 2043 ergo
398 2008 490 2035 multo
505 2007 599 2042 magis
614 2015 667 2034 nec
680 2007 710 2034 in
725 2007 807 2034 Filio.
824 2008 856 2034 Et
870 2006 908 2033 ad
921 2006 977 2033 hoc

207 2054 383 2090 respondet,
404 2054 486 2090 quod
514 2061 681 2080 sermonem
706 2052 754 2080 hic
778 2053 916 2088 producit
939 2052 977 2080 ad

208 2101 408 2136 suspicionem
422 2108 525 2127 eorum
540 2100 592 2135 qui
607 2099 784 2133 audiebant,
794 2101 821 2126 et
834 2099 978 2134 putabant

209 2155 276 2174 eum
292 2155 354 2174 esse
369 2154 478 2182 purum
501 2146 662 2173 hominem.
688 2145 756 2172 Ideo
781 2145 915 2172 decenter
931 2153 977 2172 05--

208 2192 299 2220 tendit
310 2192 454 2227 judicium
470 2200 530 2219 esse
544 2199 665 2225 verum,
690 2193 718 2218 et
732 2191 854 2218 omnino
877 2199 979 2218 secun-

209 2238 281 2265 dum
292 2238 425 2266 divinam
437 2238 628 2265 voluntatem.
647 2238 684 2264 De
694 2236 801 2272 triplici
816 2239 915 2264 autem
928 2245 978 2265 vo-

210 2284 319 2311 luntate
344 2285 374 2312 in
398 2285 526 2318 Christo,
547 2284 653 2311 seilicet
672 2284 709 2311 de
735 2292 795 2311 una
815 2285 978 2312 seeundum

211 2330 346 2357 affectum
360 2332 471 2357 naturae
480 2351 490 2364 ,
501 2332 528 2357 et
540 2330 576 2357 de
586 2330 736 2357 voluntate
751 2329 869 2365 spiritus
877 2350 886 2364 ,
902 2333 929 2358 et
942 2331 978 2358 de

210 2376 359 2404 voluntate
375 2385 428 2404 sua
443 2377 554 2410 divina,
566 2376 597 2404 in
612 2378 756 2412 quantum
768 2378 851 2410 Deus,
868 2377 928 2404 sive
941 2377 978 2404 de

244 2437 252 2452 ¹
267 2438 341 2467 Aug..
358 2437 382 2459 {21
397 2437 479 2466 doen„
492 2438 564 2459 tract.
580 2442 658 2465 xxm,
673 2443 698 2460 n.
716 2437 752 2460 15.
768 2449 794 2453 -
814 2436 824 2451 ²
838 2436 977 2467 Chrysost„

212 2471 237 2494 ιή
249 2471 329 2500 loen„
344 2471 414 2494 hom.
430 2477 538 2501 xxxviii,
554 2471 586 2494 al.
603 2477 691 2501 xxxix,
704 2478 730 2495 n.
745 2473 768 2495 4.
781 2484 811 2489 —-
828 2471 836 2485 ³
851 2471 916 2495 Psal.
933 2477 978 2501 νιι,

213 2508 250 2530 ¹2.
267 2520 293 2524 —
310 2506 320 2522 δ
336 2506 404 2529 Psal.
421 2512 489 2536 xcw,
505 2508 542 2529 to.
556 2519 586 2523 —
600 2507 609 2522 ⁵
620 2507 694 2537 Aug„
711 2507 736 2529 in
750 2507 831 2534 Joarz„
847 2508 919 2530 tract.
934 2514 978 2536 xx,

212 2548 238 2565 n.
256 2542 278 2565 4.
293 2555 324 2558 —
339 2542 348 2557 Β
363 2541 409 2571 ld„
425 2543 497 2565 treet.
514 2547 584 2571 xxn,
601 2548 627 2564 n.
648 2543 684 2564 14.
699 2554 728 2558 —
744 2542 751 2555 ⁷
766 2542 869 2570 Mattlz.‚
885 2548 922 2571 Χι,
939 2543 976 2566 27.

211 2590 241 2595 -
270 2576 281 2593 ⁸
309 2577 450 2608 chrysost„
477 2576 521 2600 ubi
547 2583 614 2607 sup„
643 2589 672 2594 —
697 2577 707 2593 ⁹
736 2577 794 2606 ini„
820 2585 855 2608 x,
884 2579 922 2601 30.
950 2590 977 2594 —

213 2613 229 2627 '⁰
249 2613 390 2644 chrysost„
410 2612 454 2636 ubi
472 2619 529 2642 sup.
544 2623 574 2629 —
594 2613 610 2628 ¹¹
630 2612 694 2636 lbid.
711 2624 741 2630 —
765 2613 782 2629 ¹²
800 2613 867 2643 Gal.‚
887 2619 920 2644 11,
939 2614 977 2637 20.

717 194 926 226 EVANGELU
950 193 1086 226 SANCTI
1108 193 1270 227 JOANNlS

1024 260 1174 289 voluntate
1184 264 1316 297 paterna.
1327 264 1367 291 Ex
1378 261 1523 299 praedictis
1537 262 1615 297 patet
1623 259 1791 295 exemplum

1021 307 1223 342 judicantibus
1236 308 1274 335 ad
1289 309 1481 336 imitationem
1497 307 1568 336 Filii.
1579 309 1610 334 Et
1624 306 1680 334 hoc
1691 304 1792 341 quoad

1024 352 1079 380 tria
1101 362 1107 380 ε
1129 355 1153 380 t.
1177 356 1207 381 ut
1229 362 1289 382 non
1315 356 1348 390 (b)
1370 355 1406 382 sit
1425 355 1571 390 judicium
1597 351 1791 385 temerarium,

1025 399 1076 426 sed
1093 402 1214 427 certum.
1231 401 1311 427 Unde
1331 400 1392 427 ait:
1411 401 1486 427 Sicut
1508 400 1606 433 audio,
1627 400 1665 425 sic
1683 397 1793 432 judico,

1025 445 1099 472 inira
1114 446 1134 462 ¹³
1145 455 1169 472 ια
1182 446 1331 481 Numquid
1340 446 1385 473 lex
1398 446 1619 481 nostrajudieat
1630 444 1793 477 hominem,

1025 492 1080 518 nisi
1101 492 1226 519 audierit
1240 492 1277 519 al)
1293 493 1350 519 eo?
1367 493 1385 508 Γ·
1400 502 1413 517 ιι
1424 494 1564 526 Causam,
1580 499 1670 528 quam
1685 489 1796 518 nescie-

1026 537 1111 571 bam,
1137 537 1357 572 diligentissime
1372 538 1593 573 investigabam.
1608 548 1621 564 »
1634 537 1676 565 lbi
1691 538 1795 571 Grego-

1026 583 1087 610 rius
1101 583 1192 617 bene,
1204 584 1329 619 qualiter
1341 584 1456 619 Judices
1472 584 1580 611 debent
1595 590 1657 611 esse
1672 583 1795 618 diligen-

1026 631 1068 656 tes
1082 629 1298 664 injudicando,
1314 629 1365 657 ubi
1381 631 1401 647 ¹⁸
1415 630 1455 657 ait
1471 638 1477 656 :
1498 640 1511 655 α
1525 631 1598 657 Nota
1614 629 1651 657 de
1664 628 1793 663 judicio,

1026 682 1062 702 ne
1078 675 1117 702 ad
1129 675 1336 710 proterendam
1354 677 1525 704 sententiam
1547 675 1681 711 iniquam
1694 674 1794 710 proeci-

1026 721 1100 756 pites
1118 729 1179 749 esse
1200 721 1378 756 debeamus,
1403 730 1440 750 ne
1463 722 1614 749 temerarie
1634 720 1797 748 indiscussa

1024 767 1207 802 judicemus,
1226 776 1262 794 ne
1287 768 1425 803 quaelibet
1440 768 1518 795 mala
1540 767 1641 795 audita
1660 774 1715 794 nos
1736 774 1798 794 mo-

1027 816 1124 847 veant,
1148 822 1185 841 ne
1200 815 1309 848 passim
1331 814 1408 841 dicta
1427 814 1488 841 sine
1504 814 1679 849 probatione
1694 812 1797 840 creda·

1028 868 1109 894 muS,
1123 870 1136 884 n
1153 863 1205 887 ete.
1224 862 1254 888 Et
1270 861 1310 887 ibi
1325 860 1401 887 bene
1417 860 1454 888 de
1469 860 1535 887 hoc.
1554 859 1634 887 Unde
1650 861 1677 886 et
1692 858 1729 886 de
1743 859 1799 886 Do-

1028 906 1109 933 mino
1124 906 1230 941 legitur
1242 907 1262 923 ¹⁶
1279 915 1285 933 :
1303 916 1315 931 (ι
1327 906 1518 940 Descendam,
1534 908 1561 933 et
1577 905 1686 932 videbo
1700 907 1798 932 utrum

1029 952 1205 986 clamorem,
1222 953 1271 987 qui
1285 952 1366 979 venit
1388 952 1426 979 ad
1442 960 1508 986 me,
1525 959 1615 987 opere
1631 950 1799 986 compleve-

1028 998 1094 1025 rint.
1111 1009 1124 1023 »
1141 1000 1173 1025 Et
1190 997 1208 1015 ¹⁷
1225 1007 1232 1025 :
1252 1009 1264 1023 u
1280 1000 1351 1026 Cum
1368 997 1573 1033 tranquillitate
1586 997 1708 1032 judicat.
1722 1006 1736 1022 υ
1753 996 1800 1023 Se-

1030 1045 1128 1073 cundo
1143 1046 1295 1080 figuratur,
1319 1045 1401 1081 quod
1418 1045 1565 1080 Judicium
1584 1044 1672 1072 debet
1685 1051 1747 1071 esse
1769 1043 1800 1070 in

1028 1100 1168 1127 processu
1183 1092 1303 1126 justum.
1326 1091 1405 1118 Unde
1426 1091 1465 1118 ait
1478 1091 1523 1118 his
1538 1100 1544 1118 :
1562 1090 1700 1117 Iudicium
1714 1097 1800 1116 meum

1024 1138 1131 1171 justum
1146 1141 1195 1165 est.
1212 1139 1243 1165 Et
1261 1138 1298 1164 ¹⁸:
1318 1146 1331 1163 ι(
1343 1137 1460 1164 Judices
1477 1139 1503 1164 et
1518 1136 1672 1171 magistros
1692 1135 1799 1163 eonsti-

1030 1186 1111 1217 tues,
1136 1186 1167 1211 ut
1183 1184 1316 1218 judicent
1333 1183 1410 1218 justo
1435 1183 1583 1218 judicio.»
1601 1184 1633 1209 ct
1659 1182 1738 1210 enim
1761 1181 1801 1208 ait

1030 1230 1140 1256 Tullius
1153 1230 1170 1246 ¹⁹
1186 1239 1192 1256 :
1205 1239 1218 1255 «
1232 1229 1342 1256 Judicis
1357 1231 1400 1257 est
1412 1229 1443 1256 in
1465 1229 1560 1256 causis
1572 1236 1677 1256 verum
1697 1227 1800 1263 sequi,

1030 1283 1084 1303 nec
1099 1277 1254 1303 nocentem
1269 1275 1429 1303 defendere
1441 1296 1448 1309 ,
1470 1283 1525 1302 nec
1540 1274 1738 1302 condemnare
1759 1273 1803 1299 in-

1030 1324 1196 1349 nocentem.
1213 1333 1225 1346 »
1244 1322 1265 1338 2⁰
1290 1321 1371 1354 «Qui
1387 1321 1524 1356 justificat
1546 1320 1685 1355 impium,
1706 1321 1734 1346 et
1751 1318 1802 1354 qui

1031 1368 1210 1395 condemnat
1226 1368 1354 1402 justum,
1379 1367 1588 1394 abominabilis
1614 1369 1656 1394 est
1679 1368 1803 1401 uterque

1031 1414 1112 1449 apud
1128 1416 1229 1441 Deum.
1243 1424 1257 1439 ›>
1282 1416 1351 1442 ltem
1367 1414 1530 1441 insinuatur
1550 1413 1612 1448 hic,
1628 1412 1711 1449 quod
1726 1411 1803 1447 judi-

1032 1461 1110 1487 cium
1135 1460 1224 1487 debet
1247 1468 1309 1487 esse
1331 1461 1361 1486 in
1383 1459 1587 1487 sententiando
1613 1459 1802 1492 ordinatum,

1032 1506 1102 1540 quia
1117 1506 1280 1533 secundum
1295 1505 1478 1532 voluntatem
1494 1505 1552 1532 Dei.
1570 1504 1644 1532 lllud
1664 1504 1742 1531 enim
1761 1505 1804 1530 est

1031 1552 1220 1579 reetiticatum
1241 1553 1269 1578 et
1286 1551 1455 1578 ordinatum
1471 1551 1617 1585 judicium
1629 1571 1638 1583 ,
1665 1549 1747 1585 quod
1771 1549 1804 1576 fit

1032 1597 1195 1624 seeundum
1214 1597 1346 1624 divinam
1360 1597 1559 1630 voluntatem,
1579 1604 1644 1631 quae
1664 1603 1726 1623 non
1739 1595 1804 1622 vult

1032 1643 1087 1670 nisi
1103 1643 1184 1678 quod
1197 1643 1307 1677 justum
1323 1645 1374 1670 est.
1392 1642 1468 1670 Infra
1484 1643 1505 1659 ²¹
1523 1651 1553 1669 :a
1565 1642 1657 1669 Nolite
1669 1641 1805 1676 judicare

1032 1689 1196 1716 secundum
1220 1689 1343 1723 faciem,
1365 1689 1417 1716 sed
1433 1689 1544 1723 justum
1562 1687 1706 1722 Judicium
1725 1686 1804 1722 judi-

1033 1737 1110 1769 cate,
1127 1744 1140 1760 »
1158 1734 1189 1762 id
1204 1737 1260 1769 est,
1275 1735 1439 1762 secundum
1453 1735 1621 1767 veritatem,
1638 1734 1678 1761 ait
1691 1733 1802 1763 Glossa.

1069 1783 1112 1809 31.
1135 1782 1167 1808 Et
1187 1781 1318 1816 sequitur
1337 1788 1405 1816 pars
1419 1781 1523 1807 ultima
1543 1779 1676 1815 capituli,
1697 1779 1728 1806 in
1744 1786 1806 1814 qua

1033 1827 1236 1854 corroboratio
1256 1826 1461 1854 confutationis
1476 1826 1630 1862 praemissae
1650 1824 1806 1852 calumnioe

1033 1872 1188 1908 multiplici
1197 1872 1361 1899 testimonio
1369 1893 1377 1906 ,
1390 1872 1738 1906 ib1282‘090testirn0ni11m,
1750 1872 1803 1897 etc.

1034 1918 1125 1946 Etilla
1137 1919 1166 1945 in
1177 1918 1250 1945 duas
1263 1927 1269 1945 :
1283 1918 1378 1953 primo
1397 1918 1633 1945 testimoniorum
1649 1916 1803 1951 adducti03

1034 1964 1167 1991 seeundo
1181 1966 1193 1991 J
1198 1964 1348 1991 udaeorum
1360 1964 1588 1991 discredentium
1603 1962 1806 1999 reprehensio,

1035 2012 1062 2038 et
1076 2010 1279 2038 obstinationis
1293 2010 1487 2037 manifestatio
1497 2030 1506 2044 ,
1524 2009 1567 2036 ibi
1583 2018 1589 2036 ι
1607 2010 1641 2036 Et
1655 2017 1706 2036 non
1721 2009 1806 2036 vultis

1034 2059 1124 2084 venire
1138 2057 1174 2083 azl
1189 2065 1237 2084 me.
1255 2056 1351 2083 Prima
1366 2056 1463 2083 adhuc
1478 2056 1508 2083 in
1529 2055 1604 2082 duas
1622 2064 1628 2082 ε
1643 2055 1741 2090 primo
1759 2063 1805 2082 re-

1035 2103 1131 2130 citatio
1145 2102 1226 2130 falsae
1243 2102 1417 2137 suspicionis
1439 2101 1682 2129 calumniantium
1689 2121 1698 2135 ,
1714 2103 1742 2128 et
1760 2099 1805 2127 di-

1035 2150 1162 2177 centium
1183 2157 1270 2176 suum
1291 2149 1490 2176 testimonium
1509 2156 1613 2176 verum
1635 2155 1696 2175 non
1723 2155 1803 2181 esse;

1035 2195 1165 2222 secundo
1181 2194 1344 2222 manifestat
1365 2202 1395 2221 se
1411 2195 1521 2222 habere
1537 2194 1718 2228 testimonia,
1738 2193 1779 2221 ibi
1796 2202 1803 2220 ε

1038 2243 1090 2269 Vos
1106 2243 1220 2269 misistis
1235 2241 1272 2268 ad
1283 2242 1409 2268 Joamzem
1421 2262 1429 2275 ‚
1443 2243 1498 2268 etc.

1071 2288 1115 2316 Ait
1137 2296 1208 2322 ergo
1231 2297 1237 2314 :
1258 2288 1288 2315 Sz·
1305 2295 1349 2320 eqo
1372 2289 1552 2314 testimonium
1573 2288 1695 2322 perhibeo
1714 2286 1746 2314 de
1766 2294 1806 2313 me

1035 2336 1105 2369 ipso,
1118 2335 1188 2361 illud
1201 2341 1253 2360 non
1267 2336 1307 2360 est
1328 2341 1429 2360 verum.
1446 2333 1502 2360 Sed
1516 2333 1643 2369 qualiter
1659 2332 1737 2361 hoe?
1753 2332 1806 2360 Su-

1035 2434 1066 2438 —
1081 2422 1100 2438 ¹³
1118 2421 1172 2450 lus„
1197 2427 1246 2451 vu,
1269 2422 1306 2445 51.
1328 2434 1358 2438 —
1375 2421 1395 2437 ’ὅ
1412 2421 1470 2450 Job,
1488 2426 1565 2451 xxix,
1582 2422 1618 2444 16.
1634 2432 1664 2438 -
1687 2420 1706 2436 ¹⁶
1719 2420 1806 2450 Greg.‚

1037 2457 1138 2486 Moral„
1153 2457 1197 2481 lib.
1218 2456 1286 2485 XlX,
1305 2463 1327 2480 c.
1343 2462 1397 2486 ιιν,
1418 2456 1449 2480 al.
1471 2462 1532 2486 xxv,
1551 2462 1578 2479 u.
1593 2456 1633 2479 46.
1647 2467 1678 2472 —-
1697 2455 1715 2469 ¹³
1734 2455 1806 2483 Gen„

1035 2498 1110 2522 niu,
1127 2494 1166 2515 21.
1182 2505 1212 2509 —
1229 2492 1247 2507 ¹⁷
1262 2492 1333 2522 Sap„
1348 2497 1395 2521 xii,
1412 2492 1450 2515 18.
1465 2504 1495 2510 —
1514 2490 1535 2507 ¹⁸
1547 2492 1629 2521 Dent„
1643 2495 1701 2520 xvi,
1719 2491 1757 2514 ¹8.
1775 2501 1806 2507 —·

1037 2527 1055 2541 ¹⁹
1077 2527 1140 2557 Cic.‚
1160 2527 1189 2550 ιΙε
1209 2526 1294 2557 Osfic..
1314 2527 1358 2550 lib.
1382 2527 1414 2550 ll.
1432 2539 1462 2544 —
1485 2526 1506 2542 ²⁰
1527 2526 1610 2554 Pron„
1630 2530 1697 2556 xvu,
1719 2526 1758 2549 15.
1775 2537 1806 2542 --

1037 2561 1054 2577 ²¹
1071 2562 1128 2592 lus„
1144 2568 1189 2593 vu,
1205 2563 1243 2586 24.

1070 2615 1100 2643 (α)
1118 2615 1178 2639 Caet.
1193 2614 1253 2639 edit.
1268 2620 1350 2638 suam.
1365 2627 1394 2632 —-
1411 2613 1444 2644 (b)
1459 2613 1516 2643 tria,
1529 2620 1581 2638 uon
1599 2615 1635 2638 ut.

1832 585 1915 610 Quales

1810 616 1832 636 in
1853 615 1914 642 judi·

1809 647 1843 668 cio
1865 651 1915 667 esse

1809 677 1915 698 debemus

1978 811 1983 822 -
1977 772 1985 800 .-
1972 436 1985 761 wan-..un-
1971 373 1980 428 Α*

1978 1391 1987 1528 —-.-
1978 1143 1987 1378 ahu—*—
1976 902 1987 1131 —-——-—5
1977 846 1987 890 1⁴-
