1987 3032
654 221 691 252 lN
714 221 798 252 CAP.
822 220 873 251 ΧΠ
899 218 1039 250 SANCTI
1061 218 1233 251 JOANNIS.

147 290 188 316 est
202 290 396 324 unguentum,
411 288 519 315 scilicet
534 287 724 319 contritionis,
737 286 915 319 devotionis,

148 337 176 362 et
188 335 311 370 pietatis.
327 335 456 362 Primum
476 336 517 360 est
538 333 725 368 pungitivum
740 335 767 359 et
782 332 915 359 dolorem

147 380 265 407 faciens.
288 379 454 407 Secundum
471 381 513 406 est
528 380 751 414 temperativum
769 378 816 414 (ιι),
832 378 914 404 dolo·

148 435 210 453 rem
222 425 471 453 leniensTertium
482 427 523 452 est
535 425 708 455 sanativum,
718 424 856 451 morbum
868 431 914 450 ex-

147 472 290 506 pellens.»
300 472 333 498 Et
346 470 387 497 ibi
402 471 527 497 multum
538 471 575 497 de
585 471 638 497 hoc
652 472 680 497 et
693 471 778 497 bene.
787 470 915 497 Primum

148 517 280 551 signatur
294 516 480 551 spiritualiter
491 524 542 551 per
557 518 752 550 unguentum,
762 523 823 551 quo
834 515 916 542 unxit

148 563 236 590 Maria
258 562 349 597 pedes
371 564 437 589 lesu
452 562 475 595 ¹3
498 562 661 588 seeundum
683 569 736 596 per
758 561 831 588 iilud
856 568 916 596 quo

147 609 231 635 unxit
244 608 307 642 hie3
324 609 440 635 tertium
455 616 507 643 per
522 608 599 634 istud
615 616 674 643 quo
690 607 772 634 unxit
784 608 794 623 “-’
810 615 917 642 corpus

147 655 214 681 Jesu
225 662 291 681 cum
306 654 369 681 aliis
384 654 477 681 Mariis
492 655 513 687 ³,
534 654 565 680 id
580 655 632 687 est,
651 662 717 680 cum
739 653 802 680 aliis
817 653 919 680 mulie-

147 700 239 727 ribus.
268 699 405 727 Perfectio
429 707 500 726 vero
525 700 667 734 unguenti
693 699 857 726 devotionis
880 699 917 725 si-

149 748 255 780 gnatur
270 753 303 772 ex
320 748 434 780 quarta,
450 746 558 772 scilicet
576 755 611 772 ex
631 754 705 781 pura
716 745 878 772 sinceritate
892 746 919 772 et

149 791 331 818 immixtione
347 791 420 825 aliis,
438 791 479 818 ibi
495 801 502 818 ε
520 793 644 818 Preliosz'.
662 791 737 819 Istud
755 793 797 818 est
810 791 918 826 pretio-

149 845 215 864 sum
229 837 258 864 in
276 845 381 871 genere
401 845 465 870 suo,
488 837 568 873 quod
584 840 625 864 est
649 837 815 864 immixtum
830 837 919 864 rebus

150 883 389 917 ignobilioribus,
398 884 458 910 sive
468 884 542 910 illud
558 885 599 910 est
614 884 773 919 pretiosum
786 883 867 918 quod
879 885 920 910 est

149 937 260 956 rarum.
274 930 283 945 ¹*
299 939 312 954 «
328 930 481 956 pretiosior
496 930 548 956 erit
560 929 604 956 vir
620 938 704 956 auro.
726 939 739 955 »
762 929 803 956 lbi
821 929 919 956 Hiero-

150 983 258 1010 nymus
268 975 277 991 ⁵
289 984 295 1001 ε
313 985 326 1000 «
340 976 430 1002 Omne
443 983 542 1002 rarum
553 977 595 1002 est
609 975 779 1011 pretiosum.
793 985 806 1000 n
817 976 827 991 ⁶
843 986 855 999 «
867 977 919 1002 Me-

150 1020 226 1047 liora
238 1023 304 1048 sunt
318 1021 410 1048 ubera
425 1024 474 1048 tua
487 1021 568 1054 vino,
583 1021 742 1055 fragrantia
763 1021 920 1056 unguentis

152 1066 279 1100 optimis.
294 1076 306 1091 ι)
324 1068 393 1093 Item
407 1066 549 1101 figuratur
561 1067 699 1101 perfectio
711 1067 875 1094 devotionis
885 1074 920 1093 ex

151 1112 314 1139 humilitate
336 1120 417 1146 vera,
437 1113 477 1139 ihi
499 1122 505 1140 :
526 1113 624 1140 Narcii.
646 1113 757 1140 Nardus
780 1113 858 1140 enim
880 1114 922 1139 est

151 1157 243 1185 herba
263 1158 373 1193 spicata
389 1159 433 1192 (b),
450 1158 480 1185 id
500 1161 550 1192 est,
569 1158 681 1185 habens
700 1158 805 1193 spicas,
821 1166 921 1185 secun-

153 1203 223 1230 dum
241 1203 384 1230 Isidorum
394 1205 413 1230 ⁷.
430 1203 440 1218 ⁸
458 1213 470 1228 ιι
486 1204 597 1231 Nardus
610 1212 693 1231 meus
706 1204 787 1231 dedit
797 1204 920 1230 odorem

153 1249 315 1284 suavitatis3
331 1260 344 1275 »
363 1250 404 1276 ibi
419 1250 537 1277 Glossa:
552 1259 565 1274 «
581 1250 692 1277 Nardus
708 1252 749 1277 est
763 1250 856 1277 herba
870 1250 922 1276 hu-

152 1296 229 1322 milis
247 1298 274 1323 et
296 1298 407 1323 naturae
421 1296 532 1330 calidae,
549 1297 579 1323 in
600 1305 659 1332 quo
684 1297 815 1331 signatur
839 1305 922 1324 amor

153 1342 199 1368 vel
221 1342 337 1369 dilectio
362 1350 429 1369 cum
450 1342 622 1371 humilitate.
646 1354 658 1369 »
690 1344 759 1370 Item
781 1342 923 1377 figuratur

153 1387 290 1423 perfectio
316 1388 481 1415 devotionis
504 1397 521 1416 a
545 1389 615 1416 fidei
639 1389 823 1422 rectitudine,
848 1389 889 1415 ibi
914 1397 920 1415 ε

152 1435 259 1460 Pz'sticz'.
286 1436 369 1461 Piscis
383 1435 392 1449 ⁹
408 1434 487 1461 enim
502 1443 604 1468 graece,
620 1436 685 1469 fides
706 1435 803 1461 latine.
827 1436 858 1461 Et
879 1434 922 1461 di-

155 1480 228 1507 citur
243 1480 283 1507 sic
298 1488 315 1507 a
330 1481 408 1514 loco,
422 1481 586 1507 secundun]
602 1481 795 1515 Augustinum
813 1481 842 1507 ¹⁰.
859 1482 923 1507 Haec

153 1529 195 1553 est
209 1526 283 1553 fides
299 1535 364 1561 quae
379 1526 466 1553 debet
481 1526 604 1560 dirigere
625 1527 823 1560 devotionem,
840 1528 866 1553 et
882 1527 922 1553 vi-

152 1572 280 1598 vificare.
298 1573 361 1598 Haec
381 1572 440 1599 ille.
464 1573 527 1607 Ipsa
542 1572 620 1598 enim
636 1574 677 1599 est
698 1573 717 1589 ²¹
737 1582 749 1597 «
764 1572 924 1598 substantia

152 1625 249 1644 rerum
274 1618 498 1652 sperandarum.
514 1628 528 1643 »
546 1620 614 1645 item
629 1618 770 1652 figuratur
785 1618 923 1652 perfectio

154 1663 319 1690 devotionis
332 1671 367 1689 ex
376 1663 491 1697 justitiae
501 1664 645 1698 aequitate,
656 1663 685 1689 in
696 1664 753 1690 hoc
764 1663 845 1698 quod
861 1663 900 1689 ait
916 1672 922 1689 ε

155 1711 264 1743 Accepit
289 1709 384 1735 libram
405 1711 544 1742 unquenti.
576 1710 608 1735 Ut
633 1709 712 1735 enim
734 1709 773 1735 ait
795 1709 925 1743 Augusti-

152 1755 236 1782 nus¹²
253 1764 279 1781 :«
295 1756 478 1789 Unguentum
490 1755 563 1782 illud
577 1754 757 1789 justitiafuit,
768 1755 836 1781 ideo
849 1755 925 1782 libra

154 1801 216 1827 fuit.
235 1812 248 1826 »
264 1801 349 1828 Libra
363 1801 438 1827 enim
454 1803 496 1827 est
513 1801 640 1836 perfecta
661 1808 798 1827 mensura
820 1808 883 1834 sua,
899 1803 926 1827 et

155 1849 222 1874 tunc
237 1849 279 1874 est
294 1847 413 1874 devotio
428 1847 544 1880 librata,
561 1846 681 1881 quando
702 1848 743 1872 est
762 1849 872 1872 mutua.
895 1848 926 1873 Et

155 1893 219 1920 talis
239 1894 359 1928 quauta,
378 1896 404 1920 et
419 1893 514 1927 qualis
536 1892 624 1918 debet
640 1893 716 1918 esse!
735 1892 754 1908 ¹³
772 1903 784 1916 u
801 1892 927 1919 Libravit

155 1939 184 1965 in
206 1939 339 1973 pondere
364 1941 487 1966 montes.
513 1948 526 1964 n
554 1940 604 1965 Per
626 1940 740 1965 montes
764 1938 926 1972 figurantur

158 1985 261 2012 animae
281 1985 525 2020 contemplativre,
544 1992 616 2019 quas
632 1984 720 2011 librat
733 1986 805 2011 Deus
826 1984 926 2011 coelica

159 2031 315 2058 devotione
333 2031 353 2048 ¹⁵
370 2040 396 2058 :«
413 2031 549 2058 Librabat
563 2031 655 2057 sontes
674 2038 827 2065 aquarum.
845 2040 857 2056 »
876 2031 927 2057 Per

159 2086 234 2113 quos
249 2078 342 2105 fontes
358 2078 509 2112 signantur
525 2078 628 2105 animae
639 2078 761 2109 devotae,
773 2077 927 2104 fundentes

158 2131 251 2159 aquas
278 2124 487 2158 lacrymarum.
511 2123 588 2151 Infra
613 2124 633 2140 ¹⁵
652 2132 657 2149 :
676 2123 785 2150 «Venit
807 2123 926 2150 Nicode-

157 2177 223 2196 mus
238 2169 346 2196 faciens
370 2170 526 2197 mixturam
548 2170 674 2205 myrrhre
689 2172 717 2196 et
737 2169 827 2202 aloes,
844 2169 927 2204 quasi

158 2215 248 2242 libras
262 2218 388 2249 centum,
409 2217 462 2242 etc.
485 2218 514 2243 lu
534 2223 657 2242 numero
673 2223 742 2242 vcro
763 2215 927 2242 centenario

158 2261 295 2295 perfectio
317 2261 510 2295 significatur,
529 2261 691 2288 secundum
709 2260 879 2294 Gregorium
896 2261 926 2287 ¹¹⁵.

158 2307 224 2333 Tale
241 2310 424 2341 unguentum
440 2308 526 2335 debet
541 2308 639 2334 anima
658 2307 753 2334 tidelis
772 2307 825 2334 sibi
848 2315 926 2334 com-

158 2360 268 2388 ponere
284 2354 303 2370 ¹⁷
316 2362 342 2380 z«
353 2354 449 2381 Facies
461 2355 620 2389 thymiama
633 2353 828 2389 compositum
839 2362 927 2389 opere

193 2424 200 2440 ¹
218 2424 265 2447 Luc
279 2443 284 2453 ,
301 2430 344 2454 ru,
360 2426 398 2449 38.
417 2438 446 2441 —
465 2425 472 2438 ²
491 2426 542 2448 Iuno
558 2424 635 2448 voluit
653 2431 757 2454 ungere.
773 2437 802 2441 —
816 2423 826 2439 ³
840 2425 928 2451 illm-eq

162 2464 219 2489 xvi,
239 2462 256 2483 1.
275 2472 303 2477 -
320 2464 325 2473 “
341 2460 399 2489 isa„
417 2466 478 2490 xm,
495 2463 532 2483 te.
549 2473 578 2477 —
593 2460 602 2476 ⁵
621 2460 734 2489 Hieron„
753 2460 886 2483 Commeat.
903 2467 928 2482 ιη

162 2494 222 2522 Isu.,
244 2495 287 2517 lib.
311 2496 359 2524 Vl,
380 2503 400 2518 c.
422 2501 479 2518 xm.
500 2508 530 2511 —
553 2496 563 2510 θ
587 2495 671 2524 Cant„
692 2500 713 2524 1,
740 2496 760 2518 1.
781 2507 812 2511 —
830 2495 840 2510 7
862 2494 929 2524 isid„

161 2529 341 2559 Elymol.,1ih.
359 2530 435 2560 xvn,
451 2537 473 2553 e.
487 2536 521 2553 lx.
532 2544 557 2546 —
575 2530 585 2545 Β
597 2531 709 2559 Caut.,1,
727 2532 761 2553 12.
774 2543 803 2547 —
815 2531 824 2546 ⁹
837 2530 928 2556 ΙΙίστις.

161 2577 190 2582 -
207 2566 227 2582 ¹⁰
237 2567 310 2596 Aug„
327 2567 352 2589 in
369 2567 450 2593 dmm„
466 2568 535 2589 tract.
554 2572 576 2594 L,
594 2573 619 2588 n.
638 2567 660 2589 G.
677 2579 705 2583 —
721 2567 736 2581 '¹
751 2566 835 2594 nebr„
851 2571 888 2594 Χῐ,
906 2568 928 2588 ¹1.

161 2612 190 2617 —
215 2601 234 2616 ¹²
257 2602 331 2631 Aug,
354 2601 397 2624 ubi
417 2608 472 2631 sup.
496 2608 569 2631 prox.
593 2613 622 2618 —
648 2600 667 2616 ¹³
690 2600 748 2627 lsa„
771 2606 818 2630 xL,
842 2601 878 2623 12.
899 2612 929 2616 —

163 2634 184 2650 ἱ·
201 2635 282 2664 Ρνου.,
300 2641 361 2666 viu,
376 2637 414 2660 28.
427 2649 456 2654 —
474 2637 492 2652 ¹⁶
505 2637 585 2665 doun„
600 2641 657 2664 xix,
672 2636 710 2659 39.
724 2648 755 2652 -
771 2635 788 2651 ¹⁸
803 2636 889 2665 Greg,
905 2635 929 2657 ιἰι

1678 220 1735 248 575

969 286 1163 321 unguentarii.
1184 296 1197 311 n
1215 286 1247 313 Et
1260 285 1304 312 ¹⁸:
1325 294 1337 309 «
1353 284 1564 318 Unguentarius
1587 283 1671 311 faciet
1694 283 1737 319 pi-

969 334 1120 365 gmentum
1144 331 1303 359 suavitatis.
1326 341 1339 357 »
1363 332 1418 358 Isto
1436 331 1587 364 unguento
1609 329 1736 365 pretioso

970 377 1057 404 debet
1071 378 1169 404 anima
1191 377 1298 404 devota
1319 383 1430 411 ungere
1443 375 1535 410 pedes
1553 377 1630 409 Jesu,
1654 374 1738 410 quod

969 426 1020 455 est,
1029 423 1190 450 secundum
1203 422 1396 457 Augustinum
1408 422 1438 455 ¹⁹,
1453 431 1466 446 «
1479 421 1554 448 bene
1566 421 1692 448 vivendo
1707 420 1737 454 (c)

970 468 1118 496 dominica
1140 469 1262 503 vestigia
1282 468 1394 495 sectari.
1414 469 1445 494 Et
1472 467 1538 494 illos
1554 468 1674 500 tergere,
1698 468 1740 493 est

970 515 1119 550 superflua
1134 515 1204 542 dare
1218 515 1408 550 pauperibus,
1424 515 1455 540 ut
1474 514 1513 540 ait
1532 513 1610 540 idern
1625 514 1739 546 Augus-

970 561 1055 588 tinus.
1072 563 1123 588 Per
1147 561 1238 597 pedes
1258 561 1335 588 enim
1356 561 1520 595 figurantur
1543 567 1688 595 pauperes
1713 561 1740 587 et

969 607 1111 641 humiles;
1124 615 1177 642 per
1192 607 1314 642 capillos
1327 615 1397 634 vero
1412 606 1575 641 figurantur
1590 605 1741 641 superflua

971 654 1031 680 sive
1044 653 1232 688 temporalia,
1249 653 1411 680 secundum
1424 652 1499 679 illud
1512 651 1533 668 ²⁰
1549 661 1575 679 :«
1590 651 1675 685 Quod
1688 651 1741 678 uni

972 707 1007 726 ex
1021 699 1149 725 minimis
1163 698 1278 731 fecistis,
1294 698 1366 725 mihi
1390 697 1504 725 fecistis.
1522 708 1534 724 »
1552 699 1584 725 Et
1598 706 1633 725 ex
1648 697 1740 725 odore

971 745 1101 780 praedieti
1124 744 1266 779 unguenti
1290 744 1454 771 devotionis
1478 743 1606 779 repletur
1622 743 1740 778 domus,

973 791 1042 825 quia
1062 790 1202 825 tergendo
1223 790 1314 825 pedes
1331 789 1434 817 Christi
1454 789 1531 816 dicto
1552 790 1643 817 modo
1663 797 1741 816 com-

972 844 1127 863 movemur
1141 845 1146 863 :
1163 836 1216 863 sed
1230 838 1381 870 unguenta
1392 837 1540 862 commota
1549 835 1693 870 redolent,
1703 835 1742 862 ait

973 882 1137 917 Gregorius.
1167 884 1237 910 Item
1265 881 1305 908 sic
1334 881 1473 916 tergendo
1503 881 1595 916 pedes
1627 881 1741 908 Domini

973 936 1073 955 amore
1096 928 1229 955 fervescit
1254 936 1260 954 :
1280 927 1331 954 sed
1350 929 1500 962 unguenta
1519 935 1586 953 cum
1603 926 1740 961 bulliunt,

974 975 1097 1002 odorem
1119 974 1246 1002 reddunt
1268 974 1333 1001 talis
1355 973 1459 1000 animae
1482 973 1595 1000 devotae
1619 973 1663 1000 2¹:
1686 982 1697 997 α
1711 973 1741 999 ln

975 1021 1098 1048 odorem
1119 1022 1337 1055 unguentorum
1360 1021 1477 1046 tuorum
1499 1027 1659 1046 curremus.
1680 1029 1691 1044 »
1712 1020 1742 1047 Et

974 1066 1086 1093 ibidem
1099 1067 1120 1082 ‘²2
1137 1075 1144 1092 .-
1161 1066 1273 1093 Nardus
1288 1073 1353 1092 mea
1369 1065 1450 1092 dedit
1470 1065 1593 1092 odorem
1614 1073 1709 1099 suum,
1725 1075 1736 1090 »

974 1112 1004 1138 id
1020 1114 1070 1144 est,
1088 1112 1186 1139 anima
1201 1111 1329 1145 humilis,
1344 1113 1370 1138 et
1382 1119 1483 1138 amore
1496 1111 1637 1138 devota?³
1652 1110 1742 1137 «Aliis

975 1166 1075 1184 sumus
1098 1157 1172 1184 odor
1187 1158 1251 1184 vitae
1275 1157 1305 1184 in
1319 1157 1420 1191 vitam,
1435 1167 1446 1181 »
1472 1159 1523 1184 etc.
1545 1156 1589 1183 Ad
1609 1156 1742 1183 imitatio-

975 1211 1043 1230 nem
1059 1211 1128 1237 ergo
1144 1203 1237 1231 Mariae
1253 1203 1377 1238 quilibet
1391 1202 1486 1229 fidelis
1502 1201 1625 1237 accipiat
1638 1201 1741 1228 libram

975 1249 1117 1283 unguenti
1140 1249 1280 1284 praedieti,
1300 1251 1327 1276 et
1347 1250 1438 1283 ungat
1457 1248 1548 1283 pedes
1568 1249 1633 1275 Jesu
1651 1247 1742 1274 modo

977 1295 1064 1322 dicto.

1061 1397 1173 1424 Collatz'o
1192 1398 1490 1431 qui⁷zqua9esmzaseaeta
1502 1417 1509 1430 ‚
1531 1404 1570 1424 ιιι
1585 1418 1593 1431 ,
1614 1398 1657 1424 15.

1013 1480 1076 1507 Ecce
1090 1488 1137 1507 rem
1157 1483 1217 1507 tuus
1235 1481 1309 1507 venit
1329 1480 1419 1507 sedens
1439 1488 1518 1514 super
1531 1481 1635 1514 pullum
1648 1481 1741 1507 asinoe.

978 1527 1008 1552 In
1023 1525 1068 1552 his
1084 1525 1179 1552 verbis
1200 1525 1371 1560 exprimitur
1395 1525 1570 1553 admiranda
1595 1526 1743 1553 humilitas

979 1572 1040 1598 Filii
1057 1572 1122 1604 Dei,
1143 1574 1170 1599 et
1190 1572 1332 1606 figuratur
1355 1572 1417 1605 ejus
1438 1571 1585 1598 excessiva
1605 1571 1741 1605 dignitas,

979 1618 1058 1644 Unde
1078 1617 1123 1644 his
1145 1617 1241 1644 verbis
1265 1617 1427 1651 figurantur
1450 1619 1593 1652 quatuor,
1615 1624 1744 1652 quorum

978 1663 1107 1697 primum
1132 1664 1174 1690 est
1197 1663 1258 1689 Filii
1284 1663 1330 1689 Dei
1356 1663 1575 1698 supereminens
1597 1663 1743 1697 dignitas,

979 1709 1020 1735 ibi
1044 1718 1050 1735 z
1071 1710 1142 1741 Ιίωες
1169 1708 1316 1741 secundo,
1340 1708 1471 1742 ejusdem
1498 1708 1745 1735 communicativa

980 1755 1114 1788 bonitas,
1127 1754 1168 1781 ibi
1186 1763 1192 1781 :
1210 1756 1297 1786 Tuus5
1312 1753 1408 1787 tertio,
1421 1753 1570 1787 dignativa
1580 1754 1743 1787 humilitas,

980 1801 1021 1828 ibi
1039 1810 1044 1827 :
1065 1802 1144 1827 Venit
1168 1800 1275 1832 sedens3
1296 1802 1418 1835 quarto,
1438 1800 1558 1833 animm,
1579 1800 1608 1826 in
1629 1807 1687 1835 qua
1704 1808 1746 1827 re-

981 1847 1102 1882 quiescit
1118 1848 1206 1880 Deus,
1226 1853 1357 1880 congrua
1377 1845 1586 1880 figurabilitas,
1601 1845 1642 1873 ibi
1659 1854 1666 1873 :
1682 1847 1745 1873 Pul-

982 1895 1034 1919 lum
1051 1895 1141 1919 asiuoe.

1016 1938 1060 1966 Ait
1083 1946 1153 1973 ergo
1176 1947 1182 1964 :
1204 1938 1269 1964 Ecce
1291 1946 1347 1964 rem.
1373 1939 1404 1964 Ut
1424 1945 1476 1972 per
1497 1937 1671 1965 adverbium
1694 1937 1745 1965 de-

982 1987 1157 2012 monstretur
1170 1993 1222 2012 sua
1241 1984 1389 2011 excessiva
1408 1984 1562 2018 majestas,
1578 1986 1604 2011 et
1620 1984 1746 2018 singula-

981 2031 1020 2058 ris
1035 2031 1176 2065 dignitas,
1192 2033 1220 2058 et
1240 2030 1479 2066 incomparabilis
1498 2032 1638 2065 potestas,
1654 2032 1681 2057 ct
1701 2030 1745 2057 sui

981 2077 1131 2111 regiminis
1151 2079 1178 2103 et
1196 2076 1279 2110 regni
1304 2076 1470 2110 (eternitas,
1492 2077 1524 2102 ut
1551 2076 1591 2102 ait
1612 2076 1746 2110 Augusti-

982 2131 1036 2150 nus
1050 2122 1070 2139 24
1087 2131 1092 2149 :
1107 2132 1120 2147 ι(
1135 2124 1197 2149 Non
1213 2122 1291 2149 enim
1310 2129 1361 2148 rex
1383 2121 1469 2149 Israel
1486 2121 1612 2148 Christus
1627 2122 1666 2149 ad
1686 2121 1746 2148 exi-

982 2169 1112 2203 gendum
1127 2168 1266 2195 tributum
1277 2188 1285 2201 ,
1302 2168 1353 2194 sed
1373 2169 1431 2194 Rex
1447 2167 1548 2201 israel,
1565 2167 1646 2202 quod
1666 2175 1747 2194 men·

982 2218 1024 2242 tes
1043 2216 1142 2249 regat,
1165 2213 1247 2249 quod
1270 2214 1300 2240 in
1323 2215 1463 2240 aeternum
1488 2213 1640 2246 consulat,
1665 2213 1746 2248 quod

982 2261 1012 2287 in
1040 2268 1163 2294 reguum
1195 2259 1336 2286 coelorum
1373 2259 1522 2286 credentes
1540 2279 1548 2292 ,
1577 2260 1725 2294 sperantes
1737 2279 1745 2293 ,

983 2307 1171 2340 amantesque
1186 2305 1335 2340 perducat.
1352 2315 1365 2330 »
1388 2304 1464 2332 Infra
1476 2305 1497 2321 ²³
1511 2313 1536 2332 :«
1551 2306 1580 2331 ln
1595 2305 1651 2332 hoc
1663 2306 1747 2331 natus

983 2361 1064 2385 sum,
1079 2362 1091 2377 »ι
1111 2351 1193 2386 quod
1214 2359 1278 2377 sum
1302 2358 1353 2377 rex
1364 2371 1372 2384 ,
1395 2350 1512 2377 scilicet.
1529 2351 1560 2377 Et
1575 2350 1684 2377 ibidem
1700 2351 1722 2367 ²⁸
1739 2359 1744 2377 :

983 2416 1082 2444 Ezech„
1101 2415 1144 2438 lib.
1162 2415 1194 2438 ΙΙ,
1212 2413 1280 2437 honi.
1298 2419 1372 2443 xv1u,
1388 2413 1419 2437 ni.
1437 2419 1471 2443 vx,
1487 2420 1511 2437 n.
1530 2415 1566 2437 16.
1582 2427 1607 2431 —
1624 2414 1642 2429 ¹⁷
1660 2413 1747 2442 Ε.τ()(1,,

985 2457 1046 2479 λιιι,
1066 2452 1104 2474 23.
1123 2463 1152 2467 —
1168 2450 1187 2465 ¹³
1204 2449 1290 2478 ficosi„
1304 2454 1417 2478 Δυιυιιιι,
1431 2450 1454 2471 7.
1471 2462 1497 2466 —
1513 2449 1531 2465 ¹⁰
1546 2451 1619 2478 Aug„
1637 2449 1678 2471 ubi
1691 2456 1747 2478 sup.

983 2499 1013 2504 --
1028 2487 1046 2500 ²⁴¹
1061 2485 1140 2509 Mami
1154 2502 1160 2512 ,
1177 2490 1236 2513 ΧΠ,
1252 2485 1290 2507 46.
1305 2496 1332 2500 --
1347 2484 1366 2499 ²¹
1380 2484 1462 2513 Cant.‚
1476 2490 1493 2513 1,
1509 2486 1570 2507 ι’.-
1585 2483 1747 2513 η11)ἰ(1.,1ῑ5.

984 2535 1013 2539 —
1028 2521 1049 2537 ‘³³
1069 2521 1086 2543 ΙΙ
1105 2520 1172 2547 Cora,
1193 2525 1223 2548 11,
1246 2520 1281 2542 16.
1297 2531 1327 2535 -
1347 2518 1365 2532 ²⁶
1388 2521 1463 2549 Aug,
1485 2520 1510 2541 in
1529 2519 1607 2546 doma..
1627 2521 1699 2542 tract.
1723 2524 1746 2547 L,

985 2564 1010 2579 n.
1029 2557 1050 2579 4.
1062 2568 1090 2572 -
1105 2555 1126 2571 ΞΒ
1139 2555 1219 2583 Ιοιιιι.,
1237 2559 1299 2576 Χνιιι
1310 2571 1316 2583 ,
1334 2554 1412 2577 37.—
1426 2554 1447 2569 ’²³
1465 2553 1535 2583 thid„
1549 2555 1587 2577 2³6.

1018 2599 1048 2627 (a)
1069 2598 1129 2620 Coet.
1149 2596 1207 2618 mlii.
1227 2595 1431 2624 temperativum.
1446 2609 1476 2613 —
1492 2595 1522 2626 (b)
1540 2594 1580 2618 Al.
1595 2594 1702 2624 spicosa.
1721 2606 1745 2611 —

987 2633 1017 2662 (c)
1034 2633 1093 2656 Gaet.
1109 2631 1168 2654 edit.
1186 2629 1295 2654 vivendi.
