1987 3032
711 239 914 271 EXPOSITIO
938 239 976 270 IN
998 239 1083 271 GAP.
1107 239 1169 271 XX.

145 306 266 334 cordis:
290 304 363 333 nihil
384 304 489 332 veritas
514 311 566 339 per
590 304 791 340 duplicitatem
814 307 880 333 fecit
905 316 911 333 ε

145 353 234 380 talem
248 360 278 379 50
293 351 411 378 exhibet
435 350 464 376 in
485 357 618 384 corpore,
642 352 737 386 qualis
761 352 841 386 apud
865 360 915 379 005

147 398 251 425 eratin
265 398 370 424 mente.
396 406 409 420 »
435 396 497 422 Haee
512 395 570 422 illc.
594 398 615 423 A
635 396 721 423 simili
744 399 844 432 posset
857 405 917 423 res-

146 443 272 479 ponderi
288 450 323 469 ex
344 443 427 476 parte
446 441 509 475 ista,
526 442 607 476 quod
630 443 700 477 quia
724 443 830 469 mulier
856 451 916 469 non

147 489 282 516 habuerit
295 488 414 522 plenam
426 487 517 514 fidem
532 495 590 514 suoe
605 489 832 522 resurrectionis,
848 489 916 516 ideo

148 535 179 561 in
195 534 243 560 tali
257 533 352 567 specie
367 533 392 559 ei
408 533 552 567 apparuit.
565 535 597 560 Et
609 535 641 560 ut
650 533 690 560 ait
702 534 877 568 Augustinus
888 540 895 554 1
910 543 915 559 :

151 579 280 606 «Fidem
304 579 430 605 docebat
450 580 540 611 105115,
559 587 625 606 cum
644 579 701 606 hoc
722 579 772 606 illu
796 588 917 615 respon-

150 625 241 658 deret,
258 626 284 651 et
297 624 469 651 hortulanus
484 624 532 651 ille
548 625 577 651 in
590 625 679 652 corde
693 626 716 659 ej
723 634 765 659 115,
779 628 918 660 tanquam

151 671 180 697 in
200 670 286 697 horto
302 678 354 697 suo
369 678 495 704 granum
509 671 618 706 sinapis
637 671 809 698 seminabat.
826 682 838 697 »
856 672 919 699 erc

151 717 210 744 ille.
227 717 307 745 {dem
315 717 469 751 Gregorius
482 718 502 750 Ξ,
514 717 595 752 quod
611 728 624 742 (ι
637 717 666 744 111
681 718 743 752 ejus
758 720 873 752 pectore
882 718 919 753 (a)

152 763 264 790 semina
278 763 416 790 virtutum
432 763 466 798 (b)
479 763 630 798 plantavit.
644 774 657 788 »
671 763 751 790 Unde
767 766 794 790 et
809 772 897 799 supra
912 764 921 779 ³

152 809 192 836 ait
207 818 213 835 ι
233 819 246 834 «
261 811 343 836 Pater
358 817 439 836 meus
459 809 590 843 agricola
605 811 655 836 est.
672 820 684 833 »
703 811 733 836 Et
754 812 825 836 nota
839 810 919 844 quod

155 854 292 882 Dominus
307 855 444 890 apparuit
460 857 526 890 post
545 855 788 882 resurrectionem
811 855 839 882 in
856 864 920 890 spe-

154 900 196 927 cie
211 900 315 935 triplici
333 909 338 926 ε
355 901 385 927 111
409 901 504 936 specie
519 901 668 928 hortulani
691 901 747 932 1110,
763 901 793 927 111
816 901 921 935 figura,

154 947 236 982 quod
258 947 415 974 resurrexit
439 947 478 974 ad
506 947 752 974 illuminationem
781 947 922 982 incipien-

154 992 226 1019 tium
243 993 292 1027 (c);
309 993 377 1019 item
392 993 528 1028 apparuit
549 993 579 1019 in
604 993 700 1028 specie
721 993 878 1028 peregrini,
894 994 924 1020 in

154 1038 260 1072 figura,
281 1039 364 1073 quod
385 1039 521 1074 apparuit
535 1039 574 1065 ad
594 1039 814 1066 instructionem
835 1039 924 1074 profi-

155 1084 310 1117 cientium3
326 1084 395 1112 item
410 1085 546 1119 apparuit
560 1084 590 1111 in
610 1085 705 1120 specie
726 1085 865 1119 crucifixi,
881 1085 925 1111 in-

155 1129 199 1156 fra
211 1131 221 1146 '⁴
236 1130 341 1157 eodem
359 1139 365 1156 :
386 1140 398 1155 «
413 1130 542 1157 Ostendit
564 1130 604 1157 eis
619 1138 733 1163 manus,
750 1133 777 1157 et
790 1131 892 1165 pedes,
909 1141 921 1155 η

155 1175 185 1202 111
211 1175 308 1210 figura
335 1176 416 1210 quod
444 1176 599 1202 resurrexit
624 1176 663 1203 ad
688 1176 926 1203 informationem

155 1220 366 1256 perfectorum,
389 1223 417 1248 et
445 1221 558 1248 mundo
586 1224 780 1249 mortuorum.
805 1224 837 1249 Et
857 1224 927 1249 nota

157 1266 238 1301 quod
253 1267 368 1300 mulier,
383 1267 543 1294 secundum
564 1267 759 1301 Augustinum
781 1269 802 1301 ⁵,
824 1267 877 1294 fuit
891 1268 926 1294 fi-

156 1320 230 1346 gura
242 1312 374 1339 Ecclesiae
390 1313 530 1347 gentium,
542 1321 607 1348 quae
623 1321 682 1340 non
695 1313 820 1340 credidit
833 1314 927 1340 Chris-

157 1361 218 1385 tum
233 1358 289 1385 nisi
305 1360 461 1393 postquam
478 1359 609 1386 ascendit
632 1359 670 1386 ad
689 1362 812 1386 Patrem,
835 1362 866 1387 Et
885 1368 929 1387 se-

158 1404 256 1440 quitur
277 1404 435 1432 Salvatoris
461 1404 624 1432 admonitio
647 1414 714 1432 cum
737 1406 799 1439 ejus
824 1414 928 1433 execu-

158 1451 246 1484 tione,
263 1451 304 1477 ibi
323 1459 328 1476 :
347 1450 420 1477 Vade
435 1451 470 1477 ad
484 1452 584 1483 fratres
604 1459 672 1478 meos
689 1460 695 1477 z
713 1453 741 1478 et
755 1452 785 1478 in
809 1451 864 1479 hoc
878 1460 929 1487 pa-

158 1498 197 1523 tet
205 1496 434 1524 condescensiva
445 1504 498 1523 sua
512 1496 628 1523 bonitas
637 1499 665 1523 et
676 1496 834 1531 humilitas,
847 1498 929 1533 quod

157 1544 244 1569 vocat
271 1541 432 1576 discipulos
460 1543 569 1574 fratres.
598 1542 678 1568 Unde
702 1542 730 1568 in
755 1543 870 1569 Psalmo
894 1542 928 1570 ⁶:

162 1597 174 1612 (ι
189 1587 319 1614 Narrabo
334 1595 444 1614 nomen
458 1589 541 1614 tuum
556 1587 693 1615 fratribus
708 1588 790 1615 meis.
807 1598 820 1613 »
836 1589 869 1614 Ει
886 1589 930 1616 dic

158 1635 196 1661 eis
207 1642 216 1660 :
231 1633 351 1660 Ascendo
367 1634 402 1660 acl
414 1636 519 1668 patrem
533 1641 618 1660 meum
636 1642 642 1659 :
662 1643 674 1659 «
688 1635 750 1661 Non
767 1634 928 1668 confestim,

160 1679 211 1707 sed
237 1681 302 1714 post
328 1679 522 1714 quadraginta
547 1679 608 1706 dies
625 1700 632 1713 ,
660 1690 673 1704 »
698 1679 737 1706 ait
760 1680 930 1714 Chrysosto—

161 1733 226 1752 mus
245 1726 278 1751 ⁷:
304 1736 317 1749 «
341 1727 368 1752 et
390 1725 447 1752 hoc
469 1725 523 1759 ait,
548 1725 658 1758 erigere
682 1725 718 1759 (d)
743 1725 845 1752 volens
870 1726 930 1760 ejus

161 1773 299 1804 mentem,
326 1771 433 1798 scilicet
461 1771 500 1797 ad
525 1770 724 1803 credendum,
753 1773 780 1797 et
807 1771 930 1798 suadere

161 1817 304 1852 quoniam
332 1817 371 1843 ad
395 1816 485 1843 coelos
508 1816 589 1843 abiit.
612 1826 624 1841 n
651 1816 706 1843 Sed
733 1817 870 1851 quzcritur
894 1817 930 1844 de

161 1862 252 1889 modo
267 1861 411 1897 loquendi
426 1870 432 1887 :
449 1870 483 1888 ex
499 1869 559 1897 quo
583 1862 721 1896 praemisit
738 1870 743 1888 :
763 1865 809 1889 Dic
830 1864 930 1895 fratri-

161 1909 207 1935 bus
222 1909 298 1942 meis,
314 1915 405 1943 quare
421 1915 481 1934 non
505 1907 544 1934 ait
561 1915 566 1932 :
583 1907 631 1933 Dic
653 1907 694 1934 015
719 1916 725 1934 :
747 1908 878 1935 Ascendo
892 1909 931 1936 ad

161 1955 276 1989 patrem
290 1955 422 1980 nostrum
433 1954 446 1979 ‘t
466 1955 497 1980 Et
514 1952 551 1979 ad
573 1953 629 1980 hoc
648 1954 805 1988 respondet
820 1958 931 1988 Augus-

162 2000 238 2026 tinus
260 2000 281 2033 8,
303 1999 385 2034 quod
403 2008 415 2023 ι(
440 1998 506 2025 ideo
530 1999 570 2025 ait
594 2008 600 2025 :
627 2000 741 2026 Ascendo
768 2000 804 2026 ad
825 2004 930 2035 patrem

162 2054 258 2078 meum,
273 2045 343 2080 quia
359 2044 442 2072 aliter
463 2052 557 2078 meum,
575 2044 657 2071 aliter
672 2048 787 2071 vestrum
805 2053 810 2071 :
828 2047 932 2072 natura

164 2099 259 2125 meum,
276 2090 369 2125 gratia
390 2093 515 2117 vestrum.
545 2090 702 2117 Similiter:
728 2092 811 2117 Deum
836 2099 931 2125 meam,

163 2137 218 2164 sub
236 2145 296 2172 quo
311 2144 366 2171 ego
382 2144 465 2170 sum,
482 2137 564 2162 Deam
584 2139 711 2169 vestrum,
727 2136 800 2163 inter
816 2145 890 2171 quos
905 2139 932 2164 et

164 2183 262 2218 ipsum
277 2182 422 2209 mediator
436 2190 512 2208 sum.
529 2191 541 2206 »

201 2230 242 2256 18.
255 2229 334 2256 Venit
349 2228 441 2255 Maria
455 2229 630 2261 annuntians,
641 2229 693 2254 etc.
711 2227 767 2255 Sed
782 2228 930 2263 quieritur,

165 2274 290 2310 qualiter
315 2282 368 2309 per
392 2273 546 2300 mulierem
575 2273 757 2300 annuntiavit
784 2274 932 2309 discipulis

165 2319 418 2352 resurrectionem,
434 2327 502 2346 cum
522 2318 599 2345 dicat
620 2318 775 2353 Apostolus
789 2320 799 2335 ⁰
815 2328 821 2346 2
841 2329 853 2344 ιι
875 2321 933 2346 Mu-

165 2365 229 2393 lieri
244 2365 351 2392 docere
366 2372 426 2392 non
442 2364 588 2400 permitto.
606 2374 618 2389 »1
638 2366 669 2391 Et
684 2365 703 2383 ¹0
720 2373 746 2390 :«
755 2365 888 2392 Mulieres
902 2365 933 2392 in

165 2411 298 2439 Ecclesiis
312 2412 435 2438 taceant.
452 2420 465 2436 n
485 2411 517 2437 Et
538 2409 576 2437 ad
596 2410 673 2437 istud
693 2411 933 2445 respondendum

198 2471 204 2486 ¹
224 2472 339 2501 August,
358 2469 399 2493 ubi
415 2477 481 2500 sup„
496 2476 522 2493 n.
541 2471 563 2493 3.
582 2482 610 2486 -
628 2470 638 2485 ²
652 2471 767 2500 Gregor„
784 2471 809 2493 iu
828 2472 933 2501 Erariy,

167 2507 235 2530 110111.
253 2512 312 2535 xxv,
331 2512 357 2529 u.
381 2508 399 2529 ’1.
419 2518 448 2522 -
469 2505 479 2521 ³
495 2507 566 2534 Sul»,
585 2511 628 2534 xv,
651 2508 671 2528 1.
690 2518 720 2522 -
741 2505 750 2521 ⁴
772 2506 828 2535 11112,
849 2508 886 2530 20.
905 2520 932 2522 —

167 2541 177 2556 ⁵
192 2543 264 2570 Aug„
286 2541 327 2564 ubi
348 2548 404 2571 sup.
421 2551 435 2554 a
472 2540 482 2555 ὅ
502 2540 570 2563 psat.
592 2545 651 2567 xxi.
668 2541 706 2564 23.
723 2553 752 2557 —
774 2542 779 2544 “
794 2540 934 2572 Ch1·ysost.‚

169 2575 209 2598 ubi
225 2582 290 2606 sup„
304 2583 330 2600 n.
346 2577 370 2599 2.
384 2588 414 2592 —
430 2576 437 2589 Β
452 2576 526 2604 Aug„
543 2574 583 2597 ubi
599 2582 653 2605 sup.
667 2587 696 2591 -—
708 2575 717 2591 ⁹
733 2576 740 2598 1
758 2576 877 2605 Tim.,11,
898 2578 932 2600 12.

171 2623 195 2627 -
213 2611 248 2633 ¹⁰l
263 2611 332 2638 Cor„
346 2616 398 2639 xiv,
415 2611 452 2634 34.
463 2623 494 2628 —
506 2610 522 2625 ¹¹
541 2611 626 2639 Greg„
642 2609 684 2633 ubi
697 2616 762 2640 sup„
776 2617 800 2633 n.
815 2613 837 2641 6,
851 2612 933 2641 quoad

169 2651 280 2669 sensum.
296 2658 321 2662 -
336 2646 354 2661 ¹²
371 2645 433 2669 thid.
447 2657 477 2662 -·
492 2645 511 2661 ¹³
528 2644 583 2674 inf„
598 2645 635 2668 26.
650 2657 681 2662 —
697 2645 712 2658 ¹‘
726 2645 782 2675 lnf.,
798 2652 850 2676 xxi,
869 2649 889 2669 i.
905 2659 934 2663 —

327 2698 389 2719 Tou
409 2697 451 2719 Xl.

1677 250 1734 280 513

972 308 1013 332 est
1028 307 1189 334 secundum
1217 308 1358 343 Glossam,
1374 317 1440 345 quse
1459 311 1507 344 ait,
1524 312 1606 346 quod
1624 314 1738 341 mulier

973 353 1034 379 viro
1050 355 1175 380 mortem
1195 355 1381 389 propinavit,-
1398 356 1488 383 modo
1513 357 1601 384 vitam
1626 360 1738 387 nuntia-

972 398 1013 424 vit
1027 399 1090 425 viro
1107 407 1114 423 :
1131 399 1347 434 dispensatione
1370 410 1440 436 ergo
1455 402 1555 430 divina
1577 404 1617 430 510
1631 404 1739 432 sactum

973 447 1024 470 est.
1040 446 1072 471 Et
1087 444 1123 471 de
1137 445 1194 472 hoc
1208 446 1362 480 Gregorius
1376 447 1452 474 bene
1470 448 1486 464 ¹¹
1501 457 1507 475 :
1526 450 1561 475 De
1576 457 1635 484 qua
1649 458 1739 478 manu

973 489 1077 516 allatus
1093 493 1134 517 est
1148 493 1234 525 potus
1250 492 1360 526 mortis,
1383 493 1514 520 similiter
1536 497 1563 521 et
1582 495 1656 522 vitae.
1680 506 1692 521 »
1711 498 1742 524 Et

973 534 1015 560 ibi
1031 535 1105 562 bene
1122 536 1157 562 de
1173 536 1238 563 hoc.
1255 539 1287 564 Et
1302 538 1337 564 de
1363 539 1518 573 praemissis
1539 541 1636 567 verbis
1662 541 1741 568 idem

975 580 1130 614 Gregorius
1146 581 1175 615 ¹2,
1191 582 1278 616 bene,
1294 587 1321 610 et
1334 584 1469 611 multum.
1491 587 1523 612 Et
1536 585 1577 612 ibi
1593 590 1744 614 enumerat

975 627 1129 660 Gregorius
1156 628 1309 663 privilegia
1336 630 1416 657 istius
1449 634 1554 658 sanctie
1582 633 1712 660 mulieris
1735 642 1742 660 z

979 682 991 695 u
1007 671 1133 699 Sedebat
1148 673 1185 699 ad
1200 674 1291 708 pedes
1314 677 1389 708 Jesu,
1406 678 1433 703 et
1456 677 1517 711 ejus
1538 677 1629 705 verba
1645 678 1746 706 audie-

977 716 1036 750 bat,
1052 717 1161 744 viventi
1187 719 1348 747 adhaeserat
1377 731 1382 747 :
1410 725 1559 750 mortuum
1585 725 1744 759 quaerebat,

977 763 1123 790 viventem
1137 766 1254 799 reperit,
1281 768 1449 802 tantumque
1472 769 1571 796 locum
1590 771 1745 804 3101100111-

977 809 1066 842 venit,
1080 812 1112 836 ut
1126 810 1201 837 hanc
1216 811 1286 846 ipsis
1302 814 1452 847 apostolis,
1466 816 1575 842 nuntiis
1594 817 1665 851 ejus,
1682 817 1746 852 ipsa

978 856 1132 883 nuntiaret.
1153 867 1166 881 n
1194 859 1225 884 Et
1251 858 1292 884 ibi
1319 862 1419 886 monet
1445 862 1599 895 Gregorius
1621 871 1627 888 :
1648 874 1659 886 α
1684 865 1747 890 Non

979 909 1040 927 esse
1056 901 1273 936 desperandum
1292 904 1417 938 perfecte
1435 907 1584 941 poenitenti
1599 910 1665 942 post
1678 916 1746 944 pec-

979 948 1086 974 calum.
1103 958 1115 972 n

1016 993 1058 1019 is).
1073 995 1104 1020 Et
1119 994 1250 1028 sequitur
1265 995 1317 1022 illa
1334 1004 1412 1031 pars,
1430 998 1460 1024 in
1476 1006 1535 1033 qua
1553 1000 1747 1028 manifestatio

980 1039 1197 1066 resurrectionis
1208 1041 1277 1075 ipsis
1286 1042 1436 1078 discipulis
1449 1053 1454 1070 :
1466 1044 1529 1071 Cum
1540 1053 1594 1072 sero
1608 1049 1682 1078 esset,
1693 1049 1746 1074 etc.

981 1085 1012 1110 Et
1026 1084 1077 1111 illa
1093 1085 1122 1111 in
1138 1087 1204 1119 tres,
1221 1088 1383 1115 secundum
1404 1091 1461 1116 tres
1475 1091 1724 1119 manifestationes
1741 1103 1747 1120 :

982 1137 1107 1164 quarum
1126 1131 1221 1165 prima
1236 1132 1289 1159 fuit
1308 1136 1450 1168 quantum
1472 1136 1511 1162 ad
1531 1140 1694 1173 aspectum3
1708 1147 1750 1166 se-

983 1175 1090 1209 cunda,
1106 1179 1249 1210 quantum
1263 1178 1301 1204 ad
1315 1181 1423 1206 tactum
1435 1181 1482 1215 (e);
1500 1183 1591 1216 tertia,
1606 1186 1750 1218 quantum

983 1221 1021 1247 ad
1034 1224 1159 1254 gustum.
1184 1224 1213 1249 lu
1228 1224 1324 1258 prima
1339 1226 1470 1253 exhibuit
1492 1236 1521 1254 se
1544 1229 1700 1263 visibilem,
1713 1231 1751 1257 ad

984 1268 1195 1294 removendam
1211 1269 1445 1298 incredulitatem
1461 1273 1673 1308 discipulorum
1687 1284 1750 1302 om-

984 1312 1074 1338 nium.
1093 1314 1122 1340 In
1137 1315 1267 1342 secunda
1290 1324 1319 1343 50
1345 1317 1477 1345 exhibuit
1501 1319 1693 1355 palpabilem,
1714 1322 1753 1348 ad

984 1359 1195 1386 removendam
1215 1360 1449 1390 incredulitatem
1468 1364 1595 1399 Thomae,
1611 1366 1686 1394 infra
1704 1375 1753 1394 eo-

985 1404 1052 1430 dem
1068 1405 1086 1420 ¹³
1099 1414 1105 1431 z
1122 1407 1158 1431 Et
1168 1410 1228 1439 post
1243 1408 1300 1434 dies
1315 1410 1380 1442 octo,
1397 1412 1462 1444 etc.;
1476 1410 1505 1436 in
1520 1411 1602 1438 tertia
1618 1413 1753 1447 apparuit

984 1449 1110 1477 invitans
1138 1452 1176 1478 ad
1200 1453 1377 1486 prandium,
1399 1455 1459 1482 sive
1482 1456 1520 1483 ad
1548 1459 1685 1492 gustum,
1709 1458 1754 1485 in-

984 1498 1097 1522 struens
1111 1497 1231 1524 beatum
1247 1500 1370 1533 Petrum,
1388 1503 1415 1528 et
1429 1501 1459 1527 in
1471 1501 1534 1537 ipso
1548 1503 1691 1530 instruens
1706 1506 1754 1531 Ec-

986 1541 1119 1576 clesiam,
1141 1543 1215 1569 infra
1229 1544 1366 1578 proximo
1387 1546 1406 1562 ¹¹¹
1427 1555 1433 1572 :
1457 1549 1549 1574 Postea
1569 1551 1754 1582 manifestavit

984 1594 1011 1613 se
1025 1589 1133 1622 ste-rum,
1157 1591 1209 1616 etc.
1239 1591 1269 1617 ln
1294 1591 1390 1626 prima
1417 1594 1543 1627 quatuor
1570 1595 1627 1629 :(s)
1646 1595 1753 1630 primo,

985 1632 1048 1667 ipsa
1058 1634 1213 1669 apparitio,
1226 1638 1253 1662 et
1263 1638 1429 1671 apparentis
1444 1639 1581 1667 allocutIO
1592 1650 1599 1674 3
1611 1642 1752 1677 secundo,

986 1678 1198 1713 discipulorum
1219 1683 1442 1718 congratulatio,
1463 1685 1503 1712 ibi
1519 1686 1538 1703 ¹⁵
1555 1695 1561 1712 :
1587 1687 1679 1713 Gavisa*
1693 1691 1755 1714 sunt

985 1724 1124 1758 discipuli,
1153 1727 1222 1760 etc.;
1248 1728 1351 1762 tertio,
1373 1731 1546 1758 eorumdem
1569 1732 1753 1767 confortatio,

985 1769 1026 1795 ibi
1044 1770 1062 1785 ¹⁶
1080 1779 1085 1796 :
1104 1772 1181 1797 Discit
1204 1780 1262 1806 erqo
1280 1775 1349 1808 illis,
1373 1777 1444 1809 etc.,·
1462 1779 1582 1812 quarto,
1606 1779 1754 1813 sequentis

986 1816 1177 1850 apparitionis
1187 1817 1319 1846 incidens
1331 1821 1457 1856 occasio,
1470 1823 1511 1850 ibi
1525 1824 1558 1850 ¹⁷:
1578 1825 1688 1852 Thomas
1702 1834 1754 1853 non

986 1865 1043 1888 erat
1058 1870 1115 1888 cum
1130 1865 1177 1897 eis,
1195 1867 1248 1891 010.

1021 1907 1064 1934 Α11
1079 1916 1148 1943 ergo
1165 1918 1171 1936 ;
1193 1911 1249 1937 {sna
1263 1913 1442 1947 sabbatorum,
1457 1915 1487 1941 id
1505 1917 1556 1950 est,
1570 1916 1674 1944 diebus
1690 1918 1753 1953 qui-

986 1953 1040 1979 bus
1055 1954 1278 1984 sabbatizabant
1289 1958 1391 1992 Judaei,
1408 1960 1438 1986 id
1452 1963 1503 1994 cst,
1518 1962 1614 1996 prima
1630 1963 1676 1990 die
1691 1972 1752 1999 sep-

986 1999 1112 2033 timanae,
1142 2002 1224 2035 cujus
1251 2004 1388 2038 quwlibct
1422 2006 1483 2033 dies
1509 2010 1569 2034 erat
1597 2009 1753 2036 sabbatum

986 2049 1104 2080 propter
1127 2047 1231 2075 festum
1254 2058 1436 2085 azymorum.
1465 2055 1514 2080 Ubt'
1537 2058 1612 2082 erant
1627 2056 1754 2090 discipuli·

986 2095 1138 2126 conssreqatc'
1150 2098 1259 2128 propiet·
1272 2099 1367 2123 metum
1382 2099 1548 2134 Judaeorum,
1565 2103 1595 2128 ut
1612 2101 1668 2128 hoc
1683 2102 1753 2129 refe-

987 2140 1066 2164 ratur
1080 2138 1118 2165 ad
1135 2143 1302 2176 utrumque,
1320 2143 1390 2178 quia
1404 2146 1431 2171 et
1451 2145 1527 2172 sores
1543 2149 1624 2173 erant
1638 2147 1754 2182 clausae,

987 2186 1013 2211 01
1026 2183 1079 2219 ipsi
1094 2188 1260 2221 congregati
1284 2192 1395 2223 propter
1409 2193 1507 2218 metum
1523 2194 1685 2221 Juo'oeorutm
1705 2196 1754 2222 Ve—

987 2232 1120 2264 1111105113,
1130 2232 1236 2260 scilicet
1245 2234 1344 2268 Jaiiuis
1355 2235 1470 2270 clausis,
1483 2240 1513 2264 ut
1523 2238 1597 2266 infra
1608 2240 1713 2268 codem
1726 2242 1752 2268 ¹⁸.

989 2277 1019 2302 [It
1035 2276 1074 2302 ait
1093 2278 1248 2311 Gregorius
1265 2279 1284 2295 ¹⁹
1301 2288 1306 2305 ε
1327 2291 1339 2305 «
1355 2281 1430 2308 illud
1449 2290 1555 2318 corpus
1577 2285 1690 2312 Domini
1711 2286 1755 2314 in-

989 2322 1074 2348 travit
1088 2323 1125 2349 ad
1140 2323 1299 2359 discipulos
1312 2326 1408 2359 januis
1422 2328 1537 2364 clausis,
1553 2331 1635 2365 quod
1650 2332 1688 2359 ad
1703 2332 1755 2360 hu-

989 2375 1092 2394 manos
1121 2369 1222 2397 oculos
1249 2379 1301 2405 por
1335 2373 1515 2402 nativitatem
1543 2384 1626 2404 suam
1654 2377 1754 2406 clauso

988 2413 1056 2440 exiit
1080 2414 1202 2449 Virginis
1224 2418 1316 2443 utero.
1343 2429 1356 2442 »
1381 2420 1412 2446 Ut
1427 2420 1506 2447 enim
1529 2421 1569 2449 ait
1589 2423 1756 2458 Chrysosto-

991 2495 1008 2509 ¹5*
1026 2495 1081 2522 luiz,
1098 2497 1135 2517 21¹.
1152 2508 1179 2512 —-
1202 2497 1220 2512 ¹⁶
1238 2497 1292 2525 inf„
1309 2501 1347 2522 zi.
1363 2512 1392 2516 —
1410 2501 1427 2515 ⁸⁷
1442 2501 1498 2532 inf„
1514 2504 1551 2526 211.
1565 2516 1594 2520 -
1612 2504 1630 2520 '⁸
1646 2505 1702 2534 luit,
1717 2506 1755 2529 26.

990 2542 1018 2545 —
1031 2530 1052 2544 ¹⁹
1065 2530 1150 2559 Greg„
1167 2531 1192 2553 in
1208 2532 1314 2563 Ewmy„
1330 2534 1398 2558 110111.
1415 2542 1484 2565 xxm,
1500 2544 1524 2560 11.
1546 2541 1566 2561 1.

1022 2578 1055 2606 (η)
1069 2578 1156 2607 Susqil.
1174 2586 1218 2608 per
1233 2581 1326 2605 amoris
1342 2583 1389 2606 sui.
1406 2597 1432 2601 —-
1447 2584 1478 2612 (b)
1494 2586 1581 2616 Suppl.
1600 2587 1713 2611 virentia.
1728 2601 1757 2605 —

992 2612 1020 2640 (ε)
1045 2612 1104 2636 Coet.
1125 2613 1182 2637 edit.
1207 2615 1386 2645 insipientium.
1410 2632 1439 2636 —
1460 2620 1497 2649 (tl)
1519 2621 1578 2643 [tam
1598 2622 1707 2652 exigere.
1728 2635 1757 2640 —

991 2647 1019 2676 (e)
1037 2646 1096 2670 llem
1111 2647 1211 2673 factum.
1227 2663 1256 2667 —
1270 2652 1300 2681 (f)
1316 2652 1376 2676 Caet.
1392 2654 1452 2678 edit.
1466 2656 1585 2685 praemitt.
1603 2657 1639 2680 111.

1561 2702 1598 2730 33
