1987 3032
672 177 878 210 EXPOSITIO
902 178 941 209 IN
964 178 1052 211 CAP.
1075 179 1152 211 XVI.
1671 189 1708 218 37

113 256 297 278 mammona
325 246 511 285 iniquitatis.
536 256 550 274 >³
579 245 706 276 Talibus
734 244 882 283 competit

112 299 190 330 illud
212 299 382 338 Augustini
402 300 409 315 ¹
426 308 434 329 ε
459 311 473 327 «
490 299 607 330 Venale
628 299 746 336 habeo,
768 297 880 329 venale

111 352 223 390 habeo,
239 352 336 391 quid?
357 352 503 390 Regnum
525 352 689 382 coelorum.
716 350 879 387 Quomodo

111 405 245 435 emitur?
260 404 446 444 Paupertate
462 414 610 443 regnum,
628 405 748 435 vilitate
762 403 875 442 gloria,

110 457 217 487 dolore
227 457 393 496 gaudium,
402 457 509 488 labore
517 457 651 496 requies,
663 458 764 486 morte
774 456 851 486 vita.
859 466 872 483 »

108 509 132 540 F
134 512 268 540 urantur
286 519 378 547 vero,
394 510 449 548 qui
464 510 548 540 bona
563 510 681 540 occulte
699 509 831 546 faciunt,
848 510 878 538 et

107 562 233 593 laudem
248 562 424 593 humanam
438 563 591 600 vitantes,
609 562 675 593 solo
689 562 798 592 divino
813 563 874 591 tes-

106 616 239 646 timonio
262 618 337 646 sunt
358 616 511 653 contenti;
533 616 650 655 quibus
673 615 822 654 competit
841 614 877 643 il-

105 669 161 699 lud
174 670 184 685 ²
201 679 207 699 :
229 680 243 698 «
255 668 303 699 Tu
317 670 424 699 autem
436 678 509 699 cum
521 670 659 708 ι1031111115,
678 677 766 707 unge
782 669 876 707 caput

104 723 212 758 tuum,
228 723 259 752 et
273 721 384 751 faciem
399 723 486 751 tuam
502 721 583 752 lava.
601 733 615 749 »
636 720 874 760 Compelluntur

104 776 211 804 autem
225 774 342 804 intrare
358 783 521 813 paupereS‚
538 783 617 813 quos
633 774 684 804 hic
696 774 782 812 ignis
797 782 875 813 pau-

103 827 246 865 pertatis,
262 826 324 856 Deo
342 827 557 866 dispensante,
574 828 703 866 probat,
720 837 759 857 ne
774 827 807 856 in
823 827 871 856 fu-

101 879 174 908 turo
196 879 281 917 ignis
300 879 411 918 judicii
436 880 657 910 damnabiliter
681 882 814 919 premat.
835 879 873 910 Et

102 930 140 961 de
159 930 197 960 iis
218 940 314 970 snpra
335 933 344 948 ³
368 943 374 962 :
401 944 415 961 «
434 932 493 963 Exi
516 933 549 962 in
570 933 638 963 vias
663 934 693 963 et
715 941 818 971 sepeS,
841 934 872 962 et

101 984 252 1023 compelle
263 985 392 1022 intrare,
406 987 442 1015 ut
453 985 621 1024 impleatur
632 986 746 1015 domus
758 993 838 1014 mea.
853 995 867 1012 1)

100 1037 184 1067 Licet
198 1047 277 1076 ergo
292 1040 433 1077 tempore
448 1038 529 1077 legis
544 1041 625 1069 esset
642 1041 768 1078 tempus
784 1047 867 1068 mer-

99 1090 204 1127 candi,
229 1099 314 1120 nunc
336 1092 405 1130 post
426 1090 578 1120 Joaunem
601 1093 646 1121 est
668 1093 793 1130 tempus
815 1100 869 1120 ra-

97 1143 203 1182 piendi
221 1153 229 1173 :
244 1152 318 1173 narn
335 1143 416 1174 sicut
436 1145 513 1173 tunc
528 1143 773 1182 promittebatur
789 1153 869 1183 opu-

98 1194 209 1233 lentia,
226 1196 271 1226 sic
284 1205 369 1226 nuuc
383 1196 533 1226 suadetur
547 1198 726 1235 paupertas.

136 1247 291 1287 Secundo,
308 1251 462 1288 quantum
477 1249 515 1279 ad
533 1249 750 1288 impletionem
772 1249 866 1287 legis,

97 1302 271 1332 secundum
291 1302 537 1341 intelligentiam
558 1302 772 1342 spiritualem,
791 1303 868 1332 sub-

95 1354 183 1384 ditur
201 1356 247 1392 (v.
267 1357 318 1391 17)
338 1366 344 1384 ε
362 1355 503 1386 Facilius
523 1359 568 1386 est
587 1359 693 1385 autem
709 1355 823 1384 coelzcm
840 1359 869 1385 et

95 1411 214 1438 terram
228 1409 414 1447 prceterz‘re,
432 1409 548 1439 scilicet
567 1418 622 1448 per
641 1408 864 1446 conflagratio-

93 1470 167 1491 nem
182 1462 292 1492 mundi
307 1462 317 1477 ⁴
332 1472 338 1491 :
359 1473 372 1490 (‹
385 1461 423 1492 Et
438 1464 473 1492 tu
488 1462 521 1491 in
537 1462 703 1501 principio,
720 1461 863 1498 Domine,

92 1516 209 1544 terram
232 1515 386 1551 fundasti,
410 1517 467 1545 etc.
495 1515 555 1554 Ipsi
577 1515 742 1554 peribunt,
768 1526 782 1543 >³
805 1516 863 1545 etc.

94 1567 200 1606 Quam
224 1566 261 1597 de
287 1567 353 1607 leqe
376 1577 478 1597 unum
505 1568 628 1607 apicem
654 1567 783 1606 cadere,
809 1577 865 1607 per

90 1620 324 1650 frustrationem
346 1620 482 1660 alicujus
502 1621 660 1660 promissi.
685 1621 832 1651 Rabanus
854 1633 860 1651 :

95 1684 109 1702 «
125 1673 244 1704 Coelum
259 1676 290 1704 et
305 1676 388 1704 terra
404 1676 593 1713 transibunt,
611 1684 667 1715 per
682 1678 863 1706 commuta-

91 1726 209 1756 tionem
231 1726 445 1757 innovationis
470 1728 521 1766 (al,
536 1730 690 1758 vetustate
710 1729 860 1768 deposita,

89 1781 235 1809 manente
250 1779 346 1818 priori
359 1780 547 1817 substantia;
562 1781 616 1811 sed
630 1781 728 1811 verba
738 1781 862 1811 Domini

89 1832 158 1862 sine
172 1832 285 1862 effectu
299 1833 517 1872 completionis
532 1833 619 1863 nullo
636 1834 728 1864 modo
747 1835 861 1864 transi-

88 1885 180 1915 bunt.
190 1896 205 1913 »
220 1885 291 1915 ideo
306 1885 420 1915 dicitur
433 1889 442 1904 ⁵
456 1896 462 1915 z
479 1897 494 1914 α
509 1885 628 1916 Coelum
641 1889 670 1916 et
684 1889 766 1917 terra
778 1890 862 1918 tran-

87 1937 206 1975 sibunt,
219 1938 317 1968 verba
331 1940 434 1968 autem
452 1948 523 1969 mea
537 1948 600 1969 nou
616 1941 855 1978 praeteribunt.»

88 1989 182 2027 Quia,
205 1990 284 2020 sicut
305 1991 419 2021 dicitur
439 1991 472 2021 in
489 1992 615 2023 Psalmo
636 1996 645 2011 ⁶
662 2002 669 2022 ε
687 2004 700 2020 «
717 1992 752 2022 In
767 1995 858 2024 aeter-

85 2051 182 2080 num,
205 2043 350 2081 Domine,
373 2044 508 2074 verbum
532 2047 623 2075 tuum
644 2049 820 2085 permanet.
841 2058 854 2074 n

86 2093 173 2125 Unde
196 2095 268 2126 licet
292 2096 343 2126 lex
367 2098 457 2127 vetus
486 2097 631 2128 videatur
656 2099 856 2141 transitoria,

83 2149 321 2187 permanentior
346 2151 453 2180 tamen
479 2152 543 2186 est,
571 2160 668 2189 quam
696 2152 859 2182 mundana

84 2202 240 2231 creatura.
260 2201 364 2232 Manet
384 2203 480 2233 etiam
500 2212 556 2243 per
573 2204 672 2233 divini
687 2205 776 2234 verbi
793 2205 855 2244 spi-

84 2253 231 2284 ritualem
246 2254 504 2293 intelligentiam3
523 2256 608 2286 unde
621 2257 653 2286 in
665 2257 814 2288 Mattlzceo
823 2258 832 2274 ⁷
847 2269 853 2288 :

89 2316 103 2334 α
118 2305 186 2336 Νο11
208 2307 283 2337 veni
304 2307 426 2338 solvere
445 2309 567 2347 legem,
592 2310 645 2339 sed
670 2310 854 2349 adimplere.

83 2358 187 2389 Amen
200 2359 317 2399 quippe
332 2360 400 2390 dico
416 2360 518 2398 vobis,
532 2360 630 2392 donec
646 2364 785 2393 transeat
799 2373 856 2394 coe-

83 2411 152 2442 lum
168 2413 198 2442 et
211 2414 311 2450 terra,
329 2413 391 2443 iota
405 2422 508 2444 unum
523 2416 579 2445 aut
593 2424 678 2446 unus
695 2425 776 2455 apex
790 2426 855 2448 non

84 2465 256 2504 praeteribit
278 2476 297 2497 a
316 2467 407 2506 lege,
431 2467 529 2498 donec
551 2469 658 2499 omnia
680 2470 767 2500 fiant.
785 2481 799 2499 »
818 2470 856 2501 Et

118 2528 123 2540 ¹
138 2528 213 2558 Aug„
228 2528 320 2552 Eum-r.
336 2529 361 2552 in
374 2529 441 2552 Psal.
459 2535 521 2559 xcrr,
538 2536 563 2552 11.
577 2531 615 2560 24,
630 2532 654 2554 ct
668 2533 754 2555 auctor
774 2532 855 2563 hom„

86 2562 151 2585 inter
178 2563 307 2592 LHomil„
331 2570 391 2595 vm,
416 2565 448 2588 al.
473 2571 549 2588 serm.
576 2572 670 2596 ccrxx,
694 2566 757 2591 iuter
779 2568 854 2598 Opcr.

87 2597 113 2620 S.
134 2598 207 2628 Aug„
229 2599 349 2630 append„
368 2602 430 2623 tom.
451 2601 494 2624 Vl.
514 2613 544 2618 —
562 2601 572 2616 ²
593 2602 693 2630 Mallh„
712 2608 750 2632 vt,
772 2605 808 2627 17.
825 2617 855 2621 --

86 2631 96 2647 ⁸
109 2631 180 2663 Sup.¹
198 2639 251 2664 xiv,
271 2635 309 2658 23.
326 2647 352 2652 -
375 2635 382 2648 ⁴
398 2635 467 2660 Psal.
482 2641 523 2665 01,
543 2637 582 2660 26.
598 2649 627 2654 -
641 2637 651 2654 ⁸
664 2637 767 2667 Mami„
783 2644 854 2668 xxiv,

935 246 1011 275 nota
1027 246 1113 285 quod
1134 246 1206 277 dicit
1226 255 1328 277 unum
1348 248 1471 288 apicem
1487 259 1498 280 .·
1512 250 1601 290 Apex
1620 253 1707 284 enim

935 298 1060 337 proprie
1074 299 1189 329 dicitur
1203 300 1370 330 summitas
1384 301 1510 340 litterae,
1527 311 1599 342 quae
1616 305 1706 343 poni-

933 352 987 380 tur
1006 352 1045 381 ad
1062 352 1160 391 ipsius
1178 352 1290 383 litterae
1312 353 1474 390 decorem,
1495 356 1526 385 et
1547 357 1593 385 est
1615 358 1705 396 quasi

934 404 1104 434 minimum
1121 405 1285 444 quiddam.
1303 405 1338 435 In
1358 415 1420 445 quo
1440 407 1534 438 datur
1556 408 1703 449 intelligi,

932 457 1017 496 quod
1038 458 1117 488 nihil
1139 458 1283 496 omnino,
1306 467 1363 489 nec
1383 468 1536 498 parvum,
1554 469 1612 491 nec
1635 471 1705 492 ma-

933 516 1051 545 gnum,
1071 510 1117 538 est
1138 508 1170 538 in
1195 508 1372 547 Scriptura,
1398 519 1456 540 nec
1478 510 1596 550 aliquid
1618 513 1704 552 quod

931 568 995 589 non
1027 559 1141 590 habeat
1174 561 1418 601 completionem
1452 572 1555 594 suam.
1590 563 1703 596 Omnia

929 612 1016 642 enim
1032 614 1212 644 referuntur
1225 614 1264 644 ad
1279 615 1413 645 salutem
1429 615 1616 656 humanam,
1630 627 1702 657 quae

929 665 1056 696 habebit
1084 666 1332 698 dominationem
1360 671 1546 708 perpetuam
1558 694 1566 709 ‚
1596 673 1700 702 trans-

928 720 1024 748 eunte
1044 719 1139 749 etiam
1159 720 1322 750 mundana
1341 723 1499 759 creatura,
1523 725 1701 755 secundum

928 772 1117 802 exteriorem
1136 772 1258 803 facicm.
1278 773 1316 803 Et
1331 773 1433 804 Isaz'as
1448 774 1458 789 Β
1475 784 1482 805 :
1503 786 1518 804 (1
1532 775 1607 807 Coeli
1622 777 1702 808 sicut

927 824 1034 854 fumus
1055 825 1243 864 liquescent,
1265 828 1296 856 et
1315 828 1400 856 terra
1421 827 1502 858 sicut
1524 830 1699 861 vestimen-

927 878 994 906 tum
1009 879 1172 914 atteretur,
1185 880 1242 908 etc.
1260 879 1353 909 Salus
1367 882 1474 910 autem
1487 890 1559 911 mea
1574 882 1607 912 in
1621 892 1701 914 sem-

926 930 1087 968 piternum
1102 931 1172 968 erit,
1190 933 1219 960 et
1230 932 1354 970 Justitia
1370 942 1440 963 mea
1454 942 1520 964 non
1535 934 1667 966 deficiet.
1679 947 1694 965 n

926 982 1013 1013 Unde
1040 983 1120 1013 liber
1148 983 1320 1022 Scripturae
1349 987 1396 1016 est
1418 987 1591 1026 proximior
1614 989 1696 1020 libro

925 1036 1015 1072 vitae,
1032 1045 1130 1075 quam
1145 1036 1225 1067 llber
1239 1040 1407 1078 creaturae,
1423 1041 1454 1070 et
1468 1040 1537 1071 ideo
1555 1041 1697 1082 inexple-

924 1090 976 1119 tus
991 1098 1156 1120 remanere
1171 1099 1235 1120 non
1250 1093 1360 1130 potest.

964 1141 1084 1179 Tertio,
1101 1145 1258 1182 quantum
1273 1144 1313 1174 ad
1331 1144 1532 1178 durationem
1548 1148 1629 1188 legis
1644 1158 1693 1180 se-

923 1194 1063 1225 cundum
1083 1196 1139 1234 jus
1161 1198 1285 1227 naturae
1312 1200 1342 1228 et
1368 1200 1514 1238 copulam
1541 1204 1696 1242 conjuga-

922 1247 1001 1285 lem,
1027 1249 1132 1279 subdit
1159 1250 1204 1288 (v.
1229 1250 1281 1289 18)
1309 1261 1316 1281 t
1349 1252 1459 1283 Omnis
1484 1254 1542 1294 qui
1564 1254 1697 1286 dimittit

923 1309 1056 1330 uxorem
1072 1310 1176 1340 suam,
1192 1306 1222 1332 ct
1235 1303 1371 1333 alteram
1386 1305 1484 1342 (lucit,
1498 1307 1694 1339 moeclzamr:

923 1353 1042 1391 primo,
1066 1355 1141 1393 quia
1164 1364 1226 1385 non
1250 1358 1352 1394 polest
1374 1358 1514 1396 priorem
1538 1360 1695 1392 dimittere

921 1405 981 1435 nisi
1003 1415 1042 1435 ex
1066 1406 1131 1436 sola
1149 1416 1243 1437 causa
1264 1409 1495 1448 fornicationiS,
1517 1414 1693 1444 secundum

920 1458 999 1489 illud
1027 1462 1037 1477 ⁹
1066 1471 1072 1489 :
1110 1471 1124 1487 «
1153 1460 1351 1501 Quicumque
1378 1463 1532 1495 dimiserit
1557 1475 1691 1498 uxorem

921 1521 1023 1549 suam,
1040 1512 1101 1542 nisi
1117 1513 1155 1543 ob
1172 1514 1422 1554 fornicationem,
1439 1519 1469 1547 et
1483 1518 1577 1548 aliam
1596 1519 1693 1551 duxe-

920 1565 972 1602 rit,
987 1565 1184 1604 1noechatur3
1205 1578 1219 1595 1)
1231 1568 1381 1607 secundo,
1399 1570 1474 1609 quia
1489 1580 1691 1612 quacumque

920 1627 959 1648 ex
983 1627 1077 1648 causa
1100 1619 1187 1649 illam
1209 1620 1360 1659 dimittat,
1387 1632 1451 1653 non
1475 1624 1503 1654 ei
1526 1624 1612 1663 licet,
1637 1625 1690 1656 illa

919 1671 1062 1709 vivente,
1078 1672 1172 1702 aliam
1188 1673 1316 1713 ducere,
1332 1677 1363 1705 et
1376 1675 1436 1706 hoc
1452 1679 1627 1709 secundum
1644 1680 1689 1710 le-

918 1735 993 1764 gem
1014 1729 1136 1758 naturae
1157 1728 1308 1759 divinitus
1330 1730 1507 1762 institutam
1528 1733 1562 1763 in
1582 1733 1687 1764 homi-

917 1778 967 1808 nis
988 1779 1174 1811 formatione
1191 1781 1212 1800 ²⁰
1229 1792 1259 1811 :«
1274 1782 1441 1822 Relinquet
1456 1784 1552 1815 homo
1567 1789 1689 1825 patrem

917 1840 1030 1869 suum,
1046 1834 1077 1862 et
1091 1835 1241 1871 matrem,
1259 1845 1273 1862 ›>
1291 1837 1349 1865 etc.
1367 1836 1442 1867 Haec
1456 1840 1502 1868 est
1516 1839 1601 1869 enim
1617 1849 1689 1879 quae

917 1884 1026 1922 dictat,
1045 1886 1129 1924 quod
1148 1887 1388 1919 matrimonium
1405 1892 1452 1920 est
1467 1892 1563 1921 maris
1584 1893 1686 1923 01100-

917 1937 1011 1968 minae
1027 1939 1224 1978 coniunctio,
1242 1940 1442 1973 individuam
1457 1944 1531 1974 vitae
1547 1945 1688 1976 retinens

916 1992 1194 2030 consuetudinen13
1227 2002 1298 2032 quae
1330 1995 1426 2026 etiam
1455 1997 1548 2028 dictat
1562 2022 1570 2036 ,
1604 2000 1689 2038 quod

916 2044 993 2075 illud
1008 2045 1172 2075 vinculum
1187 2048 1232 2076 est
1248 2047 1427 2079 insolubile.
1444 2049 1482 2080 Et
1500 2051 1569 2081 ideo
1585 2053 1688 2083 subdi-

914 2100 967 2128 tur
984 2099 1114 2138 :thm'
1128 2099 1293 2129 dimissam
1309 2109 1328 2129 a
1344 2101 1412 2131 viro
1432 2102 1529 2141 ducit,
1551 2107 1686 2135 moeclza-

915 2154 977 2181 tur.
996 2151 1033 2181 Et
1052 2152 1133 2182 ratio
1148 2152 1247 2191 hujus
1267 2155 1331 2189 est,
1347 2154 1421 2192 quia
1439 2164 1521 2185 uxor
1541 2158 1587 2186 est
1604 2157 1687 2188 illius

914 2204 1005 2242 cujus
1021 2204 1126 2243 primo
1144 2205 1214 2242 fuit,
1231 2208 1526 2247 quantumcumque
1541 2209 1686 2242 videatur

912 2257 1153 2296 separari.Unde
1161 2258 1354 2297 Apostolus¹¹
1366 2269 1371 2288 :
1381 2260 1476 2296 «Quae
1486 2261 1545 2291 sub
1556 2263 1627 2293 viro
1638 2267 1685 2294 est

913 2310 1039 2349 mulier,
1055 2311 1182 2342 vivente
1202 2312 1290 2349 viro,
1312 2312 1440 2351 alligata
1455 2316 1501 2345 est
1518 2314 1602 2354 legi,
1623 2319 1680 2348 010.

913 2363 1026 2402 Igitur,
1042 2364 1170 2394 vivente
1192 2365 1274 2402 viro,
1294 2366 1460 2397 vocabitur
1480 2368 1632 2407 adultera,
1657 2371 1683 2400 si

912 2416 1006 2447 fuerit
1021 2426 1094 2447 cum
1109 2417 1169 2447 alio
1184 2417 1262 2447 viro,
1281 2427 1295 2445 n
1310 2417 1347 2448 Et
1360 2418 1431 2449 ideo
1445 2419 1592 2451 (11011111η
1604 2431 1611 2452 ε
1624 2422 1682 2453 «Si

913 2470 1065 2501 dimiserit
1081 2470 1130 2502 vir
1144 2479 1279 2501 uxorem
1300 2481 1409 2511 suam,
1426 2475 1456 2504 et
1475 2475 1623 2506 recedens
1642 2477 1681 2506 ab

912 2571 950 2593 35.
976 2581 1004 2586 -
1027 2570 1035 2581 ⁴¹
1049 2568 1115 2592 ΡειιῖΔ
1137 2575 1231 2599 cxvnt,
1251 2571 1288 2594 89.
1311 2583 1341 2588 -
1362 2571 1368 2584 ³
1393 2571 1492 2601 Maltlz„
1514 2573 1635 2602 v,17-18.
1651 2585 1681 2590 —

913 2606 921 2619 ⁸
935 2605 995 2634 Isca„
1011 2610 1045 2634 LI,
1057 2605 1079 2628 6.
1092 2617 1122 2622 -
1136 2605 1146 2621 ⁰
1160 2605 1259 2634 Martie,
1277 2612 1330 2636 11111,
1345 2607 1368 2630 9.
1386 2618 1417 2624 —
1434 2607 1453 2623 ¹⁰
1468 2607 1538 2638 Gen„
1554 2613 1584 2638 11,
1597 2609 1634 2632 24.
1652 2621 1680 2626 -

915 2641 930 2656 ¹¹
947 2641 1023 2666 Rom„
1040 2644 1087 2668 vu,
1103 2640 1152 2664 2-3.
1168 2653 1197 2658 -
1211 2640 1228 2655 ¹²
1240 2640 1341 2669 Jerem„
1354 2647 1393 2672 111,
1410 2643 1432 2666 1.
