1987 3032
227 207 285 235 242
540 205 812 238 EXPOSITIONIS
836 206 875 237 ΙΝ
898 207 1155 239 EVANGELlUM
1176 207 1316 240 SANCTI
1337 209 1502 241 JOANNIS

230 282 305 304 rum
331 271 486 305 Codicum
512 273 702 317 exquirunt.
732 273 767 305 ld
795 273 1004 317 expositionis
1020 285 1135 317 >genus
1158 274 1192 307 in
1218 274 1337 309 Graecis
1363 280 1492 309 secutus
1514 279 1562 309 est
1582 275 1808 320 Apollinarius

229 328 408 374 Episcopus
423 330 627 362 Laodicensis
637 356 644 370 ‚
661 330 719 373 qui
734 330 930 373 Evangelica
947 334 979 363 et
992 332 1017 363 A
1024 331 1176 375 postolica
1190 332 1307 376 scripta
1322 334 1473 378 exposuit
1487 344 1576 366 more
1589 332 1808 375 dialogorum.

228 385 264 418 Iu
282 387 404 419 Latinis
420 393 463 419 est
482 387 636 419 Salonius
650 387 860 427 Viennensis,
879 388 937 431 qui
952 388 1063 420 itidem
1079 388 1208 431 dialogo
1223 390 1397 433 explicavit
1411 391 1581 424 Canticum
1602 390 1810 423 Canticorum

229 442 424 476 Salomonis.
451 445 573 477 Verum
594 444 681 476 enim
703 455 780 477 vero
802 445 866 476 alia
886 449 933 477 cst
952 446 1034 478 ratio
1049 445 1267 478 Collationum
1280 472 1287 486 ,
1304 458 1385 490 quas
1404 447 1455 479 hic
1475 452 1583 480 noster
1602 447 1751 479 adhibuit
1770 447 1811 480 ad

228 501 461 544 exp‹.›silione1n
478 501 648 543 Evangelii
663 502 697 533 S.
715 502 860 534 Joannis.
878 502 1039 546 Perpetuo
1054 503 1141 534 enim
1156 503 1223 546 ipse
1237 503 1446 546 colloquitur,
1463 505 1619 548 nullaque
1632 505 1811 546 interroga-

228 557 314 589 tione
338 558 453 598 utitur,
475 558 529 590 sed
555 558 759 602 praicipuum
781 559 925 603 aliquem
946 559 1117 601 Evangelii
1141 560 1268 600 locum,
1287 560 1516 604 mysteriorum
1533 561 1667 604 plenum
1682 561 1808 603 deligit,

226 615 282 657 qni
300 615 333 646 in
349 626 521 656 congressu
536 616 673 647 fratrum
689 620 845 659 tanquam
860 620 975 649 mutua
988 616 1130 660 quadam
1146 616 1394 649 meditationum
1408 617 1580 650 collatione
1594 618 1807 662 expendatur.

225 671 333 714 Atque
354 671 404 703 liic
427 672 559 715 quidem
581 672 649 716 ipse
672 684 749 705 usus
773 673 807 705 in
825 674 973 706 virorum
994 673 1233 715 religiosorum,
1251 674 1308 718 qui
1324 674 1357 706 in
1372 675 1446 707 vitae
1461 674 1642 718 spiritualis
1657 675 1810 707 exercita-

225 728 370 760 tionibus
386 733 570 770 versantur,
587 730 822 762 consuetudine
838 731 945 763 adhuc
959 730 1118 762 retinetur
1136 742 1142 762 ε
1162 731 1185 762 ii
1200 731 1288 763 enim
1299 756 1307 771 ,
1325 735 1362 763 ut
1376 731 1416 763 ab
1431 731 1541 764 otiosis
1556 731 1690 772 fabulis,
1705 731 1811 763 inani—

224 784 351 829 busque
366 786 572 819 sermonibus
590 787 625 819 in
643 798 818 828 congressu
835 789 1016 829 refugiant,
1036 788 1181 830 aliquem
1201 788 1319 820 sanctis
1340 788 1609 821 meditationibus
1623 787 1810 820 instructio-

223 854 292 875 rem
320 844 467 885 eligunt,
499 844 557 888 qui
586 855 682 877 sacrae
713 844 891 888 Scriptura
919 845 1028 877 locum
1060 849 1222 888 exponat,
1252 856 1350 888 quem
1385 845 1508 878 mutuis
1544 845 1810 878 meditationibus

223 900 442 943 perpendant,
460 912 525 944 quo
541 901 712 933 fludiosius
727 905 850 934 mentes
865 912 978 934 eorum
994 902 1035 934 ad
1050 902 1192 934 coelestia
1206 902 1464 935 inflammentur.

842 1164 1189 1209 PROOEMIUM

256 1298 269 1313 «
286 1287 503 1323 Numquid¹ad
523 1288 702 1322 praeceptum
723 1288 806 1313 tuum
825 1286 988 1313 elevabitur

217 1335 331 1369 aquila,
349 1336 375 1361 et
390 1334 420 1361 in
436 1333 535 1361 arduis
549 1335 639 1369 ponet
652 1332 755 1359 nidum
773 1333 902 1359 suum‘b>
916 1334 987 1360 Cum

1041 1286 1120 1313 beati
1140 1285 1259 1313 Joannjs
1278 1284 1528 1313 irreverberabilis
1547 1285 1708 1321 limpiditas
1718 1306 1728 1320 ,
1744 1286 1787 1313 ibi
1804 1295 1810 1313 :

1043 1332 1163 1366 Aquila;
1189 1331 1351 1358 secundum
1375 1333 1417 1358 est
1445 1331 1676 1366 indepressibilis
1703 1331 1812 1359 amoris

218 1381 292 1407 inter
304 1383 430 1415 quatuor
440 1381 539 1407 sancta
553 1379 694 1407 animalia
707 1378 830 1414 mystica
844 1378 987 1413 significa-

218 1427 296 1453 tione
318 1429 444 1462 quatuor
462 1425 659 1460 Evangelistas
678 1424 872 1459 designantia,
884 1424 987 1451 beatus

217 1474 342 1500 Joannes
363 1481 416 1508 per
436 1473 568 1508 aquilam
583 1473 723 1506 figuretur
748 1471 802 1505 (a),
825 1470 988 1498 secundum

218 1518 337 1545 beatum
363 1519 535 1554 Gregorium
547 1538 556 1552 ,
581 1518 632 1553 qui
658 1525 810 1552 exponens
838 1516 988 1551 praemissa

217 1565 323 1596 verba,
336 1565 394 1592 ait²
406 1574 412 1592 ;
428 1574 440 1590 α
452 1565 596 1600 Propheta
610 1563 739 1590 Ezechiel
753 1564 886 1589 sanctum
900 1564 988 1589 ,loan-

219 1618 287 1637 nem
300 1619 353 1645 per
368 1611 499 1646 aquilam
513 1609 705 1644 significavit,
722 1609 772 1644 qui
785 1608 916 1635 volando
931 1609 989 1634 ter-

218 1665 282 1684 ram
306 1657 430 1684 deseruit
445 1678 454 1690 ,
479 1658 507 1684 et
529 1664 581 1691 per
605 1655 742 1683 subtilem
765 1654 988 1688 intelligentiam

219 1703 332 1730 interna
345 1703 483 1738 mysteria
498 1702 624 1729 Verbum
641 1700 771 1728 videndo
787 1700 961 1735 penetravit:
972 1709 985 1725 n

220 1751 246 1775 et
267 1749 307 1775 ibi
329 1749 403 1776 bene
427 1748 463 1775 de
488 1748 545 1774 hoc
567 1757 573 1774 :
596 1747 676 1774 idem
700 1747 739 1774 ait
761 1746 938 1780 Augustinus
953 1746 986 1772 ⁸:

223 1804 236 1820 ι(
251 1795 319 1829 Qui,
334 1795 445 1830 inquit,
469 1794 683 1829 Scripturarum
699 1793 865 1820 sanctarum
880 1792 988 1826 myste-

219 1841 263 1868 ria
291 1842 470 1875 tractarunt,
505 1840 536 1866 in
565 1838 743 1867 animalibus
773 1840 900 1873 quatuor
911 1858 920 1871 ,
952 1837 989 1865 de

221 1887 329 1922 quibus
343 1887 425 1922 apud
446 1884 660 1919 Ezechielem‘,
677 1886 704 1912 et
718 1884 748 1911 in
769 1883 947 1919 Apocalypsi
960 1884 970 1900 ⁵
979 1904 988 1918 ,

220 1933 418 1967 Evangelistas
450 1932 656 1960 intellexerunt
676 1940 686 1966 ,-
715 1941 729 1957 »
762 1933 789 1958 et
824 1930 955 1966 sequitur
981 1939 988 1957 :

223 1990 237 2005 (ι
252 1979 358 2015 Aquila
372 1981 414 2006 est
428 1979 490 2015 ipse
505 1981 631 2007 Joannes
638 1999 647 2013 ,
659 1977 792 2005 sublimis
803 1977 989 2013 praedicator,

221 2028 249 2053 et
262 2025 336 2053 lucis
350 2025 469 2053 internae
483 2027 570 2060 atque
589 2026 701 2053 aeternae
722 2024 788 2051 fixis
811 2023 903 2051 oculis
919 2030 990 2050 con-

221 2071 378 2106 templator
393 2080 400 2098 :
417 2081 430 2097 >2
448 2071 504 2098 hoc
525 2070 585 2103 ibi;
603 2072 630 2098 et
644 2070 723 2097 idem
745 2069 942 2104 Augustinus,
958 2068 990 2096 de

222 2118 419 2145 Concordantz'a
429 2118 571 2151 Evanqelz's
576 2119 664 2144 taram
674 2116 683 2132 ὅ
693 2124 703 2143 .·
713 2115 781 2143 ideo
793 2115 832 2143 ad
841 2114 991 2149 figuratio-

222 2171 290 2190 nem
310 2164 504 2191 subtilissimae
518 2162 702 2199 limpiditatis
722 2162 800 2189 beati
820 2161 939 2189 ,Ioannis
960 2161 990 2188 in

223 2209 329 2237 divinis
352 2210 466 2237 arcanis
488 2209 690 2245 speculandis,
707 2208 786 2235 etad
801 2207 990 2243 significatio-

223 2263 290 2282 nem
316 2255 502 2283 elevatissimi
532 2254 640 2282 amoris
669 2255 700 2281 in
727 2254 838 2281 eisdem
863 2255 991 2281 contem-

221 2301 353 2335 plandffi,
369 2304 396 2329 et
417 2301 637 2337 amplexandis,
653 2300 860 2327 convenienter
880 2307 990 2335 propo-

221 2350 330 2374 nuntur
342 2348 489 2382 praemissa
500 2348 592 2380 ‚verba
607 2356 615 2373 ι
630 2347 770 2380 Numquid
784 2346 819 2372 ad
829 2347 990 2380 proeceplum

222 2395 323 2426 tuum,
352 2396 405 2421 etc.
431 2395 462 2421 ln
485 2394 594 2429 quibus
618 2394 746 2427 quatuor
764 2393 988 2426 praenotantur:

222 2446 350 2473 quorum
378 2440 507 2474 primum
541 2441 583 2466 est
613 2437 814 2466 intellectualis
848 2436 991 2465 acuminis

256 2523 262 2537 ¹
281 2522 340 2550 Job,
358 2528 453 2553 xxxix,
475 2525 512 2547 27.
537 2535 567 2540 —
588 2524 598 2539 2
620 2523 705 2552 Greg„
728 2522 831 2551 Moral„
850 2522 893 2546 lib,
914 2526 990 2551 xxxi,

224 2564 247 2580 e.
260 2558 355 2587 Xlx,.‘il.
367 2564 446 2588 XLvu,
458 2565 483 2581 11.
497 2560 570 2581 ¹.)'..-
583 2558 593 2573 ³
603 2560 677 2587 Aug„
689 2566 713 2580 in
723 2558 804 2586 doun„
816 2559 888 2580 [ruet.
901 2562 991 2585 xxxvl,

224 2597 250 2615 n.
269 2593 291 2615 5.
312 2604 342 2609 ·—
362 2592 369 2606 ⁴
391 2592 488 2622 Ezecln,
508 2598 532 2622 1,
552 2594 619 2616 5-10.
641 2605 666 2608 ψ
690 2593 698 2606 ⁵
717 2593 800 2622 Aptae„
821 2597 856 2621 iv,
877 2594 899 2621 (i,
922 2592 945 2613 7.
961 2602 992 2607 —-

224 2625 234 2641 ⁶
249 2627 312 2657 Aug.
325 2627 354 2650 cle
369 2627 440 2652 Cone.
457 2628 562 2657 Euany„
577 2627 620 2650 lib.
638 2627 658 2656 l,
671 2635 693 2650 c.
710 2633 745 2656 vi,
760 2634 786 2650 n.
802 2628 825 2650 9.
837 2639 863 2643 -
877 2626 887 2642 ⁷
902 2626 990 2655 Greg„

1042 1378 1223 1411 sublimitas,
1238 1377 1281 1404 ibi
1296 1386 1302 1403 :
1320 1378 1350 1404 In
1366 1378 1460 1404 arduis
1472 1380 1555 1412 ponet
1569 1378 1681 1410 nidum;
1695 1377 1812 1405 tertium

1043 1426 1084 1451 est
1097 1424 1184 1458 hujus
1199 1423 1369 1450 elevationis
1381 1423 1419 1450 ad
1435 1424 1575 1459 praedicta
1589 1431 1697 1451 arcana
1711 1423 1812 1452 divina

1043 1469 1272 1504 contemplanda
1295 1471 1321 1496 et
1341 1469 1469 1496 amanda
1488 1469 1526 1496 ab
1541 1469 1660 1496 homine
1674 1469 1811 1504 impossi—

1042 1517 1155 1551 bilitas,
1171 1519 1198 1544 et
1213 1517 1345 1551 ejusdem
1368 1517 1539 1544 elevationis
1554 1525 1572 1544 a
1585 1517 1649 1544 solo
1669 1518 1727 1544 Deo
1742 1525 1811 1553 pos-

1042 1563 1181 1596 sibilitaS,
1202 1571 1268 1598 qum
1292 1563 1351 1590 duo
1375 1566 1513 1590 notantur
1535 1562 1576 1590 ibi
1594 1564 1755 1598 :Numquid
1775 1565 1812 1591 ad

1042 1612 1202 1645 praeceptum
1224 1613 1308 1636 tuum.
1332 1609 1418 1641 Quasi
1441 1609 1518 1636 dicat
1543 1618 1549 1636 ι
1570 1611 1632 1636 Non
1660 1609 1699 1636 acl
1729 1611 1812 1636 tuum

1042 1655 1222 1689 humanum,
1234 1655 1287 1682 scd
1297 1655 1336 1682 ad
1347 1663 1446 1682 mcum
1461 1655 1605 1682 divinum.
1621 1656 1651 1682 ln
1662 1655 1813 1690 praemissa

1044 1702 1122 1728 enim
1143 1701 1318 1736 quaestione,
1339 1704 1367 1728 et
1389 1700 1592 1728 consimilibus
1613 1708 1687 1736 quas
1711 1701 1814 1736 quaerit

1044 1748 1183 1775 Dominus
1198 1756 1216 1774 a
1229 1748 1316 1774 beato
1340 1747 1394 1774 Job
1406 1767 1416 1780 ,
1435 1746 1546 1774 ibidem
1564 1746 1744 1781 significatur
1757 1747 1812 1774 hu-

1044 1802 1133 1821 mana
1147 1793 1314 1827 infirmitas,
1331 1794 1358 1820 et
1377 1792 1530 1820 denotatur
1551 1792 1653 1820 divina
1666 1795 1812 1829 potestas,

1043 1841 1131 1876 prout
1142 1839 1236 1866 innuit
1250 1841 1366 1866 sanctus
1381 1838 1545 1872 Gregorius.

1079 1887 1105 1912 1.
1122 1886 1132 1902 ⁷
1150 1895 1163 1911 (ι
1177 1885 1298 1920 Spiritus
1310 1892 1380 1919 ergo
1396 1885 1529 1917 sanetus,
1543 1883 1694 1911 insinuans
1715 1892 1811 1913 exces-

1043 1932 1137 1959 sivam
1156 1930 1360 1966 limpiditatem
1384 1930 1612 1957 intellectualem
1629 1930 1708 1959 beati
1725 1932 1812 1959 Joan-

1043 1978 1104 2012 nis,
1122 1977 1160 2004 ait
1177 1986 1183 2004 :
1201 1978 1312 2011 Aquila.
1327 1987 1340 2002 »
1358 1978 1390 2003 Et
1408 1976 1465 2003 hoc
1485 1976 1606 2011 merito3
1622 1978 1654 2003 ut
1674 1977 1753 2004 enim
1773 1977 1812 2005 ait

1043 2024 1275 2056 Commentator,
1296 2021 1404 2049 scilicet
1422 2022 1627 2058 Episcopusx«
1646 2022 1752 2058 Aquila
1770 2024 1813 2050 est

1045 2069 1106 2097 avis
1120 2068 1200 2103 regia
1210 2089 1218 2103 ,
1232 2068 1359 2102 altifera,
1384 2068 1501 2095 citivola
1511 2089 1521 2102 ,
1546 2067 1585 2095 ad
1608 2067 1780 2096 alimentum
1795 2076 1812 2096 a

1044 2115 1132 2149 longe
1146 2114 1309 2141 videndum
1325 2114 1414 2141 habet
1433 2121 1556 2141 acumen
1574 2114 1770 2148 praecipuum,
1785 2116 1812 2141 et

1044 2160 1083 2188 ad
1105 2159 1346 2196 prosequendum
1369 2158 1443 2186 illud
1473 2159 1658 2186 velocitatem
1678 2159 1811 2192 volatus,

1044 2214 1112 2233 suos
1124 2208 1220 2233 motus
1234 2204 1390 2240 prudentia
1413 2204 1539 2231 naturali
1559 2204 1672 2239 dirigit,
1694 2205 1812 2232 radium

1044 2253 1170 2280 solarem
1191 2251 1221 2278 in
1245 2259 1299 2278 sua
1322 2251 1426 2278 virtute
1448 2250 1613 2277 radiantem
1642 2250 1747 2278 intuitu
1769 2251 1812 2279 di-

1043 2302 1122 2326 recto
1143 2300 1170 2325 et
1184 2297 1396 2324 irreverberato
1418 2296 1569 2332 conspicit.
1585 2307 1598 2323 »
1616 2297 1679 2324 Haec
1698 2297 1768 2324 ille:
1785 2299 1812 2324 et

1044 2344 1129 2381 quasi
1148 2344 1227 2371 idem
1248 2343 1321 2370 alius
1337 2344 1560 2377 commentator,
1575 2343 1684 2370 scilicet
1697 2343 1810 2377 Abbas,

1044 2390 1166 2418 ibidem.
1191 2391 1224 2417 Et
1247 2389 1283 2416 de
1304 2389 1360 2416 hoe
1382 2389 1552 2416 Ambrosius
1570 2388 1645 2416 bene
1659 2389 1680 2416 ⁸.
1695 2389 1727 2415 Et
1743 2389 1812 2416 Gre-

1046 2437 1145 2471 gorius
1160 2437 1170 2452 ⁹
1184 2444 1191 2463 ε
1210 2446 1222 2460 «
1237 2435 1357 2471 Aquila,
1372 2435 1483 2470 inquit,
1498 2435 1537 2462 ad
1560 2434 1697 2462 sublimia
1711 2434 1810 2469 volat,

1045 2512 1147 2541 Moral„
1168 2512 1210 2535 lib.
1226 2512 1318 2540 XXIX,
1334 2518 1357 2534 c.
1378 2516 1436 2539 τίνι,
1453 2516 1479 2533 n.
1500 2510 1538 2532 71.
1556 2522 1587 2526 —
1608 2509 1618 2525 ⁸
1637 2509 1766 2540 Anibi-os„
1786 2512 1811 2534 in

1045 2548 1172 2576 Hau-aem„
1186 2546 1229 2570 lib.
1246 2546 1277 2575 V,
1289 2553 1312 2569 c.
1329 2550 1405 2574 xvui,
1418 2551 1444 2567 n.
1456 2546 1494 2567 6⁰.
1505 2557 1535 2561 —
1549 2544 1558 2558 ⁹
1572 2544 1658 2574 Greg.,
1674 2545 1700 2568 in
1711 2545 1811 2575 Exeo-li„

1045 2581 1088 2604 lib.
1105 2582 1206 2610 l,hou1.
1222 2586 1258 2610 iv,
1272 2587 1298 2603 n.
1314 2581 1336 2603 2.

1080 2625 1112 2654 (a)
1129 2625 1188 2648 Coet.
1203 2624 1263 2647 edit.
1278 2624 1408 2653 figuratur.

1843 2034 1930 2061 Aquila,

1826 2065 1872 2086 uvis
1894 2071 1931 2086 re-

1839 2095 1884 2122 gia,
1897 2097 1918 2116 et

1826 2126 1926 2152 ejusdem

1832 2157 1925 2182 qualitu-

1833 2188 1874 2208 tes.
