1987 3032
217 200 275 230 536

216 266 336 300 peccata
350 262 468 297 mundi,
490 261 598 289 scilicet
616 260 777 288 auferendo
794 262 822 287 et
840 259 986 292 delendo,

217 313 244 338 et
262 309 438 337 remIttendo
456 317 462 335 z
485 308 546 343 ipse
566 307 645 334 enim
666 308 707 333 est
730 314 816 333 verus
838 307 928 339 Deus,
949 305 985 332 de

216 365 277 393 quo
299 356 307 372 ¹
334 366 340 384 z
366 357 456 390 «Ego
485 363 550 382 sum
576 354 625 389 qui
655 353 740 381 deleo
768 352 944 388 iniquitates.
970 362 982 377 »

217 405 248 431 Et
275 403 305 430 in
334 402 472 429 Psalmo²
494 410 500 427 :
533 399 616 433 «Qui
644 401 726 426 sanat
749 406 851 426 omnes
880 398 986 434 iniqui-

216 451 287 477 tates
316 449 362 483 (α).
389 458 402 473 n
437 450 499 482 Ipse
528 446 606 473 enim
635 445 714 472 venit
735 446 745 461 ³
772 456 784 469 u
808 452 868 472 non
891 447 922 471 ut
941 445 986 478 ju-

217 495 293 523 dIcet
317 494 477 523 mundum,
502 492 553 520 sed
576 494 608 519 ut
624 487 760 519 ¹salvetur
781 491 910 518 mundns
934 498 987 525 per

217 550 300 575 eum,
316 551 328 567 n
346 539 429 567 infra.
452 540 522 566 ltem
546 538 620 565 tollit
642 539 761 573 peccata
785 537 889 564 mundi
910 536 987 563 redi-

216 587 341 620 mendo,
362 588 389 614 et
406 594 436 613 se
456 585 641 613 immolando
654 585 662 600 ¹
687 593 693 611 :
721 594 733 609 «
750 583 902 618 Redempti
921 582 988 609 estis

216 633 344 670 pretioso
359 632 502 668 sanguine
514 631 592 667 agni,
607 642 619 656 »
639 632 692 658 ete.
710 630 790 657 Unde
804 630 866 665 ipse
879 629 988 663 figura-

216 683 262 708 tur
279 687 332 715 per
353 679 430 707 duos
447 678 562 713 hircos,
586 685 714 713 quorum
728 684 802 704 unus
818 675 920 703 debuit
934 675 988 702 im-

216 726 323 755 molari
346 733 401 762 pro
422 726 543 762 peccato
563 723 681 760 populi,
703 725 731 751 et
749 723 824 751 alius
845 722 935 749 emitti
957 722 986 749 in

217 772 417 800 solitudinem.
434 771 546 799 Primus
563 770 616 797 fuit
634 769 729 805 figura
748 771 859 797 naturae
882 768 987 796 huma-

216 827 261 846 nae
275 819 305 846 in
320 818 448 853 Christo,
463 817 626 845 seeundum
645 824 735 852 quam
750 815 803 843 fuit
818 815 987 842 immolatus

217 866 244 893 et
265 867 398 892 mortuus
418 872 472 900 pro
491 863 617 899 peccatis
640 862 755 897 generis
778 862 917 896 humani,
943 869 986 889 se-

217 911 331 939 cundus
355 910 407 938 fuit
428 910 523 945 figura
546 911 658 937 naturae
684 909 806 943 divinae,
836 908 986 935 immorta-

215 958 251 985 lis
266 959 294 985 et
307 956 517 992 impassibilis⁵
535 965 542 983 :
561 966 574 981 «
589 955 677 989 Quasi
697 963 791 990 agnus
806 962 905 982 coram
922 956 987 981 ton-

217 1004 302 1032 dente
317 1011 365 1038 se3
382 1013 394 1029 η
413 1005 440 1030 et
453 1003 584 1038 sequitur
598 1001 607 1017 ⁸
625 1011 631 1029 z
658 1012 671 1027 «
687 1004 749 1037 lpse
772 1003 892 1037 peecata
912 1000 986 1027 mul-

215 1053 312 1078 torum
336 1049 409 1077 tulit.
435 1060 448 1075 n
468 1051 538 1077 Item
560 1049 621 1084 ipse
643 1047 706 1075 tulit
725 1049 860 1083 peccata,
884 1054 987 1082 poenas

217 1097 330 1124 debitas
344 1104 399 1132 pro
414 1095 539 1132 peccatis
553 1094 714 1128 solvendo,
729 1096 757 1121 et
774 1102 828 1129 pro
847 1093 888 1120 eis
905 1093 986 1120 satis-

215 1143 395 1171 faeiendo⁷:
417 1152 429 1168 «
454 1142 507 1175 Qui
523 1144 643 1177 peecata
666 1144 765 1168 nostra
786 1141 848 1176 ipse
870 1139 987 1175 pertulit

215 1190 245 1216 in
261 1197 384 1224 corpore
399 1197 452 1216 suo
468 1196 556 1223 super
570 1188 694 1222 lignum.
709 1198 720 1211 u
734 1187 904 1214 Multimoda
916 1194 986 1220 ergo

214 1236 380 1264 virtuositas
390 1235 451 1262 Filii
463 1235 520 1268 Dei,
533 1235 583 1270 qui
592 1234 643 1261 suit
651 1241 755 1268 agnuS,
764 1233 794 1260 id
804 1235 855 1267 est,
865 1241 942 1268 agno
951 1233 985 1268 (b)

215 1283 374 1318 figuratus3
396 1283 424 1309 et
438 1281 563 1308 mirifica
578 1288 631 1308 sua
646 1280 752 1315 pietas,
771 1288 830 1315 qua
851 1279 987 1314 dignatus

216 1331 257 1356 est
277 1330 398 1364 peecata
417 1328 519 1355 tollere
542 1327 625 1354 dictis
644 1326 751 1354 modis.
780 1328 811 1353 Et
831 1326 861 1353 in
881 1326 925 1353 his
946 1327 988 1353 est

215 1375 391 1409 imitanum,
407 1376 467 1401 tam
488 1374 517 1401 in
537 1373 676 1409 agendis,
692 1380 783 1408 quam
799 1373 828 1400 in
845 1373 986 1401 sustinen-

216 1422 271 1456 dis,
287 1430 304 1450 a
319 1423 378 1449 suis
394 1421 545 1449 membris

438 1519 551 1545 Collatio
571 1526 654 1552 nona,
674 1527 697 1552 1,
718 1520 762 1545 47.

486 1588 522 1612 De
538 1587 716 1611 Praedicatore.

250 1657 312 1683 Ecce
326 1663 385 1683 vere
400 1656 524 1682 Israelita
539 1655 568 1681 in
583 1662 633 1688 quo
648 1654 724 1681 dolus
737 1657 857 1688 nonest,
878 1655 930 1681 etc.
955 1656 987 1681 Ut

215 1703 294 1730 enim
309 1702 348 1730 ait
362 1701 536 1736 Augustinus
550 1699 560 1715 ¹³
577 1710 583 1728 :
603 1701 673 1727 «llic
687 1700 856 1734 Nathanael,
873 1700 909 1727 de
925 1708 985 1735 quo

215 1749 346 1785 loquitur
361 1748 418 1781 hie,
435 1749 497 1775 erat
510 1747 619 1783 peritus
635 1748 662 1773 et
676 1746 806 1773 eruditus
821 1746 851 1773 in
866 1746 932 1781 lege
948 1756 954 1774 ε
970 1756 982 1772 »

215 1798 243 1822 et
257 1795 351 1829 signat
368 1794 556 1829 spiritualiter
574 1793 726 1820 doctorem
746 1792 795 1819 vel
813 1792 986 1828 praedicato-

215 1849 288 1868 rem.
304 1843 335 1868 Et
347 1840 509 1868 secundum
520 1840 576 1867 hoe
589 1839 648 1867 duo
660 1839 824 1873 figurantur
834 1839 881 1865 hie
892 1838 988 1874 requi-

215 1887 308 1915 renda
329 1888 359 1914 iu
376 1887 514 1921 doctore,
534 1895 663 1922 quorum
682 1886 811 1921 primum
824 1888 865 1913 est
881 1886 987 1912 (livinae

216 1934 391 1968 cognitionis
404 1933 583 1969 limpiditas,
600 1932 641 1959 ibi
655 1942 662 1959 ε
678 1933 818 1966 Israelita,
834 1932 865 1958 id
880 1934 930 1965 est,
947 1932 987 1958 vi-

217 1980 289 2007 dens
304 1982 408 2014 Deum;
421 1979 584 2007 seeundum
599 1981 640 2006 est
652 1978 716 2005 vilse
732 1978 859 2005 innocua
875 1978 986 2013 simpli-

217 2027 296 2060 citas,
312 2026 353 2053 ibi
371 2035 377 2053 :
394 2028 426 2053 In
441 2034 492 2060 quo
507 2026 583 2052 dolus
598 2033 650 2052 non
665 2028 713 2051 est.

252 2073 296 2100 Ait
308 2080 377 2107 ergo
393 2081 399 2099 :
419 2074 484 2099 Vere
499 2073 639 2105 Israelita,
654 2071 685 2098 id
700 2073 742 2098 est
756 2070 859 2098 videns
881 2072 985 2105 Deum,

216 2119 325 2147 scilieet
344 2119 414 2146 fidei
432 2118 638 2146 inenarrabilis
659 2118 788 2145 claritate
809 2119 818 2133 ¹¹
841 2127 847 2145 z
875 2128 888 2143 t(
907 2119 988 2145 Nunc

219 2165 351 2192 videmus
372 2165 403 2192 in
422 2164 541 2200 speculo
562 2166 589 2191 et
607 2164 637 2191 in
656 2165 810 2199 enigmate.
828 2174 840 2189 »
863 2165 932 2191 Item
947 2163 989 2190 vi-

218 2213 290 2239 dens
309 2211 340 2247 (e)
357 2213 448 2238 Deum
463 2211 675 2238 immaculabili
691 2210 788 2238 cordis
802 2211 925 2246 puritate
943 2211 962 2227 ¹⁰
978 2219 984 2237 ε

221 2268 233 2281 u
248 2257 325 2284 Beati
340 2257 417 2284 enim
432 2257 545 2283 mundo
561 2257 657 2287 corde,
675 2257 815 2291 quoniam
826 2257 881 2292 ipsi
898 2258 988 2283 Deum

217 2303 370 2330 videbunt.
388 2314 399 2329 »
426 2305 493 2330 Item
508 2303 611 2330 viden.
628 2305 717 2329 licum
733 2302 988 2337 contemplationis

217 2344 405 2384 limpiditate,
422 2349 458 2376 de
475 2357 534 2384 qua
550 2349 568 2366 ¹¹
586 2358 592 2376 ε
611 2359 623 2374 «
638 2351 699 2376 Non
715 2348 823 2376 videbit
836 2356 883 2376 me
895 2349 986 2376 homo

251 2423 255 2433 ¹
274 2420 330 2449 lxm,
348 2422 515 2448 x1.111‚2.¹'›.—
528 2421 535 2433 ³
551 2420 616 2443 psal.
631 2426 676 2450 1211,
693 2422 713 2441 ‘L
728 2433 757 2436 —
773 2421 782 2436 ³
796 2420 931 2449 Joan,111‚
952 2420 986 2441 Π.

218 2469 248 2473 -
262 2456 270 2469 ⁴
289 2456 295 2478 l
312 2456 389 2484 Petu,
408 2462 427 2483 1,
444 2457 481 2479 Iit.
498 2469 526 2472 —
544 2456 625 2482 ⁵IS11.‚
642 2461 701 2484 xvi,
721 2457 742 2478 ¹l.
758 2467 788 2471 —-
808 2456 816 2469 ⁶
836 2455 908 2481 ibid..
927 2461 986 2483 1.111‚

220 2492 256 2514 12.
274 2505 300 2508 -
315 2491 325 2507 ⁷
343 2491 348 2513 l
366 2491 442 2518 Petu,
460 2497 488 2521 ιι,
504 2492 541 2513 22.
558 2504 583 2507 —
599 2491 606 2503 ¹¹
623 2490 830 2519 Aug.,in.loc1n.,
850 2492 922 2513 tract.
942 2495 985 2516 xii,

218 2534 243 2549 n.
270 2527 304 2549 17.
326 2539 354 2542 —
375 2527 383 2539 ⁹
405 2526 411 2548 Ι
436 2527 502 2551 Cor..
523 2532 584 2555 xm,
608 2528 643 2549 12.
660 2539 690 2542 —
714 2526 732 2542 ¹0
750 2525 850 2555 Matth„
871 2531 894 2555 v,
915 2528 937 2548 s.
958 2537 986 2541 -—

220 2562 236 2577 ¹¹
256 2561 344 2592 Exuit,
360 2567 456 2591 xxxin,
472 2562 509 2584 20.
525 2574 554 2577 -—
576 2562 596 2577 ¹⁴³
613 2563 679 2591 (περ
692 2578 697 2587 ,
715 2560 816 2588 Mon-al„
837 2560 880 2583 lib.
897 2561 986 2589 XVIH,

220 2604 241 2620 c.
257 2602 348 2627 xxviii,
364 2597 396 2620 al.
411 2602 478 2623 XLIV,
493 2603 518 2619 11.
532 2597 568 2619 bf).
582 2609 606 2612 ff
621 2595 711 2625 ΗΜΛ,
725 2602 791 2624 XLII,
806 2598 828 2619 Ξ.
842 2609 866 2612 —-
880 2596 898 2611 ¹³
914 2597 986 2625 Aug„

220 2632 262 2656 ubi
276 2639 354 2663 sup..‚
371 2638 396 2656 n.
418 2633 454 2656 18.
471 2644 499 2648 —
521 2632 536 2645 ¹⁵
550 2630 615 2654 Psal.
636 2636 740 2660 xxxvu,
762 2633 796 2655 1:2¹.
813 2644 842 2648 —
865 2631 882 2647 ¹⁶
897 2630 988 2659 Ecclz'.‚

724 192 989 224 COLLATIONES
1013 192 1305 224 PRAEDICABILES

1040 261 1067 286 et
1082 259 1168 286 vivet.
1186 269 1198 284 »
1217 259 1301 292 Quod
1317 260 1438 295 exponit
1452 261 1608 295 Gregorius
1623 262 1659 289 de
1675 263 1810 291 acumine

1040 305 1296 340 contemplationis
1310 304 1338 339 ¹²,
1356 306 1407 333 ubi
1422 306 1460 333 ait
1477 316 1483 333 ε
1497 316 1510 332 ι(
1525 307 1627 334 Nullus
1647 309 1738 336 Deum
1751 309 1810 344 spi-

1040 350 1180 378 ritualiter
1203 351 1298 385 videt,
1320 352 1371 386 qui
1395 353 1551 380 carnaliter
1572 353 1653 381 vivit.
1673 364 1686 379 ι)
1713 354 1809 383 Primo

1041 397 1132 424 modo
1161 397 1276 424 videtur
1304 397 1450 425 intellectu
1471 398 1653 435 illuminato,
1679 401 1810 428 secundo

1041 442 1150 476 modo,
1171 442 1274 470 affectu
1294 443 1436 472 mundato
1459 447 1486 472 et
1508 445 1705 480 inflammato;
1726 447 1810 475 tertio

1041 488 1142 522 modo,
1153 491 1278 524 utroque
1290 496 1409 516 excessu
1423 490 1547 524 elevato,
1562 492 1598 519 de
1614 501 1674 528 quo
1689 493 1786 520 visu¹⁸
1802 503 1808 522 :

1044 544 1056 558 (ι
1072 534 1179 561 Auditu
1195 535 1273 561 auris
1288 535 1388 562 audIvi
1404 537 1444 570 te,
1461 544 1539 563 nune
1554 538 1657 565 oculus
1671 547 1755 567 meus
1769 540 1811 567 vi-

1042 580 1090 606 det
1109 582 1146 607 te.
1161 590 1173 605 »
1196 582 1227 607 Et
1246 581 1285 607 sic
1305 581 1407 608 vivens
1428 581 1515 609 debet
1529 590 1589 611 esse
1605 584 1666 612 sine
1682 585 1762 613 dolo.
1779 587 1812 613 Ut

1042 626 1120 653 enim
1139 626 1178 654 ait
1192 627 1366 661 Augustinus
1378 627 1397 644 ¹⁵
1412 636 1419 655 :
1434 638 1448 653 α
1464 629 1552 656 Dolus
1567 632 1623 664 est,
1639 638 1706 658 cum
1729 631 1811 659 aliud

1041 672 1148 707 agitur,
1157 672 1239 700 aliud
1249 672 1369 708 fingitur
1381 683 1386 701 :
1398 674 1478 702 fraus
1489 677 1541 709 est,
1553 675 1701 704 simulatio
1709 679 1751 704 est
1760 678 1810 714 (d),

1041 718 1163 754 quando
1179 719 1261 746 aliud
1276 719 1306 746 in
1322 720 1411 747 eorde
1430 721 1548 756 tegitur,
1569 722 1652 750 aliud
1670 723 1811 759 loquitur,

1041 766 1068 792 et
1087 767 1228 800 tanquam
1248 765 1308 793 duo
1330 766 1421 794 eorda
1441 767 1538 795 habet.
1558 778 1572 793 »
1595 769 1659 795 11:20
1683 769 1741 797 ille.
1767 771 1813 798 Est

1041 819 1111 846 ergo
1125 811 1211 839 dolus
1226 812 1323 839 cordis
1337 812 1367 839 in
1380 813 1494 841 Psalmo
1509 814 1530 830 ¹⁵
1546 823 1572 841 :«
1588 814 1674 842 Dolos
1689 817 1748 843 tota
1763 815 1810 844 die

1042 858 1268 886 meditabantur.
1288 868 1302 884 »
1326 860 1358 886 Et
1377 858 1397 876 ¹⁶
1421 869 1427 886 z
1456 868 1469 885 «
1481 861 1620 888 Interiora
1640 861 1702 896 ejus
1723 861 1812 897 plena

1041 906 1107 931 sunt
1123 904 1202 932 dolo.
1219 914 1233 930 »
1249 906 1279 932 Et
1293 908 1334 932 est
1349 905 1435 933 dolus
1448 906 1522 940 oris,
1543 906 1580 934 de
1601 915 1660 942 quo
1680 907 1812 936 similiter

1041 950 1071 977 in
1086 950 1202 978 Psalmo
1215 951 1234 968 ¹⁷
1246 960 1271 978 2«
1287 951 1376 979 Labia
1393 951 1508 984 dolosa,
1519 952 1549 980 in
1564 953 1665 987 corde,
1680 955 1707 981 et
1721 954 1811 982 corde

1042 995 1131 1023 locuti
1147 998 1224 1024 sunt.
1241 1007 1254 1023 n
1268 999 1338 1025 Item
1352 1000 1393 1025 est
1408 998 1495 1026 dolus
1507 999 1604 1034 operis
1620 1000 1640 1016 ¹⁸
1658 1009 1684 1027 :«
1695 1000 1739 1028 Ab
1750 1008 1811 1028 uno

1042 1042 1147 1070 doloso
1162 1046 1285 1078 augetur
1299 1044 1426 1079 sanguis.
1438 1055 1451 1071 »
1469 1046 1501 1072 Et
1511 1045 1541 1072 in
1552 1045 1665 1073 Psalmo
1677 1046 1813 1075 ¹⁹:asicut

1040 1089 1187 1117 novacula
1201 1092 1285 1117 acuta
1303 1090 1392 1118 fecisti
1412 1091 1524 1119 dolum.
1540 1102 1553 1117 »
1575 1093 1645 1119 Item
1664 1094 1705 1120 est
1724 1092 1811 1120 dolus

1041 1138 1148 1170 status,
1168 1137 1229 1164 sive
1245 1136 1449 1172 professionis,
1470 1138 1591 1173 quando
1611 1138 1720 1166 scilicet
1740 1146 1811 1174 pro-

1042 1183 1126 1210 fessio
1143 1184 1185 1210 cst
1199 1182 1257 1211 alta
1272 1183 1331 1210 sive
1347 1186 1450 1218 status,
1466 1187 1493 1212 et
1508 1186 1606 1212 tamen
1624 1184 1684 1212 vita
1704 1185 1812 1221 imper-

1042 1229 1130 1263 fecta,
1147 1230 1216 1256 tunc
1231 1231 1273 1256 est
1287 1229 1374 1256 dolus
1392 1238 1460 1257 vere
1474 1231 1496 1247 ²⁰
1513 1240 1519 1256 :
1535 1241 1547 1255 «
1563 1231 1750 1259 Abominatio
1771 1234 1814 1260 est

1042 1275 1164 1302 Domino
1179 1275 1307 1311 pondus,
1323 1278 1349 1304 et
1364 1277 1500 1311 pondus,
1517 1278 1622 1304 statera
1637 1277 1741 1304 dolosa
1750 1270 1811 1305 non

1041 1323 1083 1348 est
1096 1322 1185 1349 bona.
1197 1332 1211 1347 »
1226 1324 1258 1349 Et
1272 1322 1384 1358 absque
1400 1322 1480 1349 omni
1496 1323 1546 1350 tali
1562 1323 1633 1350 dolo
1648 1323 1736 1351 debet
1750 1332 1811 1352 esse

1041 1368 1145 1395 doctor
1165 1370 1193 1396 et
1215 1369 1388 1404 praedicator
1412 1369 1462 1396 Dei
1474 1369 1491 1388 ²¹
1509 1379 1515 1395 ε
1531 1379 1544 1395 α
1559 1369 1725 1398 Rationales
1748 1371 1810 1399 sine

1042 1415 1113 1442 dolo
1125 1425 1133 1449 3
1147 1425 1160 1441 »
1187 1417 1214 1442 et
1228 1417 1294 1451 post
1308 1415 1329 1430 ²³
1345 1424 1351 1442 :
1367 1426 1380 1441 «
1393 1415 1560 1443 Auferentes
1585 1425 1704 1444 omnem
1729 1417 1811 1446 mali-

1040 1462 1111 1489 tiam
1123 1463 1150 1489 et
1164 1470 1283 1489 omnem
1299 1462 1434 1490 dolum.»
1451 1464 1483 1490 Et
1493 1462 1564 1490 tales
1574 1465 1641 1490 sunt
1650 1463 1811 1492 imitatores

1040 1508 1153 1541 Christi,
1169 1508 1205 1535 de
1222 1508 1330 1543 quibus
1345 1508 1450 1536 dicitur
1462 1507 1482 1526 ²³
1499 1517 1505 1535 ε
1521 1518 1534 1534 «
1549 1510 1611 1537 Non
1624 1512 1665 1537 est
1676 1509 1811 1538 inventus

1041 1554 1127 1582 dolus
1139 1554 1170 1582 in
1185 1562 1235 1582 ore
1249 1555 1321 1589 ejus.
1338 1564 1351 1580 »

1237 1654 1349 1681 Collatz‘o
1373 1653 1492 1687 decima,
1518 1662 1545 1688 1,
1570 1656 1614 1681 51.

1257 1722 1353 1745 Thema
1364 1728 1450 1745 coram
1462 1721 1595 1753 religiosis.

1080 1789 1212 1815 Vz'debz‘tis
1227 1789 1317 1815 coelum
1327 1790 1458 1822 apertum,
1475 1791 1500 1815 et
1511 1789 1617 1822 angelos
1632 1789 1812 1824 ascendentes,

1042 1838 1066 1861 et
1080 1834 1262 1861 descendentes
1277 1842 1356 1869 super
1368 1836 1469 1861 Filium
1483 1836 1607 1862 hominis.
1620 1836 1651 1862 ln
1659 1835 1706 1862 his
1713 1835 1813 1862 verbis

1041 1880 1228 1916 spiritualiter
1240 1880 1292 1907 tria
1302 1881 1475 1915 figurantur,
1489 1889 1617 1916 quorum
1629 1881 1759 1916 primum
1771 1883 1814 1908 est

1042 1935 1130 1954 sacroe
1143 1926 1293 1961 religionis
1306 1927 1420 1954 elevata
1436 1927 1611 1959 sublimitas,
1624 1927 1666 1954 ibi
1679 1936 1685 1954 :
1699 1927 1812 1960 Coelum5

1042 1973 1204 2000 secundum
1216 1976 1257 2000 est
1266 1973 1474 2008 religiosorum
1484 1973 1615 2000 virtuosa
1625 1973 1812 2008 perfectibili-

1042 2021 1098 2053 tas,
1116 2019 1157 2046 ibi
1171 2029 1177 2046 :
1192 2020 1323 2054 A⁷1961083
1338 2020 1454 2047 tertium
1469 2021 1510 2046 est
1524 2020 1698 2047 eorumdem
1713 2019 1812 2047 debita

1041 2066 1222 2099 studiositas,
1238 2066 1278 2092 ibi
1293 2074 1298 2092 :
1315 2066 1506 2099 Ascendentes,
1520 2069 1546 2093 et
1558 2066 1751 2093 descendentes

1077 2111 1122 2138 Ait
1141 2119 1212 2146 ergo
1229 2121 1234 2138 :
1254 2112 1366 2145 Coelum,
1382 2119 1435 2147 per
1454 2111 1538 2147 quod
1558 2111 1664 2146 religio
1680 2119 1763 2139 sacra
1777 2111 1812 2138 fi-

1041 2160 1162 2193 guratur
1175 2159 1250 2186 coelo
1267 2159 1434 2186 assimilata.
1456 2159 1568 2186 Coelum
1583 2158 1662 2186 enim
1683 2160 1724 2186 est
1747 2166 1812 2186 cor-

1042 2213 1096 2240 pus
1111 2205 1226 2239 nobile,
1240 2205 1365 2232 sublime
1377 2207 1403 2232 et
1415 2205 1602 2239 altissimum,
1618 2205 1657 2232 ait
1675 2204 1810 2240 sapiens;

1042 2260 1095 2279 nec
1117 2251 1220 2287 recipit
1235 2251 1266 2286 (e)
1281 2251 1489 2286 impressiones
1510 2251 1700 2286 peregrinas,
1720 2252 1752 2278 ut
1773 2251 1813 2279 ait

1042 2298 1130 2324 idem.
1148 2299 1186 2324 De
1201 2297 1245 2324 his
1264 2297 1492 2333 proprietatibus
1508 2297 1660 2325 nobilibus
1677 2297 1812 2333 sapiens,

1042 2344 1092 2371 ubi
1118 2352 1217 2379 supra,
1242 2346 1269 2371 et
1291 2343 1462 2371 Ambrosius
1478 2342 1512 2377 2⁵,
1529 2346 1556 2371 et
1571 2345 1765 2371 Damaseenus
1781 2344 1809 2370 ²⁸.

1041 2423 1099 2445 x1x,
1122 2417 1161 2440 23.
1181 2429 1212 2433 ——
1231 2417 1247 2432 ¹¹
1269 2415 1337 2438 Psal.
1358 2422 1398 2443 xi,
1421 2418 1443 2438 3.
1465 2427 1495 2432 -·
1517 2416 1535 2431 ¹⁴³
1556 2415 1643 2442 Eccli.,
1663 2421 1703 2443 xi,
1723 2417 1759 2438 31.
1780 2427 1809 2432 -

1044 2452 1143 2475 19ΡειιΙ.
1160 2457 1198 2481 Li,
1214 2453 1236 2475 4.
1298 2452 1318 2467 ²⁰
1330 2452 1411 2479 Prota,
1429 2457 1475 2477 xx,
1492 2451 1530 2474 233.
1545 2464 1575 2468 —
1590 2450 1607 2466 ¹¹
1626 2451 1632 2473 l
1649 2451 1724 2479 Pena,
1742 2456 1770 2479 Η,
1785 2452 1808 2474 2.

1041 2501 1071 2505 —-
1087 2489 1105 2502 ²¹²
1121 2488 1172 2510 lum
1185 2489 1253 2515 autey
1269 2486 1339 2513 ibid..
1357 2489 1376 2509 l.
1390 2499 1418 2503 —
1433 2486 1451 2499 ²³
1467 2486 1539 2515 lhid,
1552 2488 1590 2509 22.
1604 2498 1633 2502 —
1645 2486 1664 2501 ²⁸
1680 2485 1809 2516 Anibi-os„

1042 2523 1148 2546 Ileraem
1162 2541 1168 2551 ,
1184 2522 1225 2546 lib.
1245 2523 1273 2551 ll,
1286 2528 1308 2545 e.
1323 2527 1355 2544 iv.
1366 2534 1396 2538 —
1409 2520 1430 2537 ²⁸
1441 2522 1566 2550 Damaso„
1577 2521 1608 2543 (le
1622 2520 1679 2543 Fid.
1697 2521 1809 2549 orthod..

1041 2558 1084 2581 lib.
1102 2559 1131 2586 ll,
1147 2566 1168 2582 c.
1186 2564 1252 2582 vi.—
1267 2558 1301 2588 (a)
1321 2557 1391 2588 I'uly.
1407 2557 1605 2580 infirmitates.--
1622 2556 1652 2585 (Ιι)
1671 2556 1731 2579 Cat.
1746 2557 1809 2580 edit.

1042 2594 1122 2624 siguo.
1139 2606 1168 2610 —
1187 2594 1214 2623 (c)
1237 2592 1360 2616 videntes.
1379 2606 1403 2609 —
1423 2592 1458 2621 (sl)
1481 2592 1540 2616 Caet.
1559 2591 1618 2615 edit.
1636 2591 1701 2615 deest
1714 2594 1760 2616 cst.
1779 2605 1809 2610 -

1043 2631 1072 2658 (e)
1086 2630 1146 2652 Cret.
1159 2628 1218 2651 edit.
1235 2628 1344 2658 respicit.
