<?xml version="1.0" encoding="UTF-8"?>
<!DOCTYPE html PUBLIC "-//W3C//DTD XHTML 1.0 Transitional//EN"
    "http://www.w3.org/TR/xhtml1/DTD/xhtml1-transitional.dtd">
<html xmlns="http://www.w3.org/1999/xhtml" xml:lang="en" lang="en">
 <head>
  <title>
</title>
<meta http-equiv="Content-Type" content="text/html;charset=utf-8" />
  <meta name='ocr-system' content='tesseract 3.04.00' />
  <meta name='ocr-capabilities' content='ocr_page ocr_carea ocr_par ocr_line ocrx_word'/>
</head>
<body>
  <div class='ocr_page' id='page_1' title='image "./operaomniasixtiv11bonauoft/operaomniasixtiv11bonauoft_0162.png"; bbox 0 0 1987 3032; ppageno 0'>
   <div class='ocr_carea' id='block_1_1' title="bbox 225 231 1270 265">
    <p class='ocr_par' dir='ltr' id='par_1_1' title="bbox 225 231 1270 265">
     <span class='ocr_line' id='line_1_1' title="bbox 225 231 1270 265; baseline 0 -1"><span class='ocrx_word' id='word_1_1' title='bbox 225 236 282 265; x_wconf 72' lang='lat'>146</span> <span class='ocrx_word' id='word_1_2' title='bbox 761 231 974 263; x_wconf 79' lang='lat' dir='ltr'><strong>EVANGELII</strong></span> <span class='ocrx_word' id='word_1_3' title='bbox 996 231 1137 264; x_wconf 82' lang='lat' dir='ltr'>SANCTl</span> <span class='ocrx_word' id='word_1_4' title='bbox 1159 232 1270 264; x_wconf 85' lang='lat' dir='ltr'>LUCAE</span> 
     </span>
    </p>
   </div>
   <div class='ocr_carea' id='block_1_2' title="bbox 221 298 996 2604">
    <p class='ocr_par' dir='ltr' id='par_1_2' title="bbox 224 298 992 496">
     <span class='ocr_line' id='line_1_2' title="bbox 224 298 992 332; baseline -0.004 -1"><span class='ocrx_word' id='word_1_5' title='bbox 224 301 339 331; x_wconf 84' lang='lat' dir='ltr'>borum</span> <span class='ocrx_word' id='word_1_6' title='bbox 357 300 493 332; x_wconf 83' lang='lat' dir='ltr'>varietas</span> <span class='ocrx_word' id='word_1_7' title='bbox 512 301 731 332; x_wconf 78' lang='lat' dir='ltr'>consummata</span> <span class='ocrx_word' id='word_1_8' title='bbox 754 300 801 330; x_wconf 88' lang='lat' dir='ltr'>est</span> <span class='ocrx_word' id='word_1_9' title='bbox 833 300 867 328; x_wconf 91' lang='lat' dir='ltr'>in</span> <span class='ocrx_word' id='word_1_10' title='bbox 890 298 992 329; x_wconf 87' lang='lat' dir='ltr'>Verbo</span> 
     </span>
     <span class='ocr_line' id='line_1_3' title="bbox 224 351 992 390; baseline -0.003 -6"><span class='ocrx_word' id='word_1_11' title='bbox 224 353 397 390; x_wconf 85' lang='lat' dir='ltr'>incarnato,</span> <span class='ocrx_word' id='word_1_12' title='bbox 411 353 586 384; x_wconf 83' lang='lat' dir='ltr'>seeundum</span> <span class='ocrx_word' id='word_1_13' title='bbox 601 352 680 383; x_wconf 88' lang='lat' dir='ltr'>illud</span> <span class='ocrx_word' id='word_1_14' title='bbox 695 352 703 368; x_wconf 87' lang='lat'><strong>¹</strong></span> <span class='ocrx_word' id='word_1_15' title='bbox 721 362 727 382; x_wconf 76' lang='grc' dir='ltr'>ε</span> <span class='ocrx_word' id='word_1_16' title='bbox 751 362 765 380; x_wconf 73' lang='lat' dir='ltr'>a</span> <span class='ocrx_word' id='word_1_17' title='bbox 781 351 992 382; x_wconf 83' lang='lat' dir='ltr'>Consumma-</span> 
     </span>
     <span class='ocr_line' id='line_1_4' title="bbox 224 404 989 442; baseline -0.004 -5"><span class='ocrx_word' id='word_1_18' title='bbox 224 407 340 437; x_wconf 85' lang='lat' dir='ltr'>tionem</span> <span class='ocrx_word' id='word_1_19' title='bbox 357 409 387 436; x_wconf 87' lang='lat' dir='ltr'>et</span> <span class='ocrx_word' id='word_1_20' title='bbox 402 406 671 436; x_wconf 81' lang='lat' dir='ltr'>abbreviationem</span> <span class='ocrx_word' id='word_1_21' title='bbox 680 404 821 442; x_wconf 87' lang='lat' dir='ltr'>audivi,»</span> <span class='ocrx_word' id='word_1_22' title='bbox 836 406 895 434; x_wconf 83' lang='lat' dir='ltr'>etc.</span> <span class='ocrx_word' id='word_1_23' title='bbox 909 404 965 434; x_wconf 85' lang='lat' dir='ltr'>Et²</span> <span class='ocrx_word' id='word_1_24' title='bbox 983 414 989 433; x_wconf 89' lang='lat'>:</span> 
     </span>
     <span class='ocr_line' id='line_1_5' title="bbox 225 459 573 496; baseline -0.003 -7"><span class='ocrx_word' id='word_1_25' title='bbox 225 471 239 489; x_wconf 81' lang='grc' dir='ltr'><em>α</em></span> <span class='ocrx_word' id='word_1_26' title='bbox 256 459 470 496; x_wconf 82' lang='lat' dir='ltr'>Mnltifariam,</span> <span class='ocrx_word' id='word_1_27' title='bbox 485 470 499 486; x_wconf 84' lang='grc'>))</span> <span class='ocrx_word' id='word_1_28' title='bbox 514 460 573 488; x_wconf 83' lang='lat' dir='ltr'>ete.</span> 
     </span>
    </p>

    <p class='ocr_par' dir='ltr' id='par_1_3' title="bbox 221 510 996 2546">
     <span class='ocr_line' id='line_1_6' title="bbox 264 510 991 551; baseline -0.004 -8"><span class='ocrx_word' id='word_1_29' title='bbox 264 512 399 549; x_wconf 86' lang='lat' dir='ltr'>Quarto,</span> <span class='ocrx_word' id='word_1_30' title='bbox 419 513 577 551; x_wconf 83' lang='lat' dir='ltr'>quantum</span> <span class='ocrx_word' id='word_1_31' title='bbox 598 510 638 540; x_wconf 89' lang='lat' dir='ltr'>ad</span> <span class='ocrx_word' id='word_1_32' title='bbox 659 510 909 540; x_wconf 83' lang='lat' dir='ltr'>confirmationis</span> <span class='ocrx_word' id='word_1_33' title='bbox 927 510 991 540; x_wconf 92' lang='lat' dir='ltr'>col-</span> 
     </span>
     <span class='ocr_line' id='line_1_7' title="bbox 222 562 992 602; baseline -0.005 -6"><span class='ocrx_word' id='word_1_34' title='bbox 222 565 448 600; x_wconf 85' lang='lat' dir='ltr'>laudationem,</span> <span class='ocrx_word' id='word_1_35' title='bbox 464 563 613 602; x_wconf 76' lang='lat' dir='ltr'>adJungit</span> <span class='ocrx_word' id='word_1_36' title='bbox 636 564 677 602; x_wconf 72' lang='lat' dir='ltr'>(v.</span> <span class='ocrx_word' id='word_1_37' title='bbox 698 564 745 602; x_wconf 75' lang='lat'>39)</span> <span class='ocrx_word' id='word_1_38' title='bbox 765 574 771 592; x_wconf 92' lang='lat'>:</span> <span class='ocrx_word' id='word_1_39' title='bbox 789 562 992 602; x_wconf 76' lang='lat' dir='ltr'>Responden-</span> 
     </span>
     <span class='ocr_line' id='line_1_8' title="bbox 224 615 991 657; baseline -0.007 -8"><span class='ocrx_word' id='word_1_40' title='bbox 224 623 384 649; x_wconf 74' lang='lat' dir='ltr'>tescmlem</span> <span class='ocrx_word' id='word_1_41' title='bbox 409 616 541 657; x_wconf 75' lang='lat' dir='ltr'>quidum</span> <span class='ocrx_word' id='word_1_42' title='bbox 565 616 742 646; x_wconf 75' lang='lat' dir='ltr'>scribarum</span> <span class='ocrx_word' id='word_1_43' title='bbox 764 615 915 647; x_wconf 69' lang='lat' dir='ltr'>dz&#39;zerunt</span> <span class='ocrx_word' id='word_1_44' title='bbox 933 616 963 645; x_wconf 75' lang='grc' dir='ltr'>εἰ</span> <span class='ocrx_word' id='word_1_45' title='bbox 981 625 991 644; x_wconf 86' lang='grc'>.-</span> 
     </span>
     <span class='ocr_line' id='line_1_9' title="bbox 222 668 993 711; baseline -0.008 -8"><span class='ocrx_word' id='word_1_46' title='bbox 222 672 386 711; x_wconf 68' lang='grc' dir='ltr'>Μαῃιῖςίθν,</span> <span class='ocrx_word' id='word_1_47' title='bbox 402 671 477 700; x_wconf 79' lang='lat' dir='ltr'>bene</span> <span class='ocrx_word' id='word_1_48' title='bbox 498 669 617 700; x_wconf 64' lang='lat' dir='ltr'>discisa.</span> <span class='ocrx_word' id='word_1_49' title='bbox 641 668 706 699; x_wconf 90' lang='grc'><strong>1100</strong></span> <span class='ocrx_word' id='word_1_50' title='bbox 729 668 993 699; x_wconf 81' lang='lat' dir='ltr'>commendabant</span> 
     </span>
     <span class='ocr_line' id='line_1_10' title="bbox 222 721 990 762; baseline -0.005 -8"><span class='ocrx_word' id='word_1_51' title='bbox 222 725 351 761; x_wconf 59' lang='lat' dir='ltr'>scribae,</span> <span class='ocrx_word' id='word_1_52' title='bbox 374 724 450 762; x_wconf 80' lang='lat' dir='ltr'>quia</span> <span class='ocrx_word' id='word_1_53' title='bbox 470 725 559 753; x_wconf 84' lang='lat' dir='ltr'>erant</span> <span class='ocrx_word' id='word_1_54' title='bbox 577 723 615 753; x_wconf 91' lang='lat' dir='ltr'>de</span> <span class='ocrx_word' id='word_1_55' title='bbox 638 724 721 753; x_wconf 87' lang='lat' dir='ltr'>secta</span> <span class='ocrx_word' id='word_1_56' title='bbox 743 721 990 759; x_wconf 67' lang='lat' dir='ltr'>Pharisaeorum,</span> 
     </span>
     <span class='ocr_line' id='line_1_11' title="bbox 222 773 991 816; baseline -0.005 -9"><span class='ocrx_word' id='word_1_57' title='bbox 222 777 277 816; x_wconf 87' lang='lat' dir='ltr'>qui</span> <span class='ocrx_word' id='word_1_58' title='bbox 292 777 401 807; x_wconf 80' lang='lat' dir='ltr'>dicunt</span> <span class='ocrx_word' id='word_1_59' title='bbox 416 776 678 806; x_wconf 79' lang='lat' dir='ltr'>resurrectionem</span> <span class='ocrx_word' id='word_1_60' title='bbox 702 784 779 805; x_wconf 89' lang='lat' dir='ltr'>esse.</span> <span class='ocrx_word' id='word_1_61' title='bbox 806 774 892 805; x_wconf 90' lang='lat' dir='ltr'>Unde</span> <span class='ocrx_word' id='word_1_62' title='bbox 915 773 991 804; x_wconf 91' lang='lat' dir='ltr'>dici-</span> 
     </span>
     <span class='ocr_line' id='line_1_12' title="bbox 222 826 992 868; baseline -0.005 -9"><span class='ocrx_word' id='word_1_63' title='bbox 222 831 276 860; x_wconf 90' lang='lat' dir='ltr'>tur</span> <span class='ocrx_word' id='word_1_64' title='bbox 291 830 301 846; x_wconf 79' lang='lat'>⁸</span> <span class='ocrx_word' id='word_1_65' title='bbox 315 829 399 868; x_wconf 88' lang='lat' dir='ltr'>quod</span> <span class='ocrx_word' id='word_1_66' title='bbox 416 840 429 858; x_wconf 73' lang='grc' dir='ltr'>ι(</span> <span class='ocrx_word' id='word_1_67' title='bbox 447 828 598 859; x_wconf 86' lang='lat' dir='ltr'>Pharisaei</span> <span class='ocrx_word' id='word_1_68' title='bbox 613 828 775 858; x_wconf 74' lang='lat' dir='ltr'>audientes</span> <span class='ocrx_word' id='word_1_69' title='bbox 790 827 873 866; x_wconf 88' lang='lat' dir='ltr'>quod</span> <span class='ocrx_word' id='word_1_70' title='bbox 896 826 992 856; x_wconf 89' lang='lat' dir='ltr'>silen-</span> 
     </span>
     <span class='ocr_line' id='line_1_13' title="bbox 222 880 993 921; baseline -0.004 -9"><span class='ocrx_word' id='word_1_71' title='bbox 222 882 303 912; x_wconf 90' lang='lat' dir='ltr'>tium</span> <span class='ocrx_word' id='word_1_72' title='bbox 329 881 530 921; x_wconf 83' lang='lat' dir='ltr'>imposuisset</span> <span class='ocrx_word' id='word_1_73' title='bbox 554 880 752 918; x_wconf 82' lang='lat' dir='ltr'>Sadducaeis,</span> <span class='ocrx_word' id='word_1_74' title='bbox 774 881 993 910; x_wconf 87' lang='lat' dir='ltr'>convenerunt</span> 
     </span>
     <span class='ocr_line' id='line_1_14' title="bbox 222 932 993 973; baseline -0.004 -8"><span class='ocrx_word' id='word_1_75' title='bbox 222 935 256 965; x_wconf 91' lang='lat' dir='ltr'>in</span> <span class='ocrx_word' id='word_1_76' title='bbox 271 944 384 972; x_wconf 82' lang='lat' dir='ltr'>unum,</span> <span class='ocrx_word' id='word_1_77' title='bbox 399 945 414 962; x_wconf 86' lang='lat'>1&gt;</span> <span class='ocrx_word' id='word_1_78' title='bbox 432 935 506 973; x_wconf 87' lang='lat' dir='ltr'>quia</span> <span class='ocrx_word' id='word_1_79' title='bbox 518 943 558 964; x_wconf 80' lang='lat' dir='ltr'>ex</span> <span class='ocrx_word' id='word_1_80' title='bbox 572 934 632 964; x_wconf 86' lang='lat' dir='ltr'>hoc</span> <span class='ocrx_word' id='word_1_81' title='bbox 648 933 880 973; x_wconf 80' lang='lat' dir='ltr'>applaudebant</span> <span class='ocrx_word' id='word_1_82' title='bbox 895 933 934 963; x_wconf 87' lang='lat' dir='ltr'>ei.</span> <span class='ocrx_word' id='word_1_83' title='bbox 950 932 993 963; x_wconf 88' lang='lat' dir='ltr'>De</span> 
     </span>
     <span class='ocr_line' id='line_1_15' title="bbox 222 986 993 1023; baseline -0.003 -6"><span class='ocrx_word' id='word_1_84' title='bbox 222 987 283 1018; x_wconf 89' lang='lat' dir='ltr'>hoc</span> <span class='ocrx_word' id='word_1_85' title='bbox 299 987 384 1018; x_wconf 89' lang='lat' dir='ltr'>enim</span> <span class='ocrx_word' id='word_1_86' title='bbox 397 989 465 1018; x_wconf 83' lang='lat' dir='ltr'>erat</span> <span class='ocrx_word' id='word_1_87' title='bbox 479 987 638 1017; x_wconf 89' lang='lat' dir='ltr'>contentio</span> <span class='ocrx_word' id='word_1_88' title='bbox 652 987 735 1016; x_wconf 91' lang='lat' dir='ltr'>inter</span> <span class='ocrx_word' id='word_1_89' title='bbox 751 986 952 1023; x_wconf 84' lang='lat' dir='ltr'>Sadducaeos,</span> <span class='ocrx_word' id='word_1_90' title='bbox 963 987 993 1015; x_wconf 89' lang='lat' dir='ltr'>et</span> 
     </span>
     <span class='ocr_line' id='line_1_16' title="bbox 222 1037 990 1076; baseline -0.001 -7"><span class='ocrx_word' id='word_1_91' title='bbox 222 1039 410 1070; x_wconf 83' lang='lat' dir='ltr'>Pharisaeos.</span> <span class='ocrx_word' id='word_1_92' title='bbox 428 1039 516 1069; x_wconf 89' lang='lat' dir='ltr'>Unde</span> <span class='ocrx_word' id='word_1_93' title='bbox 530 1039 644 1069; x_wconf 89' lang='lat' dir='ltr'>dicitur</span> <span class='ocrx_word' id='word_1_94' title='bbox 658 1039 668 1054; x_wconf 69' lang='lat'><strong><em>⁶</em></strong></span> <span class='ocrx_word' id='word_1_95' title='bbox 687 1049 693 1068; x_wconf 90' lang='lat'>:</span> <span class='ocrx_word' id='word_1_96' title='bbox 708 1050 723 1067; x_wconf 71' lang='lat' dir='ltr'>a</span> <span class='ocrx_word' id='word_1_97' title='bbox 740 1038 849 1069; x_wconf 82' lang='lat' dir='ltr'>Sciens</span> <span class='ocrx_word' id='word_1_98' title='bbox 862 1037 990 1076; x_wconf 87' lang='lat' dir='ltr'>Paulus,</span> 
     </span>
     <span class='ocr_line' id='line_1_17' title="bbox 222 1091 993 1131; baseline -0.003 -9"><span class='ocrx_word' id='word_1_99' title='bbox 222 1092 298 1131; x_wconf 87' lang='lat' dir='ltr'>quia</span> <span class='ocrx_word' id='word_1_100' title='bbox 312 1102 377 1122; x_wconf 89' lang='lat' dir='ltr'>una</span> <span class='ocrx_word' id='word_1_101' title='bbox 392 1101 464 1131; x_wconf 85' lang='lat' dir='ltr'>pars</span> <span class='ocrx_word' id='word_1_102' title='bbox 479 1094 560 1122; x_wconf 89' lang='lat' dir='ltr'>esset</span> <span class='ocrx_word' id='word_1_103' title='bbox 575 1091 837 1128; x_wconf 68' lang='lat' dir='ltr'>Sadducaeorum,</span> <span class='ocrx_word' id='word_1_104' title='bbox 851 1093 881 1121; x_wconf 89' lang='lat' dir='ltr'>et</span> <span class='ocrx_word' id='word_1_105' title='bbox 895 1091 993 1121; x_wconf 89' lang='lat' dir='ltr'>altera</span> 
     </span>
     <span class='ocr_line' id='line_1_18' title="bbox 222 1142 993 1182; baseline -0.003 -7"><span class='ocrx_word' id='word_1_106' title='bbox 222 1144 470 1182; x_wconf 85' lang='lat' dir='ltr'>Pharisaeorum,</span> <span class='ocrx_word' id='word_1_107' title='bbox 488 1145 677 1175; x_wconf 77' lang='lat' dir='ltr'>exclamavit</span> <span class='ocrx_word' id='word_1_108' title='bbox 700 1145 732 1174; x_wconf 91' lang='lat' dir='ltr'>in</span> <span class='ocrx_word' id='word_1_109' title='bbox 755 1144 885 1174; x_wconf 90' lang='lat' dir='ltr'>concilio</span> <span class='ocrx_word' id='word_1_110' title='bbox 903 1155 908 1173; x_wconf 92' lang='lat'>:</span> <span class='ocrx_word' id='word_1_111' title='bbox 927 1142 993 1174; x_wconf 90' lang='lat' dir='ltr'>Viri</span> 
     </span>
     <span class='ocr_line' id='line_1_19' title="bbox 221 1197 993 1237; baseline -0.003 -9"><span class='ocrx_word' id='word_1_112' title='bbox 221 1199 349 1236; x_wconf 82' lang='lat' dir='ltr'>fratres,</span> <span class='ocrx_word' id='word_1_113' title='bbox 366 1207 428 1237; x_wconf 87' lang='lat' dir='ltr'>ego</span> <span class='ocrx_word' id='word_1_114' title='bbox 443 1197 625 1228; x_wconf 72' lang='lat' dir='ltr'>Pharisaeus</span> <span class='ocrx_word' id='word_1_115' title='bbox 645 1206 717 1228; x_wconf 90' lang='lat' dir='ltr'>sum</span> <span class='ocrx_word' id='word_1_116' title='bbox 735 1206 741 1226; x_wconf 89' lang='lat'>:</span> <span class='ocrx_word' id='word_1_117' title='bbox 758 1197 795 1227; x_wconf 82' lang='lat' dir='ltr'>de</span> <span class='ocrx_word' id='word_1_118' title='bbox 815 1206 870 1235; x_wconf 88' lang='lat' dir='ltr'>spe</span> <span class='ocrx_word' id='word_1_119' title='bbox 890 1198 921 1226; x_wconf 88' lang='lat' dir='ltr'>et</span> <span class='ocrx_word' id='word_1_120' title='bbox 940 1205 993 1226; x_wconf 91' lang='lat' dir='ltr'>re-</span> 
     </span>
     <span class='ocr_line' id='line_1_20' title="bbox 222 1249 993 1289; baseline -0.004 -8"><span class='ocrx_word' id='word_1_121' title='bbox 222 1252 416 1282; x_wconf 87' lang='lat' dir='ltr'>surrectione</span> <span class='ocrx_word' id='word_1_122' title='bbox 431 1253 630 1281; x_wconf 85' lang='lat' dir='ltr'>mortuorum</span> <span class='ocrx_word' id='word_1_123' title='bbox 645 1259 706 1289; x_wconf 86' lang='lat' dir='ltr'>ego</span> <span class='ocrx_word' id='word_1_124' title='bbox 718 1249 856 1288; x_wconf 88' lang='lat' dir='ltr'>judicor.</span> <span class='ocrx_word' id='word_1_125' title='bbox 868 1250 905 1278; x_wconf 89' lang='lat' dir='ltr'>Et</span> <span class='ocrx_word' id='word_1_126' title='bbox 920 1258 993 1279; x_wconf 91' lang='lat' dir='ltr'>cum</span> 
     </span>
     <span class='ocr_line' id='line_1_21' title="bbox 221 1301 994 1341; baseline -0.004 -7"><span class='ocrx_word' id='word_1_127' title='bbox 221 1304 290 1334; x_wconf 77' lang='lat' dir='ltr'>haec</span> <span class='ocrx_word' id='word_1_128' title='bbox 304 1304 444 1341; x_wconf 82' lang='lat' dir='ltr'>dixisset,</span> <span class='ocrx_word' id='word_1_129' title='bbox 461 1305 541 1334; x_wconf 83' lang='lat' dir='ltr'>facta</span> <span class='ocrx_word' id='word_1_130' title='bbox 556 1306 603 1334; x_wconf 88' lang='lat' dir='ltr'>est</span> <span class='ocrx_word' id='word_1_131' title='bbox 617 1303 771 1333; x_wconf 86' lang='lat' dir='ltr'>dissensio</span> <span class='ocrx_word' id='word_1_132' title='bbox 787 1302 869 1332; x_wconf 90' lang='lat' dir='ltr'>inter</span> <span class='ocrx_word' id='word_1_133' title='bbox 884 1301 994 1332; x_wconf 83' lang='lat' dir='ltr'>Phari-</span> 
     </span>
     <span class='ocr_line' id='line_1_22' title="bbox 221 1354 990 1393; baseline -0.005 -5"><span class='ocrx_word' id='word_1_134' title='bbox 221 1366 302 1388; x_wconf 81' lang='lat' dir='ltr'>saeos</span> <span class='ocrx_word' id='word_1_135' title='bbox 318 1359 349 1387; x_wconf 90' lang='lat' dir='ltr'>et</span> <span class='ocrx_word' id='word_1_136' title='bbox 364 1356 563 1393; x_wconf 79' lang='lat' dir='ltr'>Sadducaeos,</span> <span class='ocrx_word' id='word_1_137' title='bbox 580 1358 611 1386; x_wconf 88' lang='lat' dir='ltr'>et</span> <span class='ocrx_word' id='word_1_138' title='bbox 624 1355 726 1386; x_wconf 85' lang='lat' dir='ltr'>soluta</span> <span class='ocrx_word' id='word_1_139' title='bbox 748 1356 794 1385; x_wconf 88' lang='lat' dir='ltr'>est</span> <span class='ocrx_word' id='word_1_140' title='bbox 808 1354 990 1384; x_wconf 87' lang='lat' dir='ltr'>multitudo.</span> 
     </span>
     <span class='ocr_line' id='line_1_23' title="bbox 222 1409 994 1441; baseline -0.005 -1"><span class='ocrx_word' id='word_1_141' title='bbox 222 1410 386 1441; x_wconf 63' lang='lat' dir='ltr'>Sadducaei</span> <span class='ocrx_word' id='word_1_142' title='bbox 402 1412 510 1440; x_wconf 85' lang='lat' dir='ltr'>autem</span> <span class='ocrx_word' id='word_1_143' title='bbox 528 1409 637 1439; x_wconf 81' lang='lat' dir='ltr'>dicunt</span> <span class='ocrx_word' id='word_1_144' title='bbox 661 1417 726 1438; x_wconf 90' lang='lat' dir='ltr'>non</span> <span class='ocrx_word' id='word_1_145' title='bbox 747 1416 813 1437; x_wconf 88' lang='lat' dir='ltr'>esse</span> <span class='ocrx_word' id='word_1_146' title='bbox 837 1416 994 1437; x_wconf 89' lang='lat' dir='ltr'>resurrec-</span> 
     </span>
     <span class='ocr_line' id='line_1_24' title="bbox 222 1460 994 1501; baseline -0.006 -7"><span class='ocrx_word' id='word_1_147' title='bbox 222 1463 341 1494; x_wconf 84' lang='lat' dir='ltr'>tionem</span> <span class='ocrx_word' id='word_1_148' title='bbox 357 1465 571 1499; x_wconf 86' lang='lat' dir='ltr'>mortuorum,</span> <span class='ocrx_word' id='word_1_149' title='bbox 588 1470 692 1501; x_wconf 89' lang='lat' dir='ltr'>neque</span> <span class='ocrx_word' id='word_1_150' title='bbox 706 1460 870 1498; x_wconf 80' lang='lat' dir='ltr'>angelum,</span> <span class='ocrx_word' id='word_1_151' title='bbox 891 1468 994 1498; x_wconf 88' lang='lat' dir='ltr'>neque</span> 
     </span>
     <span class='ocr_line' id='line_1_25' title="bbox 223 1513 994 1556; baseline -0.005 -10"><span class='ocrx_word' id='word_1_152' title='bbox 223 1516 382 1556; x_wconf 89' lang='lat' dir='ltr'>spiritum.</span> <span class='ocrx_word' id='word_1_153' title='bbox 399 1515 550 1546; x_wconf 72' lang='lat' dir='ltr'>Pharisaei</span> <span class='ocrx_word' id='word_1_154' title='bbox 565 1516 671 1544; x_wconf 87' lang='lat' dir='ltr'>autem</span> <span class='ocrx_word' id='word_1_155' title='bbox 693 1515 829 1552; x_wconf 84' lang='lat' dir='ltr'>utraque</span> <span class='ocrx_word' id='word_1_156' title='bbox 844 1513 994 1543; x_wconf 84' lang='lat' dir='ltr'>confiten-</span> 
     </span>
     <span class='ocr_line' id='line_1_26' title="bbox 222 1567 991 1607; baseline -0.005 -7"><span class='ocrx_word' id='word_1_157' title='bbox 222 1571 318 1600; x_wconf 85' lang='lat' dir='ltr'>tur.»</span> <span class='ocrx_word' id='word_1_158' title='bbox 345 1569 501 1606; x_wconf 76' lang='lat' dir='ltr'>Quoniam</span> <span class='ocrx_word' id='word_1_159' title='bbox 525 1577 604 1607; x_wconf 88' lang='lat' dir='ltr'>ergo</span> <span class='ocrx_word' id='word_1_160' title='bbox 624 1570 775 1606; x_wconf 87' lang='lat' dir='ltr'>utrosque</span> <span class='ocrx_word' id='word_1_161' title='bbox 798 1567 991 1604; x_wconf 86' lang='lat' dir='ltr'>confuderat,</span> 
     </span>
     <span class='ocr_line' id='line_1_27' title="bbox 222 1619 991 1661; baseline -0.007 -9"><span class='ocrx_word' id='word_1_162' title='bbox 222 1622 292 1652; x_wconf 90' lang='lat' dir='ltr'>ideo</span> <span class='ocrx_word' id='word_1_163' title='bbox 304 1622 591 1661; x_wconf 86' lang='lat' dir='ltr'>utriquetacebant.</span> <span class='ocrx_word' id='word_1_164' title='bbox 605 1620 692 1650; x_wconf 90' lang='lat' dir='ltr'>Unde</span> <span class='ocrx_word' id='word_1_165' title='bbox 708 1619 853 1650; x_wconf 85' lang='lat' dir='ltr'>subditur</span> <span class='ocrx_word' id='word_1_166' title='bbox 864 1620 903 1657; x_wconf 82' lang='lat' dir='ltr'>(v.</span> <span class='ocrx_word' id='word_1_167' title='bbox 916 1620 963 1658; x_wconf 69' lang='lat'>40)</span> <span class='ocrx_word' id='word_1_168' title='bbox 985 1628 991 1648; x_wconf 90' lang='lat'><strong>:</strong></span> 
     </span>
     <span class='ocr_line' id='line_1_28' title="bbox 222 1672 995 1715; baseline -0.006 -9"><span class='ocrx_word' id='word_1_169' title='bbox 222 1676 255 1707; x_wconf 89' lang='lat' dir='ltr'><em>E</em></span> <span class='ocrx_word' id='word_1_170' title='bbox 257 1680 269 1705; x_wconf 83' lang='lat' dir='ltr'>t</span> <span class='ocrx_word' id='word_1_171' title='bbox 282 1676 420 1715; x_wconf 74' lang='lat' dir='ltr'>amplius</span> <span class='ocrx_word' id='word_1_172' title='bbox 432 1684 496 1705; x_wconf 74' lang='lat' dir='ltr'>non</span> <span class='ocrx_word' id='word_1_173' title='bbox 504 1673 664 1704; x_wconf 77' lang='lat' dir='ltr'>audebant</span> <span class='ocrx_word' id='word_1_174' title='bbox 674 1682 746 1703; x_wconf 79' lang='lat' dir='ltr'>eum</span> <span class='ocrx_word' id='word_1_175' title='bbox 757 1672 935 1712; x_wconf 70' lang='lat' dir='ltr'>quidquam</span> <span class='ocrx_word' id='word_1_176' title='bbox 945 1673 995 1701; x_wconf 76' lang='grc' dir='ltr'>ἰη-</span> 
     </span>
     <span class='ocr_line' id='line_1_29' title="bbox 224 1724 994 1768; baseline -0.006 -9"><span class='ocrx_word' id='word_1_177' title='bbox 224 1732 397 1768; x_wconf 75' lang='lat' dir='ltr'>terroqare,</span> <span class='ocrx_word' id='word_1_178' title='bbox 410 1728 513 1758; x_wconf 89' lang='lat' dir='ltr'>studio</span> <span class='ocrx_word' id='word_1_179' title='bbox 529 1727 567 1766; x_wconf 77' lang='lat' dir='ltr'>(a)</span> <span class='ocrx_word' id='word_1_180' title='bbox 580 1725 770 1762; x_wconf 82' lang='lat' dir='ltr'>addiscendi,</span> <span class='ocrx_word' id='word_1_181' title='bbox 785 1725 839 1755; x_wconf 86' lang='lat' dir='ltr'>sed</span> <span class='ocrx_word' id='word_1_182' title='bbox 848 1724 994 1755; x_wconf 89' lang='lat' dir='ltr'>vincendi</span> 
     </span>
     <span class='ocr_line' id='line_1_30' title="bbox 224 1777 995 1820; baseline -0.006 -9"><span class='ocrx_word' id='word_1_183' title='bbox 224 1783 254 1811; x_wconf 87' lang='lat' dir='ltr'>et</span> <span class='ocrx_word' id='word_1_184' title='bbox 269 1781 450 1820; x_wconf 85' lang='lat' dir='ltr'>superandi.</span> <span class='ocrx_word' id='word_1_185' title='bbox 468 1780 556 1810; x_wconf 83' lang='lat' dir='ltr'>Unde</span> <span class='ocrx_word' id='word_1_186' title='bbox 579 1778 685 1809; x_wconf 80' lang='lat' dir='ltr'>Glossa</span> <span class='ocrx_word' id='word_1_187' title='bbox 697 1780 708 1796; x_wconf 82' lang='lat'>⁵</span> <span class='ocrx_word' id='word_1_188' title='bbox 725 1786 731 1806; x_wconf 90' lang='lat'>:</span> <span class='ocrx_word' id='word_1_189' title='bbox 756 1789 770 1806; x_wconf 84' lang='lat'>«</span> <span class='ocrx_word' id='word_1_190' title='bbox 790 1777 946 1808; x_wconf 83' lang='lat' dir='ltr'>Confutati</span> <span class='ocrx_word' id='word_1_191' title='bbox 962 1777 995 1806; x_wconf 92' lang='lat' dir='ltr'>in</span> 
     </span>
     <span class='ocr_line' id='line_1_31' title="bbox 223 1829 995 1871; baseline -0.008 -7"><span class='ocrx_word' id='word_1_192' title='bbox 223 1834 423 1864; x_wconf 85' lang='lat' dir='ltr'>sermonibus</span> <span class='ocrx_word' id='word_1_193' title='bbox 447 1842 511 1864; x_wconf 91' lang='lat' dir='ltr'>non</span> <span class='ocrx_word' id='word_1_194' title='bbox 534 1832 672 1871; x_wconf 88' lang='lat' dir='ltr'>amplius</span> <span class='ocrx_word' id='word_1_195' title='bbox 698 1831 910 1869; x_wconf 79' lang='lat' dir='ltr'>interrogant,</span> <span class='ocrx_word' id='word_1_196' title='bbox 942 1829 995 1860; x_wconf 89' lang='lat' dir='ltr'>sed</span> 
     </span>
     <span class='ocr_line' id='line_1_32' title="bbox 225 1882 995 1928; baseline -0.009 -10"><span class='ocrx_word' id='word_1_197' title='bbox 225 1890 331 1928; x_wconf 89' lang='lat' dir='ltr'>aperte</span> <span class='ocrx_word' id='word_1_198' title='bbox 365 1885 628 1925; x_wconf 88' lang='lat' dir='ltr'>comprehensum</span> <span class='ocrx_word' id='word_1_199' title='bbox 662 1884 813 1914; x_wconf 80' lang='lat' dir='ltr'>Romanae</span> <span class='ocrx_word' id='word_1_200' title='bbox 850 1882 995 1921; x_wconf 84' lang='lat' dir='ltr'>potestati</span> 
     </span>
     <span class='ocr_line' id='line_1_33' title="bbox 225 1935 996 1978; baseline -0.009 -7"><span class='ocrx_word' id='word_1_201' title='bbox 225 1942 366 1972; x_wconf 86' lang='lat' dir='ltr'>tradunt.</span> <span class='ocrx_word' id='word_1_202' title='bbox 383 1950 397 1967; x_wconf 89' lang='lat'>»</span> <span class='ocrx_word' id='word_1_203' title='bbox 414 1939 462 1969; x_wconf 81' lang='lat' dir='ltr'>Ex</span> <span class='ocrx_word' id='word_1_204' title='bbox 476 1947 539 1978; x_wconf 85' lang='lat' dir='ltr'>quo</span> <span class='ocrx_word' id='word_1_205' title='bbox 553 1936 762 1975; x_wconf 85' lang='lat' dir='ltr'>intelligimus</span> <span class='ocrx_word' id='word_1_206' title='bbox 777 1944 900 1966; x_wconf 83' lang='lat' dir='ltr'>venena</span> <span class='ocrx_word' id='word_1_207' title='bbox 914 1935 996 1965; x_wconf 92' lang='lat' dir='ltr'>invi-</span> 
     </span>
     <span class='ocr_line' id='line_1_34' title="bbox 225 1987 993 2032; baseline -0.01 -8"><span class='ocrx_word' id='word_1_208' title='bbox 225 1993 285 2024; x_wconf 76' lang='grc' dir='ltr'><strong>(11εο</strong></span> <span class='ocrx_word' id='word_1_209' title='bbox 307 2001 396 2032; x_wconf 90' lang='lat' dir='ltr'>posse</span> <span class='ocrx_word' id='word_1_210' title='bbox 418 1991 576 2030; x_wconf 89' lang='lat' dir='ltr'>superari,</span> <span class='ocrx_word' id='word_1_211' title='bbox 598 1989 652 2019; x_wconf 89' lang='lat' dir='ltr'>sed</span> <span class='ocrx_word' id='word_1_212' title='bbox 672 1987 798 2019; x_wconf 83' lang='lat' dir='ltr'>difficile</span> <span class='ocrx_word' id='word_1_213' title='bbox 822 1987 993 2026; x_wconf 84' lang='lat' dir='ltr'>quiescere.</span> 
     </span>
     <span class='ocr_line' id='line_1_35' title="bbox 227 2040 996 2080; baseline -0.009 -4"><span class='ocrx_word' id='word_1_214' title='bbox 227 2046 299 2077; x_wconf 89' lang='lat' dir='ltr'>Ideo</span> <span class='ocrx_word' id='word_1_215' title='bbox 318 2055 384 2076; x_wconf 90' lang='lat' dir='ltr'>non</span> <span class='ocrx_word' id='word_1_216' title='bbox 407 2044 564 2075; x_wconf 81' lang='lat' dir='ltr'>audebant</span> <span class='ocrx_word' id='word_1_217' title='bbox 587 2043 787 2080; x_wconf 85' lang='lat' dir='ltr'>interrogare</span> <span class='ocrx_word' id='word_1_218' title='bbox 808 2049 900 2078; x_wconf 83' lang='lat' dir='ltr'>eum,</span> <span class='ocrx_word' id='word_1_219' title='bbox 922 2040 996 2079; x_wconf 83' lang='lat' dir='ltr'>quia</span> 
     </span>
     <span class='ocr_line' id='line_1_36' title="bbox 226 2093 996 2136; baseline -0.01 -7"><span class='ocrx_word' id='word_1_220' title='bbox 226 2099 376 2130; x_wconf 85' lang='lat' dir='ltr'>videbant</span> <span class='ocrx_word' id='word_1_221' title='bbox 392 2097 511 2136; x_wconf 85' lang='lat' dir='ltr'>aliquid</span> <span class='ocrx_word' id='word_1_222' title='bbox 525 2096 672 2127; x_wconf 90' lang='lat' dir='ltr'>divinum</span> <span class='ocrx_word' id='word_1_223' title='bbox 687 2094 720 2124; x_wconf 91' lang='lat' dir='ltr'>in</span> <span class='ocrx_word' id='word_1_224' title='bbox 733 2102 765 2123; x_wconf 89' lang='lat' dir='ltr'>se</span> <span class='ocrx_word' id='word_1_225' title='bbox 780 2093 908 2130; x_wconf 84' lang='lat' dir='ltr'>habere,</span> <span class='ocrx_word' id='word_1_226' title='bbox 921 2101 996 2122; x_wconf 86' lang='lat' dir='ltr'>cum</span> 
     </span>
     <span class='ocr_line' id='line_1_37' title="bbox 225 2145 996 2190; baseline -0.008 -8"><span class='ocrx_word' id='word_1_227' title='bbox 225 2160 289 2190; x_wconf 83' lang='lat' dir='ltr'>quo</span> <span class='ocrx_word' id='word_1_228' title='bbox 312 2151 471 2190; x_wconf 83' lang='lat' dir='ltr'>disputare</span> <span class='ocrx_word' id='word_1_229' title='bbox 491 2151 598 2179; x_wconf 90' lang='lat' dir='ltr'>tutum</span> <span class='ocrx_word' id='word_1_230' title='bbox 620 2156 685 2178; x_wconf 92' lang='lat' dir='ltr'>non</span> <span class='ocrx_word' id='word_1_231' title='bbox 708 2148 763 2177; x_wconf 84' lang='lat' dir='ltr'>est.</span> <span class='ocrx_word' id='word_1_232' title='bbox 783 2146 792 2162; x_wconf 79' lang='lat'>⁶</span> <span class='ocrx_word' id='word_1_233' title='bbox 814 2157 828 2174; x_wconf 88' lang='lat'>«</span> <span class='ocrx_word' id='word_1_234' title='bbox 852 2145 996 2182; x_wconf 78' lang='lat' dir='ltr'>Quantus</span> 
     </span>
     <span class='ocr_line' id='line_1_38' title="bbox 225 2198 995 2240; baseline -0.009 -6"><span class='ocrx_word' id='word_1_235' title='bbox 225 2213 298 2234; x_wconf 88' lang='lat' dir='ltr'>sum</span> <span class='ocrx_word' id='word_1_236' title='bbox 311 2212 384 2240; x_wconf 75' lang='lat' dir='ltr'>ego,</span> <span class='ocrx_word' id='word_1_237' title='bbox 400 2205 436 2232; x_wconf 89' lang='lat' dir='ltr'>ut</span> <span class='ocrx_word' id='word_1_238' title='bbox 450 2200 656 2240; x_wconf 80' lang='lat' dir='ltr'>respondeam</span> <span class='ocrx_word' id='word_1_239' title='bbox 671 2199 710 2236; x_wconf 83' lang='lat' dir='ltr'>ei,</span> <span class='ocrx_word' id='word_1_240' title='bbox 728 2201 757 2228; x_wconf 83' lang='lat' dir='ltr'>et</span> <span class='ocrx_word' id='word_1_241' title='bbox 767 2198 880 2237; x_wconf 85' lang='lat' dir='ltr'>loquar</span> <span class='ocrx_word' id='word_1_242' title='bbox 890 2198 995 2229; x_wconf 89' lang='lat' dir='ltr'>verbis</span> 
     </span>
     <span class='ocr_line' id='line_1_39' title="bbox 226 2251 995 2290; baseline -0.009 -4"><span class='ocrx_word' id='word_1_243' title='bbox 226 2256 305 2286; x_wconf 90' lang='lat' dir='ltr'>meis</span> <span class='ocrx_word' id='word_1_244' title='bbox 320 2264 393 2286; x_wconf 84' lang='lat' dir='ltr'>cum</span> <span class='ocrx_word' id='word_1_245' title='bbox 409 2255 470 2285; x_wconf 73' lang='lat' dir='ltr'>eo?</span> <span class='ocrx_word' id='word_1_246' title='bbox 494 2253 554 2290; x_wconf 83' lang='lat' dir='ltr'>Qui</span> <span class='ocrx_word' id='word_1_247' title='bbox 573 2252 668 2282; x_wconf 85' lang='lat' dir='ltr'>etiam</span> <span class='ocrx_word' id='word_1_248' title='bbox 691 2251 717 2281; x_wconf 93' lang='lat' dir='ltr'>si</span> <span class='ocrx_word' id='word_1_249' title='bbox 738 2251 881 2281; x_wconf 80' lang='lat' dir='ltr'>habuero</span> <span class='ocrx_word' id='word_1_250' title='bbox 898 2251 995 2290; x_wconf 86' lang='lat' dir='ltr'>quip-</span> 
     </span>
     <span class='ocr_line' id='line_1_40' title="bbox 226 2303 995 2346; baseline -0.008 -8"><span class='ocrx_word' id='word_1_251' title='bbox 226 2308 311 2346; x_wconf 84' lang='lat' dir='ltr'>piam</span> <span class='ocrx_word' id='word_1_252' title='bbox 329 2309 463 2346; x_wconf 84' lang='lat' dir='ltr'>justum,</span> <span class='ocrx_word' id='word_1_253' title='bbox 490 2315 555 2336; x_wconf 90' lang='lat' dir='ltr'>non</span> <span class='ocrx_word' id='word_1_254' title='bbox 578 2304 785 2344; x_wconf 85' lang='lat' dir='ltr'>respondebO,</span> <span class='ocrx_word' id='word_1_255' title='bbox 809 2303 862 2333; x_wconf 91' lang='lat' dir='ltr'>sed</span> <span class='ocrx_word' id='word_1_256' title='bbox 887 2312 995 2333; x_wconf 89' lang='lat' dir='ltr'>meum</span> 
     </span>
     <span class='ocr_line' id='line_1_41' title="bbox 223 2357 995 2398; baseline -0.005 -9"><span class='ocrx_word' id='word_1_257' title='bbox 223 2360 364 2398; x_wconf 59' lang='lat' dir='ltr'>,iudicem</span> <span class='ocrx_word' id='word_1_258' title='bbox 379 2359 579 2398; x_wconf 84' lang='lat' dir='ltr'>deprecabor.</span> <span class='ocrx_word' id='word_1_259' title='bbox 597 2368 611 2385; x_wconf 85' lang='lat'>»</span> <span class='ocrx_word' id='word_1_260' title='bbox 631 2357 833 2388; x_wconf 82' lang='lat' dir='ltr'>Verificatum</span> <span class='ocrx_word' id='word_1_261' title='bbox 854 2359 900 2386; x_wconf 86' lang='lat' dir='ltr'>est</span> <span class='ocrx_word' id='word_1_262' title='bbox 915 2365 995 2394; x_wconf 87' lang='lat' dir='ltr'>ergo</span> 
     </span>
     <span class='ocr_line' id='line_1_42' title="bbox 227 2410 993 2441; baseline -0.005 0"><span class='ocrx_word' id='word_1_263' title='bbox 227 2412 261 2441; x_wconf 92' lang='lat' dir='ltr'>in</span> <span class='ocrx_word' id='word_1_264' title='bbox 276 2412 313 2441; x_wconf 84' lang='lat' dir='ltr'>iis</span> <span class='ocrx_word' id='word_1_265' title='bbox 328 2412 405 2441; x_wconf 86' lang='lat' dir='ltr'>illud</span> <span class='ocrx_word' id='word_1_266' title='bbox 419 2413 428 2428; x_wconf 87' lang='lat'><strong>⁷</strong></span> <span class='ocrx_word' id='word_1_267' title='bbox 447 2421 454 2440; x_wconf 89' lang='lat'>:</span> <span class='ocrx_word' id='word_1_268' title='bbox 476 2423 490 2439; x_wconf 83' lang='lat'>((</span> <span class='ocrx_word' id='word_1_269' title='bbox 509 2411 692 2441; x_wconf 86' lang='lat' dir='ltr'>Defecerunt</span> <span class='ocrx_word' id='word_1_270' title='bbox 710 2410 883 2439; x_wconf 84' lang='lat' dir='ltr'>scrutantes</span> <span class='ocrx_word' id='word_1_271' title='bbox 905 2417 993 2438; x_wconf 88' lang='lat' dir='ltr'>scru-</span> 
     </span>
     <span class='ocr_line' id='line_1_43' title="bbox 226 2460 992 2499; baseline -0.005 -6"><span class='ocrx_word' id='word_1_272' title='bbox 226 2464 314 2494; x_wconf 90' lang='lat' dir='ltr'>tinio.</span> <span class='ocrx_word' id='word_1_273' title='bbox 332 2464 463 2493; x_wconf 82' lang='lat' dir='ltr'>Accedet</span> <span class='ocrx_word' id='word_1_274' title='bbox 480 2463 575 2493; x_wconf 92' lang='lat' dir='ltr'>homo</span> <span class='ocrx_word' id='word_1_275' title='bbox 590 2463 630 2493; x_wconf 90' lang='lat' dir='ltr'>ad</span> <span class='ocrx_word' id='word_1_276' title='bbox 650 2471 703 2493; x_wconf 92' lang='lat' dir='ltr'>cor</span> <span class='ocrx_word' id='word_1_277' title='bbox 724 2461 834 2499; x_wconf 85' lang='lat' dir='ltr'>altum,</span> <span class='ocrx_word' id='word_1_278' title='bbox 855 2463 886 2491; x_wconf 87' lang='lat' dir='ltr'>et</span> <span class='ocrx_word' id='word_1_279' title='bbox 906 2460 992 2490; x_wconf 78' lang='lat' dir='ltr'>exal-</span> 
     </span>
     <span class='ocr_line' id='line_1_44' title="bbox 226 2516 481 2546; baseline -0.008 -1"><span class='ocrx_word' id='word_1_280' title='bbox 226 2516 345 2546; x_wconf 84' lang='lat' dir='ltr'>tabitur</span> <span class='ocrx_word' id='word_1_281' title='bbox 359 2516 450 2546; x_wconf 88' lang='lat' dir='ltr'>Deus.</span> <span class='ocrx_word' id='word_1_282' title='bbox 467 2526 481 2543; x_wconf 75' lang='grc'>1)</span> 
     </span>
    </p>

    <p class='ocr_par' dir='ltr' id='par_1_4' title="bbox 266 2564 992 2604">
     <span class='ocr_line' id='line_1_45' title="bbox 266 2564 992 2604; baseline -0.006 -6"><span class='ocrx_word' id='word_1_283' title='bbox 266 2571 315 2598; x_wconf 69' lang='lat'>41.</span> <span class='ocrx_word' id='word_1_284' title='bbox 335 2568 426 2598; x_wconf 62' lang='lat' dir='ltr'>Dixit</span> <span class='ocrx_word' id='word_1_285' title='bbox 445 2571 551 2597; x_wconf 74' lang='lat' dir='ltr'>autem</span> <span class='ocrx_word' id='word_1_286' title='bbox 568 2566 612 2596; x_wconf 69' lang='lat' dir='ltr'>acl</span> <span class='ocrx_word' id='word_1_287' title='bbox 627 2566 695 2597; x_wconf 77' lang='lat' dir='ltr'>illos</span> <span class='ocrx_word' id='word_1_288' title='bbox 713 2577 719 2597; x_wconf 73' lang='grc' dir='ltr'>ε</span> <span class='ocrx_word' id='word_1_289' title='bbox 739 2564 916 2604; x_wconf 76' lang='lat' dir='ltr'>Quomodo,</span> <span class='ocrx_word' id='word_1_290' title='bbox 934 2566 992 2595; x_wconf 89' lang='lat' dir='ltr'>etc.</span> 
     </span>
    </p>
   </div>
   <div class='ocr_carea' id='block_1_3' title="bbox 226 2649 992 2717">
    <p class='ocr_par' dir='ltr' id='par_1_5' title="bbox 226 2649 992 2717">
     <span class='ocr_line' id='line_1_46' title="bbox 259 2649 992 2682; baseline -0.005 -6"><span class='ocrx_word' id='word_1_291' title='bbox 259 2654 334 2682; x_wconf 79' lang='lat' dir='ltr'>¹1sa.‚</span> <span class='ocrx_word' id='word_1_292' title='bbox 346 2658 437 2680; x_wconf 78' lang='lat' dir='ltr'>xxvni,</span> <span class='ocrx_word' id='word_1_293' title='bbox 447 2651 533 2675; x_wconf 45' lang='lat' dir='ltr'>:He-²</span> <span class='ocrx_word' id='word_1_294' title='bbox 546 2650 630 2679; x_wconf 60' lang='grc' dir='ltr'>ΙΙοΙηκ1</span> <span class='ocrx_word' id='word_1_295' title='bbox 646 2656 664 2679; x_wconf 87' lang='grc'>1,</span> <span class='ocrx_word' id='word_1_296' title='bbox 679 2650 748 2673; x_wconf 35' lang='lat' dir='ltr'>‘ll—³</span> <span class='ocrx_word' id='word_1_297' title='bbox 764 2649 865 2678; x_wconf 63' lang='lat' dir='ltr'>Mattlz„</span> <span class='ocrx_word' id='word_1_298' title='bbox 877 2654 943 2679; x_wconf 78' lang='lat' dir='ltr'>xxu,</span> <span class='ocrx_word' id='word_1_299' title='bbox 955 2649 992 2672; x_wconf 67' lang='lat'>34.</span> 
     </span>
     <span class='ocr_line' id='line_1_47' title="bbox 226 2684 992 2717; baseline -0.005 -6"><span class='ocrx_word' id='word_1_300' title='bbox 226 2687 236 2704; x_wconf 72' lang='lat'>⁸</span> <span class='ocrx_word' id='word_1_301' title='bbox 250 2688 312 2717; x_wconf 67' lang='lat' dir='ltr'>Act„</span> <span class='ocrx_word' id='word_1_302' title='bbox 328 2693 405 2717; x_wconf 80' lang='lat' dir='ltr'>xxm,</span> <span class='ocrx_word' id='word_1_303' title='bbox 417 2688 469 2710; x_wconf 78' lang='lat'>0-8.</span> <span class='ocrx_word' id='word_1_304' title='bbox 484 2699 509 2703; x_wconf 84' lang='lat'><em>-</em></span> <span class='ocrx_word' id='word_1_305' title='bbox 526 2687 536 2702; x_wconf 86' lang='lat'>¹⁵</span> <span class='ocrx_word' id='word_1_306' title='bbox 554 2685 635 2709; x_wconf 75' lang='lat' dir='ltr'>Gloss.</span> <span class='ocrx_word' id='word_1_307' title='bbox 651 2685 760 2709; x_wconf 79' lang='lat' dir='ltr'>interlin.</span> <span class='ocrx_word' id='word_1_308' title='bbox 776 2685 802 2708; x_wconf 91' lang='lat' dir='ltr'>in</span> <span class='ocrx_word' id='word_1_309' title='bbox 818 2685 883 2708; x_wconf 87' lang='lat' dir='ltr'>hunc</span> <span class='ocrx_word' id='word_1_310' title='bbox 899 2684 947 2708; x_wconf 88' lang='lat' dir='ltr'>loc.</span> <span class='ocrx_word' id='word_1_311' title='bbox 966 2696 992 2700; x_wconf 76' lang='grc'>-</span> 
     </span>
    </p>
   </div>
   <div class='ocr_carea' id='block_1_4' title="bbox 1047 298 1823 2551">
    <p class='ocr_par' dir='ltr' id='par_1_6' title="bbox 1047 298 1819 1023">
     <span class='ocr_line' id='line_1_48' title="bbox 1048 298 1815 341; baseline 0.004 -12"><span class='ocrx_word' id='word_1_312' title='bbox 1048 298 1219 339; x_wconf 86' lang='lat' dir='ltr'>Postquam</span> <span class='ocrx_word' id='word_1_313' title='bbox 1237 300 1411 330; x_wconf 77' lang='lat' dir='ltr'>confutavit</span> <span class='ocrx_word' id='word_1_314' title='bbox 1432 302 1574 331; x_wconf 84' lang='lat' dir='ltr'>errantes</span> <span class='ocrx_word' id='word_1_315' title='bbox 1595 300 1677 332; x_wconf 80' lang='lat' dir='ltr'>circa</span> <span class='ocrx_word' id='word_1_316' title='bbox 1696 302 1815 341; x_wconf 76' lang='lat' dir='ltr'>myste-</span> 
     </span>
     <span class='ocr_line' id='line_1_49' title="bbox 1047 352 1818 389; baseline 0.003 -7"><span class='ocrx_word' id='word_1_317' title='bbox 1047 352 1134 382; x_wconf 89' lang='lat' dir='ltr'>rium</span> <span class='ocrx_word' id='word_1_318' title='bbox 1153 352 1408 389; x_wconf 86' lang='lat' dir='ltr'>resurrectionis,</span> <span class='ocrx_word' id='word_1_319' title='bbox 1435 352 1487 383; x_wconf 92' lang='grc'><strong>1110</strong></span> <span class='ocrx_word' id='word_1_320' title='bbox 1509 353 1648 383; x_wconf 83' lang='lat' dir='ltr'>confutat</span> <span class='ocrx_word' id='word_1_321' title='bbox 1677 355 1818 384; x_wconf 87' lang='lat' dir='ltr'>errantes</span> 
     </span>
     <span class='ocr_line' id='line_1_50' title="bbox 1048 405 1818 445; baseline 0.003 -10"><span class='ocrx_word' id='word_1_322' title='bbox 1048 405 1130 436; x_wconf 86' lang='lat' dir='ltr'>circa</span> <span class='ocrx_word' id='word_1_323' title='bbox 1152 406 1340 445; x_wconf 85' lang='lat' dir='ltr'>mysterium</span> <span class='ocrx_word' id='word_1_324' title='bbox 1364 406 1590 437; x_wconf 84' lang='lat' dir='ltr'>incarnationis</span> <span class='ocrx_word' id='word_1_325' title='bbox 1607 417 1613 436; x_wconf 79' lang='lat' dir='ltr'>z</span> <span class='ocrx_word' id='word_1_326' title='bbox 1632 406 1686 445; x_wconf 91' lang='lat' dir='ltr'>qui</span> <span class='ocrx_word' id='word_1_327' title='bbox 1703 406 1818 438; x_wconf 85' lang='lat' dir='ltr'>scilicet</span> 
     </span>
     <span class='ocr_line' id='line_1_51' title="bbox 1047 458 1814 498; baseline 0.004 -11"><span class='ocrx_word' id='word_1_328' title='bbox 1047 467 1112 488; x_wconf 87' lang='grc'><strong>11011</strong></span> <span class='ocrx_word' id='word_1_329' title='bbox 1123 458 1253 488; x_wconf 84' lang='lat' dir='ltr'>credunt</span> <span class='ocrx_word' id='word_1_330' title='bbox 1264 458 1422 488; x_wconf 80' lang='lat' dir='ltr'>Christum</span> <span class='ocrx_word' id='word_1_331' title='bbox 1438 467 1504 489; x_wconf 91' lang='lat' dir='ltr'>esse</span> <span class='ocrx_word' id='word_1_332' title='bbox 1515 468 1627 489; x_wconf 77' lang='lat' dir='ltr'>verum</span> <span class='ocrx_word' id='word_1_333' title='bbox 1640 459 1814 498; x_wconf 88' lang='lat' dir='ltr'>hominem,</span> 
     </span>
     <span class='ocr_line' id='line_1_52' title="bbox 1047 510 1816 552; baseline 0.003 -12"><span class='ocrx_word' id='word_1_334' title='bbox 1047 512 1078 540; x_wconf 89' lang='lat' dir='ltr'>et</span> <span class='ocrx_word' id='word_1_335' title='bbox 1092 510 1202 541; x_wconf 84' lang='lat' dir='ltr'>Deum.</span> <span class='ocrx_word' id='word_1_336' title='bbox 1220 510 1304 540; x_wconf 85' lang='lat' dir='ltr'>Facit</span> <span class='ocrx_word' id='word_1_337' title='bbox 1318 513 1424 540; x_wconf 88' lang='lat' dir='ltr'>autem</span> <span class='ocrx_word' id='word_1_338' title='bbox 1440 511 1499 541; x_wconf 89' lang='lat' dir='ltr'>hoc</span> <span class='ocrx_word' id='word_1_339' title='bbox 1514 511 1655 542; x_wconf 85' lang='lat' dir='ltr'>Christus</span> <span class='ocrx_word' id='word_1_340' title='bbox 1668 521 1816 552; x_wconf 70' lang='grc'><strong>(111001011-</strong></span> 
     </span>
     <span class='ocr_line' id='line_1_53' title="bbox 1047 562 1817 604; baseline 0.004 -12"><span class='ocrx_word' id='word_1_341' title='bbox 1047 562 1098 600; x_wconf 82' lang='lat' dir='ltr'>do,</span> <span class='ocrx_word' id='word_1_342' title='bbox 1115 565 1145 592; x_wconf 89' lang='lat' dir='ltr'>et</span> <span class='ocrx_word' id='word_1_343' title='bbox 1167 563 1394 593; x_wconf 81' lang='lat' dir='ltr'>introducendo</span> <span class='ocrx_word' id='word_1_344' title='bbox 1413 564 1620 602; x_wconf 75' lang='lat' dir='ltr'>quaestionem</span> <span class='ocrx_word' id='word_1_345' title='bbox 1641 574 1738 604; x_wconf 87' lang='lat' dir='ltr'>quam</span> <span class='ocrx_word' id='word_1_346' title='bbox 1754 565 1817 595; x_wconf 88' lang='lat' dir='ltr'>im-</span> 
     </span>
     <span class='ocr_line' id='line_1_54' title="bbox 1047 614 1816 654; baseline 0.005 -10"><span class='ocrx_word' id='word_1_347' title='bbox 1047 614 1194 654; x_wconf 88' lang='lat' dir='ltr'>possibile</span> <span class='ocrx_word' id='word_1_348' title='bbox 1218 617 1265 644; x_wconf 85' lang='grc'>051</span> <span class='ocrx_word' id='word_1_349' title='bbox 1280 614 1442 654; x_wconf 87' lang='lat' dir='ltr'>dispicere,</span> <span class='ocrx_word' id='word_1_350' title='bbox 1468 616 1527 645; x_wconf 89' lang='lat' dir='ltr'>nisi</span> <span class='ocrx_word' id='word_1_351' title='bbox 1552 616 1697 647; x_wconf 86' lang='lat' dir='ltr'>credatur</span> <span class='ocrx_word' id='word_1_352' title='bbox 1716 620 1746 647; x_wconf 89' lang='lat' dir='ltr'>et</span> <span class='ocrx_word' id='word_1_353' title='bbox 1767 618 1816 647; x_wconf 87' lang='lat' dir='ltr'>in-</span> 
     </span>
     <span class='ocr_line' id='line_1_55' title="bbox 1047 667 1818 706; baseline 0.004 -9"><span class='ocrx_word' id='word_1_354' title='bbox 1047 668 1209 706; x_wconf 82' lang='lat' dir='ltr'>telligatur</span> <span class='ocrx_word' id='word_1_355' title='bbox 1230 667 1372 697; x_wconf 87' lang='lat' dir='ltr'>Christus</span> <span class='ocrx_word' id='word_1_356' title='bbox 1391 667 1522 706; x_wconf 83' lang='lat' dir='ltr'>duplicis</span> <span class='ocrx_word' id='word_1_357' title='bbox 1543 677 1609 698; x_wconf 89' lang='lat' dir='ltr'>esse</span> <span class='ocrx_word' id='word_1_358' title='bbox 1627 671 1760 700; x_wconf 84' lang='lat' dir='ltr'>naturae.</span> <span class='ocrx_word' id='word_1_359' title='bbox 1782 670 1818 700; x_wconf 95' lang='lat' dir='ltr'>In</span> 
     </span>
     <span class='ocr_line' id='line_1_56' title="bbox 1048 720 1816 760; baseline 0.003 -10"><span class='ocrx_word' id='word_1_360' title='bbox 1048 721 1108 750; x_wconf 85' lang='lat' dir='ltr'>hac</span> <span class='ocrx_word' id='word_1_361' title='bbox 1123 729 1201 759; x_wconf 85' lang='lat' dir='ltr'>ergo</span> <span class='ocrx_word' id='word_1_362' title='bbox 1216 720 1391 760; x_wconf 85' lang='lat' dir='ltr'>quaestione</span> <span class='ocrx_word' id='word_1_363' title='bbox 1402 720 1552 758; x_wconf 88' lang='lat' dir='ltr'>Christus,</span> <span class='ocrx_word' id='word_1_364' title='bbox 1567 720 1718 760; x_wconf 87' lang='lat' dir='ltr'>Magister</span> <span class='ocrx_word' id='word_1_365' title='bbox 1732 722 1816 759; x_wconf 88' lang='lat' dir='ltr'>fidei,</span> 
     </span>
     <span class='ocr_line' id='line_1_57' title="bbox 1047 772 1816 812; baseline 0.004 -10"><span class='ocrx_word' id='word_1_366' title='bbox 1047 773 1195 812; x_wconf 88' lang='lat' dir='ltr'>proponit</span> <span class='ocrx_word' id='word_1_367' title='bbox 1222 773 1321 812; x_wconf 85' lang='lat' dir='ltr'>ipsius</span> <span class='ocrx_word' id='word_1_368' title='bbox 1343 772 1455 803; x_wconf 85' lang='lat' dir='ltr'>Christi</span> <span class='ocrx_word' id='word_1_369' title='bbox 1481 774 1720 811; x_wconf 85' lang='lat' dir='ltr'>generationem</span> <span class='ocrx_word' id='word_1_370' title='bbox 1748 783 1816 805; x_wconf 83' lang='lat' dir='ltr'>car-</span> 
     </span>
     <span class='ocr_line' id='line_1_58' title="bbox 1047 825 1819 864; baseline 0.003 -9"><span class='ocrx_word' id='word_1_371' title='bbox 1047 826 1164 864; x_wconf 88' lang='lat' dir='ltr'>nalem,</span> <span class='ocrx_word' id='word_1_372' title='bbox 1183 835 1201 856; x_wconf 87' lang='lat' dir='ltr'>a</span> <span class='ocrx_word' id='word_1_373' title='bbox 1218 825 1337 856; x_wconf 80' lang='lat' dir='ltr'>Judaeis</span> <span class='ocrx_word' id='word_1_374' title='bbox 1352 826 1562 856; x_wconf 82' lang='lat' dir='ltr'>communiter</span> <span class='ocrx_word' id='word_1_375' title='bbox 1576 826 1747 864; x_wconf 84' lang='lat' dir='ltr'>creditam;</span> <span class='ocrx_word' id='word_1_376' title='bbox 1769 835 1819 858; x_wconf 88' lang='lat' dir='ltr'>se·-</span> 
     </span>
     <span class='ocr_line' id='line_1_59' title="bbox 1048 878 1818 917; baseline 0.003 -9"><span class='ocrx_word' id='word_1_377' title='bbox 1048 878 1152 909; x_wconf 90' lang='lat' dir='ltr'>cundo</span> <span class='ocrx_word' id='word_1_378' title='bbox 1174 879 1307 909; x_wconf 85' lang='lat' dir='ltr'>assumit</span> <span class='ocrx_word' id='word_1_379' title='bbox 1337 879 1576 917; x_wconf 86' lang='lat' dir='ltr'>generationem</span> <span class='ocrx_word' id='word_1_380' title='bbox 1599 880 1780 910; x_wconf 74' lang='lat' dir='ltr'>aeternalem</span> <span class='ocrx_word' id='word_1_381' title='bbox 1799 889 1818 910; x_wconf 88' lang='lat' dir='ltr'>a</span> 
     </span>
     <span class='ocr_line' id='line_1_60' title="bbox 1050 930 1818 972; baseline 0.004 -12"><span class='ocrx_word' id='word_1_382' title='bbox 1050 930 1207 970; x_wconf 84' lang='lat' dir='ltr'>Propheta</span> <span class='ocrx_word' id='word_1_383' title='bbox 1222 931 1436 970; x_wconf 67' lang='lat' dir='ltr'>praedicatam,</span> <span class='ocrx_word' id='word_1_384' title='bbox 1453 934 1483 962; x_wconf 89' lang='lat' dir='ltr'>et</span> <span class='ocrx_word' id='word_1_385' title='bbox 1497 931 1653 962; x_wconf 89' lang='lat' dir='ltr'>concludit</span> <span class='ocrx_word' id='word_1_386' title='bbox 1667 942 1818 972; x_wconf 72' lang='lat' dir='ltr'>apparen-</span> 
     </span>
     <span class='ocr_line' id='line_1_61' title="bbox 1048 984 1572 1023; baseline 0.002 -10"><span class='ocrx_word' id='word_1_387' title='bbox 1048 985 1112 1014; x_wconf 87' lang='lat' dir='ltr'>tem</span> <span class='ocrx_word' id='word_1_388' title='bbox 1129 984 1294 1023; x_wconf 89' lang='lat' dir='ltr'>utriusque</span> <span class='ocrx_word' id='word_1_389' title='bbox 1309 984 1572 1015; x_wconf 88' lang='lat' dir='ltr'>controversiam.</span> 
     </span>
    </p>

    <p class='ocr_par' dir='ltr' id='par_1_7' title="bbox 1048 1036 1823 2437">
     <span class='ocr_line' id='line_1_62' title="bbox 1089 1036 1818 1076; baseline 0.003 -10"><span class='ocrx_word' id='word_1_390' title='bbox 1089 1036 1195 1067; x_wconf 88' lang='lat' dir='ltr'>Primo</span> <span class='ocrx_word' id='word_1_391' title='bbox 1218 1046 1318 1075; x_wconf 88' lang='lat' dir='ltr'>ergo,</span> <span class='ocrx_word' id='word_1_392' title='bbox 1341 1039 1497 1076; x_wconf 88' lang='lat' dir='ltr'>quantum</span> <span class='ocrx_word' id='word_1_393' title='bbox 1520 1037 1556 1068; x_wconf 88' lang='lat' dir='ltr'>ad</span> <span class='ocrx_word' id='word_1_394' title='bbox 1579 1038 1818 1076; x_wconf 86' lang='lat' dir='ltr'>generationem</span> 
     </span>
     <span class='ocr_line' id='line_1_63' title="bbox 1049 1090 1818 1128; baseline 0 -8"><span class='ocrx_word' id='word_1_395' title='bbox 1049 1090 1164 1121; x_wconf 86' lang='lat' dir='ltr'>Christi</span> <span class='ocrx_word' id='word_1_396' title='bbox 1178 1090 1336 1120; x_wconf 88' lang='lat' dir='ltr'>carnalem</span> <span class='ocrx_word' id='word_1_397' title='bbox 1357 1090 1570 1120; x_wconf 85' lang='lat' dir='ltr'>communiter</span> <span class='ocrx_word' id='word_1_398' title='bbox 1592 1090 1753 1128; x_wconf 84' lang='lat' dir='ltr'>creditam,</span> <span class='ocrx_word' id='word_1_399' title='bbox 1774 1090 1818 1120; x_wconf 86' lang='lat' dir='ltr'>di-</span> 
     </span>
     <span class='ocr_line' id='line_1_64' title="bbox 1049 1142 1821 1181; baseline 0.001 -9"><span class='ocrx_word' id='word_1_400' title='bbox 1049 1143 1091 1172; x_wconf 86' lang='lat' dir='ltr'>cit</span> <span class='ocrx_word' id='word_1_401' title='bbox 1107 1152 1113 1171; x_wconf 92' lang='lat'>:</span> <span class='ocrx_word' id='word_1_402' title='bbox 1130 1143 1221 1173; x_wconf 68' lang='lat' dir='ltr'>Dixit</span> <span class='ocrx_word' id='word_1_403' title='bbox 1234 1147 1340 1174; x_wconf 74' lang='lat' dir='ltr'>autem</span> <span class='ocrx_word' id='word_1_404' title='bbox 1358 1143 1403 1173; x_wconf 77' lang='lat' dir='ltr'>acl</span> <span class='ocrx_word' id='word_1_405' title='bbox 1418 1143 1488 1173; x_wconf 77' lang='lat' dir='ltr'>illos</span> <span class='ocrx_word' id='word_1_406' title='bbox 1503 1154 1513 1172; x_wconf 90' lang='lat'>.·</span> <span class='ocrx_word' id='word_1_407' title='bbox 1531 1143 1695 1181; x_wconf 72' lang='lat' dir='ltr'>Quomodo</span> <span class='ocrx_word' id='word_1_408' title='bbox 1710 1142 1821 1173; x_wconf 78' lang='lat' dir='ltr'>dicunt</span> 
     </span>
     <span class='ocr_line' id='line_1_65' title="bbox 1051 1195 1820 1234; baseline -0.003 -8"><span class='ocrx_word' id='word_1_409' title='bbox 1051 1195 1207 1226; x_wconf 74' lang='lat' dir='ltr'>Clzrz&#39;stwn</span> <span class='ocrx_word' id='word_1_410' title='bbox 1217 1196 1322 1234; x_wconf 74' lang='lat' dir='ltr'>filium</span> <span class='ocrx_word' id='word_1_411' title='bbox 1339 1205 1401 1226; x_wconf 78' lang='lat' dir='ltr'>esse</span> <span class='ocrx_word' id='word_1_412' title='bbox 1417 1195 1545 1226; x_wconf 74' lang='lat' dir='ltr'>David?</span> <span class='ocrx_word' id='word_1_413' title='bbox 1561 1196 1625 1226; x_wconf 88' lang='lat' dir='ltr'>Hoc</span> <span class='ocrx_word' id='word_1_414' title='bbox 1638 1195 1820 1226; x_wconf 91' lang='lat' dir='ltr'>communi-</span> 
     </span>
     <span class='ocr_line' id='line_1_66' title="bbox 1048 1248 1819 1285; baseline -0.001 -8"><span class='ocrx_word' id='word_1_415' title='bbox 1048 1250 1096 1278; x_wconf 87' lang='lat' dir='ltr'>ter</span> <span class='ocrx_word' id='word_1_416' title='bbox 1118 1248 1227 1278; x_wconf 87' lang='lat' dir='ltr'>dicunt</span> <span class='ocrx_word' id='word_1_417' title='bbox 1247 1248 1349 1279; x_wconf 81' lang='lat' dir='ltr'>Judaei</span> <span class='ocrx_word' id='word_1_418' title='bbox 1375 1257 1505 1285; x_wconf 88' lang='lat' dir='ltr'>omnes,</span> <span class='ocrx_word' id='word_1_419' title='bbox 1530 1251 1561 1279; x_wconf 90' lang='lat' dir='ltr'>et</span> <span class='ocrx_word' id='word_1_420' title='bbox 1589 1249 1685 1278; x_wconf 88' lang='lat' dir='ltr'>etiam</span> <span class='ocrx_word' id='word_1_421' title='bbox 1708 1257 1819 1278; x_wconf 87' lang='lat' dir='ltr'>omnes</span> 
     </span>
     <span class='ocr_line' id='line_1_67' title="bbox 1049 1302 1819 1342; baseline 0.001 -11"><span class='ocrx_word' id='word_1_422' title='bbox 1049 1302 1109 1331; x_wconf 80' lang='lat' dir='ltr'>viri</span> <span class='ocrx_word' id='word_1_423' title='bbox 1125 1302 1298 1333; x_wconf 86' lang='lat' dir='ltr'>christiani.</span> <span class='ocrx_word' id='word_1_424' title='bbox 1316 1302 1397 1333; x_wconf 89' lang='lat' dir='ltr'>Nam</span> <span class='ocrx_word' id='word_1_425' title='bbox 1414 1303 1471 1342; x_wconf 86' lang='lat' dir='ltr'>ipsi</span> <span class='ocrx_word' id='word_1_426' title='bbox 1496 1302 1595 1332; x_wconf 89' lang='lat' dir='ltr'>David</span> <span class='ocrx_word' id='word_1_427' title='bbox 1616 1303 1696 1332; x_wconf 84' lang='lat' dir='ltr'>sacta</span> <span class='ocrx_word' id='word_1_428' title='bbox 1721 1304 1767 1333; x_wconf 87' lang='lat' dir='ltr'>est</span> <span class='ocrx_word' id='word_1_429' title='bbox 1781 1302 1819 1332; x_wconf 85' lang='lat' dir='ltr'>de</span> 
     </span>
     <span class='ocr_line' id='line_1_68' title="bbox 1050 1354 1817 1394; baseline 0 -10"><span class='ocrx_word' id='word_1_430' title='bbox 1050 1354 1171 1385; x_wconf 90' lang='lat' dir='ltr'>Christo</span> <span class='ocrx_word' id='word_1_431' title='bbox 1193 1355 1408 1394; x_wconf 83' lang='lat' dir='ltr'>repromissio,</span> <span class='ocrx_word' id='word_1_432' title='bbox 1426 1355 1506 1386; x_wconf 85' lang='lat' dir='ltr'>sieut</span> <span class='ocrx_word' id='word_1_433' title='bbox 1529 1355 1564 1385; x_wconf 91' lang='lat' dir='ltr'>in</span> <span class='ocrx_word' id='word_1_434' title='bbox 1586 1355 1716 1386; x_wconf 77' lang='lat' dir='ltr'>Psalmo</span> <span class='ocrx_word' id='word_1_435' title='bbox 1740 1355 1817 1385; x_wconf 90' lang='lat' dir='ltr'>dici-</span> 
     </span>
     <span class='ocr_line' id='line_1_69' title="bbox 1050 1408 1821 1448; baseline 0.001 -11"><span class='ocrx_word' id='word_1_436' title='bbox 1050 1408 1102 1438; x_wconf 89' lang='lat' dir='ltr'>tur</span> <span class='ocrx_word' id='word_1_437' title='bbox 1114 1410 1124 1426; x_wconf 79' lang='lat'>⁸</span> <span class='ocrx_word' id='word_1_438' title='bbox 1142 1418 1148 1438; x_wconf 91' lang='lat'><strong>:</strong></span> <span class='ocrx_word' id='word_1_439' title='bbox 1171 1408 1240 1438; x_wconf 82' lang='lat' dir='ltr'>«De</span> <span class='ocrx_word' id='word_1_440' title='bbox 1259 1409 1362 1439; x_wconf 82' lang='lat' dir='ltr'>fructu</span> <span class='ocrx_word' id='word_1_441' title='bbox 1382 1409 1502 1439; x_wconf 87' lang='lat' dir='ltr'>ventris</span> <span class='ocrx_word' id='word_1_442' title='bbox 1522 1409 1569 1439; x_wconf 86' lang='lat' dir='ltr'>tui</span> <span class='ocrx_word' id='word_1_443' title='bbox 1587 1418 1704 1448; x_wconf 86' lang='lat' dir='ltr'>ponam</span> <span class='ocrx_word' id='word_1_444' title='bbox 1725 1417 1821 1448; x_wconf 89' lang='lat' dir='ltr'>super</span> 
     </span>
     <span class='ocr_line' id='line_1_70' title="bbox 1049 1460 1821 1492; baseline 0 -2"><span class='ocrx_word' id='word_1_445' title='bbox 1049 1460 1156 1490; x_wconf 87' lang='lat' dir='ltr'>sedem</span> <span class='ocrx_word' id='word_1_446' title='bbox 1179 1463 1279 1491; x_wconf 88' lang='lat' dir='ltr'>tuam.</span> <span class='ocrx_word' id='word_1_447' title='bbox 1304 1472 1318 1489; x_wconf 88' lang='lat'>»</span> <span class='ocrx_word' id='word_1_448' title='bbox 1350 1461 1387 1491; x_wconf 90' lang='lat' dir='ltr'>Et</span> <span class='ocrx_word' id='word_1_449' title='bbox 1411 1461 1421 1477; x_wconf 81' lang='lat'><strong>⁹</strong></span> <span class='ocrx_word' id='word_1_450' title='bbox 1446 1472 1452 1491; x_wconf 92' lang='lat'>:</span> <span class='ocrx_word' id='word_1_451' title='bbox 1478 1473 1492 1489; x_wconf 78' lang='grc'>(1</span> <span class='ocrx_word' id='word_1_452' title='bbox 1517 1461 1680 1492; x_wconf 87' lang='lat' dir='ltr'>Suscitabo</span> <span class='ocrx_word' id='word_1_453' title='bbox 1713 1470 1821 1491; x_wconf 86' lang='lat' dir='ltr'>semen</span> 
     </span>
     <span class='ocr_line' id='line_1_71' title="bbox 1049 1514 1819 1554; baseline 0.001 -11"><span class='ocrx_word' id='word_1_454' title='bbox 1049 1515 1142 1544; x_wconf 88' lang='lat' dir='ltr'>tuum</span> <span class='ocrx_word' id='word_1_455' title='bbox 1157 1516 1226 1554; x_wconf 91' lang='lat' dir='ltr'>post</span> <span class='ocrx_word' id='word_1_456' title='bbox 1241 1517 1280 1552; x_wconf 85' lang='lat' dir='ltr'>te,</span> <span class='ocrx_word' id='word_1_457' title='bbox 1298 1514 1382 1553; x_wconf 90' lang='lat' dir='ltr'>quod</span> <span class='ocrx_word' id='word_1_458' title='bbox 1397 1514 1579 1553; x_wconf 84' lang='lat' dir='ltr'>egredietur</span> <span class='ocrx_word' id='word_1_459' title='bbox 1593 1514 1632 1544; x_wconf 93' lang='lat' dir='ltr'>de</span> <span class='ocrx_word' id='word_1_460' title='bbox 1647 1516 1737 1544; x_wconf 90' lang='lat' dir='ltr'>utero</span> <span class='ocrx_word' id='word_1_461' title='bbox 1753 1516 1819 1551; x_wconf 88' lang='lat' dir='ltr'>tuo,</span> 
     </span>
     <span class='ocr_line' id='line_1_72' title="bbox 1050 1566 1820 1606; baseline 0 -10"><span class='ocrx_word' id='word_1_462' title='bbox 1050 1569 1080 1596; x_wconf 89' lang='lat' dir='ltr'>et</span> <span class='ocrx_word' id='word_1_463' title='bbox 1099 1568 1232 1598; x_wconf 68' lang='lat' dir='ltr'>sufflabo</span> <span class='ocrx_word' id='word_1_464' title='bbox 1248 1576 1388 1606; x_wconf 84' lang='lat' dir='ltr'>regnum</span> <span class='ocrx_word' id='word_1_465' title='bbox 1402 1569 1482 1606; x_wconf 78' lang='lat' dir='ltr'>eJus,</span> <span class='ocrx_word' id='word_1_466' title='bbox 1507 1569 1536 1597; x_wconf 91' lang='lat' dir='ltr'>et</span> <span class='ocrx_word' id='word_1_467' title='bbox 1552 1566 1710 1597; x_wconf 86' lang='lat' dir='ltr'>stabiliam</span> <span class='ocrx_word' id='word_1_468' title='bbox 1728 1566 1820 1597; x_wconf 89' lang='lat' dir='ltr'>thro-</span> 
     </span>
     <span class='ocr_line' id='line_1_73' title="bbox 1050 1619 1816 1659; baseline -0.003 -9"><span class='ocrx_word' id='word_1_469' title='bbox 1050 1629 1129 1650; x_wconf 91' lang='lat' dir='ltr'>num</span> <span class='ocrx_word' id='word_1_470' title='bbox 1153 1620 1248 1658; x_wconf 89' lang='lat' dir='ltr'>regni</span> <span class='ocrx_word' id='word_1_471' title='bbox 1268 1622 1337 1659; x_wconf 64' lang='grc'><strong>01115</strong></span> <span class='ocrx_word' id='word_1_472' title='bbox 1357 1629 1457 1659; x_wconf 85' lang='lat' dir='ltr'>usque</span> <span class='ocrx_word' id='word_1_473' title='bbox 1479 1620 1513 1649; x_wconf 91' lang='lat' dir='ltr'>in</span> <span class='ocrx_word' id='word_1_474' title='bbox 1537 1619 1780 1658; x_wconf 85' lang='lat' dir='ltr'>sempiternum.</span> <span class='ocrx_word' id='word_1_475' title='bbox 1802 1630 1816 1647; x_wconf 85' lang='lat'>»</span> 
     </span>
     <span class='ocr_line' id='line_1_74' title="bbox 1052 1671 1822 1712; baseline -0.003 -9"><span class='ocrx_word' id='word_1_476' title='bbox 1052 1672 1116 1703; x_wconf 85' lang='lat' dir='ltr'>Hoc</span> <span class='ocrx_word' id='word_1_477' title='bbox 1130 1682 1193 1703; x_wconf 89' lang='lat' dir='ltr'>non</span> <span class='ocrx_word' id='word_1_478' title='bbox 1208 1675 1309 1712; x_wconf 83' lang='lat' dir='ltr'>potest</span> <span class='ocrx_word' id='word_1_479' title='bbox 1327 1673 1387 1703; x_wconf 82' lang='lat' dir='ltr'>dici</span> <span class='ocrx_word' id='word_1_480' title='bbox 1405 1672 1467 1702; x_wconf 93' lang='lat' dir='ltr'>nisi</span> <span class='ocrx_word' id='word_1_481' title='bbox 1489 1672 1527 1702; x_wconf 90' lang='lat' dir='ltr'>de</span> <span class='ocrx_word' id='word_1_482' title='bbox 1547 1671 1680 1709; x_wconf 83' lang='lat' dir='ltr'>Christo,</span> <span class='ocrx_word' id='word_1_483' title='bbox 1696 1671 1822 1710; x_wconf 86' lang='lat' dir='ltr'>Angelo</span> 
     </span>
     <span class='ocr_line' id='line_1_75' title="bbox 1051 1723 1823 1764; baseline 0 -10"><span class='ocrx_word' id='word_1_484' title='bbox 1051 1727 1215 1756; x_wconf 89' lang='lat' dir='ltr'>attestante</span> <span class='ocrx_word' id='word_1_485' title='bbox 1230 1734 1326 1764; x_wconf 90' lang='lat' dir='ltr'>super</span> <span class='ocrx_word' id='word_1_486' title='bbox 1340 1725 1417 1755; x_wconf 91' lang='lat' dir='ltr'>illud</span> <span class='ocrx_word' id='word_1_487' title='bbox 1429 1726 1450 1742; x_wconf 86' lang='lat'>¹⁰</span> <span class='ocrx_word' id='word_1_488' title='bbox 1464 1735 1495 1754; x_wconf 65' lang='lat' dir='ltr'>z«</span> <span class='ocrx_word' id='word_1_489' title='bbox 1510 1724 1599 1754; x_wconf 85' lang='lat' dir='ltr'>Dabit</span> <span class='ocrx_word' id='word_1_490' title='bbox 1613 1723 1657 1753; x_wconf 89' lang='lat' dir='ltr'>illi</span> <span class='ocrx_word' id='word_1_491' title='bbox 1668 1724 1823 1754; x_wconf 87' lang='lat' dir='ltr'>Dominus</span> 
     </span>
     <span class='ocr_line' id='line_1_76' title="bbox 1052 1776 1822 1816; baseline 0 -9"><span class='ocrx_word' id='word_1_492' title='bbox 1052 1776 1133 1807; x_wconf 89' lang='lat' dir='ltr'>Deus</span> <span class='ocrx_word' id='word_1_493' title='bbox 1153 1778 1254 1808; x_wconf 90' lang='lat' dir='ltr'>sedem</span> <span class='ocrx_word' id='word_1_494' title='bbox 1270 1777 1367 1808; x_wconf 87' lang='lat' dir='ltr'>David</span> <span class='ocrx_word' id='word_1_495' title='bbox 1392 1777 1489 1816; x_wconf 82' lang='lat' dir='ltr'>patris</span> <span class='ocrx_word' id='word_1_496' title='bbox 1511 1778 1590 1815; x_wconf 86' lang='lat' dir='ltr'>ejus,</span> <span class='ocrx_word' id='word_1_497' title='bbox 1617 1779 1647 1807; x_wconf 88' lang='lat' dir='ltr'>et</span> <span class='ocrx_word' id='word_1_498' title='bbox 1672 1776 1822 1816; x_wconf 84' lang='lat' dir='ltr'>regnabit</span> 
     </span>
     <span class='ocr_line' id='line_1_77' title="bbox 1052 1829 1818 1860; baseline 0 -2"><span class='ocrx_word' id='word_1_499' title='bbox 1052 1829 1086 1859; x_wconf 92' lang='lat' dir='ltr'>in</span> <span class='ocrx_word' id='word_1_500' title='bbox 1100 1829 1193 1860; x_wconf 90' lang='lat' dir='ltr'>domo</span> <span class='ocrx_word' id='word_1_501' title='bbox 1207 1829 1302 1860; x_wconf 87' lang='lat' dir='ltr'>Jacob</span> <span class='ocrx_word' id='word_1_502' title='bbox 1317 1830 1351 1859; x_wconf 92' lang='lat' dir='ltr'>in</span> <span class='ocrx_word' id='word_1_503' title='bbox 1364 1831 1529 1859; x_wconf 85' lang='lat' dir='ltr'>aeternum.</span> <span class='ocrx_word' id='word_1_504' title='bbox 1539 1841 1553 1857; x_wconf 77' lang='lat' dir='ltr'>n</span> <span class='ocrx_word' id='word_1_505' title='bbox 1573 1829 1645 1859; x_wconf 88' lang='lat' dir='ltr'>ldeo</span> <span class='ocrx_word' id='word_1_506' title='bbox 1660 1832 1744 1860; x_wconf 86' lang='lat' dir='ltr'>recte</span> <span class='ocrx_word' id='word_1_507' title='bbox 1757 1829 1818 1859; x_wconf 88' lang='lat' dir='ltr'>cla-</span> 
     </span>
     <span class='ocr_line' id='line_1_78' title="bbox 1052 1881 1822 1912; baseline -0.001 0"><span class='ocrx_word' id='word_1_508' title='bbox 1052 1882 1180 1912; x_wconf 84' lang='lat' dir='ltr'>mabant</span> <span class='ocrx_word' id='word_1_509' title='bbox 1191 1882 1292 1912; x_wconf 85' lang='lat' dir='ltr'>turbae</span> <span class='ocrx_word' id='word_1_510' title='bbox 1308 1882 1445 1912; x_wconf 87' lang='lat' dir='ltr'>dicentes</span> <span class='ocrx_word' id='word_1_511' title='bbox 1459 1882 1478 1898; x_wconf 92' lang='lat'>¹¹</span> <span class='ocrx_word' id='word_1_512' title='bbox 1493 1892 1519 1911; x_wconf 80' lang='lat' dir='ltr'>z«</span> <span class='ocrx_word' id='word_1_513' title='bbox 1532 1881 1680 1912; x_wconf 88' lang='lat' dir='ltr'>Hosanna</span> <span class='ocrx_word' id='word_1_514' title='bbox 1689 1881 1754 1911; x_wconf 85' lang='lat' dir='ltr'>filio</span> <span class='ocrx_word' id='word_1_515' title='bbox 1765 1881 1822 1911; x_wconf 88' lang='lat' dir='ltr'>Da-</span> 
     </span>
     <span class='ocr_line' id='line_1_79' title="bbox 1051 1933 1822 1974; baseline -0.001 -9"><span class='ocrx_word' id='word_1_516' title='bbox 1051 1934 1105 1965; x_wconf 90' lang='lat' dir='ltr'>vid</span> <span class='ocrx_word' id='word_1_517' title='bbox 1124 1944 1130 1963; x_wconf 89' lang='lat'><strong>:</strong></span> <span class='ocrx_word' id='word_1_518' title='bbox 1152 1934 1338 1965; x_wconf 86' lang='lat' dir='ltr'>Benedictus</span> <span class='ocrx_word' id='word_1_519' title='bbox 1362 1935 1418 1974; x_wconf 87' lang='lat' dir='ltr'>qui</span> <span class='ocrx_word' id='word_1_520' title='bbox 1440 1935 1527 1965; x_wconf 85' lang='lat' dir='ltr'>venit</span> <span class='ocrx_word' id='word_1_521' title='bbox 1550 1934 1583 1964; x_wconf 91' lang='lat' dir='ltr'>in</span> <span class='ocrx_word' id='word_1_522' title='bbox 1606 1934 1735 1965; x_wconf 90' lang='lat' dir='ltr'>nomine</span> <span class='ocrx_word' id='word_1_523' title='bbox 1762 1933 1822 1964; x_wconf 92' lang='lat' dir='ltr'>Do-</span> 
     </span>
     <span class='ocr_line' id='line_1_80' title="bbox 1053 1986 1823 2026; baseline 0 -10"><span class='ocrx_word' id='word_1_524' title='bbox 1053 1986 1144 2017; x_wconf 91' lang='lat' dir='ltr'>mini.</span> <span class='ocrx_word' id='word_1_525' title='bbox 1156 1998 1171 2015; x_wconf 87' lang='lat'>»</span> <span class='ocrx_word' id='word_1_526' title='bbox 1191 1987 1228 2016; x_wconf 84' lang='lat' dir='ltr'>Et</span> <span class='ocrx_word' id='word_1_527' title='bbox 1242 1987 1302 2017; x_wconf 91' lang='grc'><strong>1100</strong></span> <span class='ocrx_word' id='word_1_528' title='bbox 1316 1987 1487 2026; x_wconf 89' lang='lat' dir='ltr'>Apostolus</span> <span class='ocrx_word' id='word_1_529' title='bbox 1502 1987 1703 2026; x_wconf 67' lang='lat' dir='ltr'>praedicabat,</span> <span class='ocrx_word' id='word_1_530' title='bbox 1714 1995 1823 2017; x_wconf 91' lang='lat' dir='ltr'>secun-</span> 
     </span>
     <span class='ocr_line' id='line_1_81' title="bbox 1052 2038 1823 2070; baseline -0.001 -1"><span class='ocrx_word' id='word_1_531' title='bbox 1052 2039 1129 2069; x_wconf 91' lang='lat' dir='ltr'>dum</span> <span class='ocrx_word' id='word_1_532' title='bbox 1144 2039 1222 2069; x_wconf 90' lang='lat' dir='ltr'>illud</span> <span class='ocrx_word' id='word_1_533' title='bbox 1238 2040 1259 2057; x_wconf 81' lang='lat'>¹²</span> <span class='ocrx_word' id='word_1_534' title='bbox 1271 2050 1299 2070; x_wconf 73' lang='lat' dir='ltr'>z«</span> <span class='ocrx_word' id='word_1_535' title='bbox 1314 2039 1435 2070; x_wconf 88' lang='lat' dir='ltr'>Memor</span> <span class='ocrx_word' id='word_1_536' title='bbox 1449 2042 1516 2069; x_wconf 91' lang='lat' dir='ltr'>esto</span> <span class='ocrx_word' id='word_1_537' title='bbox 1531 2039 1701 2069; x_wconf 90' lang='lat' dir='ltr'>Dominum</span> <span class='ocrx_word' id='word_1_538' title='bbox 1714 2038 1823 2069; x_wconf 88' lang='lat' dir='ltr'>Jesum</span> 
     </span>
     <span class='ocr_line' id='line_1_82' title="bbox 1053 2090 1822 2122; baseline 0 -1"><span class='ocrx_word' id='word_1_539' title='bbox 1053 2090 1213 2122; x_wconf 87' lang='lat' dir='ltr'>Christum</span> <span class='ocrx_word' id='word_1_540' title='bbox 1228 2092 1438 2122; x_wconf 80' lang='lat' dir='ltr'>resurrexisse</span> <span class='ocrx_word' id='word_1_541' title='bbox 1459 2101 1477 2122; x_wconf 89' lang='lat' dir='ltr'>a</span> <span class='ocrx_word' id='word_1_542' title='bbox 1492 2092 1627 2122; x_wconf 90' lang='lat' dir='ltr'>mortuis</span> <span class='ocrx_word' id='word_1_543' title='bbox 1646 2100 1687 2122; x_wconf 81' lang='lat' dir='ltr'>ex</span> <span class='ocrx_word' id='word_1_544' title='bbox 1701 2090 1822 2122; x_wconf 87' lang='lat' dir='ltr'>semine</span> 
     </span>
     <span class='ocr_line' id='line_1_83' title="bbox 1052 2143 1821 2183; baseline -0.001 -9"><span class='ocrx_word' id='word_1_545' title='bbox 1052 2144 1162 2182; x_wconf 88' lang='lat' dir='ltr'>David,</span> <span class='ocrx_word' id='word_1_546' title='bbox 1181 2145 1357 2175; x_wconf 89' lang='lat' dir='ltr'>secundum</span> <span class='ocrx_word' id='word_1_547' title='bbox 1376 2144 1591 2183; x_wconf 84' lang='lat' dir='ltr'>Evangelium</span> <span class='ocrx_word' id='word_1_548' title='bbox 1608 2153 1729 2174; x_wconf 91' lang='lat' dir='ltr'>meum.</span> <span class='ocrx_word' id='word_1_549' title='bbox 1743 2156 1758 2172; x_wconf 77' lang='lat' dir='ltr'>n</span> <span class='ocrx_word' id='word_1_550' title='bbox 1782 2143 1821 2174; x_wconf 89' lang='lat' dir='ltr'>Et</span> 
     </span>
     <span class='ocr_line' id='line_1_84' title="bbox 1052 2196 1822 2236; baseline -0.001 -10"><span class='ocrx_word' id='word_1_551' title='bbox 1052 2197 1085 2226; x_wconf 93' lang='lat' dir='ltr'>in</span> <span class='ocrx_word' id='word_1_552' title='bbox 1100 2196 1228 2228; x_wconf 71' lang='lat' dir='ltr'>Actibus</span> <span class='ocrx_word' id='word_1_553' title='bbox 1242 2197 1321 2227; x_wconf 78' lang='lat' dir='ltr'>dixit</span> <span class='ocrx_word' id='word_1_554' title='bbox 1336 2197 1447 2227; x_wconf 89' lang='lat' dir='ltr'>Petrus</span> <span class='ocrx_word' id='word_1_555' title='bbox 1462 2198 1484 2215; x_wconf 84' lang='lat'>¹³</span> <span class='ocrx_word' id='word_1_556' title='bbox 1501 2205 1530 2225; x_wconf 76' lang='lat' dir='ltr'>:a</span> <span class='ocrx_word' id='word_1_557' title='bbox 1546 2196 1703 2236; x_wconf 87' lang='lat' dir='ltr'>Propheta</span> <span class='ocrx_word' id='word_1_558' title='bbox 1720 2196 1822 2235; x_wconf 85' lang='lat' dir='ltr'>igitur</span> 
     </span>
     <span class='ocr_line' id='line_1_85' title="bbox 1053 2248 1821 2288; baseline -0.001 -9"><span class='ocrx_word' id='word_1_559' title='bbox 1053 2258 1126 2279; x_wconf 88' lang='lat' dir='ltr'>cum</span> <span class='ocrx_word' id='word_1_560' title='bbox 1140 2251 1220 2279; x_wconf 87' lang='lat' dir='ltr'>esset</span> <span class='ocrx_word' id='word_1_561' title='bbox 1235 2248 1403 2287; x_wconf 85' lang='lat' dir='ltr'>(David),et</span> <span class='ocrx_word' id='word_1_562' title='bbox 1417 2248 1509 2278; x_wconf 89' lang='lat' dir='ltr'>sciret</span> <span class='ocrx_word' id='word_1_563' title='bbox 1525 2249 1600 2288; x_wconf 86' lang='lat' dir='ltr'>quia</span> <span class='ocrx_word' id='word_1_564' title='bbox 1610 2249 1821 2287; x_wconf 80' lang='lat' dir='ltr'>Jurejurando</span> 
     </span>
     <span class='ocr_line' id='line_1_86' title="bbox 1049 2301 1821 2340; baseline 0 -9"><span class='ocrx_word' id='word_1_565' title='bbox 1049 2302 1188 2340; x_wconf 82' lang='lat' dir='ltr'>jurasset</span> <span class='ocrx_word' id='word_1_566' title='bbox 1202 2301 1246 2331; x_wconf 87' lang='lat' dir='ltr'>illi</span> <span class='ocrx_word' id='word_1_567' title='bbox 1260 2301 1342 2331; x_wconf 88' lang='lat' dir='ltr'>Deus</span> <span class='ocrx_word' id='word_1_568' title='bbox 1352 2301 1389 2331; x_wconf 90' lang='lat' dir='ltr'>de</span> <span class='ocrx_word' id='word_1_569' title='bbox 1403 2302 1509 2331; x_wconf 83' lang='lat' dir='ltr'>fructu</span> <span class='ocrx_word' id='word_1_570' title='bbox 1521 2301 1622 2331; x_wconf 88' lang='lat' dir='ltr'>lumbi</span> <span class='ocrx_word' id='word_1_571' title='bbox 1632 2302 1659 2340; x_wconf 82' lang='lat' dir='ltr'>ej</span> <span class='ocrx_word' id='word_1_572' title='bbox 1665 2310 1701 2331; x_wconf 91' lang='lat' dir='ltr'>us</span> <span class='ocrx_word' id='word_1_573' title='bbox 1713 2301 1821 2331; x_wconf 85' lang='lat' dir='ltr'>sedere</span> 
     </span>
     <span class='ocr_line' id='line_1_87' title="bbox 1052 2354 1822 2393; baseline 0 -9"><span class='ocrx_word' id='word_1_574' title='bbox 1052 2363 1147 2393; x_wconf 88' lang='lat' dir='ltr'>super</span> <span class='ocrx_word' id='word_1_575' title='bbox 1161 2354 1266 2384; x_wconf 87' lang='lat' dir='ltr'>sedem</span> <span class='ocrx_word' id='word_1_576' title='bbox 1283 2355 1362 2393; x_wconf 74' lang='lat' dir='ltr'>eJus,</span> <span class='ocrx_word' id='word_1_577' title='bbox 1385 2354 1555 2393; x_wconf 88' lang='lat' dir='ltr'>providens</span> <span class='ocrx_word' id='word_1_578' title='bbox 1577 2354 1703 2385; x_wconf 88' lang='lat' dir='ltr'>locutus</span> <span class='ocrx_word' id='word_1_579' title='bbox 1724 2356 1769 2384; x_wconf 86' lang='lat' dir='ltr'>est</span> <span class='ocrx_word' id='word_1_580' title='bbox 1783 2355 1822 2384; x_wconf 89' lang='lat' dir='ltr'>de</span> 
     </span>
     <span class='ocr_line' id='line_1_88' title="bbox 1051 2407 1318 2437; baseline -0.007 -1"><span class='ocrx_word' id='word_1_581' title='bbox 1051 2407 1290 2437; x_wconf 79' lang='lat' dir='ltr'>resurrectione.</span> <span class='ocrx_word' id='word_1_582' title='bbox 1304 2416 1318 2434; x_wconf 81' lang='grc'>1)</span> 
     </span>
    </p>

    <p class='ocr_par' dir='ltr' id='par_1_8' title="bbox 1051 2459 1821 2551">
     <span class='ocr_line' id='line_1_89' title="bbox 1092 2459 1821 2498; baseline 0.003 -9"><span class='ocrx_word' id='word_1_583' title='bbox 1092 2459 1247 2496; x_wconf 82' lang='lat' dir='ltr'>Secundo,</span> <span class='ocrx_word' id='word_1_584' title='bbox 1256 2460 1411 2498; x_wconf 86' lang='lat' dir='ltr'>quantum</span> <span class='ocrx_word' id='word_1_585' title='bbox 1426 2459 1464 2488; x_wconf 87' lang='lat' dir='ltr'>ad</span> <span class='ocrx_word' id='word_1_586' title='bbox 1480 2459 1718 2496; x_wconf 81' lang='lat' dir='ltr'>generationem</span> <span class='ocrx_word' id='word_1_587' title='bbox 1734 2462 1821 2491; x_wconf 80' lang='lat' dir='ltr'>aeter-</span> 
     </span>
     <span class='ocr_line' id='line_1_90' title="bbox 1051 2510 1821 2551; baseline 0.004 -10"><span class='ocrx_word' id='word_1_588' title='bbox 1051 2511 1157 2541; x_wconf 85' lang='lat' dir='ltr'>nalem</span> <span class='ocrx_word' id='word_1_589' title='bbox 1185 2521 1204 2542; x_wconf 90' lang='lat' dir='ltr'>a</span> <span class='ocrx_word' id='word_1_590' title='bbox 1231 2511 1388 2551; x_wconf 86' lang='lat' dir='ltr'>Propheta</span> <span class='ocrx_word' id='word_1_591' title='bbox 1414 2510 1616 2549; x_wconf 65' lang='lat' dir='ltr'>praedicatam</span> <span class='ocrx_word' id='word_1_592' title='bbox 1643 2512 1693 2550; x_wconf 80' lang='lat' dir='ltr'>(b),</span> <span class='ocrx_word' id='word_1_593' title='bbox 1715 2513 1821 2544; x_wconf 75' lang='lat' dir='ltr'>sudet</span> 
     </span>
    </p>
   </div>
   <div class='ocr_carea' id='block_1_5' title="bbox 1051 2571 1820 2712">
    <p class='ocr_par' dir='ltr' id='par_1_9' title="bbox 1051 2571 1820 2672">
     <span class='ocr_line' id='line_1_91' title="bbox 1052 2571 1820 2605; baseline 0.007 -11"><span class='ocrx_word' id='word_1_594' title='bbox 1052 2572 1062 2588; x_wconf 78' lang='lat'>⁶</span> <span class='ocrx_word' id='word_1_595' title='bbox 1074 2572 1128 2601; x_wconf 68' lang='grc' dir='ltr'>λοῦ,</span> <span class='ocrx_word' id='word_1_596' title='bbox 1144 2578 1180 2602; x_wconf 79' lang='lat' dir='ltr'>ix,</span> <span class='ocrx_word' id='word_1_597' title='bbox 1197 2574 1276 2596; x_wconf 72' lang='lat'>14-15.</span> <span class='ocrx_word' id='word_1_598' title='bbox 1292 2585 1322 2590; x_wconf 92' lang='lat'>—-</span> <span class='ocrx_word' id='word_1_599' title='bbox 1338 2571 1422 2596; x_wconf 62' lang='grc' dir='ltr'>Ῥεαί.</span> <span class='ocrx_word' id='word_1_600' title='bbox 1440 2577 1513 2600; x_wconf 76' lang='lat' dir='ltr'>ani,</span> <span class='ocrx_word' id='word_1_601' title='bbox 1530 2573 1612 2595; x_wconf 77' lang='lat' dir='ltr'>7-S.-</span> <span class='ocrx_word' id='word_1_602' title='bbox 1624 2572 1634 2588; x_wconf 77' lang='lat'><strong>³</strong></span> <span class='ocrx_word' id='word_1_603' title='bbox 1647 2573 1714 2597; x_wconf 75' lang='lat' dir='ltr'>Psal.</span> <span class='ocrx_word' id='word_1_604' title='bbox 1731 2580 1820 2605; x_wconf 76' lang='lat' dir='ltr'>cxxxi,</span> 
     </span>
     <span class='ocr_line' id='line_1_92' title="bbox 1051 2607 1818 2639; baseline 0.004 -9"><span class='ocrx_word' id='word_1_605' title='bbox 1051 2609 1131 2630; x_wconf 79' lang='lat'>11.-</span> <span class='ocrx_word' id='word_1_606' title='bbox 1147 2609 1155 2622; x_wconf 74' lang='lat'>⁹</span> <span class='ocrx_word' id='word_1_607' title='bbox 1172 2608 1192 2630; x_wconf 84' lang='grc'>11</span> <span class='ocrx_word' id='word_1_608' title='bbox 1209 2608 1275 2638; x_wconf 63' lang='lat' dir='ltr'>neq„</span> <span class='ocrx_word' id='word_1_609' title='bbox 1287 2613 1334 2637; x_wconf 80' lang='lat' dir='ltr'>vn,</span> <span class='ocrx_word' id='word_1_610' title='bbox 1348 2609 1384 2631; x_wconf 74' lang='grc'>12,</span> <span class='ocrx_word' id='word_1_611' title='bbox 1397 2619 1427 2624; x_wconf 82' lang='lat'>—</span> <span class='ocrx_word' id='word_1_612' title='bbox 1441 2607 1461 2623; x_wconf 81' lang='lat'>1⁰</span> <span class='ocrx_word' id='word_1_613' title='bbox 1476 2608 1548 2636; x_wconf 65' lang='lat' dir='ltr'>Sup„</span> <span class='ocrx_word' id='word_1_614' title='bbox 1562 2613 1579 2637; x_wconf 85' lang='lat'>1,</span> <span class='ocrx_word' id='word_1_615' title='bbox 1593 2609 1632 2631; x_wconf 78' lang='lat'>32.</span> <span class='ocrx_word' id='word_1_616' title='bbox 1647 2609 1818 2639; x_wconf 73' lang='lat' dir='ltr'>—11Mau11.,</span> 
     </span>
     <span class='ocr_line' id='line_1_93' title="bbox 1051 2642 1718 2672; baseline 0.003 -7"><span class='ocrx_word' id='word_1_617' title='bbox 1051 2648 1105 2672; x_wconf 77' lang='lat' dir='ltr'>xxi,</span> <span class='ocrx_word' id='word_1_618' title='bbox 1120 2644 1143 2666; x_wconf 78' lang='lat'>9.</span> <span class='ocrx_word' id='word_1_619' title='bbox 1162 2656 1188 2660; x_wconf 90' lang='lat'>-—</span> <span class='ocrx_word' id='word_1_620' title='bbox 1202 2643 1220 2657; x_wconf 50' lang='grc' dir='ltr'>’ἓ</span> <span class='ocrx_word' id='word_1_621' title='bbox 1236 2645 1253 2665; x_wconf 83' lang='lat' dir='ltr'>ll</span> <span class='ocrx_word' id='word_1_622' title='bbox 1269 2642 1339 2666; x_wconf 55' lang='lat' dir='ltr'>Tim..</span> <span class='ocrx_word' id='word_1_623' title='bbox 1356 2648 1385 2671; x_wconf 86' lang='lat'>11,</span> <span class='ocrx_word' id='word_1_624' title='bbox 1401 2643 1423 2665; x_wconf 84' lang='lat'>8.</span> <span class='ocrx_word' id='word_1_625' title='bbox 1437 2653 1466 2658; x_wconf 91' lang='lat'>—-</span> <span class='ocrx_word' id='word_1_626' title='bbox 1483 2642 1501 2656; x_wconf 83' lang='lat'>¹³</span> <span class='ocrx_word' id='word_1_627' title='bbox 1516 2642 1582 2671; x_wconf 55' lang='lat' dir='ltr'>Act„</span> <span class='ocrx_word' id='word_1_628' title='bbox 1598 2649 1626 2672; x_wconf 85' lang='lat'>11,</span> <span class='ocrx_word' id='word_1_629' title='bbox 1641 2644 1718 2667; x_wconf 78' lang='grc'><strong>30-31.</strong></span> 
     </span>
    </p>

    <p class='ocr_par' dir='ltr' id='par_1_10' title="bbox 1085 2679 1703 2712">
     <span class='ocr_line' id='line_1_94' title="bbox 1085 2679 1703 2712; baseline 0.003 -8"><span class='ocrx_word' id='word_1_630' title='bbox 1085 2682 1117 2712; x_wconf 69' lang='lat' dir='ltr'>(a)</span> <span class='ocrx_word' id='word_1_631' title='bbox 1134 2681 1221 2712; x_wconf 68' lang='lat' dir='ltr'>Suppl.</span> <span class='ocrx_word' id='word_1_632' title='bbox 1236 2688 1298 2706; x_wconf 92' lang='lat' dir='ltr'>non.</span> <span class='ocrx_word' id='word_1_633' title='bbox 1313 2694 1339 2698; x_wconf 85' lang='lat'><em>-</em></span> <span class='ocrx_word' id='word_1_634' title='bbox 1353 2680 1387 2710; x_wconf 79' lang='lat' dir='ltr'>(b)</span> <span class='ocrx_word' id='word_1_635' title='bbox 1403 2680 1463 2705; x_wconf 78' lang='lat' dir='ltr'>Coet.</span> <span class='ocrx_word' id='word_1_636' title='bbox 1477 2679 1534 2704; x_wconf 72' lang='lat' dir='ltr'>edil.</span> <span class='ocrx_word' id='word_1_637' title='bbox 1546 2682 1703 2711; x_wconf 66' lang='lat' dir='ltr'>praedictam.</span> 
     </span>
    </p>
   </div>
   <div class='ocr_carea' id='block_1_6' title="bbox 1977 2042 1985 2162">
    <p class='ocr_par' dir='ltr' id='par_1_11' title="bbox 1977 2042 1985 2162">
     <span class='ocr_line' id='line_1_95' title="bbox 1977 2042 1985 2162; textangle 90"><span class='ocrx_word' id='word_1_638' title='bbox 1979 2150 1981 2162; x_wconf 88' lang='lat'>-—</span> <span class='ocrx_word' id='word_1_639' title='bbox 1977 2042 1985 2103; x_wconf 47' lang='grc' dir='ltr'>εα-</span> 
     </span>
    </p>
   </div>
  </div>
 </body>
</html>
