1987 3032
106 2009 207 2033 Effectus,

101 2041 123 2060 et
139 2039 205 2065 signi-

117 2070 196 2090 ficatus

102 2100 203 2121 febrium.

221 243 278 271 324
735 237 948 270 EVANGELII
971 237 1113 268 SANCTI
1137 237 1300 269 JOANNtS

220 305 398 334 credulitatis
415 305 504 341 patris
528 305 686 340 expressio.
706 305 750 332 Ait
769 311 838 339 ergo
855 314 862 330 :
884 305 944 331 Jam
958 312 986 331 eo

220 352 402 385 descendente,
415 351 523 379 scilicet
537 351 574 378 ad
590 350 775 377 redeundum
786 371 795 383 ,
808 351 878 377 serui
898 358 987 377 occur-

219 401 311 425 rerunt
325 419 333 432 ,
358 398 466 425 scilicet
491 397 529 424 ad
553 396 749 423 nuntiandum
773 404 832 431 prae
858 395 987 430 gaudio,

218 444 385 471 festinantes
403 453 409 470 :
433 445 551 470 Dicentes
569 445 695 476 quoniam
712 444 784 476 filius
801 442 856 476 ejus
876 443 987 468 viveret.

218 490 346 523 Qualiter
361 492 457 516 autem
478 496 538 515 non
560 488 627 515 facit
642 488 823 522 Evangelista
844 488 891 515 hic
906 495 986 515 men-

218 536 329 563 tionem
352 535 389 563 de
412 534 574 566 miraculis,
597 542 662 569 quae
690 534 755 561 feeit
777 534 824 561 Dei
850 534 936 561 Filius
957 533 987 560 in

219 590 297 610 anno
313 584 379 609 ante
398 583 524 609 mortem
543 580 686 608 Joannis‘?
700 580 757 608 Sed
773 580 809 608 de
827 580 887 608 istis
908 582 987 615 patet

218 628 248 655 in
263 628 373 656 Glossa.

253 675 296 701 52.
309 674 492 708 Interroqabat
502 674 536 709 (a)
549 681 610 708 erqo
620 674 720 707 horam,
731 673 838 700 scilicet
849 674 879 700 ut
890 680 986 700 sume-

217 723 261 748 ret
275 721 509 755 experimentum
528 720 565 747 de
585 719 745 753 miraculo,
762 719 822 747 sive
843 719 879 746 de
894 719 986 746 verbo

218 767 349 794 Domini:
365 775 448 794 «non
457 767 535 793 enim
546 766 652 793 diffidit
667 766 703 793 de
715 765 917 793 misericordia
932 767 987 792 Do-

218 813 300 848 mini,
314 824 326 838 »
339 814 378 840 ait
388 813 497 841 Glossa.
507 814 541 839 Et
552 813 678 840 dixer-tint
697 822 702 840 :
717 814 913 846 lloraseptima
923 813 988 838 reli-

218 861 278 894 quit
289 868 357 892 eum,
371 862 437 894 ete,
454 870 467 885 «
478 860 507 886 in
523 859 619 893 figura
636 858 811 894 septiformis
827 858 947 893 Spiritus
971 865 988 884 a

219 913 278 940 quo
290 907 332 932 est
342 905 438 932 omnis
445 905 533 939 salus,
543 915 554 931 u
570 905 609 932 ait
619 905 771 940 Glossema)
784 907 814 932 Et
824 907 893 932 nota
907 904 988 939 quod

219 951 258 978 ait
271 960 278 978 ε
290 952 365 978 Hora
379 953 495 986 septima
513 952 626 985 reliquit
649 959 706 977 eum
721 951 814 983 febris.
831 950 911 978 Unde
927 950 987 978 duo

217 997 382 1032 figurantur
401 1006 407 1024 :
423 998 533 1033 peccati
548 997 721 1031 assignantis
733 997 764 1032 (n)
777 996 914 1031 qualitaS,
925 996 966 1023 ibi
980 1006 986 1023 2

216 1045 326 1076 Febris5
343 1044 472 1071 secundo
488 1044 630 1077 figuratur
649 1043 739 1070 virtus
761 1043 915 1070 medicinae
929 1043 988 1070 sal-

217 1090 360 1117 vifieantis
371 1111 379 1124 ‚
397 1090 438 1116 ibi
456 1091 548 1116 :Hora
562 1091 686 1124 septima.
704 1091 755 1116 Per
767 1089 880 1116 febrem
897 1089 987 1121 enim,

216 1135 247 1162 in
260 1143 319 1171 qua
334 1138 375 1163 est
391 1135 535 1163 successio
552 1135 657 1162 caloris
668 1138 695 1162 et
708 1135 841 1169 trigoris,
858 1135 987 1169 signatur

217 1184 386 1217 peceatum,
400 1182 483 1217 quod
499 1181 627 1216 gignitur
641 1190 675 1208 ex
691 1181 794 1208 timore
806 1181 882 1208 male
892 1181 986 1207 bumi-

217 1227 323 1261 liante,
339 1229 366 1255 et
387 1236 487 1254 amore
503 1228 579 1254 male
602 1228 802 1254 inflammante
819 1228 826 1243 ¹
843 1237 848 1254 :
868 1237 882 1252 «
896 1227 988 1254 Cada-

219 1282 270 1301 ver
284 1275 346 1309 ejus
360 1274 528 1309 projicietur
548 1274 587 1301 ad
608 1276 711 1300 aestum
725 1282 777 1309 per
792 1274 870 1300 diem
882 1294 891 1307 ,
906 1275 934 1300 ct
950 1273 989 1300 ad

218 1320 287 1354 gelu
299 1328 352 1355 per
365 1322 491 1347 noctem.
509 1330 521 1345 »
539 1322 570 1347 ln
587 1321 692 1347 Psalmo
707 1320 716 1335 ²
734 1328 739 1346 :
761 1329 772 1345 α
795 1321 913 1347 Incensa
928 1319 988 1353 igni

218 1368 245 1393 et
259 1366 392 1394 suffossa.
409 1376 422 1392 »
435 1366 477 1393 lbi
487 1366 586 1393 Glossa
601 1366 637 1393 de
651 1367 707 1393 hoc
718 1366 727 1381 ³
739 1375 765 1393 :«
776 1367 880 1393 Socrus
895 1365 988 1392 Simo-

218 1412 262 1439 nis
276 1412 440 1440 torrebatur
450 1413 486 1448 (d)
502 1412 617 1446 magnis
630 1412 772 1439 febribus.
785 1422 797 1437 »
810 1411 851 1439 tbi
865 1411 990 1438 Ambro-

218 1458 277 1485 sius
291 1459 300 1474 ὁ
318 1467 324 1485 :
343 1468 356 1484 «
371 1459 470 1486 Febris
485 1460 583 1486 nostra
598 1461 639 1486 est
660 1458 797 1492 avaritia,
818 1460 845 1484 et
867 1458 961 1484 libido
980 1466 986 1484 :

218 1512 254 1531 eo
269 1504 351 1539 quod
365 1504 462 1539 ignitae
477 1504 533 1531 sint
547 1504 736 1540 cupiditates,
753 1514 766 1529 ι)
784 1503 916 1537 luxuria,
929 1511 990 1530 am-

218 1551 306 1585 bitio,
322 1551 374 1578 ira.
392 1553 424 1578 Et
437 1551 511 1577 sicut
532 1550 571 1577 ait
591 1550 759 1578 Avieenua⁵
777 1559 784 1576 ς
801 1560 813 1574 u
825 1552 915 1584 Aquae
927 1549 989 1575 sul-

217 1597 351 1633 phureae,
367 1597 469 1624 lutosae
488 1598 515 1623 et
538 1597 661 1624 turbidae
676 1596 784 1623 faciunt
799 1595 932 1623 accidere
947 1595 989 1622 fe-

219 1643 287 1671 bres
311 1653 316 1670 :
333 1653 346 1669 ›>
363 1643 403 1670 sic
424 1643 611 1678 spiritualiter
633 1650 753 1678 quoque
773 1650 857 1677 aquae
881 1649 990 1668 concu-

219 1689 413 1724 piscentiales,
430 1689 466 1716 de
482 1688 590 1724 quibus
603 1696 692 1723 supra
706 1689 715 1704 ⁶
733 1697 739 1715 ;
760 1698 773 1713 (ι
793 1688 846 1720 Qui
862 1687 937 1714 bibit
952 1695 988 1714 ex

219 1735 274 1762 hac
289 1743 382 1770 aqua,
402 1735 476 1761 sitiet
496 1735 616 1767 iterum,
633 1744 646 1759 >›
666 1734 809 1761 inducunt
824 1735 942 1768 peccata
954 1734 964 1749 ⁷
981 1742 987 1760 ι

221 1791 235 1807 «
251 1781 490 1816 Concupiscentia
511 1788 578 1807 cum
594 1781 774 1815 conceperit,
789 1780 865 1815 parit
886 1787 989 1814 pecca-

220 1830 291 1854 tum.
307 1838 319 1853 »
336 1829 367 1854 Et
382 1828 454 1854 sicut
470 1827 499 1853 in
514 1827 593 1853 febre
612 1829 677 1852 sunt
692 1826 818 1860 gradus:
836 1834 894 1852 una
910 1825 990 1852 enim

220 1874 350 1900 consistit
363 1874 392 1899 in
408 1873 639 1899 inflammatione
655 1872 825 1907 spirituum,
842 1874 868 1898 et
884 1871 991 1898 dicitur

221 1921 378 1956 ephemera
397 1920 453 1955 (e);
475 1919 532 1946 alia
548 1919 577 1945 in
601 1919 787 1953 corruptione
808 1919 968 1945 humorum
981 1940 989 1953 ,

222 1967 309 1994 etiam
325 1966 542 1999 diversimodm
558 1965 616 1992 alia
636 1965 664 1991 in
687 1966 873 2000 corruptione
895 1966 991 1992 bumi-

223 2013 345 2040 ditatum
357 2013 395 2048 (f)
405 2033 412 2045 ,
425 2014 452 2039 et
464 2012 568 2039 dicitur
583 2012 694 2038 hectica
706 2011 752 2046 (υ).
770 2011 848 2038 Unde
860 2012 988 2039 Seneca:

225 2059 351 2086 «Febris
375 2067 410 2085 eo
434 2058 529 2086 acrior
554 2060 609 2092 est,
626 2058 708 2093 quod
728 2066 788 2085 non
810 2060 886 2085 tactu
902 2066 991 2086 vena-

220 2113 302 2139 rum,
315 2113 369 2137 nee
383 2105 413 2131 in
424 2107 520 2132 cutem
530 2104 622 2131 effuso
638 2105 735 2132 calore
751 2105 991 2140 deprehenditur,

221 2152 273 2178 sed
297 2159 348 2179 cor
368 2151 465 2186 ipsum
486 2151 633 2185 excoquit.
650 2160 663 2176 »
679 2151 722 2177 Sie
738 2151 826 2178 etiam
847 2154 914 2178 sunt
929 2159 993 2185 gra-

223 2197 277 2224 dus
291 2197 322 2224 in
335 2199 470 2232 peccato,
482 2196 644 2224 seeundum
659 2196 733 2223 illud
748 2197 848 2223 Jacobi
864 2198 971 2231 supra8
984 2206 990 2224 2

225 2253 238 2270 ι(
251 2244 506 2280 Concupiscentia,
521 2251 588 2270 cum
603 2243 786 2278 conceperit,
798 2242 874 2278 parit
890 2251 992 2278 peeca—

256 2324 375 2352 ⁸Jerem.,
391 2328 478 2351 xxxvi,
495 2324 533 2346 30.
548 2336 579 2340 -
593 2322 600 2336 ²
616 2322 683 2345 Psoi.
698 2327 788 2351 Lxxxx,
804 2323 839 2345 17.
855 2334 885 2338 —
900 2322 910 2338 ³
925 2322 992 2351 Luc„

226 2363 259 2388 Ν,
284 2361 322 2381 35.
345 2371 375 2375 —
398 2358 405 2371 Α
430 2358 546 2381 Ambros.
576 2358 600 2380 in
626 2358 692 2386 Luc..
714 2357 757 2380 lib.
785 2357 827 2386 lV,
852 2364 878 2379 u.
904 2359 942 2380 0¹3.
962 2369 992 2374 -

224 2394 232 2407 ⁵
257 2393 390 2422 Avieenn.‚
413 2393 442 2416 (le
462 2392 587 2421 Medione,
612 2393 655 2415 lib.
681 2393 708 2415 tt.
730 2405 761 2409 -
784 2392 794 2408 ⁶
817 2393 888 2421 Sup.y
911 2393 947 2415 13.
963 2405 992 2409 —

224 2429 232 2443 ⁷
251 2431 314 2456 Jac.‚
336 2434 360 2457 1,
386 2430 421 2451 13.
444 2441 472 2445 —
493 2428 502 2443 ¹³
524 2428 584 2451 thid.
605 2441 634 2445 —
654 2429 664 2444 ⁴³
687 2428 769 2455 Dent„
790 2433 887 2456 xxviii,
909 2430 946 2450 22.
962 2438 993 2444 ——

225 2463 246 2479 ¹⁰
263 2464 348 2491 Levit.,
363 2469 434 2492 xxm,
447 2464 517 2486 M.—
533 2464 549 2478 ¹¹
566 2464 625 2492 Isti„
642 2469 677 2493 st,
693 2464 752 2487 2.-
763 2463 783 2478 ¹²
795 2462 935 2492 Chrysost„
951 2461 993 2485 ubi

225 2505 291 2529 sup.‚
307 2505 332 2521 n.
348 2500 370 2521 3.
386 2511 416 2515 -—
437 2498 456 2514 ¹²³
476 2499 618 2529 chrysost,
633 2506 658 2522 m
675 2499 757 2528 joan„
778 2498 847 2521 bom.
869 2503 946 2527 xxxv,
959 2497 991 2521 al.

226 2539 315 2565 xxxvi,
329 2540 355 2557 n.
373 2536 393 2557 1.
407 2546 438 2550 —
453 2533 545 2557 “Ibid-

258 2583 292 2614 (a)
308 2584 368 2607 Caet.
385 2582 444 2606 edit.
460 2582 635 2612 Interroqarit.
648 2595 677 2599 —
694 2581 724 2612 (b)
743 2583 770 2606 tn
785 2584 842 2606 caet.
856 2581 915 2606 edit.
929 2581 992 2610 haec,

224 2627 278 2651 quae
304 2619 451 2649 sequuntur,
472 2617 623 2647 transposita
648 2620 719 2642 erant
741 2620 799 2647 post
821 2625 846 2641 v.
871 2619 909 2647 5³,
933 2618 992 2646 ete,

1045 306 1164 337 catum;
1189 306 1341 339 peccatum
1363 305 1460 332 autem
1483 311 1551 331 cum
1574 304 1810 331 consummatum

1044 350 1144 384 fuerit,
1159 352 1278 384 generat
1292 352 1426 378 mortem.
1444 360 1456 375 n
1470 351 1501 377 Et
1515 350 1551 377 de
1571 349 1624 376 ista
1638 348 1719 376 febre
1734 351 1764 375 in
1776 347 1813 376 fi-

1045 404 1118 430 gura
1133 396 1237 423 dicitur
1251 397 1261 413 ⁰
1276 405 1282 423 :
1301 405 1314 422 «
1329 396 1470 423 Pcrcutiat
1484 398 1510 423 te
1531 395 1670 423 Dominus
1685 395 1810 429 egestate

1045 444 1071 469 ct
1086 442 1176 469 febre.
1193 453 1205 467 υ
1229 444 1259 469 Et
1278 444 1372 477 potest
1392 441 1481 469 febris
1499 441 1556 468 dici
1576 440 1732 477 quodlibet
1745 447 1812 476 sep-

1045 490 1101 514 tem
1126 488 1295 515 mortalium
1317 490 1506 523 peccatorum
1528 497 1534 514 :
1557 496 1592 515 eo
1615 487 1707 521 enim,
1728 486 1811 522 quod

1045 536 1130 560 estex
1143 534 1352 568 putrefactione
1365 533 1533 568 humorum,
1546 534 1640 568 signat
1652 532 1810 566 luxuriam3

1045 587 1080 606 eo
1096 587 1165 606 vero
1187 579 1269 615 quod
1292 582 1334 607 est
1354 579 1618 607 immoderatorum
1636 578 1810 614 appetitiva,

1044 625 1139 659 signat
1161 626 1262 660 gulam
1281 635 1289 660 ;
1318 634 1353 653 eo
1383 626 1465 661 quod
1493 628 1535 653 est
1559 625 1757 659 infrigidativa
1785 626 1814 652 et

1045 671 1207 705 anxiativa,
1231 672 1327 706 signat
1350 672 1516 704 avaritiam;
1543 679 1578 698 eo
1600 670 1682 706 quod
1703 673 1746 698 est
1767 671 1813 698 in-

1044 718 1240 752 flammeum,
1259 718 1391 753 designat
1409 718 1498 752 iram3
1519 725 1553 745 eo
1575 717 1656 753 quod
1679 718 1721 744 est
1738 724 1812 752 prae-

1045 764 1196 799 gravativa
1211 766 1336 799 naturae,
1352 764 1447 799 signat
1459 764 1606 796 acediam3
1624 772 1659 791 eo
1674 763 1757 799 quod
1772 764 1815 791 est

1045 811 1239 839 deformativa
1256 810 1354 838 colore
1369 809 1477 844 livido,
1493 809 1589 844 signat
1602 810 1761 844 invidiam;
1776 817 1812 837 eo

1045 857 1127 892 quod
1142 859 1183 884 est
1197 865 1272 892 stepo
1287 857 1506 890 inflammativa,
1522 856 1617 891 signat
1631 856 1812 892 superbiam.

1046 904 1067 920 ¹⁰
1085 912 1098 928 «
1114 903 1273 930 Percutiam
1298 911 1352 930 vos
1376 904 1481 938 septies
1499 903 1537 939 (Ιι)
1556 905 1676 939 propter
1694 905 1814 938 peccata

1045 951 1149 976 vestra.
1166 959 1179 974 »
1198 950 1259 976 Haec
1280 951 1379 976 autem
1400 949 1488 976 febris
1506 949 1626 984 reliquit
1645 948 1814 977 febricitan-

1044 997 1103 1022 tem
1125 995 1198 1022 hora
1216 995 1340 1030 septima
1353 1015 1361 1029 ‚
1382 995 1414 1022 id
1437 997 1502 1029 est,
1526 994 1622 1022 infuso
1652 995 1814 1030 septiformi

1044 1041 1163 1076 spiritu,
1179 1044 1210 1069 ut
1221 1042 1317 1077 prima
1330 1042 1404 1069 hora
1417 1041 1451 1068 sit
1464 1041 1581 1076 spiritus
1595 1041 1719 1075 timoris,
1731 1043 1758 1068 et
1772 1041 1813 1068 sic

1046 1088 1081 1115 de
1109 1088 1174 1116 aliis
1203 1088 1391 1116 ascendendo
1415 1090 1435 1106 ¹¹
1461 1098 1467 1116 z
1496 1098 1509 1114 (ι
1534 1088 1704 1124 Requiescet
1725 1095 1814 1124 super

1045 1142 1112 1161 eum
1127 1134 1244 1169 spiritus
1260 1135 1388 1168 Domini,
1404 1137 1430 1162 et
1446 1134 1477 1169 (i)
1493 1134 1650 1170 sapientiae.
1667 1144 1680 1160 >³

1080 1182 1123 1207 53.
1143 1181 1270 1214 Cognovit
1285 1189 1345 1214 erqo
1362 1184 1455 1215 pater,
1478 1180 1587 1208 scilieet
1605 1189 1641 1208 ex
1656 1179 1813 1208 collatione

1045 1226 1199 1261 temporis,
1216 1235 1276 1262 quo
1293 1227 1366 1253 dz'aeie
1384 1228 1477 1253 Jesus:
1494 1228 1579 1253 Filius
1597 1229 1658 1254 tuus
1675 1229 1761 1261 vivit,
1774 1227 1814 1254 ad

1045 1272 1120 1299 illud
1136 1275 1249 1308 tempus
1263 1273 1324 1300 sive
1341 1273 1379 1300 ad
1394 1273 1475 1299 illam
1489 1273 1593 1300 horam
1603 1294 1611 1307 ‚
1628 1281 1718 1308 quam
1734 1273 1814 1300 dixe-

1044 1322 1112 1346 runt
1134 1319 1218 1346 servi.
1238 1321 1272 1346 Ec
1293 1319 1410 1346 credidit
1430 1321 1503 1353 ipse,
1519 1321 1544 1346 et
1566 1319 1674 1352 domus,
1694 1320 1747 1346 ete.
1773 1321 1815 1346 Ex

1044 1366 1101 1393 hoc
1116 1368 1208 1400 patet,
1224 1365 1307 1400 quod
1321 1365 1402 1400 prius
1422 1372 1481 1392 uon
1501 1365 1684 1398 crediderat,
1699 1364 1754 1392 nisi
1767 1373 1813 1392 se-

1045 1412 1184 1447 miplene.
1203 1412 1236 1447 (j)
1254 1412 1374 1438 Familia
1392 1411 1454 1446 ejus
1471 1420 1477 1438 :
1496 1411 1647 1438 continens
1669 1419 1722 1446 pro
1745 1419 1815 1439 con-

1046 1460 1132 1485 tento.
1157 1460 1187 1485 Et
1207 1458 1274 1484 ideo
1293 1467 1306 1483 «
1320 1458 1376 1484 hoc
1396 1457 1595 1484 testimonium
1617 1459 1659 1484 est
1677 1457 1813 1485 inaltera-

1044 1504 1103 1531 bile
1118 1506 1145 1531 et
1164 1504 1288 1531 veritatis
1309 1503 1588 1537 demonstrativum,
1601 1513 1615 1528 »
1632 1503 1672 1530 ait
1689 1503 1813 1538 Chryso-

1043 1552 1154 1577 stomus
1170 1549 1198 1576 ¹².

1079 1599 1123 1624 54.
1140 1599 1171 1624 Et
1185 1596 1321 1624 subditur
1339 1596 1477 1623 ultimum
1499 1605 1505 1623 z
1527 1597 1582 1623 Hoc
1603 1597 1701 1623 iterum
1723 1603 1814 1623 secun-

1045 1645 1108 1671 dum
1129 1646 1249 1677 signum,
1269 1645 1321 1670 ete.
1345 1643 1401 1670 Sed
1423 1643 1579 1678 quaeritur,
1601 1642 1639 1669 ad
1664 1642 1737 1677 quid
1756 1643 1813 1670 hoc

1044 1690 1209 1723 interserit,
1232 1697 1299 1716 cum
1323 1689 1458 1716 videatur
1481 1688 1591 1715 nultius
1614 1688 1766 1716 utilitatis?
1782 1690 1813 1716 Et

1045 1736 1083 1763 ad
1093 1735 1170 1762 istud
1181 1735 1339 1770 respondet
1353 1735 1576 1770 chrysostomus
1587 1734 1618 1768 ¹³,
1636 1734 1718 1770 quod
1732 1745 1745 1759 «ι
1755 1735 1812 1762 hoc

1045 1782 1159 1809 induxit
1182 1781 1228 1808 hic
1241 1803 1249 1815 ,
1269 1781 1411 1808 extollens
1432 1781 1522 1807 fidem
1540 1781 1790 1808 Samaritanorum
1802 1802 1810 1815 ‚

1046 1828 1201 1855 ostendens
1225 1827 1366 1862 quoniam
1391 1826 1521 1854 secundo
1551 1827 1635 1861 signo
1659 1827 1693 1862 (k)
1715 1827 1812 1854 adhuc

1045 1884 1105 1902 non
1119 1876 1262 1901 venerunt
1276 1874 1314 1901 ad
1330 1874 1514 1901 altitudinem
1530 1874 1664 1907 illorum,
1676 1884 1688 1900 n
1703 1874 1811 1902 seilicet

1045 1921 1308 1953 Samaritanorum,
1323 1920 1438 1947 nullum
1457 1920 1574 1954 signum
1594 1919 1766 1947 videntium.
1783 1921 1816 1948 Et

1046 1974 1081 1993 ex
1097 1967 1153 1993 hoc
1167 1969 1243 2001 patet
1255 1966 1336 2001 quod
1351 1966 1432 1993 nulla
1446 1966 1536 1993 verba
1551 1968 1701 2001 ponuntur
1715 1973 1815 2001 super-

1045 2012 1102 2039 ssue
1119 2013 1148 2039 in
1163 2012 1332 2047 Evangelio.
1349 2012 1429 2039 Unde
1445 2012 1669 2047 Chrysostomus
1685 2011 1704 2028 ¹⁵
1721 2020 1728 2038 :
1748 2022 1761 2036 «
1776 2011 1816 2039 Si-

1046 2061 1107 2092 cut,
1124 2058 1237 2093 inqnit,
1257 2059 1286 2085 in
1307 2058 1431 2085 metallis
1454 2058 1537 2092 auri,
1559 2065 1656 2093 neque
1676 2057 1814 2085 brevissi-

1046 2113 1128 2131 mum
1149 2104 1269 2131 sustinet
1295 2104 1361 2139 quir¹
1387 2103 1536 2139 despicere
1565 2111 1669 2130 eorum
1692 2103 1742 2138 (1),
1761 2103 1814 2138 qui

1046 2150 1122 2177 eirca
1136 2150 1197 2177 haec
1212 2152 1296 2184 sunt,
1311 2150 1350 2176 ita
1368 2150 1398 2176 in
1419 2149 1525 2176 divinis
1545 2148 1697 2183 Scripturis
1718 2156 1815 2184 neque

1046 2205 1139 2223 unum
1161 2196 1222 2223 iota
1241 2194 1387 2230 praeterire
1412 2194 1568 2229 contingit,
1590 2193 1660 2229 quia
1675 2201 1692 2221 a
1707 2194 1814 2230 Spiritu

1046 2244 1146 2269 sancto
1161 2243 1236 2268 suut.
1251 2251 1264 2267 »
1282 2242 1345 2268 Haec
1361 2240 1420 2267 ille.

1047 2341 1126 2365 nsque
1144 2334 1175 2357 ad
1199 2334 1274 2357 tinem
1294 2333 1397 2363 capitis,
1417 2334 1440 2356 et
1458 2332 1496 2356 bis
1519 2332 1650 2363 legebatur
1665 2341 1678 2356 «
1696 2333 1721 2357 in
1735 2333 1814 2365 figura

1047 2371 1155 2400 spiritus
1170 2369 1338 2399 septiformis,
1354 2375 1368 2391 a
1385 2375 1435 2398 quo
1452 2370 1488 2391 est
1504 2368 1584 2398 sulus,
1600 2369 1635 2392 ait
1650 2369 1746 2393 Glossa.
1758 2378 1771 2392 »
1783 2382 1813 2386 -—

1048 2407 1073 2434 (e,
1089 2406 1162 2428 Forte
1172 2404 1299 2434 [eyminum
1308 2404 1438 2433 siguatt.—
1453 2403 1490 2433 ((Ι)
1501 2403 1571 2433 l'uly.
1584 2404 1724 2427 tenebatur.
1733 2404 1811 2428 Graec.

1047 2441 1203 2471 συνεχομένη.
1219 2452 1249 2456 -
1264 2441 1293 2468 μ’)
1310 2440 1371 2461 cm.
1386 2438 1446 2462 edit.
1462 2438 1622 2461 0111100110,-
1639 2440 1672 2468 (s)
1687 2439 1742 2468 Leq.
1758 2445 1813 2468 par-

1047 2476 1108 2498 tium
1123 2475 1268 2498 solidarum.
1285 2486 1314 2491 ·—
1331 2474 1364 2504 (y)
1382 2473 1442 2496 Caet.
1463 2473 1523 2496 edit.
1543 2473 1634 2496 ethica.
1650 2485 1681 2490 —
1698 2473 1731 2503 (Ιι)
1751 2474 1811 2497 Cat.

1046 2511 1104 2534 edit.
1129 2510 1194 2533 deest
1210 2509 1311 2539 septies.
1327 2521 1356 2526 --
1376 2508 1402 2537 (i)
1418 2507 1505 2537 Suppl.
1522 2507 1606 2530 ultima
1617 2507 1680 2530 hora
1694 2507 1725 2530 sit
1738 2508 1813 2538 spiti-

1047 2546 1095 2567 tus.
1120 2558 1145 2561 ——
1170 2545 1202 2574 (j)
1228 2544 1314 2574 bnppl.
1342 2543 1431 2566 Domus
1454 2542 1519 2572 ejus,
1544 2548 1598 2572 pro.
1618 2555 1648 2559 —
1668 2540 1701 2572 (lt)
1725 2542 1811 2573 Suppl.

1047 2582 1154 2609 patrato.
1176 2581 1236 2603 coet.
1255 2579 1315 2602 edu.
1334 2577 1445 2602 secunda
1464 2577 1543 2606 signu.
1558 2589 1587 2594 --
1605 2575 1633 2607 (l)
1647 2576 1762 2601 Fortasse
1775 2577 1812 2600 le—

1046 2615 1151 2644 qemlum
1165 2615 1287 2638 rivorum.

1960 2808 1975 2838 g»

1958 2941 1965 2962 ,,
1963 2925 1967 2932 ,
1955 2885 1975 2911 2·
1958 2848 1975 2877 -q

1954 2972 1983 3032 157³
