1987 3032
702 228 910 259 EXPOSITIO
930 228 969 258 IN
993 227 1077 258 CAP.
1101 227 1178 259 XXl.

184 297 326 329 Secundo
338 320 346 333 ‚
361 297 518 336 quantum
532 295 572 326 ad
586 294 826 325 similitudinem
838 303 906 324 ma-

144 350 362 386 nuductivam,
371 348 517 378 subditur
530 348 570 387 (v.
580 347 641 386 29):
652 347 698 378 Et
707 347 788 377 discit
799 347 860 377 illis
871 347 909 377 εἱ-

144 402 355 433 mulitudinem
369 410 380 431 .·
389 400 494 432 Videte
508 400 679 438 ficulneam
692 404 722 430 et
734 409 841 430 omnes
853 410 906 430 ar-

145 456 231 486 bores
251 463 262 485 .·
283 454 330 493 (v.
351 454 405 487 30)
428 463 501 484 cum
519 453 702 493 producunt
719 453 793 492 jam
815 462 854 483 ez
877 462 909 484 se

142 508 306 547 fructum,
333 506 417 536 scitis
442 507 596 545 quom'am
616 515 716 546 prope
739 509 783 536 est
804 509 907 536 oestas.

143 560 308 599 Comparat
319 561 426 590 autem
441 559 569 590 arbores
583 559 725 590 humano
740 559 862 598 generi,
879 561 910 589 et

141 613 281 644 maxime
295 613 474 643 ficulneam.
496 613 671 643 Arboribus
696 612 782 642 enim
801 612 910 651 hujus-

140 666 226 697 modi
241 666 339 696 homo
353 665 557 701 assimilatur,
574 667 605 695 et
619 667 772 704 quantum
794 665 832 694 ad
857 673 907 694 or-

140 721 209 749 tum
221 742 229 755 ,
245 720 276 749 et
290 719 443 758 quantuni
468 719 507 748 ad
524 727 668 748 occasum
679 742 686 755 ,
703 719 734 747 et
753 719 909 756 quantum

141 772 179 802 ad
201 772 351 802 fructum.
377 771 537 807 Quantum
562 771 601 801 ad
630 772 735 800 ortum
745 794 753 806 ‚
782 771 910 808 propter

140 825 224 864 quod
239 824 272 854 111
287 823 416 855 Psalmo
429 824 437 840 ¹
457 834 463 853 :
485 822 576 853 «Erit
590 824 743 861 tanquam
757 822 887 861 lignum
900 845 907 858 ,

140 877 223 916 quod
244 876 420 916 plantatum
445 877 492 906 est
519 885 608 906 secus
636 875 786 905 decursus
810 883 907 914 aqua-

140 938 228 967 rum,
242 940 256 957 »
275 931 332 959 etc.
357 929 518 965 Quantum
539 929 576 959 ad
593 937 756 966 occasum,
783 929 910 967 propter

141 982 223 1022 quod
238 982 296 1013 Job
311 983 338 1012 ²:
360 993 374 1011 <‹
388 981 529 1020 Lignum
544 981 639 1011 habet
656 990 745 1020 spem
761 991 766 1010 :
785 981 811 1010 si
827 989 911 1020 prae-

140 1035 241 1065 cisum
259 1034 373 1072 fuerit,
390 1043 520 1065 rursum
537 1034 660 1064 virescit
674 1058 682 1071 ,
701 1036 731 1063 et
746 1034 825 1063 rami
843 1034 911 1072 ejus

140 1087 308 1127 pullulant.
320 1098 334 1115 n
350 1087 399 1117 Sic
412 1090 442 1117 et
456 1087 563 1124 homo,
575 1096 649 1117 cum
659 1087 804 1124 moritur,
822 1095 911 1125 spem

140 1141 234 1171 habet
241 1141 443 1180 resurgendi.
456 1141 614 1177 Quantum
622 1140 660 1170 ad
668 1140 820 1177 fructum,
836 1140 912 1180 quia

141 1193 220 1224 sicut
234 1194 328 1224 arbor
342 1194 535 1224 infructuosa
557 1193 716 1231 inciditur,
741 1193 785 1222 sic
804 1194 834 1223 et
853 1193 910 1223 ho-

141 1255 209 1285 111ος
222 1246 344 1277 undein
351 1246 501 1277 Matllzoeo
511 1246 562 1285 td?
573 1257 578 1276 z
587 1246 716 1276 «Omnis
725 1246 828 1283 arbor,
840 1254 911 1284 quae

142 1308 207 1330 non
220 1299 292 1329 facit
316 1300 454 1330 fructum
469 1299 605 1336 bonum,
631 1298 803 1335 excidetur,
817 1310 831 1326 >1
851 1302 911 1328 etc.

144 1352 230 1382 Unde
253 1361 349 1391 supra
370 1352 484 1382 dicitur
508 1352 546 1381 de
569 1352 632 1381 ficu
659 1352 853 1381 infructuosa
867 1351 876 1366 ⁶
903 1360 910 1380 :

148 1416 162 1433 «
178 1405 310 1435 Succide
324 1405 409 1435 illam
421 1429 430 1442 ,
447 1416 461 1433 n
481 1407 538 1435 etc.
556 1405 643 1435 Sicut
657 1404 742 1434 enim
759 1404 853 1434 arbor
867 1412 913 1434 se-

143 1467 199 1488 cus
213 1458 298 1488 viam
314 1467 379 1495 non
393 1457 576 1495 fructificat,
592 1457 635 1486 sic
650 1466 707 1487 nec
720 1457 835 1494 homo,
857 1457 913 1495 qui

144 1512 316 1550 occupatur
331 1510 414 1540 circa
428 1511 529 1541 multa
541 1510 551 1526 ⁵
567 1520 574 1539 z
596 1521 610 1538 «
622 1509 738 1539 Videns
753 1509 804 1538 fici
819 1509 911 1538 arbo-

144 1573 212 1595 rem
227 1573 325 1595 unam
340 1573 428 1595 secus
441 1564 543 1600 viam,
562 1563 650 1594 venit
665 1563 704 1593 ad
719 1571 807 1600 eam,
822 1564 852 1592 et
867 1561 914 1591 ni-

144 1618 189 1648 hil
206 1617 328 1648 invenit
350 1617 383 1647 in
404 1626 441 1647 ea
464 1617 526 1647 nisi
549 1616 621 1646 folia
645 1617 769 1646 tantum
784 1639 792 1653 ,
818 1617 848 1645 et
871 1615 914 1645 ait

145 1670 189 1700 illi
205 1679 212 1700 :
229 1669 400 1709 Nunquam
417 1679 457 1700 ex
472 1672 503 1700 te
516 1670 637 1699 fructus
653 1670 836 1698 nascatur.»
853 1667 915 1698 Un-

146 1724 183 1754 de
207 1723 468 1763 (1111)]50510111115ὅ
486 1732 494 1752 :
512 1722 629 1753 «Sicut
650 1721 846 1761 impossibile
867 1724 915 1751 est

147 1777 293 1808 arborem
322 1786 411 1807 secus
433 1777 519 1807 viam
542 1777 663 1806 fructus
688 1775 727 1805 ad
749 1774 914 1805 maturita-

148 1833 210 1861 tem
226 1839 371 1867 servare,
388 1829 432 1859 sic
449 1829 573 1859 difficile
588 1831 634 1858 est
648 1828 811 1858 hominem
823 1829 916 1867 Juxta

149 1884 305 1914 mundum
318 1883 481 1913 viventem
501 1884 704 1922 Juventutem
728 1881 913 1912 immacula-

148 1939 213 1967 tam
235 1945 335 1975 usque
356 1935 395 1966 ad
418 1936 516 1965 finem
538 1937 655 1965 tenere.
673 1945 687 1962 »
710 1934 797 1964 Sicut
820 1934 915 1964 etiam

148 1990 276 2020 arbores
299 1989 486 2019 fructificant
503 1988 539 2027 (ὁ)
551 2011 560 2026 ,
577 1988 705 2018 absente
724 1987 854 2027 hyeme,
872 1987 916 2017 sic

149 2042 245 2073 homo
265 2042 402 2072 fructum
426 2041 520 2072 habet
539 2043 609 2081 post
623 2040 861 2071 tribulationem
876 2041 885 2056 ⁷
908 2051 913 2071 :

155 2107 168 2122 a
182 2097 251 2126 Jam
266 2095 369 2125 hiems
388 2094 531 2131 transiit,
549 2094 650 2124 imber
666 2094 756 2131 abiit,
776 2096 805 2124 et
820 2102 917 2124 reces-

149 2149 188 2179 sit
209 2157 217 2178 :
238 2148 317 2178 ficus
332 2147 462 2187 protulit
484 2156 612 2186 grossos
628 2156 719 2184 SUOS,
737 2146 839 2177 vineae
858 2146 915 2176 sso-

150 2203 254 2232 rentes
268 2201 422 2231 dederunt
436 2200 564 2230 odorem
576 2209 683 2231 suum.
696 2212 710 2227 »
726 2200 783 2230 llic
796 2200 917 2230 fructus

149 2257 196 2286 est
211 2263 266 2293 per
281 2253 479 2283 tolerantiam
494 2253 724 2291 tribulationis,
742 2252 918 2283 secundum

151 2307 224 2338 illud
239 2310 249 2323 '³
261 2318 264 2322 ·
275 2305 400 2336 «Omnis
409 2305 573 2345 disciplina
586 2306 618 2335 in
630 2306 777 2345 praesenti
785 2306 917 2346 'quidem

151 2360 277 2391 videtur
290 2367 353 2389 non
368 2367 434 2388 esse
449 2358 577 2397 gaudii,
594 2358 648 2388 sed
659 2358 820 2396 moeroris,
836 2360 918 2397 post-

153 2421 188 2443 ea
203 2414 309 2443 autem
332 2411 470 2441 fructum
485 2410 720 2449 pacatissimum
741 2410 919 2442 exercitatis

153 2475 208 2505 per
222 2474 292 2496 eam
307 2463 413 2495 reddet
424 2463 566 2501 justitiae.
582 2476 596 2491 »
610 2463 648 2494 Et
659 2464 711 2495 bic
726 2464 847 2495 fructus
859 2464 919 2495 col-

154 2518 265 2557 ligitur
280 2518 312 2547 in
327 2518 434 2548 aestate
449 2516 598 2546 claritatis
619 2519 766 2554 aeternae;
789 2520 919 2557 propter

185 2580 190 2595 ¹
208 2579 274 2602 Psal.
293 2584 310 2608 1,
326 2580 348 2602 3.
363 2591 393 2596 —
408 2578 546 2608 ²Job,X1v‚
563 2580 586 2601 7.
602 2591 631 2595 ——
644 2579 654 2595 ³
667 2579 767 2610 Mami„
784 2582 918 2610 111,10.—

155 2615 164 2629 Β
177 2616 248 2644 Sup.,
263 2620 320 2643 xiii,
338 2615 361 2638 7.
376 2627 406 2630 —
422 2614 431 2629 ⁵
447 2613 546 2642 Mami„
562 2620 615 2644 xxt,
634 2616 670 2637 10.
689 2627 717 2631 —
735 2616 743 2629 ⁶
764 2615 815 2638 lmo
831 2617 919 2639 auctor

155 2651 226 2679 Ultor.
250 2649 348 2679 imperf.
371 2649 395 2672 in
416 2648 516 2676 Mueck„
545 2648 613 2672 110111.
642 2655 732 2679 xxxix,
757 2649 820 2673 inter
843 2651 917 2680 Oper.

156 2686 296 2716 chrysost,
316 2684 422 2715 append.
443 2686 504 2708 tom.
524 2684 563 2708 Vl.
588 2698 617 2702 —
641 2686 646 2695 '¹
670 2686 753 2715 Cant„
777 2691 805 2716 11,
832 2689 866 2710 ll.
889 2699 920 2704 —

1677 227 1730 255 169

966 295 1051 336 quod
1064 295 1168 326 subdit
1186 295 1226 334 (v.
1244 294 1291 333 31)
1307 303 1314 323 ι
1331 293 1382 324 Ita
1395 296 1426 323 et
1438 301 1491 323 vos
1507 301 1580 323 cum
1591 291 1731 322 videritis

966 349 1032 380 lioec
1047 349 1130 387 ficri,
1146 348 1252 378 scitote
1267 346 1421 387 quoniam
1427 354 1527 386 prope
1542 349 1586 376 esc
1595 353 1732 384 reqnum

967 403 1036 434 Dei.
1062 402 1169 432 Glossa
1186 412 1192 432 :
1214 401 1390 439 «Regnum
1409 399 1463 429 Dei
1483 399 1584 430 aestati
1607 407 1732 437 compa-

966 458 1032 492 rat,
1049 455 1124 495 quia
1139 457 1214 485 tunc
1228 454 1373 484 moeroris
1390 452 1489 483 nostri
1505 452 1614 482 nubila
1628 453 1730 482 trans-

966 509 1070 546 ibunt,
1085 510 1116 538 et
1132 507 1243 538 aeterni
1257 507 1324 538 dies
1338 507 1413 537 vitae
1428 506 1487 536 sub
1502 505 1642 535 claritate
1659 503 1733 534 solis

967 561 1145 600 fulgebunt.
1158 571 1171 589 n
1187 560 1222 591 In
1232 561 1291 591 hac
1301 560 1408 590 aestate
1423 558 1556 590 cessabit
1569 557 1679 598 pluvia
1693 557 1735 587 la-

966 621 1150 652 crymarum
1165 611 1175 627 ⁹
1199 622 1205 642 :
1234 623 1248 640 «
1261 611 1389 641 Auferet
1414 610 1447 649 (c)
1476 609 1630 640 Dominus
1652 608 1735 638 Deus

966 666 1139 705 lacrymam
1162 665 1201 695 ab
1225 664 1314 695 omni
1331 663 1420 693 facie.
1436 674 1450 691 n
1474 662 1512 692 Et
1531 662 1552 679 ¹⁰
1571 672 1601 691 :«
1616 661 1735 692 Euntes

966 719 1054 749 ibant
1069 720 1099 748 et
1113 718 1230 748 ssehant
1240 740 1247 753 ,
1260 727 1275 744 n
1295 718 1352 746 etc.
1369 715 1506 746 Cessabit
1520 713 1667 744 nubilum
1682 713 1738 743 tri-

967 771 1166 802 bulationum
1177 770 1196 786 ¹¹
1216 779 1222 798 :
1238 780 1252 798 a
1263 769 1335 799 Post
1349 769 1567 807 tempestatem
1582 766 1736 805 tranquil-

965 824 1033 854 lum
1044 823 1134 860 facis,
1144 824 1175 853 et
1182 824 1251 862 post
1260 820 1524 861 lacrymationem
1535 821 1566 850 et
1576 819 1687 849 fletum
1699 843 1707 856 ,
1717 829 1732 846 n

967 877 1026 905 ete.
1045 873 1181 905 Cessabit
1191 873 1287 904 etiam
1294 872 1398 911 frigus
1413 871 1638 910 cupiditatum3
1652 869 1737 900 unde

968 927 1147 958 Bernardus
1164 927 1184 943 ¹2
1199 937 1205 957 z
1224 937 1239 955 α
1257 925 1279 956 Ο
1295 934 1372 956 vera
1393 924 1558 961 meridies,
1574 922 1737 962 plenitudo

968 981 1102 1013 fervoris
1116 982 1146 1012 et
1159 980 1249 1018 luciS,
1268 979 1342 1010 solis
1358 978 1449 1008 statio
1460 1001 1468 1015 ,
1484 977 1673 1007 umbrarum
1686 985 1738 1006 ex-

968 1034 1164 1070 terminatio,
1195 1031 1360 1063 desiccatio
1391 1030 1544 1069 paludum
1555 1053 1562 1067 ,
1588 1029 1737 1059 foetorum

968 1087 1121 1126 depulsio.
1139 1086 1162 1117 Ο
1175 1093 1314 1125 perenne
1335 1083 1519 1118 solstitium,
1535 1082 1659 1121 quando
1670 1083 1738 1121 Jam

968 1149 1032 1170 non
1045 1139 1249 1169 inclinabitur
1259 1137 1325 1168 dies
1337 1139 1344 1166 1
1355 1145 1373 1166 0
1382 1135 1493 1165 lumen
1504 1133 1717 1166 meridianum
1728 1135 1735 1163 1

968 1202 987 1223 0
1002 1192 1140 1223 vernalis
1156 1190 1323 1230 temperies
1337 1190 1344 1218 1
1371 1197 1389 1219 0
1412 1187 1521 1218 aestiva
1535 1188 1701 1218 venustas!
1720 1195 1738 1216 0

969 1244 1162 1276 autumnalis
1179 1243 1321 1273 ubertas!
1340 1241 1378 1272 Et
1393 1250 1433 1271 ne
1448 1240 1523 1280 quid
1537 1239 1647 1270 videar
1660 1248 1739 1278 prae-

969 1298 1111 1329 teriisse:
1133 1306 1151 1327 0
1179 1296 1269 1335 quies
1288 1297 1318 1325 et
1342 1293 1464 1324 feriatio
1492 1292 1655 1322 hiemalisl
1674 1292 1739 1322 Aut

969 1353 1051 1381 certe
1062 1374 1070 1387 ,
1088 1350 1114 1379 si
1130 1350 1191 1379 hoc
1205 1348 1310 1387 magis
1322 1347 1453 1387 probaS,
1468 1346 1534 1377 sola
1548 1348 1623 1376 tunc
1636 1345 1739 1375 hiems

969 1403 1046 1434 abiit
1061 1405 1091 1433 ct
1107 1401 1246 1432 recessit.
1262 1411 1276 1429 »

1008 1455 1123 1493 Tertio,
1138 1456 1294 1494 quantum
1304 1453 1342 1483 ad
1352 1451 1558 1483 assertionem
1564 1451 1738 1481 certificati-

969 1518 1055 1546 vam,
1064 1507 1234 1547 subjungit
1246 1508 1288 1544 (v.
1298 1506 1344 1545 3³2)
1355 1514 1362 1536 ε
1377 1506 1477 1536 Amen
1483 1504 1551 1534 dico
1558 1504 1739 1544 v0b2·s,qza·a

969 1572 1033 1593 mm
1045 1560 1220 1601 prccterz'bit
1234 1559 1397 1600 (feneratio
1413 1558 1495 1595 hoec,
1519 1557 1617 1587 donec
1631 1558 1741 1587 omnia

968 1617 1060 1654 fiant.
1077 1615 1184 1645 Glossa
1198 1614 1219 1632 ¹³
1237 1624 1267 1644 2«
1282 1612 1359 1649 Quae
1375 1612 1443 1642 dico
1459 1611 1548 1642 vobis
1561 1634 1571 1649 ,
1587 1611 1647 1641 sub
1672 1620 1739 1642 cer-

969 1668 1103 1699 titudine
1126 1668 1299 1706 expectate.
1320 1676 1334 1693 »
1366 1665 1454 1695 Hanc
1475 1666 1583 1694 autem
1605 1672 1740 1703 genera-

969 1721 1088 1751 tionem
1103 1722 1195 1751 vocat
1217 1718 1455 1757 generationem
1476 1716 1662 1754 mortalem,
1689 1725 1741 1747 se-

970 1774 1110 1805 cundum
1125 1773 1234 1803 illud¹¹
1248 1781 1278 1801 εκ
1290 1770 1456 1801 Generatio
1471 1769 1623 1808 praeterit,
1639 1771 1670 1799 et
1689 1778 1743 1808 ge-

970 1827 1091 1858 neratio
1118 1825 1257 1856 advenit.
1279 1835 1293 1852 »
1323 1823 1397 1854 Haec
1424 1823 1564 1862 praeterit
1576 1846 1584 1859 ,
1614 1822 1741 1861 quando

970 1880 1082 1910 transit
1099 1879 1137 1909 ad
1161 1876 1432 1908 immortalitatem
1456 1884 1512 1915 per
1536 1874 1737 1905 resurrectio-

970 1942 1043 1963 nem
1057 1944 1063 1970 3
1081 1932 1187 1962 Glossa
1200 1940 1230 1961 :a
1246 1930 1287 1960 De
1299 1928 1488 1959 mortalitate
1503 1927 1542 1958 ad
1557 1927 1741 1957 immortali-

970 1988 1100 2016 tatem.»
1114 1984 1152 2015 Et
1160 1985 1229 2015 haec
1240 1981 1429 2014 resurrectio
1440 1990 1504 2011 uon
1516 1981 1575 2010 erIt
1582 1982 1654 2010 ante
1663 1989 1741 2019 prae-

971 2039 1128 2070 dictorum
1144 2035 1461 2071 consummationem,
1474 2033 1549 2072 quia
1563 2032 1620 2063 Job
1639 2032 1682 2063 ait
1695 2035 1716 2051 ¹⁵
1731 2041 1738 2062 :

973 2104 988 2120 «
1007 2092 1108 2122 Homo
1121 2099 1195 2121 cum
1216 2088 1401 2124 dormierit,
1420 2095 1486 2116 non
1505 2087 1666 2124 resurget,
1683 2085 1741 2115 do-

971 2155 1030 2176 nec
1042 2146 1194 2175 atteratur
1210 2143 1337 2173 coelum.
1347 2151 1361 2168 »
1371 2140 1408 2171 Et
1418 2139 1487 2170 ideo
1501 2138 1606 2168 subdit
1616 2139 1657 2175 (v.
1671 2138 1717 2176 33)
1732 2148 1738 2167 ε

974 2198 1095 2230 Caelum
1110 2201 1140 2227 et
1152 2201 1237 2227 terra
1251 2193 1431 2225 transibunt
1444 2216 1451 2229 ,
1471 2194 1627 2231 quantum
1638 2191 1678 2220 ad
1690 2199 1742 2221 ex-

972 2253 1119 2283 teriorem
1142 2249 1336 2289 figuramffl:
1367 2246 1487 2276 «Initio
1509 2247 1564 2281 tu,
1590 2244 1740 2282 Domine,

972 2308 1089 2336 terram
1104 2303 1261 2339 fundasti,
1279 2303 1309 2331 et
1324 2309 1419 2340 opera
1435 2306 1591 2328 manuum
1612 2298 1743 2327 tuarum

973 2360 1048 2389 sunt
1069 2357 1149 2387 coeli.
1167 2356 1230 2395 Ipsi
1251 2354 1417 2394 peribunt,
1444 2354 1479 2382 tu
1496 2352 1603 2381 autem
1617 2358 1741 2389 perma-

973 2419 1066 2441 nes.»
1082 2410 1119 2440 Et
1130 2409 1151 2425 ²⁷
1164 2408 1193 2439 :a
1207 2407 1350 2438 Praeterit
1360 2407 1466 2445 figura
1475 2405 1574 2444 hujus
1590 2403 1711 2434 mundi.
1724 2413 1738 2431 »

973 2495 1077 2524 fllleln·.,
1095 2500 1139 2523 xil,
1162 2495 1198 2517 11.
1214 2492 1264 2509 -9
1282 2492 1340 2521 Isca,
1358 2495 1417 2519 xm,
1433 2492 1494 2512 8.-
1512 2489 1532 2505 ¹⁰
1547 2488 1612 2511 Psal.
1628 2492 1703 2515 cxxv,
1720 2488 1743 2509 (J.

974 2544 1003 2549 —
1016 2531 1032 2547 ¹¹
1051 2530 1115 2559 Tob„
1127 2535 1166 2556 111,
1183 2530 1220 2551 22.
1237 2540 1267 2544 —
1282 2527 1300 2542 ¹²
1316 2528 1401 2555 bern,
1416 2525 1440 2548 in
1457 2524 1541 2553 Cant„
1554 2530 1631 2546 serm.
1648 2528 1743 2551 xxxin,

974 2573 998 2590 11,
1016 2568 1071 2589 (5.-
1086 2566 1104 2581 ¹³
1120 2565 1201 2588 Gloss.
1219 2562 1329 2587 interlin.
1341 2562 1366 2585 iu
1378 2562 1446 2585 hunc
1461 2561 1535 2584 loc.—
1552 2560 1572 2576 ¹¹·
1583 2558 1670 2586 Eccle„
1687 2564 1705 2587 1,
1721 2559 1742 2580 4.

974 2615 1005 2618 —
1018 2602 1037 2618 ¹³
1051 2600 1105 2630 lob,
1121 2602 1257 2628 x1v‚12.—
1273 2599 1291 2612 ¹⁶
1301 2598 1366 2621 Psal.
1382 2596 1548 2627 c1‚26.-¹⁷l
1568 2595 1635 2623 Corn,
1648 2599 1691 2622 vu,
1704 2595 1741 2615 31.

1004 2652 1039 2681 (a)
1066 2650 1126 2674 Cret.
1146 2649 1205 2673 edit.
1227 2648 1369 2672 Matthaeus.
1392 2659 1418 2663 —
1443 2645 1479 2674 (b)
1504 2642 1697 2668 fructificabant.
1714 2654 1743 2659 —

976 2686 1005 2717 (c)
1020 2686 1108 2709 misen.
