1987 3032
74 1664 165 1684 Dilectio

72 1694 148 1715 multi-

82 1726 142 1752 plex.

184 200 241 231 4ἢὲ

181 267 312 302 loquitur
320 267 357 295 de
365 267 518 304 praesentia
525 267 625 295 divina
633 265 807 294 mortalibus
817 265 926 300 ignota.
937 276 949 290 »

183 314 246 340 Haec
261 313 320 342 ille.
333 314 460 347 Quoeritis
472 323 522 348 me,
533 313 641 341 scilicet
652 312 783 339 volentes
795 319 841 339 me
857 311 951 347 sequi,

182 360 242 387 sive
256 359 377 395 imitari;
392 361 438 388 sed
450 368 502 387 mm
515 361 644 395 potestis,
661 358 731 394 quia
743 358 878 385 nondum
893 357 953 393 Spi-

180 405 238 434 ritu
252 406 425 434 confirmati.
447 406 503 434 Sed
525 405 664 442 quceritur
687 404 812 440 qualiter
826 412 915 440 supra
933 404 951 438 ¹,

180 452 306 489 loquens
323 453 446 487 Judaeis,
468 452 508 479 ait
528 451 717 487 simpliciter:
737 461 750 476 «
771 452 833 484 Quo
858 450 952 484 vado,

181 506 242 526 non
261 499 381 534 potestis
399 498 516 533 venire;
541 508 554 524 »
582 498 628 524 hie
651 498 778 532 loquens
801 496 953 532 discipulis

181 545 220 572 ait
236 555 242 572 :
264 545 344 572 Modo
358 552 409 571 non
422 546 535 579 potestis
556 545 669 571 venire?
690 543 734 571 Sic
754 543 832 570 enim
851 542 953 578 quaerit

181 591 356 626 Augustinus
366 590 385 618 ².
402 592 434 619 Et
449 590 487 618 ad
502 590 578 618 istud
594 589 852 626 respondendum,
870 588 953 624 quod

182 637 317 673 discipuli
332 639 413 665 erant
428 639 495 664 tunc
511 637 607 664 minus
626 636 742 670 idonei,
758 637 840 663 erant
854 637 952 662 tamen

181 685 284 720 postea
298 684 440 719 secuturi3
456 683 547 711 Judaei
562 684 703 710 venerant
718 681 747 709 in
760 682 872 709 malitia
887 689 954 716 per-

181 730 332 758 mansuri:
355 730 424 758 ideo
447 729 646 757 diversimode
667 728 812 764 loquitur,
835 730 862 755 et
885 727 954 754 ideo

181 776 306 811 docens,
322 785 382 813 quo
398 777 490 804 modo
510 776 608 803 idonei
624 783 685 803 esse
704 775 832 810 possint,
848 776 875 801 et
890 781 955 809 per-

181 831 249 858 gere
265 832 324 859 quo
340 824 388 852 ille
404 823 604 856 antecedebat,
620 821 719 849 subdit
732 822 739 856 (
750 829 777 848 v.
790 821 856 855 34):
875 822 955 847 Man-

180 870 273 897 datum
288 878 383 897 novum
397 871 430 897 do
447 870 536 903 vobis,
559 869 632 896 sicut
653 867 805 895 continuat
819 866 954 902 Augusti-

180 923 236 943 nus
251 916 350 944 dicens
360 918 381 950 ³,
398 916 481 952 quod
497 926 510 942 «
525 915 554 943 hi
570 917 636 942 sunt
657 914 766 949 gradus
786 913 894 949 quibus
911 921 956 940 se-

180 962 316 998 quendus
332 964 373 990 est
385 962 524 996 Christus,
538 972 552 988 n
570 963 600 989 ut
615 962 653 988 ait
667 961 746 988 idem
765 960 949 993 Augustinus

179 1009 236 1036 Sed
247 1009 396 1045 quaeritur,
413 1009 486 1036 sicut
498 1008 599 1043 objicit
611 1007 787 1041 Augustinus
797 1007 817 1041 ²,
831 1006 956 1042 qualiter

181 1056 286 1084 dicitur
302 1065 308 1083 :
326 1057 486 1084 Mandatum
499 1064 595 1083 novum
604 1075 612 1089 ,
628 1063 696 1082 cum
710 1055 767 1082 hoc
783 1054 818 1081 sit
834 1054 957 1081 manda-

181 1105 242 1130 tum
258 1103 288 1130 in
302 1103 366 1138 lege
381 1102 486 1137 veteri,
502 1102 555 1129 ubi
569 1102 674 1129 dicitur
689 1102 717 1128 5:
736 1111 748 1125 a
764 1100 870 1135 Diliges
886 1101 957 1127 ami-

182 1157 249 1177 cum
265 1152 363 1184 tuum,
378 1159 391 1175 >u
415 1151 470 1176 etc.
486 1151 517 1176 Et
532 1148 570 1176 ad
586 1147 663 1175 istud
683 1147 856 1183 respondet,
873 1146 956 1182 quod

180 1195 249 1223 ideo
265 1204 375 1223 novum
390 1195 509 1229 dicitur,
526 1195 595 1230 quia
612 1204 626 1220 «
640 1196 728 1222 exuto
743 1194 780 1230 (a)
797 1196 893 1221 vetere
909 1193 954 1220 in-

184 1243 247 1270 duit
264 1250 375 1270 novum
394 1242 546 1270 hominem
563 1250 568 1268 :
589 1241 711 1268 innovat
733 1240 811 1268 enim
832 1240 954 1268 audien-

182 1291 257 1323 tem,
275 1289 321 1316 vel
335 1288 432 1324 potius
448 1288 651 1322 obedientem3
668 1298 682 1313 n
700 1287 747 1315 vel
763 1287 856 1320 aliter,
873 1286 956 1322 quod

183 1335 275 1363 «ideo
286 1335 391 1363 dicitur
402 1343 525 1369 novum,
539 1334 609 1370 quia
620 1336 765 1370 quantum
778 1333 818 1361 ad
831 1333 956 1360 modum

182 1381 342 1417 diligendi,
358 1382 529 1409 innovatum
545 1383 601 1415 est,
619 1383 647 1408 et
662 1381 700 1408 ad
714 1379 871 1416 perfectius
889 1379 956 1406 dili-

180 1428 311 1463 gendum
325 1428 355 1455 in
370 1436 448 1456 nova
463 1428 527 1462 lege
543 1430 585 1455 est
597 1427 784 1460 mandatum,
796 1426 825 1453 in
842 1434 900 1461 qua
915 1428 956 1453 est

179 1477 357 1510 praeceptum
376 1475 499 1509 diligere
521 1474 665 1501 inimicos.
682 1484 695 1499 »
714 1473 795 1500 Unde
811 1474 955 1508 quantum

181 1521 219 1548 ad
233 1521 426 1548 substantiam
444 1520 599 1555 antiquum
615 1522 656 1547 est
670 1520 698 1546 ⁶:
717 1529 730 1545 «
746 1521 809 1546 Non
830 1518 955 1546 manda-

180 1568 243 1595 tum
253 1575 364 1595 novum
377 1567 416 1594 do
430 1567 527 1600 vobis,
539 1566 590 1593 sed
604 1568 695 1593 vetus.
707 1576 719 1591 n
733 1565 841 1593 Dicitur
855 1566 954 1592 autem

179 1621 292 1641 novum
315 1615 457 1649 quantum
477 1613 514 1640 ad
535 1612 660 1639 modum
682 1612 824 1647 diligendi
842 1611 953 1647 perfec-

179 1660 294 1687 tiorem.
318 1662 355 1687 De
378 1659 533 1687 dilectione
555 1666 626 1685 vcro
650 1658 824 1694 multiplici,
847 1657 956 1688 scilicet

179 1706 215 1733 de
231 1705 373 1742 culpabili
387 1708 415 1732 et
430 1704 604 1738 damnabili,
617 1712 676 1740 qua
690 1704 816 1739 diligunt
829 1712 858 1731 se
871 1704 955 1732 adul-

178 1753 247 1787 teri,
264 1755 291 1780 et
309 1752 345 1779 de
364 1751 519 1779 dilectione
536 1751 677 1785 naturali,
699 1759 759 1786 qua
780 1750 905 1785 diligunt
924 1759 954 1778 se

176 1800 329 1834 parentes,
354 1800 381 1825 et
402 1798 438 1825 de
454 1798 610 1825 dilectione
629 1797 796 1831 amicabili,
813 1805 871 1832 qua
887 1797 954 1824 dili-

177 1847 249 1880 gunt
264 1853 293 1872 se
308 1844 444 1872 homines
458 1844 672 1871 necessitudine
690 1844 836 1877 humana,
856 1835 955 1871 dedi-

176 1891 301 1919 leetione
325 1891 543 1924 sacramentali,
566 1898 626 1926 qua
648 1890 776 1925 diligunt
794 1898 824 1928 se
845 1898 954 1918 uxores

178 1939 204 1965 et
218 1937 330 1971 mariti,
353 1939 380 1964 et
401 1937 438 1964 de
455 1937 612 1964 dilectione
630 1944 690 1972 qua
709 1936 835 1971 diligunt
854 1944 883 1963 se
899 1937 953 1964 ho-

177 1984 286 2018 mines,
302 1991 363 2011 non
377 1984 450 2011 sieut
467 1984 620 2018 homines,
636 1983 689 2010 sed
708 1983 781 2010 sicut
798 1983 837 2009 dii
859 1984 887 2010 et
900 1982 953 2010 filii

178 2029 328 2063 Altissimi,
349 2032 380 2057 ut
401 2030 457 2057 sint
480 2030 541 2057 filio
564 2029 626 2064 ejus
647 2029 734 2056 unico
756 2028 876 2062 fratres,
897 2031 954 2056 Au-

179 2077 310 2112 gustinus
326 2077 336 2093 ⁷
351 2076 441 2110 bene,
456 2079 483 2103 et
504 2077 533 2103 in
547 2076 647 2103 Glossa
660 2083 715 2111 pro
730 2077 820 2111 parte.
839 2077 869 2102 Et
884 2075 952 2102 ideo

178 2123 217 2150 ait
235 2123 282 2150 hic
304 2132 310 2149 :
339 2124 371 2149 Ut
390 2122 516 2156 diliyatis
537 2124 664 2153 invicem,
692 2123 761 2148 sicut
783 2122 870 2148 dilexi
888 2129 953 2148 vos:

179 2169 242 2204 ipsa
257 2168 335 2196 enim
351 2170 393 2195 est
408 2169 446 2196 ab
462 2168 543 2195 omni
560 2168 712 2195 mundana
727 2167 883 2195 dilectione
898 2167 953 2194 dis-

180 2217 272 2249 creta,
289 2223 381 2251 quam
396 2214 615 2249 distinguendo,
630 2214 761 2241 addidit:
776 2215 850 2241 Sicut
867 2214 954 2240 dilexi

179 2269 241 2295 vos,
261 2261 300 2288 ait
314 2261 492 2296 Augustinus
505 2261 524 2287 ⁸.
548 2260 603 2287 Sed
627 2261 700 2287 Deus
720 2259 821 2287 dilexit
839 2267 893 2287 nos
915 2259 954 2287 ad

181 2307 314 2335 salutem.
332 2307 411 2335 Unde
434 2307 612 2341 Augustinus
625 2307 646 2339 ⁹,
669 2306 719 2334 ubi
740 2306 840 2342 prius:
861 2316 874 2332 α
897 2307 954 2334 Mc-

182 2354 265 2382 dicus
281 2354 386 2382 dicitur
402 2354 524 2389 diligere
539 2355 680 2388 aegrotos,
697 2353 767 2388 quia
782 2361 843 2380 non
859 2353 955 2388 diligit

181 2401 237 2428 nisi
252 2400 395 2435 salutem,
412 2408 502 2436 quam
521 2399 601 2435 cupit
615 2407 773 2434 revocare,
790 2402 818 2426 et
832 2407 892 2427 non
908 2399 954 2426 di-

214 2462 221 2478 ¹
248 2461 320 2491 Sup.,
343 2466 403 2490 vm,
425 2461 465 2484 21.
490 2474 516 2477 —
541 2461 550 2474 2
574 2461 647 2491 Aug„
670 2459 714 2484 ubi
737 2467 803 2490 sup„
828 2466 854 2483 n.
879 2460 901 2483 2.
924 2473 954 2478 —

181 2497 192 2514 ³
210 2496 283 2527 ibid„
304 2502 330 2520 n.
351 2498 374 2520 4.
393 2508 424 2514 —
442 2496 450 2509 ⁴
471 2496 516 2526 ld.,
541 2497 612 2519 tract.
633 2501 692 2525 LXV,
713 2502 738 2519 n.
760 2499 781 2519 1.
796 2508 826 2513 —
841 2495 850 2511 ⁵
866 2495 954 2526 Levia,

183 2537 248 2559 xrx,
270 2533 349 2555 18]-
370 2530 402 2554 ⁶1
421 2531 501 2559 leam,
525 2537 559 2560 11,
579 2532 642 2554 7.—
663 2531 670 2544 ⁷
691 2532 764 2561 Aug„
787 2531 830 2554 ubi
852 2538 906 2562 sup,
924 2544 954 2548 —

184 2567 194 2583 9
211 2566 282 2594 thid„
298 2573 324 2590 n.
341 2567 364 2590 2.
379 2580 410 2584 -
426 2566 434 2580 ²³
452 2566 514 2589 thid.
530 2578 559 2583 -—
576 2566 594 2581 ¹⁰
612 2566 670 2596 inf„
689 2573 731 2594 XV,
749 2567 784 2590 Π.
803 2579 832 2584 —-
849 2567 864 2583 ¹¹
881 2568 955 2597 Aug„

183 2601 226 2625 ubi
246 2608 313 2632 sup„
332 2608 358 2625 n.
381 2602 404 2625 3.
418 2614 448 2618 —
469 2601 488 2617 ¹⁵³
503 2601 510 2624 l
528 2600 664 2629 Cor.‚x11,
686 2602 708 2625 8.
725 2614 756 2619 -—
777 2602 794 2615 '³
810 2601 882 2632 lbid.‚
897 2608 955 2631 xm,

185 2637 207 2660 3,
223 2649 253 2654 -
276 2637 292 2651 “
307 2635 367 2666 Job,
385 2642 452 2666 xxx,
474 2638 497 2660 2.
520 2649 545 2652 -
572 2636 590 2652 ¹³
609 2636 695 2666 Greg„
715 2637 818 2667 Moral.,
837 2637 880 2661 lib.
902 2638 955 2666 XX,

702 198 913 229 EVANGELH
936 198 1075 230 SANCTl
1097 197 1261 230 JOANNlS

1008 265 1071 301 ligit
1085 266 1242 300 morbum,
1260 273 1349 302 quem
1370 265 1448 293 venit
1465 265 1623 302 expellere.
1643 267 1688 295 Sic
1707 269 1781 296 Deus

1009 312 1103 347 diligit
1118 320 1182 347 nos,
1195 313 1223 340 et
1235 320 1288 340 nos
1297 313 1338 339 sic
1350 312 1494 340 debemus
1509 312 1633 340 invicem
1646 313 1780 349 diligere,

1009 361 1041 386 ut
1055 361 1156 386 mutua
1171 358 1327 386 dilectione
1340 358 1575 393 constringamur
1589 359 1664 387 inter
1675 367 1741 393 nos,
1753 362 1781 388 et

1008 406 1068 432 tam
1097 405 1176 432 dulci
1199 404 1317 432 vinculo
1341 405 1481 432 connexis
1509 405 1651 433 membris
1673 414 1781 442 corpus

1009 451 1079 478 tanti
1095 450 1196 486 capitis
1206 451 1296 477 simus
1312 451 1376 485 (b).»
1386 452 1449 478 llaec
1457 452 1643 486 Augustinus
1657 452 1780 480 lurraw:

1011 507 1025 522 «
1040 498 1097 524 lloc
1113 498 1155 524 est
1172 498 1351 532 praeceptum
1370 505 1470 524 meum
1486 498 1531 533 (c),
1548 500 1580 525 ut
1595 498 1724 533 diligatis
1737 498 1781 526 in-

1008 543 1120 576 vicem,
1146 544 1219 570 sicut
1243 542 1333 570 dilexi
1360 551 1422 570 vos,
1442 553 1455 568 »
1483 545 1514 570 Et
1539 544 1681 579 quoniam
1704 544 1782 572 istud

1009 589 1183 616 mandatum
1205 591 1247 616 est
1267 589 1426 622 excellens,
1451 589 1519 617 ideo
1541 590 1642 617 subdit
1664 591 1783 626 signum

1010 635 1226 670 adimpletionis
1248 635 1335 670 hujus
1358 635 1490 663 mandati
1514 636 1566 671 (v.
1585 636 1659 671 35):
1683 638 1715 664 In
1736 637 1783 664 hoc

1009 684 1161 717 cognoscent
1180 690 1267 709 omnes
1288 684 1353 717 quia
1371 683 1502 717 discipuli
1515 684 1568 709 mei
1583 684 1665 717 esti-³,
1681 685 1735 710 etc.
1751 684 1785 710 Ut

1011 728 1089 755 enim
1105 728 1144 755 ait
1159 728 1336 763 Augustinus
1351 729 1370 745 ¹¹
1383 738 1389 756 ε
1408 738 1422 754 «
1436 728 1499 756 Alia
1514 736 1638 756 munera
1651 736 1719 756 mea
1732 728 1786 756 ha·-

1010 775 1081 802 bent
1100 774 1256 802 vobiscum
1277 775 1365 802 etiam
1381 775 1418 811 (d)
1433 783 1493 803 non
1508 775 1582 809 mei,
1603 775 1678 802 sicut
1699 776 1785 802 natu-

1010 821 1102 855 ralia,
1116 823 1148 848 ut
1158 823 1304 856 naturam,
1321 822 1427 855 vitam,
1441 829 1570 856 sensum,
1587 824 1614 849 et
1627 822 1784 856 rationem,

1011 867 1051 894 sic
1076 867 1156 894 dona
1176 867 1266 903 gratis
1289 867 1373 902 data,
1391 868 1427 895 de
1443 868 1553 903 quibus
1569 868 1589 886 ¹²
1607 877 1614 895 ε
1631 869 1688 895 Alii
1702 868 1785 895 elatu»-

1011 921 1095 940 sermo
1109 914 1244 948 scientim,
1260 916 1313 941 etc.
1331 914 1387 942 Sed
1403 914 1425 941 si
1443 922 1502 941 non
1519 914 1676 941 habuerint
1689 913 1784 941 chari-

1012 961 1100 987 tatem
1115 961 1149 995 ¹³,
1170 961 1242 987 nihil
1261 960 1379 995 prodest.
1404 960 1460 987 Sed
1474 960 1498 987 si
1516 961 1611 996 ipsam
1625 959 1786 988 habueritis

1012 1007 1104 1034 modo
1119 1007 1208 1041 dicto,
1225 1007 1360 1043 discipuli
1371 1007 1429 1035 mei
1445 1007 1536 1035 eritis:
1554 1007 1618 1042 ipsa
1631 1006 1710 1034 enim
1723 1013 1786 1034 non

1011 1053 1108 1089 perdit
1122 1061 1188 1081 cum
1203 1053 1301 1089 impiis
1315 1053 1445 1081 animam
1460 1056 1552 1087 tuam,
1568 1053 1631 1088 ipsa
1647 1052 1786 1080 discernit

1013 1108 1132 1128 causam
1150 1103 1240 1128 tuam.
1261 1111 1273 1125 u
1304 1102 1367 1128 tlaec
1388 1101 1449 1128 ille.
1468 1101 1488 1118 ¹⁵
1511 1111 1523 1125 «
1543 1101 1673 1133 Quorum
1692 1099 1783 1127 virtus

1012 1155 1156 1174 manuum
1170 1147 1241 1174 mihi
1253 1150 1314 1174 erat
1328 1155 1382 1182 pro
1398 1147 1519 1174 nihilo.«
1532 1146 1573 1174 lbi
1590 1145 1743 1181 Gregorius
1753 1145 1783 1179 ¹⁵,

1012 1202 1164 1230 exponens
1184 1194 1276 1229 istud,
1293 1195 1351 1221 ait:
1370 1204 1383 1220 «
1397 1193 1533 1221 Probatio
1551 1192 1710 1220 sanctitatis
1722 1199 1784 1219 non

1013 1243 1054 1268 est
1070 1241 1155 1275 signa
1169 1240 1280 1274 facere,
1295 1239 1349 1267 sed
1370 1247 1614 1275 unumquemque
1629 1241 1660 1266 ut
1672 1246 1702 1266 se
1717 1238 1785 1266 dili-

1012 1295 1094 1322 gere;
1121 1287 1158 1314 de
1182 1288 1240 1314 Deo
1265 1288 1363 1314 autem
1386 1294 1471 1316 vera,
1495 1286 1531 1313 de
1552 1285 1690 1321 proximo
1712 1292 1784 1312 vero

1012 1333 1150 1366 meliora,
1167 1341 1257 1369 quam
1275 1332 1312 1360 de
1332 1332 1489 1368 semetipso
1504 1331 1620 1359 sentire.
1635 1342 1649 1358 »
1664 1333 1785 1367 Propter

1012 1380 1095 1415 quod
1110 1379 1149 1407 ait
1162 1379 1226 1406 hic:
1245 1381 1274 1406 In
1289 1380 1335 1406 hoc
1349 1381 1499 1414 cognoscent
1509 1386 1612 1412 omnes,
1624 1380 1677 1405 etc.
1694 1379 1727 1405 Et
1739 1385 1784 1405 se-

1013 1426 1127 1462 quitur:
1147 1436 1161 1451 «
1175 1425 1384 1453 Testimonium
1398 1433 1467 1460 ergo
1481 1424 1599 1452 fraterni
1614 1423 1784 1460 disciplina-

1012 1476 1068 1506 ωε,
1084 1475 1125 1500 cst
1139 1473 1254 1500 bonum
1267 1472 1400 1499 fraternae
1415 1471 1590 1499 dilectionis.
1607 1481 1620 1497 >1
1640 1472 1704 1498 l-laec
1716 1473 1784 1498 Gre-

1012 1519 1121 1553 gorius.
1143 1521 1174 1546 Et
1194 1518 1234 1545 ibi
1256 1518 1331 1545 bene
1354 1518 1391 1545 de
1415 1519 1480 1545 hoc.
1502 1518 1521 1534 ¹⁶
1540 1527 1553 1542 (ι
1567 1517 1715 1552 Multiplex
1733 1516 1782 1544 lex

1012 1565 1083 1599 ejus.
1094 1575 1106 1590 n
1122 1565 1162 1592 lbi
1177 1564 1332 1599 Gregorius
1346 1565 1376 1598 ¹⁷,
1389 1565 1425 1592 de
1441 1564 1494 1591 ista
1506 1564 1570 1598 lege
1586 1563 1645 1596 Dei,
1661 1571 1727 1598 quae
1741 1565 1784 1590 est

1011 1611 1135 1638 charitas
1149 1611 1196 1638 vel
1211 1611 1336 1638 fraterna
1352 1610 1468 1638 dilectio
1484 1611 1522 1637 ¹⁸:
1543 1620 1556 1633 α
1570 1609 1712 1636 Charitate
1725 1608 1784 1636 fra-

1011 1657 1151 1684 ternitatis
1160 1657 1287 1684 invicem
1303 1657 1466 1692 diligentes.
1480 1667 1494 1682 »
1506 1656 1605 1689 Qualis
1619 1657 1719 1691 autem
1735 1655 1784 1683 de-

1010 1704 1062 1731 bet
1076 1711 1137 1731 esse
1152 1703 1205 1731 ista
1218 1703 1359 1730 dilectio?
1373 1704 1394 1720 ¹⁹
1413 1713 1425 1728 «
1440 1705 1502 1730 Non
1517 1702 1676 1737 diligamus
1689 1702 1783 1730 verbo

1012 1757 1108 1785 neque
1127 1749 1246 1784 lingua,
1261 1749 1312 1776 sed
1328 1756 1416 1784 opere
1430 1751 1457 1776 et
1472 1749 1628 1776 veritate.»
1642 1749 1674 1776 Et
1688 1748 1783 1783 sequi-

1010 1798 1056 1823 tur
1070 1795 1092 1813 ‘2⁰
1107 1805 1133 1823 z«
1147 1795 1306 1830 Diligamus
1321 1795 1506 1830 alterutrum,
1522 1795 1594 1822 sicut
1608 1794 1782 1822 mandatum

1011 1842 1092 1870 dedit
1105 1842 1202 1870 nobis.
1218 1852 1232 1867 »

1046 1890 1091 1916 36.
1107 1890 1138 1916 Εἰ
1152 1887 1283 1923 sequitur
1304 1887 1455 1923 inquisitio
1481 1888 1568 1923 Petri3
1593 1891 1620 1916 et
1637 1889 1679 1917 ibi
1701 1889 1780 1918 duo:

1009 1935 1120 1971 primo,
1146 1943 1206 1962 nna
1232 1934 1381 1970 inquisitio
1406 1943 1473 1962 cum
1501 1935 1710 1970 responsione3
1734 1943 1781 1964 se-

1011 1981 1119 2015 cundo,
1131 1981 1280 2016 inquisitio
1293 1981 1422 2009 secunda
1434 1989 1501 2008 cum
1511 1989 1565 2009 sua
1578 1982 1780 2017 responsione,

1010 2027 1051 2054 ibi
1066 2029 1087 2046 2²¹
1101 2037 1107 2054 ;
1125 2028 1203 2054 Dz‘aez‘c
1218 2029 1321 2058 Petrus,
1335 2030 1388 2054 etc.

1044 2074 1090 2101 Ait
1117 2081 1188 2108 ergo
1202 2083 1208 2100 :
1241 2076 1364 2107 Domine,
1395 2081 1445 2108 quo
1468 2073 1546 2100 radis
1557 2075 1570 2101 ἵ)
1598 2075 1657 2102 Hoc
1683 2077 1781 2102 autem

1009 2120 1234 2156 chrysostomus
1247 2119 1269 2136 ‘2²
1280 2129 1286 2147 :
1297 2122 1455 2154 «Magnum
1471 2119 1544 2155 quid
1559 2128 1654 2154 amor,
1670 2122 1698 2148 et
1711 2120 1779 2155 igne

1009 2167 1073 2202 ipsc
1090 2165 1306 2198 vehementius,
1322 2168 1349 2192 et
1363 2165 1402 2192 ad
1417 2165 1513 2201 ipsum
1530 2165 1638 2192 coelum
1652 2165 1778 2200 reducit,

1009 2216 1037 2240 et
1051 2213 1132 2240 nulla
1147 2215 1188 2239 est
1202 2212 1376 2248 prohibitio,
1386 2219 1452 2247 quae
1469 2212 1531 2246 ejus
1541 2214 1713 2248 promptum
1728 2212 1782 2239 im-

1010 2261 1110 2294 petum
1134 2259 1261 2286 detinere
1285 2258 1385 2294 possit.
1414 2260 1446 2285 Et
1468 2258 1535 2285 ideo
1560 2258 1782 2286 ardentissimus

1010 2308 1108 2334 Petrus
1122 2305 1272 2341 praemissa
1282 2304 1406 2332 audiens
1417 2305 1470 2332 ait:
1483 2306 1605 2339 Domine,
1618 2313 1670 2340 quo
1683 2305 1783 2333 vadis?

1011 2354 1068 2380 lloc
1084 2355 1182 2380 autem
1197 2351 1279 2384 dixit,
1293 2359 1353 2379 non
1369 2351 1409 2379 ita
1423 2351 1535 2379 discere
1555 2351 1674 2385 volens,
1688 2353 1720 2378 ut
1734 2358 1780 2378 se-

1010 2449 1032 2465 c.
1057 2447 1097 2472 ix,
1117 2441 1148 2465 al.
1168 2447 1220 2469 vn,
1241 2442 1324 2465 n.17.
1341 2453 1372 2458 -
1394 2441 1414 2457 ¹⁶
1431 2440 1492 2471 λοῦ,
1512 2446 1554 2471 xi,
1569 2442 1592 2465 6.
1607 2453 1639 2458 -
1658 2440 1676 2457 ¹⁷
1694 2440 1781 2471 Greg.,

1010 2477 1110 2506 Mor-al„
1128 2477 1172 2502 lib.
1191 2477 1227 2507 X,
1248 2483 1271 2500 c.
1290 2482 1325 2507 ιν,
1348 2476 1380 2500 al.
1400 2482 1440 2506 vi,
1461 2483 1487 2500 n.
1507 2477 1529 2500 7.
1545 2489 1576 2494 —
1596 2475 1619 2492 1⁸
1634 2476 1713 2504 Rom..
1733 2481 1781 2506 xii,

1012 2514 1049 2536 10.
1065 2525 1094 2530 —
1110 2512 1129 2528 ¹⁹
1145 2513 1247 2542 Iloua„
1263 2518 1301 2541 111,
1317 2513 1354 2535 18.
1367 2525 1398 2529 —
1411 2512 1432 2529 ²⁰
1448 2511 1520 2542 thid„
1534 2512 1572 2535 23.
1588 2524 1617 2528 —
1634 2511 1653 2527 ²¹
1669 2510 1725 2540 Ins„
1741 2512 1780 2535 3'1.

1011 2548 1030 2563 ²2
1044 2548 1184 2578 Chrys-ost„
1201 2548 1225 2571 in
1243 2548 1326 2576 Joczn.‚
1340 2547 1410 2571 hom.
1426 2552 1509 2577 mxu,
1524 2545 1556 2570 al.
1569 2552 1660 2575 Lxxln,
1675 2553 1700 2569 ιι.
1717 2549 1738 2569 1.

1044 2600 1077 2629 (ιι)
1102 2600 1161 2623 Caet.
1185 2600 1244 2623 edit.
1271 2607 1301 2623 ex
1327 2601 1410 2623 utero.
1432 2611 1458 2617 —
1487 2598 1520 2628 (h)
1547 2599 1606 2622 Item
1630 2606 1726 2623 sumus.
1751 2612 1778 2616 —-

1012 2635 1118 2666 (c)1'ulq.
1130 2636 1187 2659 Haec
1197 2635 1290 2658 mando
1303 2635 1412 2658 vobis.-
1424 2633 1463 2664 (d)
1476 2633 1535 2657 Coet.
1550 2633 1685 2658 edil-deest
1695 2633 1779 2657 etiam.
