1987 3032
718 225 923 257 EXPOSITIO
945 225 984 257 IN
1005 225 1089 256 CAP.
1112 225 1148 257 V.

137 295 219 322 verbi
233 294 391 330 praemissi:
407 294 497 327 Neque
510 294 580 319 enim
598 293 677 319 Pater
691 292 798 326 judicat
811 301 819 319 ε
834 291 904 327 quia

138 342 216 369 enim
230 341 408 368 mentionem
424 339 531 366 fecerat
549 337 586 365 de
604 339 789 365 mortuorum
809 346 904 365 resus-

138 387 290 419 citatione,
304 386 371 413 ideo
385 385 499 418 subdit,
516 384 597 420 quod
614 386 694 411 Pater
709 392 767 411 non
780 383 902 418 judicat.

138 433 217 461 Unde
233 432 408 467 Augustinus
424 430 431 446 ¹
445 431 501 458 hoe
517 430 598 463 dicit,
616 430 700 466 quasi
720 429 847 457 reddens
860 437 905 457 ra-

138 480 248 507 tionem
265 477 423 513 superioris
438 477 598 510 sententiae;
621 478 648 503 et
669 476 705 503 de
726 475 782 503 hoc
803 483 905 502 conse-

140 526 262 561 quenter
281 523 420 559 opponit,
435 523 458 550 si
473 523 503 550 in
516 522 627 557 Judicio
642 522 749 549 mortui
764 523 830 549 sunt
845 530 906 549 sus-

140 570 257 598 citandi.
274 570 301 597 Si
316 577 386 604 ergo
402 571 483 596 Pater
497 569 614 596 suscitat
628 570 770 602 mortuos,
786 570 817 595 ut
831 576 906 603 pree-

139 617 261 644 missum
288 617 344 649 est,
369 615 521 650 quomodo
547 622 608 642 non
629 614 773 649 judicabit
796 614 906 641 Filius?

140 662 224 698 quasi
243 661 335 689 dicat:
354 661 510 689 Judicabit.
526 663 611 695 Item,
626 661 649 688 si
665 662 752 689 simul
768 661 907 688 suscitant

140 711 168 736 et
186 708 351 741 vivificant,
371 715 442 742 ergo
463 707 549 734 simul
568 707 753 742 judicabunt.
772 710 855 742 ltem,
876 709 908 734 ut

139 754 273 782 habitum
287 756 330 781 est
343 754 380 781 ab
395 754 554 788 Augustino
567 754 588 787 ἓ,
603 755 684 781 Pater
700 755 728 781 et
742 754 830 781 Filius
842 756 908 782 sunt

141 800 366 836 inseparabiles,
393 802 420 827 et
442 808 534 836 opera
556 808 659 827 eorum
681 800 907 835 inseparabilia:

142 854 213 881 ergo
228 848 259 873 ut
271 847 361 881 prius.
376 848 456 881 item,
468 849 499 873 ut
510 847 685 881 Augustinus
699 847 748 880 ait,
763 846 834 881 quia
848 854 908 873 non

143 895 184 919 est
204 893 292 919 Filius
311 901 328 920 a
345 901 375 920 se
386 913 394 927 ,
412 901 472 920 non
487 895 581 928 potest
596 893 710 929 aliquid
730 901 748 920 a
761 900 801 920 se.
819 895 850 920 Et
863 892 910 919 vi-

143 938 213 965 dere
227 939 304 972 Filii,
323 938 380 966 hoc
400 941 442 966 est
460 947 520 966 esse
540 940 641 966 natum
662 939 698 966 de
714 941 804 966 Patre.
822 940 854 966 Et
867 941 910 966 to-

142 986 205 1011 tum
226 985 308 1019 quod
329 987 385 1018 est,
406 985 489 1020 quod
508 987 616 1020 potest,
641 985 677 1012 de
698 986 778 1012 Patre
803 987 861 1019 est,
884 987 911 1012 et

143 1031 291 1058 nascendo
306 1031 400 1064 videt,
416 1035 443 1058 et
457 1031 587 1058 videndo
606 1033 691 1058 natus
708 1034 766 1058 est:
788 1039 857 1066 ergo
873 1032 910 1059 si-

143 1077 251 1104 militer
273 1085 290 1104 a
311 1079 391 1104 Patre
410 1077 499 1104 habet
519 1077 602 1112 quod
621 1077 741 1112 judicet.
765 1080 796 1105 Et
819 1078 858 1105 ita
880 1080 912 1106 ut

143 1123 234 1157 prius.
244 1123 321 1150 Etad
330 1122 407 1149 istud
415 1123 571 1158 respondet
580 1123 755 1157 Augustinus
765 1124 774 1140 ³
787 1132 793 1150 :
807 1125 911 1150 «Pater

145 1168 249 1196 dieitur
260 1176 321 1195 non
334 1170 472 1196 venturus
487 1168 525 1196 ad
537 1169 697 1203 judicium,
712 1169 779 1196 licet
793 1177 854 1196 non
868 1177 912 1196 re-

145 1215 229 1242 cedat
250 1222 267 1242 a
288 1215 374 1249 Filio,
395 1215 465 1250 quia
485 1223 545 1242 non
569 1215 717 1242 videbitur
740 1216 770 1242 in
787 1216 910 1250 judicio.

145 1262 250 1288 Forma
267 1261 318 1288 illa
339 1261 391 1288 erit
407 1261 515 1295 judex,
536 1269 602 1296 quae
620 1261 674 1288 sub
694 1261 793 1296 judice
814 1262 908 1289 stetit:

146 1307 196 1334 illa
208 1307 361 1342 judicabit,
377 1315 442 1342 quae
453 1307 584 1341 judicata
598 1309 652 1335 est:
667 1308 811 1342 judicabit
823 1309 911 1342 juste,

147 1361 212 1388 quae
229 1353 358 1387 judicata
378 1355 419 1380 est
440 1353 549 1388 inique.
567 1362 580 1378 »
598 1354 630 1381 Et
652 1353 752 1380 subdit
773 1362 912 1381 causam:

149 1409 162 1425 (ι
178 1401 235 1426 Hoc
250 1399 317 1426 ideo
333 1399 397 1432 erit,
421 1399 490 1434 quia
501 1399 647 1433 judicium
662 1400 714 1427 erit
726 1400 871 1434 justorum
887 1403 915 1428 et

147 1445 327 1480 iniquorum.
344 1445 397 1478 Qut
418 1445 510 1481 iniqui
531 1446 631 1473 videre
654 1448 744 1474 Deum
766 1455 827 1474 non
847 1455 914 1482 pos-

147 1493 227 1525 sunt,
243 1499 278 1519 eo
293 1491 375 1526 (fuod
388 1491 502 1519 mundo
517 1492 605 1519 corde
621 1492 749 1520 videtur:
767 1493 833 1520 ideo
850 1494 914 1521 talis

147 1537 300 1572 apparebit
312 1536 418 1572 Judex,
434 1539 537 1565 utnon
550 1538 642 1573 possit
656 1538 748 1566 videri
763 1539 800 1567 ab
816 1540 912 1568 homi-

147 1584 243 1611 nibus.
261 1583 334 1617 Quia
350 1591 419 1618 ergo
432 1583 519 1611 Filius
534 1584 564 1611 in
583 1584 678 1612 forma
697 1586 770 1613 servi
789 1593 914 1622 appare-

147 1629 199 1663 bit,
211 1631 303 1657 etnon
315 1629 402 1657 Patris
413 1631 457 1663 (a),
473 1630 541 1657 ideo
555 1630 661 1658 dicitur
672 1632 754 1667 quod
766 1633 847 1660 l'ater
854 1641 915 1661 non

145 1677 257 1712 judicat
271 1684 461 1712 quemquam.
473 1687 485 1702 ι)
501 1678 563 1704 Haec
574 1678 760 1712 Augustinus.
775 1680 807 1707 Et
821 1687 857 1706 ex
870 1680 915 1707 his

148 1725 226 1759 patet
251 1723 343 1750 littera
365 1732 371 1750 z
394 1724 484 1757 Neque
510 1724 590 1750 Pater
610 1724 720 1758 jzulz'cat
743 1733 913 1760 quemquam,

149 1769 320 1805 apparendo
338 1768 445 1796 scilicet
465 1771 497 1796 ut
511 1771 607 1796 Pater:
628 1770 679 1797 Sed
696 1778 770 1798 omne
779 1772 916 1805 judicium

149 1816 223 1842 dedit
236 1817 320 1849 Filio,
335 1823 370 1842 eo
387 1815 469 1850 quod
486 1815 640 1850 apparebit
663 1816 693 1842 in
713 1816 808 1844 forma
823 1818 915 1851 servi,

153 1869 219 1897 quae
233 1861 323 1896 possit
336 1861 373 1888 ab
384 1861 553 1888 hominibus
567 1861 691 1889 viderit:
703 1863 841 1891 «Videbit
849 1872 917 1892 eum

150 1907 245 1935 omnis
266 1906 385 1940 oculus,
401 1908 428 1934 et
443 1907 493 1941 qui
507 1910 711 1942 pupugerunt,
730 1909 880 1944 plangent.
900 1921 913 1937 n

185 1955 228 1981 23.
255 1954 287 1980 Ut
310 1961 396 1980 omnes
425 1954 596 1987 honorificent
619 1955 719 1981 Filium
729 1976 738 1989 ‚
765 1955 873 1984 scilicet
886 1957 916 1984 in

150 2008 218 2027 cum
232 1999 392 2033 credendo,
408 2001 435 2026 et
445 1999 612 2027 exhibendo
629 2000 654 2027 ci
666 2001 811 2029 honorem
820 2011 916 2038 aequa-

150 2046 218 2079 lem,
236 2045 308 2072 sicut
317 2045 400 2072 Patri.
416 2047 447 2073 Ut
462 2045 539 2073 enim
552 2046 591 2073 ait
604 2048 779 2080 Augustinus
792 2049 812 2081 ὅ,
825 2049 917 2077 hono-

150 2099 215 2119 rare
241 2093 354 2119 Patrem
377 2094 418 2119 est
441 2092 559 2119 eredere
587 2101 654 2120 eum
680 2093 789 2121 habere
814 2095 917 2123 Filium

150 2138 206 2165 sibi
221 2137 374 2173 aequalem.
392 2139 423 2165 Et
437 2138 569 2165 similiter
590 2138 786 2168 honorificare
802 2141 917 2174 Filium,

151 2186 193 2211 est
220 2183 337 2211 credere
361 2191 428 2211 eum
443 2192 504 2211 esse
529 2184 673 2220 aequalem
699 2187 772 2213 Patri
787 2195 793 2214 ε
810 2188 844 2214 Et
858 2189 917 2215 ideo

151 2232 198 2264 qui
209 2238 261 2257 non
275 2231 431 2264 honor-[strat
445 2231 555 2265 Filium,
568 2231 623 2258 isto
638 2232 729 2260 modo
743 2241 788 2260 nec
800 2234 916 2261 Patrem.

151 2276 206 2303 Sed
230 2275 362 2310 videtur,
384 2276 467 2311 quod
485 2284 547 2303 non
570 2277 605 2304 sit
620 2285 689 2305 vera
704 2279 917 2315 convenientia,

151 2322 221 2356 quia
236 2321 323 2348 Filius
341 2322 485 2356 judicabit
500 2323 529 2349 in
543 2323 636 2350 forma
661 2325 748 2359 servi,
762 2327 793 2353 ut
808 2326 918 2355 dictum

152 2370 193 2395 est
209 2378 216 2394 .-
231 2368 283 2395 sed
309 2368 472 2395 secundum
486 2369 568 2397 illam
584 2370 710 2398 formam
735 2380 795 2399 non
810 2375 852 2400 est
865 2374 920 2402 ho-

152 2413 352 2441 norificandus
369 2415 473 2450 aequali
496 2415 608 2444 honore
628 2419 659 2444 ut
674 2419 764 2445 Pater.
782 2421 813 2446 Et
828 2420 866 2447 ad
881 2420 919 2448 is-

152 2460 205 2486 tud
233 2460 475 2495 respondendum
502 2463 558 2496 est,
584 2463 666 2498 quod
694 2466 821 2499 potestas
841 2466 919 2501 judi-

187 2544 276 2575 'Aug.‚
293 2545 334 2568 ubi
349 2551 404 2576 sup.
415 2558 446 2563 -
459 2546 470 2561 ²
482 2548 556 2577 Aug,
573 2546 598 2569 in
612 2547 694 2577 loun„
709 2550 780 2573 tract.
797 2555 840 2581 xx,
855 2557 882 2575 n.
897 2552 920 2575 3.

158 2592 181 2595 —
205 2578 215 2594 ⁸
231 2579 303 2609 ibid„
319 2582 391 2604 tract.
407 2587 468 2611 xxi,
486 2588 511 2605 n.
529 2583 570 2612 13,
598 2583 636 2613 14,
661 2584 743 2613 quoad
764 2591 875 2610 sensum.
892 2600 921 2604 —

156 2613 164 2628 ³
179 2614 261 2642 Amr..
279 2620 300 2644 1,
312 2616 367 2638 7.—
378 2615 387 2631 Ι
400 2617 474 2647 Aug„
486 2617 603 2647 ubisup,
615 2625 641 2641 u⁴
657 2620 723 2642 NL*
738 2620 821 2644 envas.
835 2628 921 2652 Lxxiv,

156 2648 232 2671 :i.—⁷
249 2649 311 2673 Deut
325 2668 331 2679 ‚
342 2656 423 2682 xxxu,
435 2653 473 2676 35.
485 2652 599 2682 -Ηοὸ,
612 2659 647 2684 ix,
661 2655 700 2678 22.
711 2668 741 2672 —
752 2655 762 2672 ⁹
774 2656 879 2687 Philip„
893 2663 921 2688 11,

1668 229 1722 257 331

957 291 1055 326 candi,
1071 300 1137 327 quae
1161 294 1204 319 est
1217 291 1415 325 auctoritatis,
1436 293 1477 318 est
1500 291 1587 318 totius
1604 291 1726 320 Trinita-

958 337 992 364 tis
1003 338 1013 354 ⁶
1030 347 1036 365 ε
1054 347 1067 364 «
1082 339 1154 365 Cum
1181 338 1260 365 euim
1284 345 1425 372 accepero
1452 338 1583 372 tempus,
1603 338 1727 372 justitias

954 384 1106 418 judicabo.
1124 395 1136 410 n
1153 385 1206 412 Et⁷
1222 393 1228 411 :
1248 394 1261 410 «
1276 385 1336 411 Mea
1350 385 1391 411 est
1405 376 1489 410 ultio.
1504 393 1517 409 »
1536 385 1662 411 Potestas
1685 386 1728 412 ta-

957 437 1027 456 men
1041 430 1190 457 ministerii
1205 431 1258 458 erit
1279 430 1340 458 Filii
1354 430 1384 457 in
1398 429 1493 457 forma
1509 429 1605 463 servi,
1622 432 1653 456 ut
1669 430 1727 457 dic-

958 477 1021 503 tum
1036 478 1085 503 est.
1103 478 1136 503 Et
1153 476 1222 511 quia
1244 476 1275 503 in
1303 476 1354 504 illa
1368 475 1465 503 forma
1492 475 1546 502 fuit
1568 475 1726 510 judicatus,

959 522 1046 549 etiam
1074 522 1192 557 inique,
1209 524 1237 550 et
1261 524 1444 557 contemptus
1458 522 1487 548 ⁸:
1509 523 1623 548 «Terra
1648 521 1726 548 enim

960 568 1028 595 data
1040 570 1082 594 est
1096 568 1125 595 in
1140 576 1245 595 manus
1256 568 1339 604 impii
1357 577 1363 595 ι
1377 579 1390 594 »
1404 568 1471 595 ideo
1485 567 1588 594 merito
1605 567 1686 594 dedit
1703 567 1729 594 ei

960 616 1057 648 Pater,
1084 616 1115 641 ut
1130 614 1159 641 in
1174 614 1226 641 illa
1249 614 1345 642 forma
1365 615 1520 649 appareret
1539 613 1686 648 judicanS,
1702 615 1730 640 et

960 661 1109 688 timeretur
1126 661 1199 687 sicut
1218 662 1307 694 neue,
1334 661 1417 695 cujus
1438 660 1581 687 sententia
1594 667 1731 695 perseve-

960 707 1037 734 rabit
1064 706 1271 734 inviolabiliter
1295 708 1305 723 ⁹
1327 715 1333 733 :
1357 715 1370 732 ι(
1396 706 1564 733 Humiliavit
1590 705 1728 741 semetip-

962 761 1041 786 sum,
1058 762 1071 777 >³
1093 755 1146 780 etc.
1159 773 1167 785 ,
1191 754 1217 780 et
1242 752 1392 788 sequitur:
1410 762 1425 777 «
1436 753 1467 778 Ut
1483 752 1512 778 in
1526 752 1647 779 nomine
1661 753 1729 779 Jesu

962 806 1049 826 omne
1065 806 1142 833 genu
1161 798 1300 826 flectatur.
1316 808 1330 823 »
1347 800 1422 832 Ergo
1437 797 1732 833 nonintendit,quod

962 844 1058 872 forma
1076 844 1151 871 servi
1173 845 1208 872 sit
1227 844 1377 880 aequaliter
1400 843 1641 877 honorificanda,
1658 843 1732 870 sicut

963 892 1045 918 Pater
1054 900 1061 925 ς
1078 891 1129 918 sed
1144 891 1226 926 quod
1242 890 1338 924 Filius,
1355 890 1406 925 qui
1420 890 1574 925 apparebit
1588 889 1619 916 in
1636 890 1733 916 forma

963 936 1050 969 servi,
1065 936 1100 963 sit
1112 936 1353 964 honorificandus
1368 936 1440 963 sicut
1464 937 1554 962 Pater.
1570 935 1648 962 Unde
1663 937 1734 962 nota

965 984 1046 1019 quod
1063 985 1134 1010 Deus
1152 985 1195 1010 est
1208 983 1450 1010 honorificandus
1460 982 1580 1009 humilis
1593 981 1734 1009 obedien-

964 1031 1009 1057 tiae
1037 1030 1216 1064 subjectione
1231 1029 1268 1056 ¹⁰:
1281 1038 1294 1054 «
1309 1029 1491 1064 Quicumque
1516 1027 1734 1055 honorificave-

965 1077 1000 1104 rit
1015 1077 1050 1111 (ἐκ)
1065 1084 1120 1107 me,
1138 1075 1312 1110 glorificabo
1332 1083 1409 1102 eum.
1422 1085 1434 1099 »
1452 1076 1522 1102 ltem
1533 1077 1574 1101 est
1583 1074 1731 1101 honoran-

966 1123 1022 1150 dus
1036 1122 1127 1149 debiti
1143 1121 1273 1148 muneris
1288 1121 1319 1157 (c)
1336 1120 1515 1148 exhibitione
1530 1120 1550 1137 ¹¹
1568 1129 1575 1146 :
1590 1129 1603 1145 «
1618 1121 1735 1147 Honora

966 1171 1056 1196 Deum
1070 1168 1106 1195 de
1121 1170 1170 1195 tua
1184 1167 1355 1202 substantia,
1372 1168 1399 1194 et
1408 1167 1443 1194 de
1454 1166 1588 1202 primitiis
1600 1165 1733 1193 omnium

966 1215 1084 1250 frugum
1095 1217 1221 1242 tuarum.
1239 1223 1252 1239 »
1269 1216 1301 1241 Et
1315 1215 1335 1231 ¹²
1351 1222 1377 1241 ει(
1392 1215 1509 1241 Honora
1522 1215 1613 1240 Deum
1626 1220 1660 1239 ex
1675 1213 1735 1239 tota

967 1261 1064 1288 anima
1078 1263 1137 1295 tua,
1154 1271 1167 1287 »
1183 1262 1236 1288 etc.

1001 1308 1046 1333 24.
1067 1308 1099 1334 Et
1125 1306 1255 1342 sequitur
1279 1306 1330 1333 illa
1349 1314 1417 1341 pars
1428 1326 1436 1339 ,
1451 1306 1481 1332 in
1497 1313 1556 1340 qua
1571 1304 1736 1332 manifestat

968 1354 1165 1389 aequalitatem
1189 1354 1407 1389 omnipotentiae
1432 1353 1495 1380 Filii
1522 1361 1589 1379 eum
1610 1353 1691 1379 Patre
1705 1351 1736 1378 in

968 1400 1098 1436 speciali,
1120 1400 1161 1427 ibi
1176 1409 1182 1427 ε
1199 1401 1292 1433 Amen,
1316 1408 1392 1427 amen
1415 1400 1473 1426 dico
1498 1400 1571 1426 vobis
1598 1407 1604 1425 :
1627 1400 1654 1425 et
1668 1398 1735 1431 hoc,

970 1447 1177 1475 descendendo
1193 1447 1231 1474 ad
1247 1447 1408 1482 potentiam
1415 1446 1585 1474 vivificandi
1595 1447 1622 1473 et
1635 1447 1735 1480 poten-

968 1494 1038 1521 tiam
1050 1493 1214 1528 judicandi.
1230 1495 1262 1520 Et
1275 1493 1336 1520 haec
1363 1493 1393 1520 in
1409 1493 1482 1520 duas
1507 1494 1604 1527 partes
1619 1501 1624 1518 :
1640 1491 1737 1526 primo

970 1540 1099 1567 declarat
1129 1539 1291 1574 potentiam
1323 1539 1386 1566 Filii
1415 1539 1445 1565 in
1472 1537 1668 1571 vivificand03
1696 1545 1739 1564 se-

970 1587 1084 1621 cundo,
1112 1586 1245 1614 eamdem
1258 1587 1288 1613 in
1302 1586 1475 1621 judicando,
1490 1585 1531 1613 ibi
1547 1594 1553 1612 :
1579 1587 1738 1612 Potestatem

970 1634 1055 1660 dedit.
1080 1633 1174 1660 Prima
1194 1632 1310 1668 respicit
1336 1632 1548 1667 benignitatem
1575 1631 1738 1658 misericor-

971 1679 1042 1713 diae3
1070 1679 1208 1712 secunda,
1233 1678 1415 1706 severitatem
1438 1678 1563 1713 Justitiae.
1587 1677 1737 1712 inprime,

970 1726 1024 1753 tria
1038 1727 1193 1752 narrantur
1206 1725 1327 1760 :prim0,
1338 1724 1485 1760 specificat
1501 1732 1575 1759 quos
1597 1725 1624 1750 et
1638 1723 1740 1758 quales

971 1771 1115 1805 vivificet3
1141 1771 1271 1798 secundo
1283 1791 1291 1804 ,
1317 1770 1470 1805 quomodo
1498 1769 1645 1802 vivificet,
1671 1768 1713 1795 ibi
1731 1777 1738 1795 :

971 1818 1065 1851 Amen,
1080 1825 1155 1844 amen
1175 1817 1232 1843 dico
1249 1817 1332 1849 vobis,
1344 1818 1415 1850 etc.;
1429 1815 1525 1849 tertio,
1542 1815 1740 1851 aequalitatem

971 1863 1107 1900 potentiae
1123 1863 1295 1898 utriusque,
1318 1870 1377 1898 qua
1398 1862 1535 1895 vivificat,
1565 1861 1739 1896 manifestat,

971 1910 1013 1938 ibi
1029 1919 1035 1937 :
1051 1910 1203 1937 sicutenim
1215 1911 1305 1943 Pater,
1322 1910 1374 1936 etc.

1006 1958 1051 1984 24.
1076 1956 1120 1983 Ait
1144 1963 1213 1990 ergo
1239 1963 1245 1982 z
1272 1955 1356 1982 Amen
1380 1955 1439 1981 dico
1458 1954 1546 1988 vobis,
1566 1955 1614 1989 qui
1634 1954 1741 1981 verbum

972 2011 1057 2030 meum
1084 2003 1177 2036 audit,
1194 2001 1297 2029 auditu
1323 2001 1420 2028 cordis
1444 2001 1568 2034 scilieet,
1597 2003 1622 2027 et
1646 2000 1741 2033 credit,

973 2049 1081 2076 scilicet
1100 2048 1226 2084 perfecta
1249 2047 1322 2080 fide,
1349 2048 1384 2080 ei,
1402 2046 1433 2074 id
1447 2048 1488 2074 est
1509 2046 1593 2080 Patri,
1609 2048 1657 2081 qut·
1665 2047 1742 2073 misit

973 2104 1022 2129 me,
1031 2094 1214 2129 unigenitum
1229 2093 1285 2120 sibi
1296 2092 1584 2120 consubstantialem.
1597 2093 1689 2127 Supra
1700 2091 1721 2109 ¹³
1733 2101 1739 2119 z

976 2152 990 2168 «
1004 2144 1067 2169 Non
1080 2140 1157 2168 misit
1178 2139 1281 2167 Filium
1303 2140 1335 2166 ut
1356 2138 1467 2173 judicet
1480 2138 1668 2171 mundum,»
1688 2140 1741 2165 etc.

974 2188 1059 2215 Habet
1074 2189 1158 2213 vitam
1179 2189 1305 2212 aeternam
1321 2194 1327 2212 ε
1345 2186 1371 2212 et
1385 2184 1415 2211 in
1429 2184 1486 2211 hoc
1510 2185 1626 2211 notatur
1641 2184 1744 2211 inven-

973 2234 1013 2261 tio
1032 2232 1128 2261 omnis
1152 2231 1234 2259 boni.
1250 2233 1286 2258 Et
1312 2233 1341 2258 in
1369 2231 1500 2265 judicium
1517 2238 1568 2257 non
1586 2231 1660 2257 venit
1677 2239 1684 2257 :
1702 2229 1744 2257 ibi

975 2282 1091 2308 notatur
1101 2278 1199 2306 evasio
1216 2277 1311 2304 omnis
1325 2277 1406 2310 mali,
1417 2284 1506 2312 supra
1520 2277 1541 2293 ¹⁶
1553 2276 1639 2309 :«Qui
1654 2276 1746 2304 credit

974 2327 1004 2354 in
1020 2334 1078 2359 me,
1092 2333 1153 2352 non
1165 2324 1324 2359 judicatur.
1340 2333 1353 2348 »
1369 2323 1425 2350 Sed
1441 2322 1579 2357 quaeritur
1590 2343 1599 2357 ,
1620 2322 1745 2357 qualiter

975 2374 1015 2402 ait
1031 2383 1037 2401 :
1055 2374 1139 2400 Habet
1163 2374 1248 2399 vitam
1263 2373 1406 2403 aeternam,
1433 2369 1504 2405 quia
1523 2369 1575 2396 illa
1588 2369 1746 2396 habebitur

975 2422 1042 2456 post
1064 2419 1155 2447 vitam
1182 2418 1275 2451 hanc,
1302 2416 1375 2443 sicut
1399 2416 1506 2443 clamat
1524 2415 1678 2451 Apostolus
1702 2414 1743 2442 ¹⁵:

976 2504 1024 2526 7-9.
1038 2514 1063 2518 —
1080 2501 1099 2517 ¹⁰
1117 2501 1125 2523 l
1143 2500 1208 2529 Rea.⁷
1222 2505 1253 2529 11,
1264 2499 1303 2522 30.
1315 2510 1344 2515 -
1358 2498 1375 2514 ¹¹
1392 2497 1475 2526 prov„
1491 2503 1532 2527 111,
1547 2498 1570 2521 9.
1582 2509 1613 2515 —
1623 2497 1645 2513 ¹²
1657 2496 1744 2525 Ecca„

978 2543 1027 2567 vu,
1042 2537 1080 2560 33.
1095 2549 1121 2553 -
1135 2535 1155 2552 ¹³
1168 2532 1520 2565 Sup.,1u,17.—¹⁸1bid.‚
1537 2533 1573 2557 18.
1588 2545 1619 2550 -
1634 2532 1654 2548 ¹¹⁵
1667 2532 1744 2561 Rom„

978 2580 1024 2604 vn,
1039 2574 1077 2602 22,
1095 2574 1134 2596 25.

1012 2622 1043 2650 m)
1061 2621 1114 2649 Less.
1133 2619 1186 2643 Dei.
1202 2632 1231 2635 —
1248 2618 1282 2649 (b)
1307 2617 1378 2648 Vulq.
1392 2618 1576 2648 glorificaverit.
1591 2629 1617 2633 —-
1638 2616 1668 2645 (c)
1685 2616 1744 2639 Coel.

978 2658 1040 2681 adn.
1058 2656 1134 2680 debili
1148 2655 1252 2679 electus.
