1987 3032
678 204 717 235 IN
738 204 820 235 CAP.
846 204 871 235 X
893 202 1033 233 SANCTI
1055 202 1226 234 JOANNIS.

160 269 299 298 Dominus
316 274 325 290 ¹
341 280 348 298 :
368 281 381 296 «
395 272 441 298 Vae
455 270 621 306 pastoribus
638 271 688 306 qui
703 271 863 306 pascebant
883 278 926 298 se-

158 318 306 352 metipsos.
323 329 335 343 »
353 320 385 345 Et
399 317 462 345 talis
477 320 518 344 est
529 318 625 344 bonus
639 320 749 353 pastor,
763 317 924 345 secundum

157 364 287 399 regulam
309 365 443 392 Senecae:
468 363 543 390 Illud
557 366 598 390 est
611 364 725 391 bonum
740 365 771 391 in
786 364 924 391 omnibus

157 412 184 437 et
195 410 225 436 in
240 410 370 444 singulis,
382 409 503 445 quando
516 410 752 446 unumquodque
767 410 834 438 facit
849 410 923 437 illud

156 455 195 483 ad
210 455 292 491 quod
306 455 443 490 nascitur,
459 458 486 483 et
501 456 583 491 quod
599 458 640 483 est
654 456 680 483 ei
696 457 850 491 proprium
864 466 870 483 :
888 456 923 483 si-

156 504 204 530 cut
222 503 312 530 homo
335 504 376 530 est
394 503 507 536 bonus,
528 503 649 538 quando
670 502 742 530 vivit
759 503 922 530 secundum

153 550 262 576 rectam
276 549 430 576 rationem.
445 549 489 577 Sic
504 550 599 576 omnis
618 557 677 583 res,
696 549 817 584 quando
831 549 922 576 finem

153 602 240 621 suum
260 594 444 630 impleverit,
465 595 624 622 laudabilis
644 597 696 622 est.
719 597 750 622 Et
768 595 808 621 sio
823 596 921 630 pastor

153 642 195 668 est
208 641 315 674 bonuS,
330 641 380 676 qui
395 641 520 676 perfecte
531 641 597 668 facit
607 649 697 676 opera
707 641 845 676 pastoris:
858 641 919 675 sed,

152 688 183 713 ut
195 688 275 721 patet
287 687 317 713 in
333 686 437 719 littera,
452 694 543 722 opera
557 687 682 722 pastoris
697 689 776 720 sunt,
793 687 920 721 legitime

151 733 266 767 ingredi
281 741 334 768 per
349 733 466 767 ostium,
479 733 560 768 quod
576 734 702 761 Christus
716 736 767 768 est,
779 736 804 761 et
814 741 920 761 vocare

151 787 221 806 oves
242 779 435 813 nominatim,
454 779 486 806 id
506 781 561 811 est,
582 779 729 813 sigillatim
743 788 919 814 cognoscere

151 833 214 859 eas,
227 825 266 852 ad
280 833 390 860 pascua
403 825 545 858 emittere,
562 828 588 853 et
601 827 667 853 ante
688 834 736 853 eas
753 826 870 861 egredi,
893 827 920 853 et

150 871 266 906 ingredi
282 879 334 906 per
349 871 429 898 bona
444 871 596 906 exempla:
614 872 690 899 etsie
703 872 738 899 de
751 873 814 899 aliis
825 873 917 907 operi-

150 917 206 944 bus
219 918 360 952 pastoris,
381 920 408 944 et
423 918 452 944 in
467 917 615 953 pascendo
631 926 700 945 oves
716 918 794 945 dicto
809 918 917 952 modo,

150 964 177 990 et
191 963 221 990 in
236 963 365 991 fovendo
377 965 404 991 et
418 963 585 998 nutrIendo,
601 966 628 991 et
641 965 843 998 protegendo,
857 964 916 991 sive

150 1010 347 1038 defendendo.
359 1010 368 1025 2
383 1020 397 1036 «
410 1011 486 1038 Sicut
500 1012 601 1046 pastor
617 1019 737 1045 gregem
751 1019 837 1038 suum
852 1019 918 1046 pas-

149 1056 199 1089 cit,
216 1056 244 1083 in
257 1056 379 1083 brachio
394 1065 447 1084 suo
463 1057 651 1091 congregavit
671 1065 774 1091 agnos.
792 1068 804 1083 >i
826 1059 858 1084 Et
877 1058 917 1085 sic

149 1101 185 1128 de
208 1102 281 1129 aliis.
302 1104 333 1129 Et
353 1102 382 1129 in
402 1111 529 1138 persona
548 1103 611 1130 talis
629 1104 754 1138 pastoris
770 1104 780 1119 ³
797 1112 802 1130 :
828 1105 916 1137 «Ego

148 1155 237 1182 pasco
250 1155 320 1175 oves
334 1156 424 1175 meas.
440 1159 453 1174 »
472 1151 503 1176 Et
517 1149 649 1184 sequitur
665 1159 671 1175 :
691 1159 703 1174 (ι
724 1149 809 1182 Quod
824 1149 916 1184 perie-

148 1197 191 1221 rat
206 1194 365 1230 requiram,
379 1197 406 1222 et
421 1196 502 1230 quod
518 1196 663 1231 abJ‘ectum
676 1199 736 1224 erat
746 1196 913 1224 reducam.»

150 1240 206 1267 Sed
221 1240 257 1267 de
273 1240 370 1268 multis
384 1241 549 1269 verificatur
558 1250 642 1269 nunc
656 1242 733 1270 istud
747 1243 913 1270 Zachariaetz

149 1296 162 1311 «
177 1289 198 1314 O
215 1288 315 1322 pastor
336 1289 362 1314 et
379 1287 510 1321 idolum,
529 1288 734 1324 derelinquens
755 1297 883 1323 gregem.
899 1300 911 1314 u

148 1333 255 1366 Pastor,
271 1333 407 1368 inquam,
424 1334 558 1367 nomine,
574 1334 688 1362 idolum
702 1343 749 1369 re,
769 1335 841 1370 quia
855 1343 915 1362 non

147 1379 289 1414 adimplet
303 1387 393 1414 opera
408 1380 478 1407 boni
491 1381 625 1415 pastoris.
640 1382 649 1397 ⁵
670 1391 682 1406 «
698 1382 767 1408 Grex
782 1381 914 1416 perditus

148 1427 198 1453 est.
214 1436 226 1449 n
246 1427 278 1452 Et
290 1425 420 1460 sequitur
436 1434 442 1453 ε
462 1436 475 1451 (ι
489 1428 619 1453 pastores
636 1426 815 1454 seduxerunt
829 1435 910 1454 eos»

146 1473 177 1498 Et
199 1471 263 1498 talis
284 1475 379 1506 pastor
400 1472 448 1499 dac
470 1474 602 1505 animam,
628 1473 736 1500 scilicet
754 1473 914 1507 affligendo

145 1525 198 1553 per
218 1518 429 1552 poenitentiam.
452 1520 522 1546 Item
539 1519 586 1545 dat
603 1521 721 1546 eitimam
736 1522 912 1554 exponendo

144 1572 174 1591 se
194 1564 281 1591 morti
303 1566 424 1599 propter
442 1565 592 1592 salubrem
615 1565 779 1592 custodiam
800 1567 911 1594 ovium.

146 1611 176 1637 Ut
191 1609 269 1637 enim
284 1610 323 1637 ait
345 1610 509 1637 Bernardus
523 1611 533 1627 ὃ
547 1619 552 1637 :
577 1621 590 1636 ι(
606 1610 761 1646 Dupliciter
783 1614 825 1638 est
845 1620 912 1647 por-

144 1657 203 1682 tare
224 1664 339 1683 crucem
362 1656 489 1689 Domini,
509 1656 557 1683 vel
578 1657 718 1691 ponendo
737 1658 866 1684 animam
882 1661 913 1686 ut

144 1704 263 1738 martyr,
275 1702 323 1729 vel
341 1702 499 1737 affligendo
516 1705 546 1729 ut
560 1703 713 1737 poenitens.
729 1705 758 1726 »⁷
770 1704 842 1731 «Ille
857 1713 910 1739 pro

143 1749 229 1776 nobis
250 1742 379 1776 animam
402 1756 485 1776 suam
509 1749 622 1784 posuit,
645 1751 673 1776 et
693 1757 747 1777 nos
770 1750 912 1778 debemus

142 1803 196 1831 pro
211 1795 348 1822 fratribus
363 1795 476 1822 animas
494 1803 615 1830 ponere.
629 1806 642 1820 »
662 1797 730 1822 Item
750 1796 837 1824 debet
854 1805 910 1832 po-

142 1850 210 1869 nere
225 1842 354 1869 animam
365 1841 500 1876 periculis
511 1841 672 1875 obviando,-
684 1842 713 1869 in
723 1843 909 1872 defendendo

142 1896 229 1921 oves,
253 1890 280 1915 et
297 1888 413 1915 labores
436 1888 623 1921 sustinendo,
644 1889 780 1924 exemplo
804 1891 909 1924 Jacob,

142 1934 191 1969 qui
208 1934 247 1960 ait
261 1934 270 1949 ⁵³
287 1942 292 1960 z
314 1944 326 1957 κ
342 1934 389 1961 Die
404 1936 551 1969 noctuque
566 1936 636 1961 {estu
652 1935 759 1962 urebar
773 1937 800 1962 et
824 1937 907 1970 gelu,

141 1980 328 2014 fugiebatque
363 1988 483 2007 somnus
520 1980 557 2006 ab
592 1980 683 2007 0011115
717 1981 805 2015 meis;
835 1992 847 2007 n
883 1985 910 2010 et

141 2025 277 2060 exemplo
301 2025 408 2059 David,
431 2025 466 2052 de
487 2026 588 2060 qu00:
616 2036 629 2051 «
648 2026 786 2054 Paseebat
808 2035 908 2054 servus

141 2073 206 2098 tuus
230 2079 364 2106 gregem,
393 2074 420 2099 et
447 2071 583 2099 veniebat
610 2072 674 2106 leo,
700 2074 726 2099 et
754 2080 854 2106 ursuS,
883 2075 909 2101 et

140 2117 358 2152 consurgebant
385 2117 542 2144 adversum
573 2125 630 2145 me.
656 2128 668 2143 n
701 2120 732 2145 Et
753 2119 883 2154 sequitur
900 2129 906 2146 :

142 2174 155 2188 «
175 2163 386 2191 Interticiebam
406 2171 465 2190 eos
483 2174 494 2189 u
513 2163 588 2190 Talis
614 2166 674 2191 erat
704 2165 859 2199 Apostolus
878 2165 906 2199 ¹⁰,

139 2210 189 2245 qui
212 2209 251 2237 ait
271 2219 277 2236 ι
305 2221 316 2233 «
341 2209 475 2242 Quotidie
501 2209 612 2237 morior
636 2212 755 2245 propter
782 2213 907 2238 vestram

140 2257 279 2291 gloriam,
302 2256 413 2283 fratres.
432 2267 443 2280 2³
461 2256 518 2283 Sed
539 2256 588 2291 qui
608 2264 668 2283 non
688 2257 759 2284 dant
778 2258 907 2292 animas,

140 2302 199 2330 imo
218 2302 347 2336 fugiunt,
367 2303 437 2337 quia
462 2303 494 2337 (b)
516 2302 687 2329 mercenarii
717 2305 797 2337 sunt,
822 2306 909 2339 prout

139 2348 326 2384 prosequitur
341 2348 496 2382 Gregorius
511 2348 528 2364 ¹¹
544 2348 619 2376 bene
641 2357 728 2384 super
747 2349 840 2383 istud,
856 2350 907 2377 ubi

138 2394 264 2422 multum
284 2397 311 2421 et
328 2394 404 2421 bene
425 2394 461 2421 de
481 2394 546 2422 hoc.
570 2396 600 2422 Et
621 2395 661 2422 sic
677 2395 763 2423 debet
779 2395 906 2423 animam

170 2455 176 2470 1
200 2454 295 2481 Ezech..
317 2460 405 2483 xxxtv,
427 2456 450 2477 2.
465 2454 516 2471 —2
540 2455 601 2484 lm„
617 2461 663 2484 xe,
683 2458 718 2479 11.
736 2468 760 2471 —
778 2455 788 2471 ³
808 2455 906 2485 Ezecn„

139 2495 226 2519 xxxw,
246 2491 331 2519 15,16.
348 2501 377 2506 -
392 2489 401 2505 ⁶
416 2489 499 2517 Zac-lt„
516 2495 551 2519 xi,
572 2491 605 2513 17.
624 2503 649 2506 μ
666 2490 675 2505 ⁵
688 2491 786 2518 dorem„
802 2497 825 2520 L,
841 2492 863 2514 6.
877 2504 906 2508 --

139 2524 148 2540 θ
170 2525 302 2554 Βειιιειιά.,
321 2531 394 2555 supet·
418 2525 500 2552 (Zmin,
525 2531 601 2548 serm.
622 2530 682 2554 xxx,
707 2528 764 2555 post
787 2526 855 2549 med.
877 2539 906 2543 —

141 2560 312 2589 “1.Ιοιινι.,ιιι,
329 2561 406 2583 16.-
418 2559 427 2575 ⁸
441 2561 511 2589 tien„
527 2565 599 2590 xxxi,
613 2561 651 2583 40.
667 2574 691 2576 —
709 2562 736 2584 Ι11
754 2561 821 2590 Rea„
838 2567 904 2590 xxii,

140 2595 183 2624 34,
199 2595 236 2617 35.
253 2607 281 2612 —
298 2595 317 2611 ¹⁰
334 2596 339 2617 l
361 2595 429 2623 Cor.,
451 2601 491 2625 xv,
513 2598 550 2619 111.
567 2596 634 2625 -711
651 2596 736 2626 Grcg.,
756 2596 779 2619 in
799 2597 906 2625 Evany„

140 2629 210 2653 hom.
237 2635 288 2658 xlv,
312 2636 336 2653 u.
361 2631 392 2660 2,
416 2630 459 2653 sed
483 2630 551 2654 Iocus
578 2633 719 2661 corruptus.
740 2644 770 2649 —
786 2631 804 2647 ¹²
837 2631 903 2659 15111..

1689 208 1745 237 569

980 268 1050 296 dare
1064 277 1118 305 pro
1134 270 1249 304 ovibus,
1263 270 1294 298 id
1309 273 1360 306 est,
1376 280 1431 307 pro
1446 272 1538 299 salute
1554 273 1654 300 ovium
1671 282 1677 300 :
1693 281 1746 309 per

979 322 1049 342 oves
1061 315 1139 342 enim
1153 316 1255 344 fideles
1267 316 1428 352 signantur,
1441 318 1511 353 quia
1526 318 1586 345 ovis
1601 320 1642 346 est
1655 320 1745 347 molle

978 370 1067 396 pecus
1076 362 1161 396 lanis,
1171 371 1294 398 corpore
1302 364 1421 398 inerme,
1431 365 1530 392 animo
1539 365 1699 400 placidum,
1707 367 1744 394 ab

981 408 1113 435 oblatione
1129 409 1249 444 dictum,
1262 412 1293 437 ut
1307 410 1345 438 ait
1360 411 1488 438 Isidorus
1498 411 1528 438 ¹².
1540 411 1618 439 Unde
1628 413 1690 439 ovis
1705 415 1746 440 est

977 453 1138 481 innocuum
1153 457 1180 482 et
1195 455 1319 491 simplex
1340 456 1460 484 animal.
1485 458 1516 484 Et
1537 458 1635 484 tamen
1655 458 1746 486 solers

977 501 1018 526 est
1033 502 1060 527 et
1080 503 1178 534 cauta,
1194 501 1224 528 in
1239 502 1348 529 tuendo
1365 502 1486 530 salutem
1496 524 1504 536 ,
1521 503 1552 530 in
1567 503 1744 532 declinando

974 546 1092 579 nociva,
1107 548 1135 573 et
1149 546 1287 581 eligendo
1302 548 1408 575 herbas
1423 548 1629 583 medicinales,
1648 549 1678 576 in
1693 550 1744 577 de-

975 591 1113 619 clinando
1135 592 1206 626 tela,
1229 593 1260 619 in
1279 593 1470 628 adimplendo
1492 603 1521 622 se
1535 595 1634 622 herbis
1648 595 1744 623 immi-

974 640 1060 665 nente
1084 638 1200 666 hieme;
1222 641 1290 666 tunc
1312 640 1390 667 enim
1412 640 1626 676 inexplebiliter
1648 650 1744 670 escam

974 684 1061 719 capit,
1081 686 1113 711 ut
1136 685 1175 712 ait
1199 686 1369 713 Ambrosius
1388 687 1419 712 ¹³.
1436 689 1467 714 Ut
1491 695 1559 722 ergo
1590 688 1659 715 tales
1687 689 1742 716 sint

973 730 1160 765 spiritualiter
1187 731 1288 759 fideles
1316 734 1343 759 et
1370 740 1430 760 non
1457 733 1513 760 sint
1537 733 1599 769 lupi
1622 742 1674 769 per
1697 743 1744 762 ra—

972 777 1145 811 pacitatem,
1160 777 1207 804 vel
1231 778 1289 804 ursi
1313 786 1365 813 per
1386 780 1588 813 voracitatem,
1610 781 1658 808 vel
1680 781 1742 808 leo-

973 830 1024 849 nes
1045 831 1098 858 per
1123 823 1340 858 crudelitatem,
1365 827 1393 852 et
1419 825 1459 852 sic
1484 825 1521 853 de
1547 826 1625 860 aliis,
1656 827 1744 855 debet

973 870 1072 903 pastor
1086 869 1156 896 dare
1169 869 1307 897 animam.
1334 872 1364 897 In
1386 871 1500 898 Psalmo
1517 872 1537 888 11
1556 881 1581 899 :«
1596 873 1743 901 Deduxisti

972 915 1045 942 sicut
1061 923 1130 942 oves
1144 916 1288 951 populum
1303 918 1386 944 tuum
1401 918 1431 944 in
1441 926 1531 946 manu
1546 919 1647 954 Moysi,
1663 930 1676 946 >³
1687 922 1740 947 etc.

972 962 1004 987 Ut
1034 960 1070 987 de
1101 961 1208 988 talibus
1241 962 1407 990 verificetur
1427 964 1502 991 illud
1529 965 1547 980 ¹⁵
1577 974 1583 991 ε
1611 975 1624 990 (ι
1653 966 1742 993 Eratis

971 1007 1045 1034 sicut
1060 1015 1129 1034 oves
1145 1010 1282 1041 errantes,
1298 1009 1350 1036 sed
1363 1010 1494 1037 conversi
1510 1010 1575 1037 estis
1590 1011 1628 1038 ad
1642 1013 1741 1046 pasto-

971 1060 1033 1080 rem
1049 1054 1076 1080 et
1091 1053 1262 1089 episcopum
1278 1054 1444 1082 animarum
1458 1058 1629 1083 vestrarum.
1643 1067 1656 1081 1)
1671 1059 1741 1084 Prae-

971 1098 1046 1126 latus
1070 1101 1112 1126 est
1134 1102 1234 1134 pastor
1257 1100 1287 1127 in
1308 1101 1456 1135 pascendo
1480 1101 1563 1129 dietis
1583 1103 1696 1137 modiS,
1713 1105 1741 1131 et

971 1144 1124 1179 episcopus
1139 1146 1407 1180 superintendendo
1424 1149 1451 1174 et
1465 1147 1670 1176 custodiendo.

1104 1252 1226 1278 collectio
1246 1253 1482 1287 quinquaqesima,
1503 1261 1536 1287 x,
1557 1254 1600 1280 18.

1005 1336 1164 1362 Potestatem
1188 1337 1268 1363 habeo
1295 1337 1414 1371 ponendi
1438 1340 1556 1364 animam
1584 1346 1687 1372 meam,
1713 1342 1739 1366 et

969 1383 1065 1409 iterum
1080 1383 1201 1409 sumendi
1215 1391 1281 1410 eam.
1305 1384 1335 1410 In
1350 1383 1395 1410 his
1410 1384 1508 1411 verbis
1523 1384 1576 1411 tria
1590 1385 1739 1412 insinuan-

969 1430 1014 1455 tur
1037 1437 1044 1454 :
1069 1436 1196 1463 quorum
1215 1429 1344 1464 primum
1365 1431 1407 1456 est
1427 1429 1489 1456 Filii
1512 1430 1561 1457 Dei
1581 1431 1738 1465 magnifica
1775 1431 1778 1435 '

969 1473 1144 1508 virtuositas,
1158 1474 1198 1501 ibi
1212 1483 1218 1501 :
1236 1476 1394 1502 Potestatem
1409 1476 1503 1508 habeo,·
1520 1477 1682 1504 secundum
1697 1480 1739 1505 est

968 1520 1108 1546 munifica
1136 1523 1162 1547 et
1190 1520 1340 1554 dignativa
1362 1521 1478 1548 bouitas
1489 1542 1497 1554 ,
1524 1522 1565 1548 ibi
1586 1531 1592 1549 ι
1620 1524 1739 1550 Ponendi·

968 1566 1086 1591 animam
1101 1573 1204 1596 meam:
1222 1566 1336 1592 tertium
1351 1568 1393 1593 est
1410 1567 1542 1601 ejusdem
1561 1567 1669 1595 invicta
1682 1568 1737 1595 vir-

967 1611 1102 1644 tuosItas,
1115 1611 1223 1638 scilicet
1238 1611 1268 1638 in
1288 1612 1484 1647 resurgendo,
1498 1613 1539 1640 ibi
1553 1622 1559 1640 ε
1575 1615 1735 1641 Potestatem

967 1657 1047 1683 habeo
1062 1658 1160 1683 iterum
1175 1658 1298 1684 sumenda*
1311 1666 1377 1684 cam.

1002 1702 1046 1729 Ait
1060 1710 1130 1737 ergo
1145 1711 1151 1729 z
1166 1703 1323 1729 Potestatcm
1334 1703 1426 1737 habeo,
1436 1703 1467 1730 id
1480 1705 1531 1737 est,
1544 1711 1684 1738 magnam
1700 1705 1735 1739 (b)

966 1749 1129 1776 intensione
1148 1749 1208 1776 sive
1231 1750 1350 1783 virtute,
1373 1750 1443 1785 quia
1464 1750 1563 1777 omnia
1581 1752 1689 1786 potest,
1709 1754 1736 1778 et

966 1795 1039 1822 nihil
1053 1795 1078 1822 ei
1095 1795 1207 1822 resistit.
1220 1797 1251 1822 Et
1266 1796 1285 1812 ¹⁶
1299 1805 1324 1822 :a
1335 1796 1475 1823 Videbitis
1490 1796 1593 1823 Filium
1608 1797 1735 1824 hominis

966 1842 1131 1869 venientem
1145 1850 1212 1869 cum
1225 1844 1366 1877 potestate
1380 1851 1488 1878 magna
1506 1845 1533 1870 et
1547 1844 1705 1878 majestate.
1718 1855 1732 1870 ›>

965 1890 1035 1915 Item
1049 1888 1136 1915 habet
1155 1891 1344 1924 potestatem,
1361 1889 1469 1916 scilicet
1482 1889 1571 1917 latam
1585 1890 1734 1917 immensi-

965 1937 1020 1962 tate
1033 1934 1051 1951 ¹⁷
1066 1943 1091 1961 2«
1104 1936 1171 1961 Data
1186 1936 1228 1961 est
1241 1935 1312 1961 mihi
1328 1935 1423 1962 omnis
1437 1938 1561 1970 potestas
1576 1936 1606 1962 in
1621 1936 1697 1964 coelo‘
1708 1939 1735 1964 et

965 1981 994 2007 in
1008 1983 1091 2007 terra.
1103 1990 1114 2005 n
1133 1982 1163 2007 Et
1178 1988 1239 2007 non
1254 1980 1351 2008 solum
1363 1981 1451 2008 habet
1461 1982 1632 2016 potestatem
1646 1989 1734 2017 super

965 2034 999 2053 ea
1037 2034 1101 2061 quae
1127 2028 1193 2053 sunt
1221 2027 1312 2060 entia,
1341 2027 1401 2054 imo
1429 2035 1517 2062 super
1544 2028 1635 2062 nihii,
1664 2028 1734 2063 quia

963 2074 1057 2107 potest
1070 2080 1166 2099 creare
1181 2072 1216 2099 de
1232 2072 1324 2100 nihilo
1336 2093 1344 2106 ,
1362 2075 1389 2100 et
1403 2081 1490 2108 super
1502 2075 1640 2106 mortem,
1665 2074 1734 2109 quia

963 2119 1057 2153 potest
1079 2118 1116 2145 de
1139 2120 1231 2145 morte
1257 2119 1426 2146 resuscitare
1449 2120 1469 2136 ¹⁵³
1489 2128 1494 2146 :
1518 2119 1601 2152 «Qui
1622 2119 1686 2147 vitae
1708 2122 1735 2148 et

964 2164 1065 2191 mortis
1092 2164 1180 2191 habet
1202 2166 1408 2199 potestatem.»
1438 2167 1507 2193 Item
1526 2165 1614 2193 habet
1640 2168 1734 2200 potes-

963 2212 1050 2237 tatem
1071 2210 1158 2237 Filius
1175 2210 1220 2236 Dei
1237 2211 1392 2238 aeternitate
1415 2210 1663 2238 interminabilem
1684 2212 1703 2228 ¹⁹
1725 2220 1732 2238 :

966 2265 979 2281 «
996 2257 1123 2283 Potestas
1151 2256 1228 2283 enim
1257 2257 1319 2290 ejus
1352 2258 1479 2291 potestas
1511 2256 1697 2292 sempiterna.
1717 2266 1730 2282 n

963 2302 1114 2337 Magnifica
1129 2310 1199 2336 ergo
1214 2310 1266 2329 sua
1285 2304 1412 2337 potestas
1428 2304 1454 2330 et
1468 2303 1607 2330 munifica
1621 2303 1652 2330 in
1665 2302 1731 2337 hoc,

963 2348 1045 2383 quod
1069 2348 1166 2383 posuit
1186 2348 1316 2375 animam
1330 2356 1431 2383 suam,
1449 2349 1558 2376 scilieet
1572 2350 1732 2385 spontanee

963 2397 990 2422 et
1011 2394 1171 2422 voluntarie
1195 2394 1225 2421 in
1250 2396 1354 2422 morte.
1386 2396 1417 2422 Ut
1440 2395 1519 2422 enim
1542 2395 1582 2422 ait
1600 2395 1732 2430 Augusti-

962 2475 1078 2506 Elymol„
1095 2475 1138 2499 lib.
1162 2476 1219 2505 xii,
1243 2484 1263 2499 c.
1286 2478 1307 2499 1.
1322 2489 1352 2493 -
1374 2475 1392 2492 ¹³
1412 2476 1539 2504 Ambros.,
1560 2477 1586 2499 z'n
1606 2476 1730 2506 Hexaem„

962 2511 1004 2534 111).
1018 2512 1058 2541 VI,
1073 2517 1181 2540 c.1v,1t.
1197 2511 1308 2534 :30.—lb
1325 2511 1392 2535 Psal.
1408 2517 1495 2541 Lxxv1,
1508 2511 1729 2540 2t.—·⁵1Pet1-.,

962 2552 992 2576 ιι,
1007 2548 1046 2570 25.
1064 2559 1089 2563 -—
1106 2547 1124 2562 ¹¹⁵
1140 2547 1206 2575 Luc„
1221 2553 1274 2577 xxi,
1290 2547 1327 2570 27.
1346 2559 1376 2563 —
1391 2547 1410 2563 ¹⁷
1425 2546 1524 2574 Mami„
1540 2551 1631 2575 xxvul,
1651 2547 1686 2569 18.
1700 2558 1730 2563 -—

963 2582 980 2598 11
995 2584 1062 2612 sap„
1080 2587 1131 2611 xvi,
1150 2583 1186 2604 13.
1201 2595 1231 2598 -
1245 2582 1264 2597 ¹⁴³
1280 2582 1353 2611 Dan„
1369 2587 1402 2611 iv,
1418 2583 1456 2605 31.

992 2631 1026 2660 (α)
1044 2630 1102 2654 Dele
1116 2630 1182 2661 quia.
1196 2643 1225 2648 -
1238 2629 1269 2659 (b)
1286 2630 1355 2654 Erlz't.
1375 2630 1429 2654 Ven.
1446 2636 1546 2660 magna.
