1987 3032
212 209 270 238 586
716 204 983 237 COLLATlONES
1008 204 1300 237 PRAEDICABILES

247 274 291 301 Ait
304 281 374 308 ergo
391 282 398 300 :
414 275 470 307 Εῃο
488 281 546 301 sum
559 275 624 300 vitis
638 281 709 300 vera.
730 273 801 299 Vitis
817 271 895 299 enim
910 270 981 299 dici-

212 322 268 353 tur,
284 328 320 347 eo
338 330 351 346 α
367 319 448 355 quod
463 322 518 347 vim
531 320 638 347 habeat
651 319 735 346 citius
749 317 918 352 radicandi;
934 318 981 345 vel

211 368 279 394 vites
303 366 453 400 dicuntur,
474 374 509 394 eo
535 366 617 402 quod
640 367 752 392 invicem
775 373 805 391 se
826 365 860 400 (ο)
883 364 981 392 innec-

212 414 289 446 tant,
305 423 318 438 »
336 413 375 440 ait
396 413 523 440 Isidorus
537 412 557 439 ¹.
574 412 654 439 Unde
672 411 738 438 vitis
757 411 848 438 habet
870 411 980 438 velocis

212 459 401 487 radicationis
415 458 642 491 virtuositatem,
658 460 685 486 et
699 460 807 485 mutum
822 457 983 485 connexio-

212 506 257 533 nis
277 506 312 542 (b)
331 508 429 533 natam
453 504 652 538 habilitatem,
677 506 704 531 et
727 504 765 531 ad
791 503 980 531 crescendum

213 553 242 580 et
263 552 302 579 ad
326 550 583 586 multiplicandum
607 558 706 578 ramos
733 550 873 586 inclytam
893 549 981 577 virtu-

213 600 291 630 tem,
306 599 333 624 et
346 597 455 624 fructus
477 597 537 624 sive
562 596 715 624 fertilitatis
738 595 979 623 fructuositatem.

213 645 246 670 Ut
268 643 344 670 enim
361 643 400 670 ait
414 644 522 670 Seneca
535 643 545 658 ²
562 652 568 670 z
588 653 601 668 «
616 642 734 678 Propria
759 643 849 670 virtus
871 642 900 668 in
922 642 979 669 vite

213 692 254 718 est
268 689 407 717 fertilitas.
424 698 437 714 »
455 691 487 716 Et
501 689 572 724 quia
590 689 648 716 hoc
671 689 700 715 in
727 688 839 716 Christo
860 688 980 716 homine

212 735 344 771 plenarie
354 757 362 770 ,
377 737 405 763 et
418 735 603 768 radicaliter,
620 737 647 762 et
667 734 825 762 efficienter
847 737 981 769 respectu

213 790 335 809 suorum
349 782 569 815 membrorum,
584 781 653 809 ideo
669 781 729 816 ipse
746 784 786 808 est
799 781 876 811 vitis,
894 783 981 816 prout

213 828 252 855 ait
274 828 450 862 Augustinus
465 828 475 844 ³
487 849 496 862 ,
518 827 599 863 quod
617 838 629 853 υ
652 827 744 854 factus
767 829 810 854 est
829 827 937 861 homo,
952 830 982 854 ut

213 875 243 902 in
267 883 302 902 eo
325 876 399 902 esset
419 875 484 902 vitis
503 875 634 902 humana
658 877 772 902 natura.
795 884 807 899 »
826 876 858 901 Et
873 874 909 901 de
926 874 982 901 hae.

213 921 270 948 vite
285 921 431 948 fructifera
444 920 454 936 ὅ
468 929 475 948 :
494 923 578 955 «Ego
592 921 677 956 quasi
691 920 756 947 vitis
770 920 951 948 fructificavi.
966 931 978 946 »

213 969 245 994 Et
258 967 289 994 in
300 966 396 1001 figura
409 967 418 983 ⁵
436 975 442 994 z
461 976 474 992 «
489 967 553 994 Vidi
573 974 674 994 coram
696 974 743 994 me
758 966 863 1000 vitem,
878 966 908 993 in
924 974 983 1002 qua

213 1013 275 1040 vidi
298 1015 354 1040 tres
371 1013 549 1048 propagines
574 1021 718 1046 crescere,
736 1012 846 1048 tulique
868 1020 941 1040 uvas
956 1016 985 1040 et

214 1059 342 1094 expressi
357 1059 387 1086 in
398 1059 535 1092 calicem,
548 1069 561 1084 η
575 1061 627 1086 etc.
644 1059 712 1086 vitis
721 1080 729 1093 ,
741 1060 822 1086 Jesus
835 1059 962 1086 Christus
976 1067 982 1086 :

214 1108 271 1133 tres
285 1105 463 1141 propagines
478 1106 593 1140 signant
609 1108 665 1132 tres
678 1107 797 1133 naturas
812 1106 842 1132 iu
856 1105 982 1140 christo,

214 1152 322 1179 scilicet
345 1154 480 1178 naturam
505 1151 652 1185 divinam,
668 1153 696 1178 et
719 1153 854 1178 naturam
879 1151 983 1179 huma-

214 1205 283 1225 nam
298 1197 513 1232 rationabilem,
527 1198 635 1225 seilicet
650 1197 789 1230 animam,
808 1199 835 1225 et
848 1201 984 1225 naturam

215 1244 400 1280 corporalem
417 1253 423 1270 :
442 1253 507 1280 quse
521 1244 673 1279 signantur
688 1252 740 1279 per
755 1244 808 1271 tria
822 1246 900 1278 sata,
917 1252 982 1279 quae

215 1290 330 1318 miscuit
343 1290 448 1318 mulier
461 1291 470 1307 ⁶
481 1311 490 1324 ,
505 1292 537 1317 ut
555 1290 674 1325 exponit
688 1290 851 1317 Bernardus
866 1291 875 1307 ⁷
898 1298 986 1325 super

215 1337 299 1364 illud.
317 1339 357 1364 Ex
371 1337 480 1372 quibus
495 1336 638 1371 colligens
651 1337 742 1363 homo
757 1336 870 1364 divinas
885 1336 984 1363 dulce-

216 1383 299 1410 dines
312 1385 339 1410 et
352 1383 482 1410 coelestes
496 1383 525 1410 in
546 1383 636 1410 calice
651 1383 842 1418 poenitentiae,
859 1383 984 1411 inebria-

215 1431 271 1462 tur,
287 1429 319 1456 id
334 1432 376 1456 est
395 1429 532 1457 evertitur
552 1429 584 1464 (c)
600 1430 638 1456 ab
659 1430 740 1456 omni
763 1430 895 1457 humana
919 1438 987 1457 con-

215 1476 368 1503 solatione.
394 1477 431 1503 De
455 1484 515 1511 quo
537 1476 626 1503 calice
648 1476 678 1502 in
704 1477 808 1503 Psalmo
822 1477 832 1492 ⁸
847 1485 854 1503 ε
871 1487 884 1501 ιι
905 1477 985 1504 Calix

216 1530 300 1549 meus
322 1521 471 1549 inebrians
491 1529 584 1556 quam
605 1521 761 1556 praeclarus
783 1523 824 1548 est
841 1524 847 1549 t
872 1533 883 1546 n
904 1523 986 1549 Istius

215 1568 281 1594 vitis
295 1567 430 1603 palmites
448 1570 515 1594 sunt
528 1567 631 1594 fideles
656 1567 766 1594 Christo
791 1568 962 1595 inhaerentes
976 1589 985 1602 ,

217 1615 244 1640 et
257 1613 425 1641 haurientes
439 1613 595 1641 humorem
611 1613 710 1647 gratiae
725 1622 742 1640 a
757 1614 878 1641 Christo.
893 1624 908 1639 a
923 1614 986 1641 Pal-

217 1667 280 1687 mes
301 1659 379 1686 enim
406 1659 472 1686 vitis
495 1661 537 1686 est
561 1659 683 1686 materia
706 1660 826 1694 mollis,
841 1660 911 1695 quia
933 1668 986 1695 per

215 1705 334 1733 novella
348 1705 470 1733 brachia
485 1705 607 1733 emissus
620 1706 653 1740 (d)
667 1705 750 1733 affert
763 1706 900 1740 fructum,
912 1717 924 1732 »
943 1715 986 1734 se-

216 1752 350 1779 cundum
364 1751 508 1779 Isidorum
521 1753 541 1778 ⁹.
559 1751 694 1778 palmites
709 1759 779 1786 ergo
795 1753 911 1787 signant
927 1761 986 1780 cre-

218 1798 330 1826 dentes.
351 1798 431 1825 Unde
456 1798 632 1833 Augustinus
649 1799 667 1814 '0
680 1798 727 1825 hic
745 1808 751 1825 :
766 1809 779 1824 «
796 1799 927 1826 l'almites
947 1800 986 1826 ita

216 1847 283 1872 sunt
305 1845 335 1872 in
349 1845 424 1879 vite,
440 1847 473 1871 ut
494 1844 545 1872 viti
565 1852 626 1872 non
650 1844 818 1878 conserant,
842 1845 894 1872 sed
917 1845 986 1873 inde

217 1891 377 1926 accipiant,
392 1890 472 1918 unde
494 1891 614 1918 vivant:
633 1891 671 1918 ila
689 1891 756 1918 vitis
776 1893 817 1918 est
836 1891 867 1918 in
882 1892 987 1927 palmi-

216 1937 308 1971 tibus,
326 1939 357 1964 ut
371 1937 457 1964 vitale
479 1937 651 1964 alimentum
675 1938 875 1965 subministret
898 1938 947 1965 eis.
971 1949 984 1963 »

217 1985 280 2010 Haec
295 1983 354 2010 ille.
369 1984 447 2011 Sicut
461 1991 532 2018 ergo
550 1984 684 2018 palmites
699 1992 734 2011 ex
754 1984 811 2012 vite
823 1985 988 2020 procedunt

217 2031 246 2056 et
263 2029 482 2056 indivisibiliter
503 2029 667 2064 adhaerent,
684 2032 711 2056 et
732 2038 768 2057 ex
791 2038 825 2058 ea
849 2031 988 2058 hauriunt

217 2076 373 2103 humorem
388 2075 526 2109 vitalem,
542 2078 569 2102 et
586 2076 655 2103 inde
677 2076 851 2104 fructificant
867 2086 872 2103 :
889 2077 929 2104 sic
945 2079 988 2104 est

218 2122 254 2149 de
270 2121 458 2149 credentibus
482 2122 512 2148 in
536 2122 666 2156 Christo,
687 2122 770 2157 quod
785 2130 820 2149 ex
835 2131 869 2150 eo
886 2123 988 2150 vivunt

219 2170 246 2195 et
260 2168 286 2195 ei
299 2168 462 2202 adhaerent,
476 2170 504 2195 et
519 2176 555 2195 ex
568 2176 602 2194 eo
623 2168 781 2195 humorem
801 2169 899 2203 gratiae
913 2169 987 2197 hau-

219 2214 311 2248 riunt,
328 2215 356 2241 et
370 2214 439 2241 inde
454 2213 631 2241 fructificant
645 2214 662 2229 ¹¹
681 2224 687 2241 z
707 2224 721 2239 «
736 2216 821 2242 Facta
834 2217 876 2242 est
890 2215 987 2249 vinea,

220 2262 247 2287 et
262 2260 448 2287 fructificavit
462 2261 491 2287 in
507 2260 652 2295 palmites.
667 2270 680 2286 »
701 2262 732 2288 In
744 2262 846 2288 Psalmo
855 2262 874 2279 ¹²
891 2270 918 2288 z«
933 2263 987 2288 Ex-

218 2306 310 2333 tendit
321 2306 457 2342 palmites
472 2314 540 2334 suos
554 2314 648 2342 usque
663 2307 702 2334 ad
720 2315 811 2334 mare.
827 2318 841 2333 »
858 2308 878 2324 ¹⁸
888 2317 901 2332 t(
915 2307 987 2335 Abs-

251 2388 257 2403 ¹
282 2388 350 2415 Isidi,
378 2388 496 2418 Elymol.,
528 2388 570 2411 lib.
596 2389 661 2412 xvi!
672 2407 678 2419 ‚
706 2396 727 2412 c.
753 2395 777 2412 v,
795 2403 824 2406 —
853 2391 862 2406 Ξ
887 2392 987 2420 Senem,

220 2424 301 2454 Epist.
318 2429 369 2452 xm,
382 2426 440 2453 post
454 2424 523 2447 med.
538 2437 564 2441 ——
580 2424 589 2440 ³
600 2426 675 2455 Aug,
691 2425 716 2447 in
730 2425 811 2453 joam,
824 2427 896 2448 tract.
911 2431 988 2456 Lxxx,

219 2465 244 2481 n.
262 2460 284 2481 1.
298 2471 329 2475 -
342 2458 352 2474 ¹·
367 2458 456 2486 Ecclt„
470 2465 539 2488 ΠΝ,
553 2460 592 2482 23.
606 2472 634 2476 -—
649 2460 659 2476 ⁵
673 2460 743 2487 Gen.¹
759 2465 802 2488 xL,
818 2462 840 2483 9.
853 2473 882 2477 —
897 2460 906 2476 Β
921 2461 988 2490 Luc„

221 2499 281 2521 xm,
298 2495 336 2516 21.
352 2505 380 2509 —
398 2494 405 2506 ⁷
422 2494 506 2523 Bern„
524 2494 553 2517 (le
569 2494 706 2523 Consider„
721 2495 763 2518 lib.
780 2495 810 2525 V,
826 2502 848 2518 e.
864 2501 890 2523 x,
906 2502 931 2518 n.
949 2497 988 2518 22.

220 2541 246 2544 —-
263 2527 273 2543 ⁸
288 2527 356 2552 Psal.
373 2533 428 2556 ni,
444 2530 466 2551 5.
482 2541 512 2545 —
527 2529 537 2544 ⁹
551 2529 619 2558 isid„
635 2530 755 2560 Elymum„
770 2529 813 2553 lii».
830 2530 908 2559 xvu,
925 2536 948 2553 c.
965 2536 987 2554 v.

218 2576 247 2580 —
269 2563 286 2579 '⁰
305 2565 379 2593 Aug„
394 2563 417 2586 1'11
435 2563 514 2590 Jomz..
531 2566 602 2587 tract.
619 2570 714 2594 mxxi,
729 2572 755 2587 ιι.
778 2567 796 2587 t.
814 2578 839 2581 -ι
859 2565 875 2580 1·
890 2564 988 2594 Εενο)ι.,

222 2604 285 2626 xvii,
300 2599 322 2621 6.
338 2611 367 2616 —
381 2598 399 2614 ¹²
410 2598 582 2628 Psal.1.xx1x,
602 2602 637 2622 12.
651 2612 682 2616 —-
697 2600 717 2616 ¹³
731 2600 817 2629 Num„
833 2606 892 2629 xui,
906 2601 944 2624 24.
959 2613 989 2618 —

227 2633 241 2646 ¹⁴
261 2634 334 2663 Aug,
348 2633 378 2656 de
397 2632 459 2656 verb.
479 2634 561 2662 Doni„
575 2641 650 2657 serm.
668 2640 720 2664 mx,
741 2635 772 2659 al.
789 2641 905 2664 Lxxxvu,
920 2642 946 2659 n.
969 2637 988 2658 1.

1035 271 1168 299 ciderunt
1182 271 1334 307 palmitem
1349 281 1416 300 cum
1432 281 1490 301 uva
1504 281 1565 301 sua.
1583 283 1596 299 n
1609 274 1696 307 Quod
1708 276 1803 310 potest

1036 319 1161 355 exponi,
1172 320 1219 346 vel
1234 319 1271 347 de
1286 320 1398 348 Christo
1412 320 1548 354 homine,
1559 320 1603 348 vel
1616 321 1653 348 de
1669 322 1802 356 quolibet

1036 366 1172 393 membro
1197 366 1267 400 ejus.
1285 367 1408 393 Istorum
1430 366 1585 401 palmitum
1609 367 1738 401 agricola
1761 370 1803 395 est

1036 413 1109 439 Deus
1133 413 1222 439 Pater.
1249 413 1281 438 L‘t
1303 412 1382 439 enirn
1405 412 1444 440 ait
1464 413 1639 447 Augustinus
1655 413 1673 430 ¹⁸
1691 422 1698 440 :
1719 423 1731 438 u
1747 415 1803 441 Nos

1036 458 1160 486 colimus
1174 460 1264 485 Deum
1279 458 1433 486 adorando
1446 468 1454 492 ;
1468 459 1530 494 ipse
1552 460 1621 487 colit
1642 468 1696 488 nos
1706 481 1717 494 ‚
1730 460 1804 488 sicut

1037 505 1168 539 agricola
1186 512 1308 540 agrum,
1322 516 1335 530 »
1353 505 1460 532 scilicet
1481 506 1587 533 nociva
1609 506 1801 541 extirpand03

1037 551 1073 578 de
1095 559 1161 578 rore
1186 551 1267 585 coeli,
1281 551 1312 578 id
1333 553 1389 585 est,
1406 551 1442 578 de
1468 552 1560 586 gratia
1578 552 1723 587 rigando;
1738 552 1804 588 pal-

1036 597 1121 624 mites
1143 597 1306 632 spirituales
1330 597 1504 624 mundando
1527 599 1555 624 et
1575 598 1751 633 purgando,
1772 600 1804 626 ut

1038 643 1143 670 dicitur
1166 643 1228 676 hic,
1253 643 1401 678 superflua
1426 643 1558 679 putando
1580 645 1609 670 et
1631 643 1804 672 abscinden-

1038 689 1088 716 do.
1106 690 1128 706 ¹⁵
1146 690 1228 716 «Ero
1243 689 1327 724 quasi
1349 696 1397 716 ros
1413 689 1516 723 lsrael,
1533 689 1711 724 germinabit
1732 689 1806 717 sicut

1036 735 1141 762 lilium.
1167 745 1179 761 »
1206 737 1237 762 Et
1257 735 1410 770 sequitur:
1437 746 1449 759 ιι
1464 735 1641 763 Germinavit
1658 736 1743 771 quasi
1764 735 1806 763 vi-

1037 789 1103 808 nea.
1119 791 1132 807 n
1151 782 1170 800 ¹⁶
1188 790 1201 806 α
1212 781 1260 808 Dei
1275 781 1454 816 agricultura
1473 782 1549 809 estis.
1565 792 1579 807 ι»
1605 783 1636 809 Et
1649 781 1780 817 sequitur
1796 790 1804 808 ε

1042 837 1055 852 «
1069 829 1169 863 Neque
1188 828 1237 863 qui
1258 827 1382 863 plantat,
1399 835 1494 863 neque
1510 828 1560 863 qui
1583 828 1674 863 rigat,
1691 829 1733 855 est
1752 827 1805 855 ali-

1039 873 1126 909 quid,
1149 873 1202 901 sed
1224 873 1275 909 qui
1302 873 1514 900 incrementum
1537 874 1587 901 dat
1610 875 1693 901 Deus.
1716 883 1730 900 n
1753 874 1806 902 Iste

1039 927 1110 955 ergo
1129 919 1259 953 agricola
1274 919 1428 954 palmitum
1454 921 1496 946 est
1517 922 1577 947 arte
1597 919 1712 947 colendi
1729 919 1806 955 peri-

1040 968 1100 999 tus,
1115 968 1157 993 est
1180 967 1319 1001 potestate
1342 965 1485 993 inssuendi
1508 968 1536 993 et
1557 965 1727 994 vivificandi
1741 965 1806 1000 pal-

1040 1012 1124 1040 mites
1139 1012 1302 1045 virtuosus,
1325 1014 1366 1038 est
1385 1011 1423 1039 ad
1447 1012 1606 1040 colendum
1624 1011 1808 1040 voluntarius

1040 1062 1067 1087 et
1078 1059 1207 1087 sedulus.
1224 1060 1253 1086 ln
1264 1059 1360 1093 figura
1374 1060 1447 1087 dixit
1461 1060 1500 1087 ad
1516 1059 1657 1087 cultorem
1665 1060 1757 1086 vineae
1767 1060 1787 1078 ¹⁷
1799 1068 1806 1086 :

1044 1116 1056 1130 «
1070 1108 1141 1133 Ecce
1156 1107 1213 1132 tres
1235 1105 1305 1133 anni
1326 1108 1402 1133 sunt.
1417 1116 1430 1132 »
1450 1108 1481 1134 Et
1495 1106 1627 1141 sequitur
1643 1114 1650 1132 :
1667 1115 1681 1131 «
1697 1105 1808 1132 Dimitte

1040 1152 1097 1179 hoc
1119 1159 1213 1184 anno,
1236 1151 1408 1187 usquedum
1431 1152 1543 1179 fodiam
1567 1154 1594 1179 et
1613 1151 1727 1179 mittam
1741 1153 1809 1179 ster-

1041 1207 1126 1233 cora,
1143 1200 1197 1226 etc.
1213 1199 1305 1233 Super
1317 1198 1399 1234 quod
1417 1199 1594 1233 Augustinus
1611 1199 1631 1215 ¹⁸
1647 1207 1654 1225 :
1674 1209 1687 1222 «ι
1702 1199 1808 1231 Fossa,

1041 1245 1124 1272 loeus
1138 1245 1308 1272 humilitatis
1324 1245 1355 1280 (e)
1373 1254 1380 1272 :
1396 1245 1540 1280 cophinus
1554 1244 1703 1278 stercoris,
1716 1243 1810 1278 lacry-

1042 1300 1097 1318 mae
1119 1291 1323 1326 poenitentium
1347 1290 1428 1326 (f).¹⁹
1450 1290 1548 1318 Fodite
1565 1290 1601 1326 (9)
1625 1289 1778 1325 parietem.
1794 1299 1807 1314 n

1044 1336 1065 1354 2⁰
1082 1347 1095 1362 «
1111 1337 1224 1371 Rigabo
1249 1345 1349 1364 meum
1375 1337 1513 1370 hortum,
1534 1346 1548 1362 »τ
1574 1338 1626 1364 etc.
1651 1338 1714 1364 Non
1738 1342 1808 1370 ergo

1042 1383 1150 1410 mirum
1165 1383 1188 1409 si
1202 1382 1346 1418 praedicta
1355 1382 1422 1410 vitis
1433 1382 1576 1417 germinet
1586 1382 1700 1410 bonum
1707 1380 1810 1408 vinum

1043 1430 1072 1457 in
1086 1429 1259 1465 palmitibus
1272 1429 1331 1456 suis
1346 1429 1365 1445 ²¹
1383 1438 1409 1456 :«
1424 1429 1528 1464 Ligans
1547 1429 1586 1456 ad
1605 1427 1724 1455 vineam
1745 1427 1811 1462 pul-

1042 1476 1104 1503 lum
1119 1483 1220 1508 suum,
1236 1477 1264 1502 et
1282 1475 1320 1502 ad
1339 1475 1429 1502 vitem
1444 1476 1557 1502 asinam
1579 1482 1679 1507 suam,
1699 1472 1812 1501 lavabit

1042 1522 1072 1548 iu
1087 1522 1156 1549 vino
1172 1522 1278 1548 stolam
1290 1530 1385 1555 suam,
1397 1532 1410 1547 n
1424 1523 1477 1549 ete.
1491 1523 1521 1548 Et
1532 1523 1573 1548 est
1583 1520 1678 1555 figura
1686 1520 1723 1548 de
1734 1519 1811 1548 Chri-

1043 1570 1086 1595 sto
1096 1589 1104 1601 ,
1118 1567 1170 1603 qui
1186 1567 1289 1602 ligavit
1303 1567 1454 1594 credentes
1469 1567 1525 1594 sibi
1539 1569 1566 1594 et
1580 1566 1725 1594 Ecclesiae.

1151 1667 1264 1694 Collatia
1282 1668 1562 1700 seoeaqesimaoctava,
1586 1673 1623 1693 xv
1635 1686 1643 1700 ,
1662 1666 1702 1692 ¹2.

1079 1753 1134 1779 Hoc
1161 1753 1324 1786 proeceptum
1347 1758 1448 1783 meum,
1471 1752 1502 1776 ut
1526 1750 1651 1783 diligatis
1677 1750 1810 1784 invicem,

1043 1800 1112 1825 sicut
1134 1798 1220 1824 dilexi
1239 1805 1292 1824 vos.
1312 1798 1343 1824 ln
1367 1796 1412 1823 his
1426 1796 1524 1823 verbis
1545 1795 1598 1823 tria
1611 1795 1811 1830 insinuantur,

1044 1852 1172 1880 quorum
1193 1843 1324 1878 primum
1345 1845 1387 1870 est
1411 1841 1547 1878 praecepti
1568 1841 1732 1869 dilectionis
1755 1842 1811 1869 [teo

1043 1889 1263 1926 appropriativa
1277 1888 1477 1923 singularitas,
1494 1888 1536 1915 ibi
1553 1897 1559 1915 ι
1576 1888 1631 1914 Hoc
1643 1890 1680 1914 est
1694 1895 1812 1922 praecep-

1044 1940 1099 1963 tum
1122 1944 1226 1968 weum3
1243 1935 1406 1963 secundum
1429 1936 1470 1961 est
1493 1933 1534 1961 rei
1556 1935 1708 1969 praeceptae
1727 1933 1812 1961 recti-

1042 1982 1135 2016 tudo,
1153 1982 1214 2009 sive
1236 1981 1356 2017 aequitas
1370 2002 1376 2012 ,
1393 1980 1434 2008 ibi
1451 1989 1457 2007 :
1478 1981 1510 2006 Ut
1533 1979 1659 2013 diligatis
1681 1981 1809 2013 invicem;

1043 2028 1159 2055 tertium
1183 2030 1225 2055 est
1247 2027 1331 2054 modi
1355 2025 1538 2061 adimplendi
1553 2026 1731 2060 praeceptum
1745 2033 1812 2061 per-

1043 2074 1224 2107 fectibilitas,
1241 2073 1282 2100 ibi
1299 2082 1305 2100 :
1321 2073 1395 2100 Sicut
1412 2072 1499 2099 dilexi
1512 2080 1565 2098 ros.

1080 2120 1123 2147 Ait
1138 2127 1209 2154 ergo
1223 2129 1229 2146 :
1246 2121 1301 2146 Hoc
1315 2121 1353 2146 est
1365 2121 1527 2153 praeceptum
1539 2125 1635 2144 meum.
1651 2116 1731 2144 Unde
1746 2117 1813 2144 Gre-

1044 2166 1145 2201 gorius
1159 2166 1180 2182 22
1196 2175 1222 2193 z«
1237 2165 1312 2198 Quid
1327 2167 1368 2192 est
1384 2164 1467 2199 quod
1483 2164 1519 2190 de
1536 2163 1692 2190 dilectione
1702 2183 1712 2196 ,
1727 2163 1812 2198 quasi

1045 2212 1081 2240 de
1105 2211 1247 2247 singulari
1268 2210 1409 2238 mandato
1432 2210 1573 2237 Dominus
1594 2209 1686 2236 dicit:
1705 2209 1760 2236 Hoc
1774 2211 1813 2236 est

1044 2262 1205 2295 praeceptum
1220 2266 1319 2291 meum,
1335 2259 1401 2290 etc.,
1416 2257 1470 2283 nisi
1486 2256 1556 2292 quia
1577 2264 1664 2284 omne
1685 2264 1814 2292 praecep—

1045 2310 1107 2334 tum
1122 2306 1158 2333 de
1171 2305 1235 2332 sola
1249 2304 1404 2331 dilectione
1419 2304 1484 2331 est?
1498 2314 1512 2329 »
1529 2304 1598 2330 Item
1612 2303 1672 2330 hoc
1686 2309 1813 2338 praeeep-

1049 2390 1075 2394 —
1092 2377 1112 2393 ¹⁵
1127 2377 1190 2405 Osa,
1207 2381 1258 2405 xiv,
1273 2377 1297 2402 6,
1313 2376 1336 2399 8.
1350 2388 1376 2392 -
1394 2375 1414 2391 ¹⁶
1430 2376 1436 2398 Ι
1455 2374 1582 2404 C01·.,1u,
1598 2374 1620 2403 9,
1634 2374 1658 2396 ·1.
1672 2386 1702 2390 —
1715 2372 1733 2389 ¹⁷
1747 2372 1812 2400 Luc„

1046 2418 1091 2442 vu,
1107 2413 1129 2435 8.
1144 2425 1170 2428 -
1191 2411 1210 2427 ¹⁸
1226 2412 1299 2440 Aug„
1315 2410 1344 2433 (Ie
1359 2409 1415 2433 verb
1442 2410 1503 2433 Dom
1515 2428 1521 2438 ,
1538 2416 1614 2432 serm.
1631 2413 1702 2435 xxxi,
1719 2407 1752 2431 al.
1771 2412 1812 2436 cx,

1046 2454 1071 2471 n.
1092 2447 1167 2469 t.—¹⁹
1177 2445 1272 2472 Ezech..
1284 2451 1341 2474 vui,
1352 2446 1408 2468 8.-
1418 2445 1439 2461 ⁹⁰
1450 2444 1620 2473 Eccli..xx1v,
1632 2444 1702 2466 42.—
1711 2442 1730 2458 ²¹
1741 2441 1812 2469 Geth,

1046 2488 1116 2508 ηις,
1134 2484 1170 2505 tt.
1184 2494 1210 2498 -
1227 2481 1249 2497 ²²
1261 2481 1386 2511 G1·eg.,in
1401 2480 1508 2510 Evanq„
1519 2479 1589 2502 hom.
1606 2483 1686 2506 xxvii,
1702 2484 1728 2500 n.
1746 2479 1767 2500 t.

1079 2530 1111 2560 (a)
1126 2529 1213 2560 Suppl.
1231 2529 1305 2553 vittis.
1322 2542 1348 2546 —
1365 2529 1398 2559 (ὁ)
1418 2530 1472 2559 ch.
1489 2526 1651 2551 connexioni.
1665 2539 1695 2543 —
1712 2526 1739 2554 (c)
1755 2525 1812 2556 bey.

1045 2566 1230 2588 avertitura—
1256 2564 1294 2593 (cl)
1319 2564 1379 2587 Coet.
1402 2563 1462 2586 edit.
1485 2562 1620 2586 immissus.
1634 2574 1665 2579 —
1688 2561 1717 2590 (e)
1743 2560 1811 2583 Edit.

1047 2601 1136 2623 Bened.
1153 2599 1253 2623 humilis
1268 2601 1342 2623 terra.
1362 2612 1393 2616 —
1408 2599 1441 2629 (f)
1463 2599 1524 2622 Item
1544 2597 1644 2621 dolores
1665 2595 1812 2627 peccatoris.

1047 2648 1077 2652 —
1093 2636 1131 2665 (9)
1146 2636 1205 2659 0021.
1222 2634 1281 2657 edit.
1297 2633 1356 2657 sodi.
