1987 3032
633 251 672 282 ΙΝ
697 249 782 282 CAP.
806 249 873 281 VIII
896 249 1033 280 SANCTI
1054 249 1231 281 JOANNIS.

137 322 251 348 montes
269 322 335 347 sunt
350 320 414 347 altae
434 318 704 353 contemplationes.
721 317 801 344 Unde
816 323 903 351 supra

137 366 168 393 in
182 366 279 400 figura
293 366 302 381 1
318 375 324 393 ε
343 375 357 391 «
371 367 452 393 Jesus
467 364 540 392 abiit
553 364 583 391 in
598 366 743 397 montem,
761 365 788 390 ct
803 362 844 389 ibi
859 370 904 389 se-

138 412 227 439 debat
241 420 309 439 cum
325 411 487 446 discipulis.
503 421 516 436 »
534 412 566 438 Et
580 410 632 437 iste
654 418 740 437 mons
761 411 801 436 est
819 416 904 435 mons

138 457 258 491 Oliveti,
287 457 396 484 scilicet
422 465 508 484 mons
536 457 718 490 fructuosus,
747 454 903 489 unguenti,

137 511 223 530 mons
237 503 414 536 chrismatis,
429 503 459 529 id
480 504 521 530 est
538 502 698 535 unctionis,
715 501 754 528 ait
769 500 904 535 Augusti--

137 556 193 576 nus
210 548 229 574 ².
253 550 262 565 ¹¹
282 559 295 573 «
312 550 393 576 Mons
411 549 489 576 enim
512 549 560 575 Dei
583 556 667 575 nions
685 547 820 582 pinguis,
837 556 849 571 n
867 546 906 572 ait

137 594 290 630 Propheta.
313 596 366 622 Per
387 595 483 622 oleum
505 594 583 622 enim
607 595 738 629 signatur
758 592 906 620 affluentia

138 640 237 675 gratiae
259 641 269 657 1
291 650 297 668 :
318 651 331 666 «
352 641 557 668 Desiderabilis
581 640 734 667 thesaurus
756 638 855 666 oleum
876 637 906 664 in

137 685 307 714 habitaculo
328 687 407 721 justi.
432 696 445 711 n
472 686 522 713 Vel
543 693 596 721 per
620 685 719 713 oleum
739 684 907 719 jucunditas

138 732 334 766 conscientiae,
355 733 392 760 de
414 740 473 768 qua
495 732 524 759 in
547 733 648 759 Psalmo
672 732 682 749 5
708 740 714 758 :
741 740 753 756 «
777 730 862 758 Unxit
880 731 907 756 te

139 779 214 805 Deus
239 778 306 805 oleo
330 778 443 805 laetitiae.
469 788 482 803 >i
507 778 558 804 Vel
582 785 634 813 per
659 777 758 805 oleum
781 776 908 803 suavitas

140 824 349 851 consolationis
368 824 475 851 divinae
496 825 506 840 ⁶
526 833 532 850 :
556 833 569 849 «
589 824 691 851 Oleum
711 823 835 850 effusum
857 830 908 849 no-

139 877 208 897 men
223 872 316 897 tuum.
332 880 345 895 »
364 872 396 897 Et
409 870 480 904 hoc,
497 870 566 905 quia
582 870 673 903 lucet,
689 869 797 904 pascit,
815 870 843 895 et
858 876 909 894 un-

139 917 190 951 git,
205 917 245 944 ait
258 917 299 944 ibi
314 917 477 944 Bernardus
487 918 506 943 ⁷.
524 918 556 943 Et
570 915 725 951 quodlibet
740 915 838 942 oleum
852 914 908 941 tale

138 963 285 990 invenitur
304 963 334 990 in
355 965 454 990 monte
473 961 729 997 contemplationis
741 962 751 977 ⁸
767 970 773 987 :
791 970 804 985 ι(
819 962 909 988 Intro-

140 1008 228 1039 ducet
254 1011 281 1036 te
305 1009 336 1036 in
363 1011 470 1036 terram
495 1009 624 1042 bonam3
651 1018 664 1033 »i
691 1009 718 1034 ct
745 1007 876 1042 sequitur
902 1015 908 1032 :

142 1057 286 1082 «Terram
308 1055 366 1082 olei
387 1056 415 1082 et
432 1055 536 1082 mellis.
558 1064 570 1080 »
590 1056 622 1082 Et
643 1053 800 1089 quoniam,
820 1054 851 1079 ut
872 1052 911 1079 ait

139 1101 316 1136 Augustinus
330 1103 352 1135 ⁹,
368 1111 381 1127 ει
395 1109 449 1128 nec
465 1102 505 1128 sic
520 1101 609 1128 debet
622 1109 683 1128 esse
699 1101 823 1136 quisquc
839 1100 910 1127 otio-

140 1154 204 1181 sus,
226 1149 259 1174 ut
279 1147 310 1174 in
332 1147 438 1174 eodem
464 1147 523 1174 otio
546 1146 699 1174 utilitatem
720 1154 780 1173 non
805 1146 912 1181 cogitet

140 1193 284 1228 proximi,
299 1201 354 1221 nec
369 1194 410 1220 sic
425 1195 571 1226 actuosus,
586 1195 618 1220 ut
632 1192 911 1228 contemplationem

141 1246 201 1266 non
215 1239 346 1274 requirat
361 1239 425 1273 Dei3
443 1250 454 1263 ›=
472 1239 540 1266 ideo
563 1239 593 1265 in
614 1238 710 1272 figura
728 1238 854 1265 Christws
875 1238 910 1265 de

142 1287 240 1312 monte
258 1285 418 1319 descendit,
433 1287 461 1312 et
476 1285 606 1311 diluculo
621 1285 702 1311 venit
713 1284 743 1311 in
758 1284 911 1318 templum.

142 1330 181 1358 ad
200 1330 421 1358 instructionem
440 1331 611 1364 doctorum,
626 1332 658 1357 ut
674 1330 709 1357 de
725 1332 824 1357 monte
841 1338 911 1356 con-

141 1376 339 1412 templationis
348 1376 528 1404 descendant
538 1376 577 1403 ad
586 1376 835 1411 dispensationem
842 1383 914 1410 pree-

142 1422 390 1450 dicationis.Unde
404 1424 432 1449 et
441 1422 568 1450 Christus
583 1422 687 1449 dicbus
701 1423 762 1449 erat
774 1422 912 1448 ¹⁰docens

142 1469 173 1495 in
187 1469 307 1504 templo,
317 1471 345 1496 et
355 1469 385 1496 in
398 1469 533 1496 noctibus
546 1469 565 1486 ¹¹
576 1469 747 1496 morabatur
759 1468 789 1494 in
802 1468 910 1494 monte.

143 1517 175 1542 Et
190 1515 227 1543 de
241 1515 298 1543 hoc
317 1516 393 1543 bene
412 1515 583 1549 Gregorius,
600 1514 724 1550 qualiter
738 1514 865 1542 Christus
884 1513 913 1540 in

143 1562 243 1597 monte
259 1561 380 1595 orabat,
395 1562 423 1587 et
437 1561 467 1587 in
488 1560 653 1587 civitatibus
672 1559 813 1587 miracula
828 1559 914 1586 facie-

142 1607 202 1635 bat.
219 1609 251 1634 Et
264 1607 296 1634 in
309 1607 366 1634 hoc
381 1606 548 1641 exemplum
565 1606 719 1634 doctorum
735 1608 762 1633 et
776 1606 914 1641 praedioa-

144 1655 251 1681 torum.
261 1652 282 1670 ¹²
297 1663 312 1678 «
325 1655 378 1680 Per
391 1652 541 1681 somnium
556 1653 585 1679 in
601 1652 713 1679 visione
728 1654 881 1679 nocturna.
899 1662 912 1677 »

144 1699 187 1725 lbi
207 1699 362 1733 Gregorius
378 1699 400 1715 ¹³
417 1698 549 1725 similiter
571 1698 605 1724 de
629 1698 695 1725 hoc.
720 1699 751 1724 Et
773 1697 914 1732 quoniam

145 1744 272 1772 Christus
294 1744 421 1772 docebat
442 1743 654 1777 ordinabiliter,
672 1743 738 1770 idco
759 1743 911 1778 sequitur:

145 1790 242 1818 Sedens
254 1791 361 1818 docebat
373 1798 424 1822 eos,
439 1789 548 1816 scilieet
559 1788 720 1824 magistrali
733 1789 914 1822 auctoritate,

142 1836 276 1870 judiciali
295 1838 447 1872 potestate.
466 1835 600 1863 «Sedere
621 1835 700 1862 enim
720 1836 762 1862 est
779 1835 914 1869 judican-

146 1882 191 1916 tis,
200 1893 214 1908 »
228 1882 268 1910 ait
279 1882 433 1917 Gregorius
447 1883 476 1908 ¹⁵.
492 1884 561 1910 Item
573 1881 699 1908 docebat
713 1881 743 1908 in
756 1880 915 1916 tranquilla

145 1928 253 1964 quiete.
270 1938 284 1954 «
298 1928 403 1956 Sedere
415 1928 494 1955 enim
509 1930 551 1954 est
565 1927 749 1962 quiescentis,
766 1937 778 1953 »
795 1927 835 1954 ait
849 1928 915 1954 Gre-

145 1974 256 2008 gorius.
277 1975 296 1991 ¹⁵
318 1975 414 2002 «Cum
429 1973 566 2007 sedisset,
587 1975 770 2000 accesserunt
788 1973 826 2000 ad
848 1980 915 1999 eum

146 2020 282 2055 discipuli
296 2021 369 2055 eJus.
385 2030 398 2046 »
413 2021 446 2047 Et
460 2020 552 2047 sedens
565 2019 672 2046 docebat
685 2027 733 2046 eos.
751 2020 781 2046 In
795 2018 915 2054 praedic-

146 2066 181 2093 tis
206 2074 277 2094 vero
304 2065 397 2093 tribus
425 2065 562 2100 discipuli
589 2065 690 2092 Christi
716 2064 824 2092 debent
846 2072 914 2092 eum

147 2112 265 2139 imitari.

235 2215 349 2241 collatio
368 2213 678 2248 quad⁷·a9esimaprima‚
700 2219 762 2244 vni,
785 2213 825 2237 ¹2.

183 2298 237 2331 qu
252 2305 310 2324 sum
324 2298 371 2324 luoe
389 2296 484 2323 mundi
497 2305 504 2321 :
521 2297 568 2330 qud
583 2297 702 2330 sequitur
717 2303 772 2328 mc,
794 2302 846 2321 ηοη
860 2303 916 2322 am-

148 2344 222 2370 bulat
246 2345 275 2370 in
299 2343 429 2376 tenebris,
450 2342 495 2369 sed
520 2342 623 2368 habebit
644 2342 732 2368 lumen
762 2342 840 2375 vitai,
861 2342 914 2367 etc.

148 2389 293 2422 Quoniam
312 2388 399 2416 Filius
421 2387 470 2415 Dei
491 2387 570 2415 venit
589 2387 620 2414 in
640 2387 801 2420 mundum,
821 2388 852 2414 ut
870 2386 917 2414 via

180 2462 188 2477 ¹
203 2461 284 2490 loun„
295 2465 330 2489 νι,
345 2460 366 2483 3.
378 2472 409 2476 -
421 2458 431 2474 ²
444 2459 554 2489 Aug.‚1'n
566 2459 730 2487 Joan.,t1act.
745 2463 806 2481 xxxi
821 2464 836 2487 i,
853 2464 879 2481 n.
894 2459 916 2483 3,

149 2509 179 2513 -
199 2495 209 2511 ³
230 2495 298 2520 Psal.
320 2501 403 2523 Lxx-11,
424 2496 460 2518 16.
475 2507 506 2511 -
520 2494 530 2510 ⁶
545 2494 626 2523 Pron„
650 2499 709 2521 xxi,
729 2495 767 2517 20.
783 2506 812 2510 —-
827 2493 836 2509 ⁵
852 2493 916 2516 Psal.

149 2536 223 2560 xmv,
247 2532 270 2554 8.
294 2543 325 2547 —
350 2530 359 2544 ⁶
382 2529 466 2558 Cane.¹
489 2535 510 2559 1,
537 2532 558 2552 1.
581 2542 611 2546 -
640 2529 646 2543 ⁷
673 2529 757 2557 [16111.1
784 2528 807 2550 in
835 2528 917 2557 Cant.y

150 2572 225 2588 serm.
242 2571 284 2594 Χν,
300 2567 357 2596 post
370 2564 437 2588 med.
453 2577 484 2581 —
497 2564 505 2577 '¹
522 2564 605 2593 Dent„
621 2569 676 2593 vni,
694 2564 718 2593 7,
733 2565 755 2587 8.
772 2575 796 2579 —
814 2563 824 2578 ⁹
843 2564 916 2593 Aug„

149 2599 179 2624 de
193 2600 268 2624 Civit.
283 2600 342 2630 Dei,
356 2600 399 2623 lib.
414 2600 479 2629 XIX,
494 2606 518 2622 c.
533 2605 588 2622 xix.
606 2611 631 2615 —
650 2599 670 2615 ¹⁰
685 2599 751 2628 Luc„
767 2603 821 2628 xxx,
837 2599 875 2621 [οἵ.
889 2611 918 2615 -

150 2636 169 2652 ¹¹
184 2636 250 2664 Luc„
276 2641 314 2665 vl,
335 2637 373 2659 12.
395 2648 421 2652 —
441 2635 460 2651 ¹²
480 2634 539 2665 1ηὸ,
560 2639 656 2664 xxxiii,
682 2635 718 2657 15.
737 2646 767 2650 —
791 2633 809 2649 ¹³
832 2634 916 2663 Greg.‚

150 2671 254 2702 Mor-al„
266 2671 309 2696 lib.
325 2672 417 2700 xxm,
431 2678 454 2695 c.
475 2676 522 2698 xii,
537 2670 570 2694 ai.
588 2676 636 2700 xx,
654 2676 678 2692 n.
695 2671 733 2693 38.
751 2682 781 2687 -
796 2669 814 2685 11
832 2669 918 2699 Greg..

289 2724 364 2747 Tou.
386 2724 431 2746 XI.

1667 253 1720 282 561

957 316 995 343 ad
1011 316 1219 343 deducendum
1235 316 1334 343 exules
1351 318 1378 343 et
1395 316 1512 351 devi05‚
1527 320 1555 344 ct
1572 320 1602 345 ut
1621 318 1725 345 veritas

958 361 994 389 ad
1017 362 1245 389 illuminandum
1266 370 1371 396 caecos,
1392 364 1420 388 et
1440 364 1471 389 ut
1490 363 1549 390 vita
1571 363 1609 390 ad
1628 364 1723 391 vivifi-

958 408 1084 434 candum
1109 411 1256 442 mortuos,
1276 409 1344 436 ideo
1368 409 1398 436 111
1419 409 1464 436 his
1485 409 1582 436 verbis
1600 412 1726 445 quatuor

958 454 1142 481 insinuantur
1158 464 1163 481 ε
1181 463 1308 490 quorum
1327 455 1456 491 primum
1475 457 1517 482 est
1535 456 1597 483 Filii
1616 457 1664 483 Dei
1686 457 1725 483 ad

958 500 1095 535 praedicta
1109 501 1285 535 complenda
1295 502 1467 536 potestativa
1477 502 1653 535 virtuositas,
1666 501 1707 529 ibi
1718 511 1724 529 :

959 547 1014 579 Eyo
1026 554 1082 573 sum
1096 548 1143 573 lum
1155 547 1265 581 mmzdz'3
1283 548 1445 574 secundum
1460 550 1502 574 est
1514 547 1647 575 imitandi
1658 555 1727 575 eum

960 592 1059 619 debita
1081 593 1176 619 forma
1196 593 1244 620 vel
1268 593 1408 628 qualitas,
1434 593 1475 621 ibi
1497 603 1503 620 :
1531 594 1585 626 Qui
1607 596 1728 628 sequitur

959 647 1017 669 me,·
1034 639 1148 666 tertium
1164 641 1205 666 est
1219 639 1358 666 imitantis
1373 639 1520 667 fructuosa
1534 639 1728 668 commoditas

961 692 995 711 ex
1011 684 1157 711 ablatione
1172 685 1253 719 mali,
1269 685 1310 711 ibi
1326 695 1333 711 .-
1346 687 1407 713 Non
1422 686 1540 713 ambulat
1553 687 1582 712 in
1597 686 1725 719 tenebris3

961 732 1098 764 quartum
1122 732 1163 757 est
1185 730 1342 758 ineffabilis
1364 731 1558 759 commoditas
1579 740 1615 759 ex
1636 732 1729 767 adep-

961 777 1038 804 tione
1053 777 1134 805 boni,
1152 777 1193 804 ibi
1209 786 1215 804 ε
1233 778 1285 805 Sed
1300 779 1406 805 habebit
1423 780 1509 806 lumen
1523 780 1596 806 vitoe.

997 824 1040 851 Ait
1057 831 1126 857 ergo
1144 833 1150 850 z
1168 826 1222 857 qu
1237 832 1295 851 sum
1312 825 1358 851 Iuae
1373 825 1480 856 mundi,
1498 825 1605 852 scilicet
1619 825 1728 852 illumi·

961 877 1034 897 nans
1049 870 1078 896 in
1094 869 1239 896 intellectu
1249 891 1256 903 ‚
1273 872 1300 897 et
1314 870 1365 897 lux
1380 870 1512 898 reficiens
1526 871 1728 898 indefectibili-

962 918 1003 943 ter
1018 916 1047 942 in
1062 915 1182 949 aflectu,
1200 917 1227 942 et
1246 916 1297 942 lux
1316 916 1483 944 confortans
1498 919 1525 944 et
1538 917 1659 944 firmans
1672 917 1729 944 vir-

963 962 1075 990 tualiter
1095 963 1125 989 in
1143 964 1218 989 statu
1239 965 1265 989 ct
1283 965 1347 990 actu
1365 972 1371 990 ;
1391 964 1501 998 «Apud
1523 966 1547 990 16
1563 963 1641 990 enim
1655 964 1674 979 ¹⁸
1690 965 1731 991 est

962 1008 1028 1035 fons
1041 1008 1118 1042 vitae,
1135 1010 1161 1035 et
1175 1008 1205 1035 in
1220 1008 1331 1036 lumine
1346 1011 1396 1036 tuo
1410 1009 1577 1036 videbimus
1590 1009 1701 1036 lumen.
1715 1019 1728 1035 »

963 1055 1054 1089 Super
1075 1054 1154 1089 quod
1174 1055 1351 1088 Augustinus
1365 1055 1384 1070 ¹¹
1402 1063 1407 1081 :
1428 1065 1440 1080 (ι
1461 1055 1546 1088 Quod
1564 1055 1665 1082 lumen
1680 1056 1731 1088 est,

962 1099 1019 1127 hoc
1036 1102 1078 1127 est
1092 1099 1155 1127 fons
1172 1109 1178 1127 :
1197 1101 1246 1135 qui
1262 1101 1314 1128 tibi
1333 1101 1410 1128 lucet
1429 1103 1459 1128 ut
1474 1101 1588 1136 videas,
1603 1101 1664 1136 ipse
1679 1101 1732 1129 tibi

963 1148 1063 1172 manat
1075 1147 1105 1172 ut
1120 1146 1215 1173 bibas.
1231 1156 1244 1171 >³
1263 1147 1283 1163 ¹⁸
1301 1156 1314 1171 «
1330 1147 1415 1173 Dulce
1431 1147 1509 1174 enim
1524 1147 1625 1174 lumen
1640 1149 1667 1174 et
1682 1147 1733 1174 de-

964 1191 1098 1218 lectabile
1123 1192 1215 1219 oculis
1234 1192 1334 1219 videre
1358 1192 1460 1219 solem.
1483 1193 1581 1226 »Quia
1601 1201 1670 1228 ergo
1686 1193 1734 1220 lu-

965 1246 1049 1271 men,
1066 1238 1191 1265 illustrat
1205 1238 1235 1265 in
1251 1238 1414 1272 intellectu3
1432 1241 1459 1266 et
1474 1239 1543 1274 quia
1557 1239 1635 1272 sone,
1651 1239 1735 1267 satiat

965 1284 995 1310 in
1011 1284 1132 1318 affectu3
1150 1286 1176 1311 et
1191 1284 1260 1319 quia
1281 1285 1346 1311 fons
1360 1285 1439 1318 vitae,
1460 1284 1581 1312 roborat
1597 1287 1624 1312 et
1638 1285 1735 1312 firmat

966 1330 995 1356 in
1014 1332 1098 1357 statu.
1121 1332 1152 1357 Et
1174 1330 1210 1357 dc
1230 1330 1284 1357 hac
1305 1330 1385 1364 luce,
1401 1339 1490 1366 supra
1506 1332 1525 1347 ¹⁹
1542 1340 1549 1358 ι
1569 1341 1582 1356 «
1601 1333 1666 1359 Erat
1685 1331 1736 1359 lux

966 1384 1045 1403 vera.
1062 1386 1074 1401 >i
1094 1378 1125 1403 Et
1140 1373 1227 1411 supra
1242 1377 1262 1392 2⁰
1279 1385 1286 1403 ε
1308 1386 1320 1401 ι(
1334 1378 1394 1404 Lux
1410 1377 1487 1404 venit
1501 1377 1531 1403 in
1548 1377 1702 1404 mundum.
1719 1388 1732 1402 η

967 1425 1052 1451 istam
1071 1423 1166 1450 lucem
1190 1423 1279 1450 debet
1302 1424 1424 1459 quilibet
1447 1424 1543 1451 fidelis
1566 1424 1650 1460 sequi
1672 1424 1736 1451 imi-

967 1469 1058 1496 tando
1075 1478 1082 1495 z
1101 1479 1113 1494 «
1129 1469 1211 1504 sequi
1228 1470 1304 1496 enim
1324 1471 1366 1497 est
1384 1470 1504 1504 imitari,
1520 1480 1534 1496 »
1551 1471 1590 1498 ait
1604 1471 1737 1506 Augusti-

968 1523 1023 1542 nus
1040 1516 1070 1542 ‘²¹.
1097 1517 1127 1542 Et
1147 1516 1209 1542 hcec
1232 1517 1273 1542 est
1298 1523 1414 1542 summa
1436 1516 1660 1544 honorificentia
1682 1516 1703 1531 ²²
1727 1525 1734 1544 z

971 1570 984 1586 «
1007 1563 1110 1595 Magna
1134 1561 1229 1593 gloria
1253 1561 1336 1596 sequi
1358 1562 1522 1589 Dominum.
1547 1572 1560 1588 >)
1585 1562 1635 1590 llle
1659 1563 1737 1590 enim

968 1607 1099 1642 sequitur
1115 1607 1259 1634 Christum
1276 1607 1387 1641 lucem,
1403 1608 1453 1643 qui
1473 1608 1511 1635 ab
1531 1608 1643 1636 eisdem
1662 1617 1739 1636 rece-

970 1653 1026 1686 dit,
1049 1660 1066 1679 a
1085 1652 1193 1687 quibus
1214 1653 1355 1687 Christus,
1378 1656 1405 1680 et
1426 1654 1536 1681 eisdem
1554 1654 1609 1681 viis
1629 1655 1738 1682 incedit

970 1707 1036 1725 cum
1052 1698 1173 1732 Christo,
1189 1700 1216 1725 et
1230 1699 1269 1726 ad
1283 1699 1364 1726 idem
1378 1700 1489 1727 accedit
1500 1700 1539 1727 ad
1552 1700 1634 1735 quod
1646 1701 1737 1728 Chris-

969 1746 1023 1772 tus.
1043 1743 1064 1761 1)
1090 1744 1185 1777 «Quis
1207 1746 1249 1771 est
1270 1745 1360 1772 homo
1382 1746 1413 1772 ut
1436 1748 1573 1781 sequatur
1596 1746 1737 1774 factorem

970 1792 1078 1817 suum?
1095 1799 1107 1815 »
1124 1790 1165 1817 ibi
1180 1791 1261 1825 Hugo
1279 1790 1300 1807 2¹
1315 1800 1321 1817 z
1343 1800 1356 1817 «
1373 1791 1423 1818 llle
1442 1792 1573 1827 sequitur
1585 1791 1736 1826 factorem,

970 1836 1021 1871 qui
1040 1836 1132 1863 tendit
1152 1836 1190 1863 ad
1213 1836 1295 1871 quod
1315 1836 1464 1872 dirigitur3
1481 1838 1532 1873 qui
1553 1837 1667 1866 festinat
1686 1847 1736 1866 ve-

970 1882 1043 1915 nire,
1059 1890 1118 1917 quo
1133 1882 1283 1916 invitatum
1300 1882 1350 1917 qui
1363 1882 1476 1917 legibus
1491 1883 1566 1910 bene
1580 1884 1736 1919 przesiden-

970 1928 1004 1955 tis
1020 1928 1216 1962 obtemperat3
1234 1928 1285 1963 qui
1297 1928 1426 1962 jubentis
1444 1929 1568 1964 imperio
1583 1930 1622 1957 ad
1637 1931 1738 1959 omnia

970 1976 1132 2010 spontanea
1158 1974 1307 2001 voluntate
1333 1983 1362 2001 se
1391 1974 1519 2002 inclinat.
1545 1985 1557 2002 »
1585 1977 1647 2004 Haec
1675 1977 1735 2004 ille.

971 2020 1046 2047 Infra
1062 2021 1082 2037 ‘2³
1100 2029 1126 2047 :«
1141 2020 1194 2052 Qui
1208 2019 1339 2055 sequitur
1353 2028 1415 2054 me,
1431 2029 1492 2048 non
1506 2021 1638 2049 ambulat
1651 2022 1681 2049 in
1696 2024 1736 2050 te-

970 2067 1079 2094 nebris.
1094 2076 1107 2092 »
1124 2066 1165 2093 11›i
1181 2066 1218 2093 de
1231 2066 1297 2094 hoc.
1316 2068 1347 2093 Et
1360 2066 1400 2093 sic
1418 2075 1543 2103 sequens
1557 2076 1618 2095 non
1633 2068 1737 2096 ambu-

970 2112 1011 2140 lat
1024 2112 1054 2139 in
1069 2112 1204 2139 tenebris.
1223 2113 1253 2139 Et
1267 2112 1323 2139 hoc
1338 2112 1453 2147 merito,
1465 2113 1535 2148 quia
1547 2114 1566 2130 ¹⁹
1581 2123 1607 2140 ει(
1620 2116 1681 2150 Ipse
1695 2118 1739 2143 est

971 2158 1021 2185 lux
1041 2166 1125 2192 vera,
1147 2166 1211 2193 quae
1230 2157 1376 2186 illuminat
1394 2166 1514 2187 omnem
1532 2159 1701 2194 hominem,
1719 2170 1735 2187 »

971 2210 1076 2238 suprag
1097 2210 1151 2230 nec
1172 2202 1201 2229 in
1224 2202 1364 2236 tenebris,
1390 2203 1527 2239 inquam,
1551 2205 1670 2239 erroris,
1688 2213 1737 2232 ex-

972 2249 1103 2276 caeoantis
1129 2248 1324 2282 intellectum,
1346 2257 1400 2284 pro
1425 2250 1533 2285 quibus
1556 2251 1738 2286 expellendis

973 2297 1036 2322 orat
1049 2294 1191 2330 Propheta
1207 2295 1236 2321 in
1251 2296 1356 2322 Psalmo
1370 2294 1391 2312 ²⁶
1413 2304 1419 2322 ε
1437 2305 1450 2321 «
1465 2297 1538 2323 Deus
1552 2305 1650 2332 meus,
1670 2297 1737 2325 illu-

972 2342 1052 2368 mina
1073 2341 1207 2368 tenebras
1230 2349 1319 2368 meas*
1341 2351 1354 2367 »
1373 2343 1429 2368 Nec
1449 2341 1480 2368 in
1504 2342 1631 2370 tenebris
1653 2343 1738 2371 malae

972 2387 1132 2415 affectionis
1147 2387 1347 2414 deordinantis
1366 2387 1502 2415 affectum
1514 2387 1535 2405 ²⁷
1551 2397 1558 2415 ε
1576 2398 1590 2414 <‹
1603 2389 1738 2417 Tenebrae

974 2459 998 2481 r'n
1015 2459 1119 2489 Iivnny„
1139 2458 1205 2481 honi.
1230 2464 1308 2488 xxix,
1330 2465 1354 2481 n.
1379 2459 1401 2481 7.
1419 2471 1449 2476 —
1467 2460 1485 2476 '⁵
1503 2459 1604 2489 Mami.y
1627 2466 1650 2490 v,
1672 2463 1692 2484 1.
1709 2474 1738 2479 —-

974 2494 993 2510 16
1007 2494 1076 2517 wal.
1099 2499 1174 2521 xxxv,
1196 2497 1231 2517 Η).
1251 2507 1281 2510 -
1302 2494 1316 2507 '⁷
1331 2494 1406 2523 Aug„
1422 2495 1447 2517 in
1461 2494 1542 2524 Joan„
1561 2497 1633 2519 tract.
1649 2502 1737 2527 xxxiv,

973 2536 998 2553 n.
1014 2530 1035 2552 ὅ.
1055 2542 1079 2545 --
1101 2529 1119 2544 '⁸
1134 2528 1223 2558 Eccle.,
1239 2535 1275 2558 xi,
1290 2530 1312 2552 7.
1327 2542 1356 2546 -—-
1373 2529 1392 2545 ¹⁸
1406 2529 1486 2559 Jotm„
1504 2536 1522 2560 Ι,
1538 2532 1561 2554 9.
1575 2544 1606 2548 —-
1620 2532 1641 2548 ²⁰
1656 2532 1736 2562 Joczu„

974 2570 1015 2593 111,
1034 2565 1069 2587 19.
1085 2576 1116 2581 —-
1135 2564 1152 2577 ²¹
1171 2564 1284 2593 August„
1304 2563 1333 2586 (Ie
1355 2563 1472 2593 Vir-qiua.
1489 2564 1582 2595 Senot„
1603 2572 1628 2589 n.
1649 2567 1686 2589 27.
1707 2579 1737 2583 —

973 2599 994 2615 ¹¹
1007 2598 1095 2626 ticeli„
1111 2604 1187 2627 xxiii,
1199 2601 1237 2622 30¹.
1255 2611 1281 2614 —-
1296 2599 1316 2614 ‘²³
1332 2598 1423 2624 Eccle..
1444 2605 1473 2628 11,
1489 2602 1525 2623 12.
1540 2613 1571 2617 —
1585 2601 1605 2616 ²⁵
1619 2601 1695 2632 Hug,
1712 2602 1737 2624 in

975 2633 1075 2661 Eccles.‚
1096 2634 1165 2657 honi.
1188 2639 1219 2663 x,
1238 2634 1294 2664 post
1313 2634 1380 2657 med.
1402 2646 1431 2652 —
1451 2634 1470 2651 ²⁶
1485 2635 1564 2663 Joan„
1580 2641 1640 2665 vm,
1656 2638 1693 2660 11.
1709 2649 1737 2654 -

974 2669 992 2683 ²⁶
1006 2668 1078 2691 Psal.
1093 2674 1158 2698 xvii,
1173 2670 1243 2692 32.—
1261 2669 1279 2683 ¹⁷
1293 2668 1299 2691 Ι
1313 2669 1394 2699 Joan„
1410 2674 1439 2698 11,
1452 2671 1474 2692 8.

1563 2716 1600 2745 36
