<?xml version="1.0" encoding="UTF-8"?>
<!DOCTYPE html PUBLIC "-//W3C//DTD XHTML 1.0 Transitional//EN"
    "http://www.w3.org/TR/xhtml1/DTD/xhtml1-transitional.dtd">
<html xmlns="http://www.w3.org/1999/xhtml" xml:lang="en" lang="en">
 <head>
  <title>
</title>
<meta http-equiv="Content-Type" content="text/html;charset=utf-8" />
  <meta name='ocr-system' content='tesseract 3.04.00' />
  <meta name='ocr-capabilities' content='ocr_page ocr_carea ocr_par ocr_line ocrx_word'/>
</head>
<body>
  <div class='ocr_page' id='page_1' title='image "./operaomniasixtiv11bonauoft/operaomniasixtiv11bonauoft_0053.png"; bbox 0 0 1987 3032; ppageno 0'>
   <div class='ocr_carea' id='block_1_1' title="bbox 18 2184 122 2239">
    <p class='ocr_par' dir='ltr' id='par_1_1' title="bbox 18 2184 122 2239">
     <span class='ocr_line' id='line_1_1' title="bbox 45 2184 122 2210; baseline 0.013 -7"><span class='ocrx_word' id='word_1_1' title='bbox 45 2184 122 2210; x_wconf 75' lang='lat' dir='ltr'>AEsopi</span> 
     </span>
     <span class='ocr_line' id='line_1_2' title="bbox 18 2217 117 2239; baseline -0.02 0"><span class='ocrx_word' id='word_1_2' title='bbox 18 2217 117 2239; x_wconf 77' lang='lat' dir='ltr'>eoi-uicu-</span> 
     </span>
    </p>
   </div>
   <div class='ocr_carea' id='block_1_2' title="bbox 675 204 1721 238">
    <p class='ocr_par' dir='ltr' id='par_1_2' title="bbox 675 204 1721 238">
     <span class='ocr_line' id='line_1_3' title="bbox 675 204 1721 238; baseline -0.001 0"><span class='ocrx_word' id='word_1_3' title='bbox 675 204 879 238; x_wconf 87' lang='lat' dir='ltr'>EXPOSITIO</span> <span class='ocrx_word' id='word_1_4' title='bbox 902 205 941 237; x_wconf 94' lang='lat' dir='ltr'>IN</span> <span class='ocrx_word' id='word_1_5' title='bbox 963 205 1049 237; x_wconf 76' lang='lat' dir='ltr'><strong>CAP.</strong></span> <span class='ocrx_word' id='word_1_6' title='bbox 1072 204 1148 237; x_wconf 83' lang='lat' dir='ltr'>XVI.</span> <span class='ocrx_word' id='word_1_7' title='bbox 1684 208 1721 237; x_wconf 86' lang='lat'>39</span> 
     </span>
    </p>
   </div>
   <div class='ocr_carea' id='block_1_3' title="bbox 129 272 908 2535">
    <p class='ocr_par' dir='ltr' id='par_1_3' title="bbox 129 272 906 2366">
     <span class='ocr_line' id='line_1_4' title="bbox 130 272 893 315; baseline -0.008 -8"><span class='ocrx_word' id='word_1_8' title='bbox 130 276 218 307; x_wconf 82' lang='lat' dir='ltr'><strong>sibile</strong></span> <span class='ocrx_word' id='word_1_9' title='bbox 238 279 268 307; x_wconf 90' lang='lat' dir='ltr'>et</span> <span class='ocrx_word' id='word_1_10' title='bbox 281 276 464 315; x_wconf 84' lang='lat' dir='ltr'>peccatum;</span> <span class='ocrx_word' id='word_1_11' title='bbox 486 275 613 313; x_wconf 88' lang='lat' dir='ltr'>propter</span> <span class='ocrx_word' id='word_1_12' title='bbox 633 273 716 312; x_wconf 91' lang='lat' dir='ltr'>quod</span> <span class='ocrx_word' id='word_1_13' title='bbox 731 272 845 302; x_wconf 86' lang='lat' dir='ltr'>dicitur</span> <span class='ocrx_word' id='word_1_14' title='bbox 860 273 868 288; x_wconf 92' lang='lat'>¹</span> <span class='ocrx_word' id='word_1_15' title='bbox 887 282 893 302; x_wconf 77' lang='grc' dir='ltr'><strong><em>τ</em></strong></span> 
     </span>
     <span class='ocr_line' id='line_1_5' title="bbox 134 323 897 366; baseline -0.005 -9"><span class='ocrx_word' id='word_1_16' title='bbox 134 341 149 357; x_wconf 73' lang='grc' dir='ltr'>ιι</span> <span class='ocrx_word' id='word_1_17' title='bbox 164 329 200 359; x_wconf 89' lang='lat' dir='ltr'>In</span> <span class='ocrx_word' id='word_1_18' title='bbox 213 329 330 360; x_wconf 88' lang='lat' dir='ltr'>vestitu</span> <span class='ocrx_word' id='word_1_19' title='bbox 346 337 386 358; x_wconf 91' lang='lat' dir='ltr'>ne</span> <span class='ocrx_word' id='word_1_20' title='bbox 403 327 548 366; x_wconf 87' lang='lat' dir='ltr'>glorieris</span> <span class='ocrx_word' id='word_1_21' title='bbox 558 334 714 365; x_wconf 77' lang='lat' dir='ltr'>unquam,</span> <span class='ocrx_word' id='word_1_22' title='bbox 731 333 788 354; x_wconf 87' lang='lat' dir='ltr'>nec</span> <span class='ocrx_word' id='word_1_23' title='bbox 802 324 835 354; x_wconf 89' lang='lat' dir='ltr'>in</span> <span class='ocrx_word' id='word_1_24' title='bbox 848 323 897 354; x_wconf 89' lang='lat' dir='ltr'>die</span> 
     </span>
     <span class='ocr_line' id='line_1_6' title="bbox 130 377 898 412; baseline -0.007 -1"><span class='ocrx_word' id='word_1_25' title='bbox 130 381 260 412; x_wconf 88' lang='lat' dir='ltr'>honoris</span> <span class='ocrx_word' id='word_1_26' title='bbox 274 381 321 411; x_wconf 85' lang='lat' dir='ltr'>tui</span> <span class='ocrx_word' id='word_1_27' title='bbox 337 380 509 411; x_wconf 77' lang='lat' dir='ltr'>extollaris.</span> <span class='ocrx_word' id='word_1_28' title='bbox 532 389 546 407; x_wconf 71' lang='lat'>&gt;³</span> <span class='ocrx_word' id='word_1_29' title='bbox 566 379 715 409; x_wconf 89' lang='lat' dir='ltr'>Peccatur</span> <span class='ocrx_word' id='word_1_30' title='bbox 736 379 843 407; x_wconf 86' lang='lat' dir='ltr'>autem</span> <span class='ocrx_word' id='word_1_31' title='bbox 864 377 898 406; x_wconf 92' lang='lat' dir='ltr'>in</span> 
     </span>
     <span class='ocr_line' id='line_1_7' title="bbox 131 431 898 473; baseline -0.007 -9"><span class='ocrx_word' id='word_1_32' title='bbox 131 434 270 465; x_wconf 88' lang='lat' dir='ltr'>vestibus</span> <span class='ocrx_word' id='word_1_33' title='bbox 280 432 537 473; x_wconf 81' lang='lat' dir='ltr'>quadrupliciter.</span> <span class='ocrx_word' id='word_1_34' title='bbox 555 431 673 468; x_wconf 86' lang='lat' dir='ltr'>Primo,</span> <span class='ocrx_word' id='word_1_35' title='bbox 692 432 818 470; x_wconf 88' lang='lat' dir='ltr'>propter</span> <span class='ocrx_word' id='word_1_36' title='bbox 830 438 898 469; x_wconf 87' lang='lat' dir='ltr'>pre-</span> 
     </span>
     <span class='ocr_line' id='line_1_8' title="bbox 129 483 899 523; baseline -0.005 -7"><span class='ocrx_word' id='word_1_37' title='bbox 129 486 318 523; x_wconf 83' lang='lat' dir='ltr'>tiositatem;</span> <span class='ocrx_word' id='word_1_38' title='bbox 342 484 427 515; x_wconf 91' lang='lat' dir='ltr'>unde</span> <span class='ocrx_word' id='word_1_39' title='bbox 446 484 529 515; x_wconf 88' lang='lat' dir='ltr'>Beda</span> <span class='ocrx_word' id='word_1_40' title='bbox 545 493 553 514; x_wconf 71' lang='grc' dir='ltr'>ε</span> <span class='ocrx_word' id='word_1_41' title='bbox 581 495 595 512; x_wconf 88' lang='grc'>«</span> <span class='ocrx_word' id='word_1_42' title='bbox 611 483 643 514; x_wconf 86' lang='lat' dir='ltr'>Si</span> <span class='ocrx_word' id='word_1_43' title='bbox 659 483 762 513; x_wconf 88' lang='lat' dir='ltr'>cultus</span> <span class='ocrx_word' id='word_1_44' title='bbox 782 483 899 522; x_wconf 88' lang='lat' dir='ltr'>pretio-</span> 
     </span>
     <span class='ocr_line' id='line_1_9' title="bbox 131 534 899 576; baseline -0.005 -7"><span class='ocrx_word' id='word_1_45' title='bbox 131 547 238 569; x_wconf 88' lang='lat' dir='ltr'>sarum</span> <span class='ocrx_word' id='word_1_46' title='bbox 254 538 394 569; x_wconf 84' lang='lat' dir='ltr'>vestium</span> <span class='ocrx_word' id='word_1_47' title='bbox 416 537 509 576; x_wconf 86' lang='lat' dir='ltr'>culpa</span> <span class='ocrx_word' id='word_1_48' title='bbox 524 545 587 566; x_wconf 91' lang='lat' dir='ltr'>nou</span> <span class='ocrx_word' id='word_1_49' title='bbox 603 538 699 574; x_wconf 86' lang='lat' dir='ltr'>esset,</span> <span class='ocrx_word' id='word_1_50' title='bbox 723 544 826 565; x_wconf 90' lang='lat' dir='ltr'>sermo</span> <span class='ocrx_word' id='word_1_51' title='bbox 845 534 899 565; x_wconf 91' lang='lat' dir='ltr'>Dei</span> 
     </span>
     <span class='ocr_line' id='line_1_10' title="bbox 130 588 899 630; baseline -0.007 -8"><span class='ocrx_word' id='word_1_52' title='bbox 130 600 194 623; x_wconf 90' lang='lat' dir='ltr'>non</span> <span class='ocrx_word' id='word_1_53' title='bbox 208 593 273 621; x_wconf 83' lang='lat' dir='ltr'>tam</span> <span class='ocrx_word' id='word_1_54' title='bbox 295 590 469 630; x_wconf 79' lang='lat' dir='ltr'>vigilanter</span> <span class='ocrx_word' id='word_1_55' title='bbox 485 589 692 628; x_wconf 77' lang='lat' dir='ltr'>exprimeret,</span> <span class='ocrx_word' id='word_1_56' title='bbox 708 588 793 627; x_wconf 88' lang='lat' dir='ltr'>quod</span> <span class='ocrx_word' id='word_1_57' title='bbox 811 588 899 618; x_wconf 86' lang='lat' dir='ltr'>dives</span> 
     </span>
     <span class='ocr_line' id='line_1_11' title="bbox 131 640 900 684; baseline -0.008 -9"><span class='ocrx_word' id='word_1_58' title='bbox 131 653 272 684; x_wconf 84' lang='lat' dir='ltr'>purpura</span> <span class='ocrx_word' id='word_1_59' title='bbox 286 646 316 674; x_wconf 91' lang='lat' dir='ltr'>et</span> <span class='ocrx_word' id='word_1_60' title='bbox 330 644 424 683; x_wconf 84' lang='lat' dir='ltr'>bysso</span> <span class='ocrx_word' id='word_1_61' title='bbox 439 642 571 672; x_wconf 89' lang='lat' dir='ltr'>indutus</span> <span class='ocrx_word' id='word_1_62' title='bbox 588 641 672 681; x_wconf 88' lang='lat' dir='ltr'>apud</span> <span class='ocrx_word' id='word_1_63' title='bbox 690 641 805 671; x_wconf 88' lang='lat' dir='ltr'>inferos</span> <span class='ocrx_word' id='word_1_64' title='bbox 820 640 900 670; x_wconf 88' lang='lat' dir='ltr'>irre-</span> 
     </span>
     <span class='ocr_line' id='line_1_12' title="bbox 132 694 900 736; baseline -0.007 -8"><span class='ocrx_word' id='word_1_65' title='bbox 132 697 339 728; x_wconf 85' lang='lat' dir='ltr'>mediabiliter</span> <span class='ocrx_word' id='word_1_66' title='bbox 353 697 565 736; x_wconf 80' lang='lat' dir='ltr'>torqueretur.</span> <span class='ocrx_word' id='word_1_67' title='bbox 582 706 595 723; x_wconf 88' lang='lat'>»</span> <span class='ocrx_word' id='word_1_68' title='bbox 616 694 711 725; x_wconf 80' lang='lat' dir='ltr'>Valde</span> <span class='ocrx_word' id='word_1_69' title='bbox 726 695 833 724; x_wconf 84' lang='lat' dir='ltr'>autem</span> <span class='ocrx_word' id='word_1_70' title='bbox 847 694 900 723; x_wconf 87' lang='lat' dir='ltr'>ab·</span> 
     </span>
     <span class='ocr_line' id='line_1_13' title="bbox 132 748 900 789; baseline -0.007 -8"><span class='ocrx_word' id='word_1_71' title='bbox 132 750 264 781; x_wconf 89' lang='lat' dir='ltr'>surdum</span> <span class='ocrx_word' id='word_1_72' title='bbox 274 752 330 787; x_wconf 87' lang='lat' dir='ltr'>est,</span> <span class='ocrx_word' id='word_1_73' title='bbox 344 749 510 789; x_wconf 91' lang='lat' dir='ltr'>putridum</span> <span class='ocrx_word' id='word_1_74' title='bbox 523 748 656 779; x_wconf 84' lang='lat' dir='ltr'>cadaver</span> <span class='ocrx_word' id='word_1_75' title='bbox 668 748 804 787; x_wconf 83' lang='lat' dir='ltr'>pretiosa</span> <span class='ocrx_word' id='word_1_76' title='bbox 814 748 900 777; x_wconf 87' lang='lat' dir='ltr'>veste</span> 
     </span>
     <span class='ocr_line' id='line_1_14' title="bbox 132 801 901 842; baseline -0.005 -9"><span class='ocrx_word' id='word_1_77' title='bbox 132 803 255 840; x_wconf 83' lang='lat' dir='ltr'>ornari,</span> <span class='ocrx_word' id='word_1_78' title='bbox 269 803 352 833; x_wconf 89' lang='lat' dir='ltr'>unde</span> <span class='ocrx_word' id='word_1_79' title='bbox 366 803 493 842; x_wconf 83' lang='lat' dir='ltr'>possent</span> <span class='ocrx_word' id='word_1_80' title='bbox 508 801 600 832; x_wconf 91' lang='lat' dir='ltr'>multi</span> <span class='ocrx_word' id='word_1_81' title='bbox 615 808 770 840; x_wconf 83' lang='lat' dir='ltr'>pauperes</span> <span class='ocrx_word' id='word_1_82' title='bbox 781 802 901 830; x_wconf 87' lang='lat' dir='ltr'>susten-</span> 
     </span>
     <span class='ocr_line' id='line_1_15' title="bbox 131 853 901 891; baseline -0.005 -5"><span class='ocrx_word' id='word_1_83' title='bbox 131 856 203 887; x_wconf 86' lang='lat' dir='ltr'>tari.</span> <span class='ocrx_word' id='word_1_84' title='bbox 219 855 395 887; x_wconf 81' lang='lat' dir='ltr'>Excusatur</span> <span class='ocrx_word' id='word_1_85' title='bbox 410 857 518 885; x_wconf 86' lang='lat' dir='ltr'>autem</span> <span class='ocrx_word' id='word_1_86' title='bbox 533 854 592 884; x_wconf 87' lang='lat' dir='ltr'>hoc</span> <span class='ocrx_word' id='word_1_87' title='bbox 602 853 723 884; x_wconf 85' lang='lat' dir='ltr'>ratione</span> <span class='ocrx_word' id='word_1_88' title='bbox 734 853 901 891; x_wconf 78' lang='lat' dir='ltr'>dignitatis</span> 
     </span>
     <span class='ocr_line' id='line_1_16' title="bbox 131 906 900 949; baseline -0.005 -10"><span class='ocrx_word' id='word_1_89' title='bbox 131 918 291 949; x_wconf 84' lang='lat' dir='ltr'>personae,</span> <span class='ocrx_word' id='word_1_90' title='bbox 316 909 436 938; x_wconf 89' lang='lat' dir='ltr'>ratione</span> <span class='ocrx_word' id='word_1_91' title='bbox 460 907 700 946; x_wconf 76' lang='lat' dir='ltr'>signfficantiae,</span> <span class='ocrx_word' id='word_1_92' title='bbox 724 908 754 936; x_wconf 91' lang='lat' dir='ltr'>et</span> <span class='ocrx_word' id='word_1_93' title='bbox 779 906 900 936; x_wconf 88' lang='lat' dir='ltr'>ratione</span> 
     </span>
     <span class='ocr_line' id='line_1_17' title="bbox 133 958 900 1000; baseline -0.007 -8"><span class='ocrx_word' id='word_1_94' title='bbox 133 961 273 992; x_wconf 75' lang='lat' dir='ltr'>cautelae.</span> <span class='ocrx_word' id='word_1_95' title='bbox 298 960 458 998; x_wconf 81' lang='lat' dir='ltr'>Secundo,</span> <span class='ocrx_word' id='word_1_96' title='bbox 484 962 612 1000; x_wconf 85' lang='lat' dir='ltr'>propter</span> <span class='ocrx_word' id='word_1_97' title='bbox 637 958 900 998; x_wconf 85' lang='lat' dir='ltr'>superabundan-</span> 
     </span>
     <span class='ocr_line' id='line_1_18' title="bbox 131 1012 902 1045; baseline -0.005 0"><span class='ocrx_word' id='word_1_98' title='bbox 131 1016 210 1045; x_wconf 82' lang='lat' dir='ltr'>tiam</span> <span class='ocrx_word' id='word_1_99' title='bbox 223 1015 235 1031; x_wconf 81' lang='lat'>¹</span> <span class='ocrx_word' id='word_1_100' title='bbox 251 1025 258 1045; x_wconf 89' lang='lat'><strong>:</strong></span> <span class='ocrx_word' id='word_1_101' title='bbox 277 1025 291 1043; x_wconf 74' lang='grc' dir='ltr'><strong>α</strong></span> <span class='ocrx_word' id='word_1_102' title='bbox 306 1014 498 1045; x_wconf 78' lang='lat' dir='ltr'>VestImenta</span> <span class='ocrx_word' id='word_1_103' title='bbox 510 1015 616 1044; x_wconf 88' lang='lat' dir='ltr'>vestra</span> <span class='ocrx_word' id='word_1_104' title='bbox 629 1022 647 1043; x_wconf 89' lang='lat' dir='ltr'>a</span> <span class='ocrx_word' id='word_1_105' title='bbox 657 1012 750 1042; x_wconf 87' lang='lat' dir='ltr'>tineis</span> <span class='ocrx_word' id='word_1_106' title='bbox 763 1014 902 1042; x_wconf 87' lang='lat' dir='ltr'>comesta</span> 
     </span>
     <span class='ocr_line' id='line_1_19' title="bbox 132 1064 902 1105; baseline -0.006 -7"><span class='ocrx_word' id='word_1_107' title='bbox 132 1069 216 1098; x_wconf 83' lang='lat' dir='ltr'>sunt.</span> <span class='ocrx_word' id='word_1_108' title='bbox 244 1077 258 1095; x_wconf 70' lang='lat' dir='ltr'>i&gt;</span> <span class='ocrx_word' id='word_1_109' title='bbox 287 1066 438 1105; x_wconf 85' lang='lat' dir='ltr'>Sequitur</span> <span class='ocrx_word' id='word_1_110' title='bbox 461 1077 468 1095; x_wconf 89' lang='lat'>:</span> <span class='ocrx_word' id='word_1_111' title='bbox 498 1077 513 1094; x_wconf 71' lang='lat' dir='ltr'>&lt;z</span> <span class='ocrx_word' id='word_1_112' title='bbox 538 1064 787 1096; x_wconf 85' lang='lat' dir='ltr'>Thesaurizastis</span> <span class='ocrx_word' id='word_1_113' title='bbox 811 1064 902 1094; x_wconf 84' lang='lat' dir='ltr'>vobis</span> 
     </span>
     <span class='ocr_line' id='line_1_20' title="bbox 131 1118 903 1157; baseline -0.005 -6"><span class='ocrx_word' id='word_1_114' title='bbox 131 1122 213 1152; x_wconf 84' lang='lat' dir='ltr'>iram</span> <span class='ocrx_word' id='word_1_115' title='bbox 228 1121 261 1150; x_wconf 90' lang='lat' dir='ltr'>in</span> <span class='ocrx_word' id='word_1_116' title='bbox 277 1119 458 1150; x_wconf 86' lang='lat' dir='ltr'>novissimis</span> <span class='ocrx_word' id='word_1_117' title='bbox 472 1119 593 1149; x_wconf 88' lang='lat' dir='ltr'>diebus.</span> <span class='ocrx_word' id='word_1_118' title='bbox 613 1129 627 1146; x_wconf 78' lang='lat' dir='ltr'>n</span> <span class='ocrx_word' id='word_1_119' title='bbox 646 1118 684 1148; x_wconf 86' lang='lat' dir='ltr'>Et</span> <span class='ocrx_word' id='word_1_120' title='bbox 698 1119 758 1148; x_wconf 89' lang='lat' dir='ltr'>hoc</span> <span class='ocrx_word' id='word_1_121' title='bbox 775 1119 903 1157; x_wconf 88' lang='lat' dir='ltr'>propter</span> 
     </span>
     <span class='ocr_line' id='line_1_21' title="bbox 131 1170 902 1214; baseline -0.005 -10"><span class='ocrx_word' id='word_1_122' title='bbox 131 1174 281 1214; x_wconf 86' lang='lat' dir='ltr'>injuriam</span> <span class='ocrx_word' id='word_1_123' title='bbox 302 1181 494 1213; x_wconf 86' lang='lat' dir='ltr'>pauperum;</span> <span class='ocrx_word' id='word_1_124' title='bbox 516 1172 601 1202; x_wconf 92' lang='lat' dir='ltr'>unde</span> <span class='ocrx_word' id='word_1_125' title='bbox 621 1171 679 1202; x_wconf 80' lang='lat' dir='ltr'>Job</span> <span class='ocrx_word' id='word_1_126' title='bbox 695 1173 706 1190; x_wconf 84' lang='lat'><strong>³</strong></span> <span class='ocrx_word' id='word_1_127' title='bbox 727 1181 735 1202; x_wconf 74' lang='grc' dir='ltr'>ε</span> <span class='ocrx_word' id='word_1_128' title='bbox 760 1182 774 1200; x_wconf 75' lang='grc' dir='ltr'>(ι</span> <span class='ocrx_word' id='word_1_129' title='bbox 796 1170 902 1201; x_wconf 88' lang='lat' dir='ltr'>Nudos</span> 
     </span>
     <span class='ocr_line' id='line_1_22' title="bbox 132 1224 900 1262; baseline -0.005 -5"><span class='ocrx_word' id='word_1_130' title='bbox 132 1227 297 1257; x_wconf 85' lang='lat' dir='ltr'>dimittunt</span> <span class='ocrx_word' id='word_1_131' title='bbox 324 1225 471 1256; x_wconf 90' lang='lat' dir='ltr'>homines</span> <span class='ocrx_word' id='word_1_132' title='bbox 482 1248 490 1262; x_wconf 84' lang='lat'>‚</span> <span class='ocrx_word' id='word_1_133' title='bbox 523 1224 710 1254; x_wconf 86' lang='lat' dir='ltr'>indumenta</span> <span class='ocrx_word' id='word_1_134' title='bbox 737 1224 900 1260; x_wconf 86' lang='lat' dir='ltr'>tollentes,</span> 
     </span>
     <span class='ocr_line' id='line_1_23' title="bbox 132 1276 902 1320; baseline -0.005 -10"><span class='ocrx_word' id='word_1_135' title='bbox 132 1280 247 1320; x_wconf 87' lang='lat' dir='ltr'>quibus</span> <span class='ocrx_word' id='word_1_136' title='bbox 262 1288 325 1309; x_wconf 92' lang='lat' dir='ltr'>non</span> <span class='ocrx_word' id='word_1_137' title='bbox 344 1281 390 1308; x_wconf 86' lang='lat' dir='ltr'>est</span> <span class='ocrx_word' id='word_1_138' title='bbox 404 1278 655 1317; x_wconf 82' lang='lat' dir='ltr'>operimentum,</span> <span class='ocrx_word' id='word_1_139' title='bbox 677 1288 692 1305; x_wconf 84' lang='grc'>»</span> <span class='ocrx_word' id='word_1_140' title='bbox 712 1279 769 1307; x_wconf 87' lang='lat' dir='ltr'>etc.</span> <span class='ocrx_word' id='word_1_141' title='bbox 787 1276 902 1306; x_wconf 88' lang='lat' dir='ltr'>Hiero-</span> 
     </span>
     <span class='ocr_line' id='line_1_24' title="bbox 132 1328 903 1372; baseline -0.006 -9"><span class='ocrx_word' id='word_1_142' title='bbox 132 1341 251 1372; x_wconf 89' lang='lat' dir='ltr'>nymus</span> <span class='ocrx_word' id='word_1_143' title='bbox 276 1342 283 1362; x_wconf 77' lang='lat' dir='ltr'><strong><em>z</em></strong></span> <span class='ocrx_word' id='word_1_144' title='bbox 312 1342 326 1360; x_wconf 66' lang='grc' dir='ltr'>(ι</span> <span class='ocrx_word' id='word_1_145' title='bbox 348 1331 460 1361; x_wconf 84' lang='lat' dir='ltr'>Aliena</span> <span class='ocrx_word' id='word_1_146' title='bbox 482 1338 592 1368; x_wconf 86' lang='lat' dir='ltr'>rapere</span> <span class='ocrx_word' id='word_1_147' title='bbox 616 1329 825 1366; x_wconf 80' lang='lat' dir='ltr'>convincitur,</span> <span class='ocrx_word' id='word_1_148' title='bbox 849 1328 903 1367; x_wconf 83' lang='lat' dir='ltr'>qui</span> 
     </span>
     <span class='ocr_line' id='line_1_25' title="bbox 135 1382 901 1424; baseline -0.005 -9"><span class='ocrx_word' id='word_1_149' title='bbox 135 1385 319 1424; x_wconf 84' lang='lat' dir='ltr'>temporalia</span> <span class='ocrx_word' id='word_1_150' title='bbox 338 1384 420 1414; x_wconf 87' lang='lat' dir='ltr'>ultra</span> <span class='ocrx_word' id='word_1_151' title='bbox 444 1383 661 1413; x_wconf 84' lang='lat' dir='ltr'>necessitatem</span> <span class='ocrx_word' id='word_1_152' title='bbox 683 1382 801 1412; x_wconf 88' lang='lat' dir='ltr'>habere</span> <span class='ocrx_word' id='word_1_153' title='bbox 816 1391 901 1411; x_wconf 86' lang='lat' dir='ltr'>com-</span> 
     </span>
     <span class='ocr_line' id='line_1_26' title="bbox 133 1434 901 1478; baseline -0.005 -10"><span class='ocrx_word' id='word_1_154' title='bbox 133 1439 296 1478; x_wconf 88' lang='lat' dir='ltr'>probatur.</span> <span class='ocrx_word' id='word_1_155' title='bbox 313 1447 328 1465; x_wconf 84' lang='lat'>»</span> <span class='ocrx_word' id='word_1_156' title='bbox 347 1436 466 1473; x_wconf 90' lang='lat' dir='ltr'>Tertio,</span> <span class='ocrx_word' id='word_1_157' title='bbox 489 1436 618 1474; x_wconf 88' lang='lat' dir='ltr'>propter</span> <span class='ocrx_word' id='word_1_158' title='bbox 639 1435 852 1464; x_wconf 75' lang='lat' dir='ltr'>curiositatem</span> <span class='ocrx_word' id='word_1_159' title='bbox 867 1434 877 1450; x_wconf 69' lang='lat'>&#39;²</span> <span class='ocrx_word' id='word_1_160' title='bbox 894 1445 901 1464; x_wconf 75' lang='lat' dir='ltr'>t</span> 
     </span>
     <span class='ocr_line' id='line_1_27' title="bbox 137 1487 904 1527; baseline -0.007 -5"><span class='ocrx_word' id='word_1_161' title='bbox 137 1502 152 1521; x_wconf 76' lang='grc' dir='ltr'>α</span> <span class='ocrx_word' id='word_1_162' title='bbox 177 1491 220 1522; x_wconf 91' lang='lat' dir='ltr'>De</span> <span class='ocrx_word' id='word_1_163' title='bbox 243 1489 439 1520; x_wconf 87' lang='lat' dir='ltr'>vestimentis</span> <span class='ocrx_word' id='word_1_164' title='bbox 462 1488 537 1527; x_wconf 89' lang='lat' dir='ltr'>quid</span> <span class='ocrx_word' id='word_1_165' title='bbox 557 1487 679 1517; x_wconf 81' lang='lat' dir='ltr'>solliciti</span> <span class='ocrx_word' id='word_1_166' title='bbox 704 1488 799 1517; x_wconf 78' lang='lat' dir='ltr'>estis?</span> <span class='ocrx_word' id='word_1_167' title='bbox 823 1497 837 1515; x_wconf 77' lang='lat' dir='ltr'>n</span> <span class='ocrx_word' id='word_1_168' title='bbox 866 1487 904 1517; x_wconf 85' lang='lat' dir='ltr'>Et</span> 
     </span>
     <span class='ocr_line' id='line_1_28' title="bbox 134 1540 904 1579; baseline -0.005 -6"><span class='ocrx_word' id='word_1_169' title='bbox 134 1544 274 1574; x_wconf 85' lang='lat' dir='ltr'>iterum:</span> <span class='ocrx_word' id='word_1_170' title='bbox 297 1541 524 1572; x_wconf 82' lang='lat' dir='ltr'>«Considerate</span> <span class='ocrx_word' id='word_1_171' title='bbox 547 1540 611 1570; x_wconf 85' lang='lat' dir='ltr'>lilia</span> <span class='ocrx_word' id='word_1_172' title='bbox 631 1540 719 1579; x_wconf 83' lang='lat' dir='ltr'>agri,</span> <span class='ocrx_word' id='word_1_173' title='bbox 743 1540 904 1579; x_wconf 89' lang='lat' dir='ltr'>quomodo</span> 
     </span>
     <span class='ocr_line' id='line_1_29' title="bbox 134 1592 903 1633; baseline -0.007 -6"><span class='ocrx_word' id='word_1_174' title='bbox 134 1597 298 1633; x_wconf 81' lang='lat' dir='ltr'>crescunt,</span> <span class='ocrx_word' id='word_1_175' title='bbox 322 1603 386 1625; x_wconf 94' lang='lat' dir='ltr'>non</span> <span class='ocrx_word' id='word_1_176' title='bbox 402 1594 565 1631; x_wconf 84' lang='lat' dir='ltr'>laborant,</span> <span class='ocrx_word' id='word_1_177' title='bbox 588 1602 693 1632; x_wconf 87' lang='lat' dir='ltr'>neque</span> <span class='ocrx_word' id='word_1_178' title='bbox 712 1595 811 1622; x_wconf 85' lang='lat' dir='ltr'>nent:</span> <span class='ocrx_word' id='word_1_179' title='bbox 835 1592 903 1623; x_wconf 86' lang='lat' dir='ltr'>dico</span> 
     </span>
     <span class='ocr_line' id='line_1_30' title="bbox 135 1646 904 1687; baseline -0.005 -7"><span class='ocrx_word' id='word_1_180' title='bbox 135 1651 241 1680; x_wconf 88' lang='lat' dir='ltr'>autem</span> <span class='ocrx_word' id='word_1_181' title='bbox 253 1648 355 1684; x_wconf 77' lang='lat' dir='ltr'>vohis,</span> <span class='ocrx_word' id='word_1_182' title='bbox 372 1648 524 1687; x_wconf 87' lang='lat' dir='ltr'>quoniam</span> <span class='ocrx_word' id='word_1_183' title='bbox 536 1656 594 1677; x_wconf 88' lang='lat' dir='ltr'>nec</span> <span class='ocrx_word' id='word_1_184' title='bbox 608 1646 758 1677; x_wconf 78' lang='lat' dir='ltr'>Salomon</span> <span class='ocrx_word' id='word_1_185' title='bbox 771 1646 803 1676; x_wconf 88' lang='lat' dir='ltr'>in</span> <span class='ocrx_word' id='word_1_186' title='bbox 816 1646 904 1677; x_wconf 91' lang='lat' dir='ltr'>omni</span> 
     </span>
     <span class='ocr_line' id='line_1_31' title="bbox 136 1700 899 1743; baseline -0.005 -10"><span class='ocrx_word' id='word_1_187' title='bbox 136 1703 239 1743; x_wconf 76' lang='lat' dir='ltr'>gloria</span> <span class='ocrx_word' id='word_1_188' title='bbox 248 1712 305 1733; x_wconf 83' lang='lat' dir='ltr'>sua</span> <span class='ocrx_word' id='word_1_189' title='bbox 316 1703 482 1741; x_wconf 88' lang='lat' dir='ltr'>coopertus</span> <span class='ocrx_word' id='word_1_190' title='bbox 492 1703 549 1737; x_wconf 89' lang='lat' dir='ltr'>est,</span> <span class='ocrx_word' id='word_1_191' title='bbox 560 1701 639 1730; x_wconf 87' lang='lat' dir='ltr'>sicut</span> <span class='ocrx_word' id='word_1_192' title='bbox 652 1709 735 1730; x_wconf 88' lang='lat' dir='ltr'>unus</span> <span class='ocrx_word' id='word_1_193' title='bbox 748 1700 873 1730; x_wconf 78' lang='lat' dir='ltr'>existis.</span> <span class='ocrx_word' id='word_1_194' title='bbox 885 1711 899 1728; x_wconf 75' lang='lat' dir='ltr'>n</span> 
     </span>
     <span class='ocr_line' id='line_1_32' title="bbox 135 1753 905 1794; baseline -0.004 -8"><span class='ocrx_word' id='word_1_195' title='bbox 135 1757 268 1792; x_wconf 85' lang='lat' dir='ltr'>Quarto,</span> <span class='ocrx_word' id='word_1_196' title='bbox 290 1757 417 1794; x_wconf 87' lang='lat' dir='ltr'>propter</span> <span class='ocrx_word' id='word_1_197' title='bbox 437 1753 645 1784; x_wconf 82' lang='lat' dir='ltr'>indecentiam</span> <span class='ocrx_word' id='word_1_198' title='bbox 656 1778 663 1790; x_wconf 95' lang='lat'>‚</span> <span class='ocrx_word' id='word_1_199' title='bbox 683 1753 758 1792; x_wconf 90' lang='lat' dir='ltr'>quia</span> <span class='ocrx_word' id='word_1_200' title='bbox 772 1762 836 1783; x_wconf 93' lang='lat' dir='ltr'>non</span> <span class='ocrx_word' id='word_1_201' title='bbox 851 1753 905 1783; x_wconf 92' lang='lat' dir='ltr'>de-</span> 
     </span>
     <span class='ocr_line' id='line_1_33' title="bbox 134 1805 905 1843; baseline -0.004 -5"><span class='ocrx_word' id='word_1_202' title='bbox 134 1810 182 1839; x_wconf 86' lang='lat' dir='ltr'>cet</span> <span class='ocrx_word' id='word_1_203' title='bbox 209 1808 358 1838; x_wconf 89' lang='lat' dir='ltr'>clericum</span> <span class='ocrx_word' id='word_1_204' title='bbox 388 1806 499 1837; x_wconf 90' lang='lat' dir='ltr'>vestiri</span> <span class='ocrx_word' id='word_1_205' title='bbox 521 1808 557 1836; x_wconf 84' lang='lat' dir='ltr'>ut</span> <span class='ocrx_word' id='word_1_206' title='bbox 580 1806 766 1843; x_wconf 76' lang='lat' dir='ltr'>mulierem,</span> <span class='ocrx_word' id='word_1_207' title='bbox 796 1805 847 1836; x_wconf 88' lang='lat' dir='ltr'>vel</span> <span class='ocrx_word' id='word_1_208' title='bbox 870 1807 905 1836; x_wconf 91' lang='lat' dir='ltr'>ut</span> 
     </span>
     <span class='ocr_line' id='line_1_34' title="bbox 135 1858 904 1898; baseline -0.004 -7"><span class='ocrx_word' id='word_1_209' title='bbox 135 1861 323 1891; x_wconf 86' lang='lat' dir='ltr'>histrionem</span> <span class='ocrx_word' id='word_1_210' title='bbox 339 1860 349 1876; x_wconf 85' lang='lat'><strong>⁵</strong></span> <span class='ocrx_word' id='word_1_211' title='bbox 366 1871 373 1889; x_wconf 84' lang='lat'>:</span> <span class='ocrx_word' id='word_1_212' title='bbox 395 1871 409 1888; x_wconf 78' lang='grc' dir='ltr'>α</span> <span class='ocrx_word' id='word_1_213' title='bbox 426 1858 566 1889; x_wconf 88' lang='lat' dir='ltr'>Visitabo</span> <span class='ocrx_word' id='word_1_214' title='bbox 589 1868 683 1898; x_wconf 88' lang='lat' dir='ltr'>super</span> <span class='ocrx_word' id='word_1_215' title='bbox 698 1867 824 1896; x_wconf 86' lang='lat' dir='ltr'>omnes,</span> <span class='ocrx_word' id='word_1_216' title='bbox 850 1859 904 1897; x_wconf 92' lang='lat' dir='ltr'>qui</span> 
     </span>
     <span class='ocr_line' id='line_1_35' title="bbox 135 1911 905 1950; baseline -0.001 -7"><span class='ocrx_word' id='word_1_217' title='bbox 135 1913 237 1944; x_wconf 90' lang='lat' dir='ltr'>induti</span> <span class='ocrx_word' id='word_1_218' title='bbox 259 1914 334 1943; x_wconf 86' lang='lat' dir='ltr'>sunt</span> <span class='ocrx_word' id='word_1_219' title='bbox 355 1914 441 1942; x_wconf 77' lang='lat' dir='ltr'>veste</span> <span class='ocrx_word' id='word_1_220' title='bbox 460 1911 639 1950; x_wconf 87' lang='lat' dir='ltr'>peregrina.</span> <span class='ocrx_word' id='word_1_221' title='bbox 661 1922 675 1939; x_wconf 86' lang='lat'>»</span> <span class='ocrx_word' id='word_1_222' title='bbox 696 1911 733 1941; x_wconf 86' lang='lat' dir='ltr'>Et</span> <span class='ocrx_word' id='word_1_223' title='bbox 748 1912 758 1927; x_wconf 76' lang='lat'><strong>⁶</strong></span> <span class='ocrx_word' id='word_1_224' title='bbox 777 1922 783 1941; x_wconf 73' lang='grc' dir='ltr'>ε</span> <span class='ocrx_word' id='word_1_225' title='bbox 804 1922 818 1940; x_wconf 88' lang='lat'>«</span> <span class='ocrx_word' id='word_1_226' title='bbox 842 1911 905 1942; x_wconf 87' lang='lat' dir='ltr'>Nec</span> 
     </span>
     <span class='ocr_line' id='line_1_36' title="bbox 135 1963 903 1997; baseline -0.003 -1"><span class='ocrx_word' id='word_1_227' title='bbox 135 1966 185 1997; x_wconf 89' lang='lat' dir='ltr'>vir</span> <span class='ocrx_word' id='word_1_228' title='bbox 198 1967 307 1996; x_wconf 88' lang='lat' dir='ltr'>utetur</span> <span class='ocrx_word' id='word_1_229' title='bbox 322 1967 408 1995; x_wconf 88' lang='lat' dir='ltr'>veste</span> <span class='ocrx_word' id='word_1_230' title='bbox 419 1964 576 1994; x_wconf 81' lang='lat' dir='ltr'>foeminea.</span> <span class='ocrx_word' id='word_1_231' title='bbox 594 1975 608 1991; x_wconf 76' lang='lat' dir='ltr'>n</span> <span class='ocrx_word' id='word_1_232' title='bbox 628 1963 781 1993; x_wconf 80' lang='lat' dir='ltr'>Omnibus</span> <span class='ocrx_word' id='word_1_233' title='bbox 796 1966 903 1994; x_wconf 85' lang='lat' dir='ltr'>autem</span> 
     </span>
     <span class='ocr_line' id='line_1_37' title="bbox 135 2016 906 2049; baseline -0.005 0"><span class='ocrx_word' id='word_1_234' title='bbox 135 2019 185 2049; x_wconf 92' lang='lat' dir='ltr'>his</span> <span class='ocrx_word' id='word_1_235' title='bbox 200 2019 301 2049; x_wconf 90' lang='lat' dir='ltr'>modis</span> <span class='ocrx_word' id='word_1_236' title='bbox 317 2019 550 2048; x_wconf 87' lang='lat' dir='ltr'>consueverunt</span> <span class='ocrx_word' id='word_1_237' title='bbox 567 2016 713 2046; x_wconf 86' lang='lat' dir='ltr'>homines</span> <span class='ocrx_word' id='word_1_238' title='bbox 732 2016 766 2046; x_wconf 89' lang='lat' dir='ltr'>in</span> <span class='ocrx_word' id='word_1_239' title='bbox 787 2017 906 2046; x_wconf 79' lang='lat' dir='ltr'>vestitu</span> 
     </span>
     <span class='ocr_line' id='line_1_38' title="bbox 136 2069 903 2109; baseline -0.003 -7"><span class='ocrx_word' id='word_1_240' title='bbox 136 2071 298 2109; x_wconf 84' lang='lat' dir='ltr'>excedere,</span> <span class='ocrx_word' id='word_1_241' title='bbox 311 2072 340 2100; x_wconf 90' lang='lat' dir='ltr'>et</span> <span class='ocrx_word' id='word_1_242' title='bbox 350 2070 529 2100; x_wconf 80' lang='lat' dir='ltr'>excedendo</span> <span class='ocrx_word' id='word_1_243' title='bbox 542 2069 684 2108; x_wconf 88' lang='lat' dir='ltr'>gloriari,</span> <span class='ocrx_word' id='word_1_244' title='bbox 696 2071 726 2099; x_wconf 90' lang='lat' dir='ltr'>et</span> <span class='ocrx_word' id='word_1_245' title='bbox 739 2069 903 2108; x_wconf 88' lang='lat' dir='ltr'>gloriando</span> 
     </span>
     <span class='ocr_line' id='line_1_39' title="bbox 135 2121 906 2164; baseline -0.003 -10"><span class='ocrx_word' id='word_1_246' title='bbox 135 2133 280 2164; x_wconf 85' lang='lat' dir='ltr'>peccare;</span> <span class='ocrx_word' id='word_1_247' title='bbox 298 2125 329 2153; x_wconf 89' lang='lat' dir='ltr'>et</span> <span class='ocrx_word' id='word_1_248' title='bbox 340 2123 383 2153; x_wconf 86' lang='lat' dir='ltr'>ita</span> <span class='ocrx_word' id='word_1_249' title='bbox 399 2122 545 2161; x_wconf 87' lang='lat' dir='ltr'>gloriatio</span> <span class='ocrx_word' id='word_1_250' title='bbox 560 2131 642 2152; x_wconf 90' lang='lat' dir='ltr'>vana</span> <span class='ocrx_word' id='word_1_251' title='bbox 658 2121 770 2151; x_wconf 89' lang='lat' dir='ltr'>similis</span> <span class='ocrx_word' id='word_1_252' title='bbox 780 2124 827 2151; x_wconf 89' lang='lat' dir='ltr'>est</span> <span class='ocrx_word' id='word_1_253' title='bbox 838 2122 906 2160; x_wconf 82' lang='lat' dir='ltr'>glo-</span> 
     </span>
     <span class='ocr_line' id='line_1_40' title="bbox 137 2175 906 2215; baseline -0.004 -8"><span class='ocrx_word' id='word_1_254' title='bbox 137 2177 260 2208; x_wconf 90' lang='lat' dir='ltr'>riationi</span> <span class='ocrx_word' id='word_1_255' title='bbox 269 2175 559 2215; x_wconf 80' lang='lat' dir='ltr'>AEsopicorniculae.</span> <span class='ocrx_word' id='word_1_256' title='bbox 570 2175 796 2213; x_wconf 78' lang='lat' dir='ltr'>Hieronymus:</span> <span class='ocrx_word' id='word_1_257' title='bbox 810 2175 906 2205; x_wconf 82' lang='lat' dir='ltr'>«Ovis</span> 
     </span>
     <span class='ocr_line' id='line_1_41' title="bbox 137 2227 906 2266; baseline -0.003 -6"><span class='ocrx_word' id='word_1_258' title='bbox 137 2230 222 2260; x_wconf 90' lang='lat' dir='ltr'>enim</span> <span class='ocrx_word' id='word_1_259' title='bbox 236 2230 275 2260; x_wconf 90' lang='lat' dir='ltr'>de</span> <span class='ocrx_word' id='word_1_260' title='bbox 290 2229 361 2259; x_wconf 86' lang='lat' dir='ltr'>lana</span> <span class='ocrx_word' id='word_1_261' title='bbox 369 2251 379 2266; x_wconf 88' lang='lat'><em>,</em></span> <span class='ocrx_word' id='word_1_262' title='bbox 393 2230 424 2258; x_wconf 87' lang='lat' dir='ltr'>et</span> <span class='ocrx_word' id='word_1_263' title='bbox 438 2228 557 2258; x_wconf 87' lang='lat' dir='ltr'>vermis</span> <span class='ocrx_word' id='word_1_264' title='bbox 569 2227 607 2258; x_wconf 89' lang='lat' dir='ltr'>de</span> <span class='ocrx_word' id='word_1_265' title='bbox 622 2227 720 2257; x_wconf 88' lang='lat' dir='ltr'>serico</span> <span class='ocrx_word' id='word_1_266' title='bbox 735 2227 825 2258; x_wconf 85' lang='lat' dir='ltr'>dehet</span> <span class='ocrx_word' id='word_1_267' title='bbox 840 2228 906 2266; x_wconf 86' lang='lat' dir='ltr'>glo-</span> 
     </span>
     <span class='ocr_line' id='line_1_42' title="bbox 137 2280 906 2320; baseline -0.004 -7"><span class='ocrx_word' id='word_1_268' title='bbox 137 2283 230 2320; x_wconf 86' lang='lat' dir='ltr'>riari;</span> <span class='ocrx_word' id='word_1_269' title='bbox 247 2291 311 2312; x_wconf 90' lang='lat' dir='ltr'>non</span> <span class='ocrx_word' id='word_1_270' title='bbox 329 2281 423 2312; x_wconf 87' lang='lat' dir='ltr'>homo</span> <span class='ocrx_word' id='word_1_271' title='bbox 445 2280 595 2320; x_wconf 81' lang='lat' dir='ltr'>putredo,</span> <span class='ocrx_word' id='word_1_272' title='bbox 614 2281 645 2310; x_wconf 84' lang='lat' dir='ltr'>et</span> <span class='ocrx_word' id='word_1_273' title='bbox 666 2280 752 2310; x_wconf 86' lang='lat' dir='ltr'>filius</span> <span class='ocrx_word' id='word_1_274' title='bbox 767 2280 906 2310; x_wconf 85' lang='lat' dir='ltr'>hominis</span> 
     </span>
     <span class='ocr_line' id='line_1_43' title="bbox 139 2335 298 2366; baseline -0.019 0"><span class='ocrx_word' id='word_1_275' title='bbox 139 2335 267 2366; x_wconf 91' lang='lat' dir='ltr'>vermis.</span> <span class='ocrx_word' id='word_1_276' title='bbox 283 2345 298 2363; x_wconf 74' lang='lat' dir='ltr'>n</span> 
     </span>
    </p>

    <p class='ocr_par' dir='ltr' id='par_1_4' title="bbox 139 2385 908 2535">
     <span class='ocr_line' id='line_1_44' title="bbox 177 2385 908 2426; baseline -0.001 -8"><span class='ocrx_word' id='word_1_277' title='bbox 177 2387 282 2418; x_wconf 87' lang='lat' dir='ltr'>Tertio</span> <span class='ocrx_word' id='word_1_278' title='bbox 292 2410 299 2424; x_wconf 87' lang='lat'><strong><em>‚</em></strong></span> <span class='ocrx_word' id='word_1_279' title='bbox 316 2387 474 2426; x_wconf 87' lang='lat' dir='ltr'>quantum</span> <span class='ocrx_word' id='word_1_280' title='bbox 491 2385 531 2416; x_wconf 87' lang='lat' dir='ltr'>ad</span> <span class='ocrx_word' id='word_1_281' title='bbox 544 2385 831 2425; x_wconf 83' lang='lat' dir='ltr'>concupiscentiam</span> <span class='ocrx_word' id='word_1_282' title='bbox 843 2395 908 2417; x_wconf 87' lang='lat' dir='ltr'>car-</span> 
     </span>
     <span class='ocr_line' id='line_1_45' title="bbox 139 2438 905 2480; baseline -0.001 -9"><span class='ocrx_word' id='word_1_283' title='bbox 139 2441 205 2479; x_wconf 87' lang='lat' dir='ltr'>nis,</span> <span class='ocrx_word' id='word_1_284' title='bbox 221 2440 349 2471; x_wconf 78' lang='lat' dir='ltr'>subdit:</span> <span class='ocrx_word' id='word_1_285' title='bbox 367 2439 412 2470; x_wconf 86' lang='lat' dir='ltr'>Et</span> <span class='ocrx_word' id='word_1_286' title='bbox 431 2438 620 2478; x_wconf 77' lang='lat' dir='ltr'>epulabatur</span> <span class='ocrx_word' id='word_1_287' title='bbox 639 2439 779 2478; x_wconf 76' lang='lat' dir='ltr'>quotidie</span> <span class='ocrx_word' id='word_1_288' title='bbox 802 2440 905 2480; x_wconf 80' lang='lat' dir='ltr'>splen-</span> 
     </span>
     <span class='ocr_line' id='line_1_46' title="bbox 141 2493 905 2535; baseline -0.001 -8"><span class='ocrx_word' id='word_1_289' title='bbox 141 2496 224 2527; x_wconf 78' lang='lat' dir='ltr'>dide.</span> <span class='ocrx_word' id='word_1_290' title='bbox 240 2495 346 2526; x_wconf 88' lang='lat' dir='ltr'>Glossa</span> <span class='ocrx_word' id='word_1_291' title='bbox 362 2506 369 2525; x_wconf 89' lang='lat'>:</span> <span class='ocrx_word' id='word_1_292' title='bbox 391 2506 405 2523; x_wconf 80' lang='grc' dir='ltr'>(ι</span> <span class='ocrx_word' id='word_1_293' title='bbox 419 2493 497 2524; x_wconf 88' lang='lat' dir='ltr'>Ecce</span> <span class='ocrx_word' id='word_1_294' title='bbox 510 2494 681 2532; x_wconf 87' lang='lat' dir='ltr'>voracitas,</span> <span class='ocrx_word' id='word_1_295' title='bbox 697 2503 770 2534; x_wconf 82' lang='lat' dir='ltr'>quae</span> <span class='ocrx_word' id='word_1_296' title='bbox 785 2498 820 2525; x_wconf 88' lang='lat' dir='ltr'>ut</span> <span class='ocrx_word' id='word_1_297' title='bbox 834 2495 905 2535; x_wconf 91' lang='lat' dir='ltr'>plu-</span> 
     </span>
    </p>
   </div>
   <div class='ocr_carea' id='block_1_4' title="bbox 143 2592 910 2695">
    <p class='ocr_par' dir='ltr' id='par_1_5' title="bbox 143 2592 910 2695">
     <span class='ocr_line' id='line_1_47' title="bbox 173 2592 908 2624; baseline 0 -7"><span class='ocrx_word' id='word_1_298' title='bbox 173 2593 181 2609; x_wconf 88' lang='lat'>¹</span> <span class='ocrx_word' id='word_1_299' title='bbox 194 2592 282 2624; x_wconf 69' lang='lat' dir='ltr'>Ecczi„</span> <span class='ocrx_word' id='word_1_300' title='bbox 301 2599 337 2623; x_wconf 73' lang='lat' dir='ltr'>XI,</span> <span class='ocrx_word' id='word_1_301' title='bbox 352 2594 376 2617; x_wconf 82' lang='lat'>4.</span> <span class='ocrx_word' id='word_1_302' title='bbox 391 2605 421 2609; x_wconf 98' lang='lat'><strong>—</strong></span> <span class='ocrx_word' id='word_1_303' title='bbox 433 2592 444 2608; x_wconf 77' lang='lat'><em>²</em></span> <span class='ocrx_word' id='word_1_304' title='bbox 457 2592 520 2621; x_wconf 63' lang='lat' dir='ltr'>Iac„</span> <span class='ocrx_word' id='word_1_305' title='bbox 535 2598 558 2621; x_wconf 81' lang='lat' dir='ltr'>v,</span> <span class='ocrx_word' id='word_1_306' title='bbox 574 2593 598 2620; x_wconf 82' lang='lat'>2,</span> <span class='ocrx_word' id='word_1_307' title='bbox 613 2593 635 2616; x_wconf 89' lang='lat'>3.</span> <span class='ocrx_word' id='word_1_308' title='bbox 651 2604 681 2610; x_wconf 94' lang='lat'>—</span> <span class='ocrx_word' id='word_1_309' title='bbox 695 2592 706 2609; x_wconf 79' lang='lat'><strong>⁸</strong></span> <span class='ocrx_word' id='word_1_310' title='bbox 719 2592 784 2621; x_wconf 61' lang='lat' dir='ltr'>lob„</span> <span class='ocrx_word' id='word_1_311' title='bbox 799 2599 869 2624; x_wconf 76' lang='lat' dir='ltr'>xxiv,</span> <span class='ocrx_word' id='word_1_312' title='bbox 885 2594 908 2617; x_wconf 78' lang='lat'>7.</span> 
     </span>
     <span class='ocr_line' id='line_1_48' title="bbox 143 2627 910 2660; baseline 0.001 -8"><span class='ocrx_word' id='word_1_313' title='bbox 143 2640 172 2645; x_wconf 89' lang='lat'>—</span> <span class='ocrx_word' id='word_1_314' title='bbox 187 2628 309 2659; x_wconf 59' lang='grc' dir='ltr'>ὗΜαιίΙι.1</span> <span class='ocrx_word' id='word_1_315' title='bbox 324 2634 360 2658; x_wconf 79' lang='lat' dir='ltr'>vl,</span> <span class='ocrx_word' id='word_1_316' title='bbox 374 2629 413 2658; x_wconf 78' lang='lat'>28,</span> <span class='ocrx_word' id='word_1_317' title='bbox 429 2629 468 2652; x_wconf 80' lang='lat'>29.</span> <span class='ocrx_word' id='word_1_318' title='bbox 479 2640 509 2646; x_wconf 93' lang='lat'>·-</span> <span class='ocrx_word' id='word_1_319' title='bbox 526 2628 534 2642; x_wconf 78' lang='lat'><em>⁵</em></span> <span class='ocrx_word' id='word_1_320' title='bbox 549 2627 664 2659; x_wconf 76' lang='lat' dir='ltr'>Sophon.,</span> <span class='ocrx_word' id='word_1_321' title='bbox 680 2634 697 2657; x_wconf 87' lang='lat'>1,</span> <span class='ocrx_word' id='word_1_322' title='bbox 715 2630 739 2652; x_wconf 83' lang='lat'>8.</span> <span class='ocrx_word' id='word_1_323' title='bbox 754 2642 785 2646; x_wconf 89' lang='lat'><em>-</em></span> <span class='ocrx_word' id='word_1_324' title='bbox 800 2629 809 2642; x_wconf 58' lang='grc' dir='ltr'><strong>ὃ</strong></span> <span class='ocrx_word' id='word_1_325' title='bbox 826 2630 910 2660; x_wconf 62' lang='lat' dir='ltr'>Dent„</span> 
     </span>
     <span class='ocr_line' id='line_1_49' title="bbox 145 2662 909 2695; baseline -0.001 -8"><span class='ocrx_word' id='word_1_326' title='bbox 145 2668 212 2693; x_wconf 80' lang='lat' dir='ltr'>xxii,</span> <span class='ocrx_word' id='word_1_327' title='bbox 235 2665 258 2687; x_wconf 82' lang='lat'>5.</span> <span class='ocrx_word' id='word_1_328' title='bbox 280 2676 311 2681; x_wconf 90' lang='lat'>-</span> <span class='ocrx_word' id='word_1_329' title='bbox 334 2664 341 2677; x_wconf 86' lang='lat'>⁷</span> <span class='ocrx_word' id='word_1_330' title='bbox 361 2663 427 2694; x_wconf 65' lang='lat' dir='ltr'>lac„</span> <span class='ocrx_word' id='word_1_331' title='bbox 446 2668 476 2695; x_wconf 77' lang='lat' dir='ltr'>v,</span> <span class='ocrx_word' id='word_1_332' title='bbox 499 2664 523 2687; x_wconf 82' lang='lat'>5.</span> <span class='ocrx_word' id='word_1_333' title='bbox 544 2675 574 2681; x_wconf 95' lang='lat'>—</span> <span class='ocrx_word' id='word_1_334' title='bbox 593 2662 604 2680; x_wconf 68' lang='grc' dir='ltr'><strong>θ</strong></span> <span class='ocrx_word' id='word_1_335' title='bbox 622 2663 694 2694; x_wconf 88' lang='lat' dir='ltr'>Sup.,</span> <span class='ocrx_word' id='word_1_336' title='bbox 714 2669 755 2694; x_wconf 88' lang='lat' dir='ltr'>xv,</span> <span class='ocrx_word' id='word_1_337' title='bbox 777 2665 861 2688; x_wconf 74' lang='lat'>23—24.</span> <span class='ocrx_word' id='word_1_338' title='bbox 879 2676 909 2683; x_wconf 86' lang='lat'><em>-</em></span> 
     </span>
    </p>
   </div>
   <div class='ocr_carea' id='block_1_5' title="bbox 950 270 1747 1888">
    <p class='ocr_par' dir='ltr' id='par_1_6' title="bbox 950 270 1747 1888">
     <span class='ocr_line' id='line_1_50' title="bbox 950 270 1722 310; baseline 0 -8"><span class='ocrx_word' id='word_1_339' title='bbox 950 273 1069 302; x_wconf 86' lang='lat' dir='ltr'>rimum</span> <span class='ocrx_word' id='word_1_340' title='bbox 1083 272 1179 302; x_wconf 85' lang='lat' dir='ltr'>habet</span> <span class='ocrx_word' id='word_1_341' title='bbox 1191 271 1354 302; x_wconf 81' lang='lat' dir='ltr'>luxuriam</span> <span class='ocrx_word' id='word_1_342' title='bbox 1372 271 1555 310; x_wconf 76' lang='lat' dir='ltr'>adJunctam</span> <span class='ocrx_word' id='word_1_343' title='bbox 1567 274 1576 289; x_wconf 90' lang='lat'>⁷</span> <span class='ocrx_word' id='word_1_344' title='bbox 1590 281 1597 301; x_wconf 70' lang='grc' dir='ltr'><strong>ι</strong></span> <span class='ocrx_word' id='word_1_345' title='bbox 1615 282 1628 299; x_wconf 86' lang='lat'>«</span> <span class='ocrx_word' id='word_1_346' title='bbox 1638 270 1722 310; x_wconf 91' lang='lat' dir='ltr'>Epu-</span> 
     </span>
     <span class='ocr_line' id='line_1_51' title="bbox 950 323 1721 363; baseline 0 -9"><span class='ocrx_word' id='word_1_347' title='bbox 950 325 1004 354; x_wconf 86' lang='lat' dir='ltr'>lati</span> <span class='ocrx_word' id='word_1_348' title='bbox 1020 325 1093 355; x_wconf 85' lang='lat' dir='ltr'>estis</span> <span class='ocrx_word' id='word_1_349' title='bbox 1113 333 1208 363; x_wconf 87' lang='lat' dir='ltr'>super</span> <span class='ocrx_word' id='word_1_350' title='bbox 1225 326 1358 361; x_wconf 80' lang='lat' dir='ltr'>terram,</span> <span class='ocrx_word' id='word_1_351' title='bbox 1382 326 1412 353; x_wconf 89' lang='lat' dir='ltr'>et</span> <span class='ocrx_word' id='word_1_352' title='bbox 1428 324 1462 353; x_wconf 93' lang='lat' dir='ltr'>in</span> <span class='ocrx_word' id='word_1_353' title='bbox 1485 323 1622 353; x_wconf 83' lang='lat' dir='ltr'>luxuriis</span> <span class='ocrx_word' id='word_1_354' title='bbox 1641 333 1721 354; x_wconf 91' lang='lat' dir='ltr'>enu-</span> 
     </span>
     <span class='ocr_line' id='line_1_52' title="bbox 951 375 1722 415; baseline -0.004 -7"><span class='ocrx_word' id='word_1_355' title='bbox 951 378 1046 408; x_wconf 82' lang='lat' dir='ltr'>tristis</span> <span class='ocrx_word' id='word_1_356' title='bbox 1061 377 1155 408; x_wconf 91' lang='lat' dir='ltr'>corda</span> <span class='ocrx_word' id='word_1_357' title='bbox 1169 379 1284 407; x_wconf 86' lang='lat' dir='ltr'>vestra.</span> <span class='ocrx_word' id='word_1_358' title='bbox 1298 388 1312 404; x_wconf 70' lang='lat' dir='ltr'>n</span> <span class='ocrx_word' id='word_1_359' title='bbox 1330 376 1367 406; x_wconf 83' lang='lat' dir='ltr'>Et</span> <span class='ocrx_word' id='word_1_360' title='bbox 1379 378 1454 406; x_wconf 92' lang='lat' dir='ltr'>nota</span> <span class='ocrx_word' id='word_1_361' title='bbox 1467 375 1551 415; x_wconf 86' lang='lat' dir='ltr'>quod</span> <span class='ocrx_word' id='word_1_362' title='bbox 1564 378 1609 406; x_wconf 92' lang='lat' dir='ltr'>est</span> <span class='ocrx_word' id='word_1_363' title='bbox 1621 375 1722 415; x_wconf 87' lang='lat' dir='ltr'>splen-</span> 
     </span>
     <span class='ocr_line' id='line_1_53' title="bbox 952 428 1721 469; baseline -0.003 -9"><span class='ocrx_word' id='word_1_364' title='bbox 952 431 1008 460; x_wconf 88' lang='lat' dir='ltr'>dor</span> <span class='ocrx_word' id='word_1_365' title='bbox 1024 431 1056 460; x_wconf 86' lang='lat' dir='ltr'>in</span> <span class='ocrx_word' id='word_1_366' title='bbox 1074 430 1253 469; x_wconf 86' lang='lat' dir='ltr'>epulatione</span> <span class='ocrx_word' id='word_1_367' title='bbox 1275 429 1447 468; x_wconf 80' lang='lat' dir='ltr'>spirituali,</span> <span class='ocrx_word' id='word_1_368' title='bbox 1469 437 1566 468; x_wconf 87' lang='lat' dir='ltr'>quem</span> <span class='ocrx_word' id='word_1_369' title='bbox 1581 428 1654 458; x_wconf 82' lang='lat' dir='ltr'>facit</span> <span class='ocrx_word' id='word_1_370' title='bbox 1672 438 1721 459; x_wconf 91' lang='lat' dir='ltr'>sa-</span> 
     </span>
     <span class='ocr_line' id='line_1_54' title="bbox 951 482 1723 523; baseline 0 -10"><span class='ocrx_word' id='word_1_371' title='bbox 951 483 1085 523; x_wconf 81' lang='lat' dir='ltr'>pientia;</span> <span class='ocrx_word' id='word_1_372' title='bbox 1101 485 1131 513; x_wconf 86' lang='lat' dir='ltr'>et</span> <span class='ocrx_word' id='word_1_373' title='bbox 1150 484 1201 513; x_wconf 85' lang='lat' dir='ltr'>hic</span> <span class='ocrx_word' id='word_1_374' title='bbox 1223 484 1270 513; x_wconf 87' lang='lat' dir='ltr'>est</span> <span class='ocrx_word' id='word_1_375' title='bbox 1293 482 1489 518; x_wconf 84' lang='lat' dir='ltr'>laudandus,</span> <span class='ocrx_word' id='word_1_376' title='bbox 1514 482 1594 512; x_wconf 81' lang='lat' dir='ltr'>sieut</span> <span class='ocrx_word' id='word_1_377' title='bbox 1616 484 1647 512; x_wconf 88' lang='lat' dir='ltr'>et</span> <span class='ocrx_word' id='word_1_378' title='bbox 1670 483 1723 513; x_wconf 88' lang='lat' dir='ltr'>illa</span> 
     </span>
     <span class='ocr_line' id='line_1_55' title="bbox 953 534 1723 576; baseline 0 -11"><span class='ocrx_word' id='word_1_379' title='bbox 953 536 1091 576; x_wconf 84' lang='lat' dir='ltr'>epulatio</span> <span class='ocrx_word' id='word_1_380' title='bbox 1102 560 1109 574; x_wconf 82' lang='lat'>‚</span> <span class='ocrx_word' id='word_1_381' title='bbox 1125 536 1163 566; x_wconf 90' lang='lat' dir='ltr'>de</span> <span class='ocrx_word' id='word_1_382' title='bbox 1178 545 1239 576; x_wconf 86' lang='lat' dir='ltr'>qua</span> <span class='ocrx_word' id='word_1_383' title='bbox 1253 544 1349 575; x_wconf 87' lang='lat' dir='ltr'>supra</span> <span class='ocrx_word' id='word_1_384' title='bbox 1362 535 1372 550; x_wconf 59' lang='grc' dir='ltr'>Β</span> <span class='ocrx_word' id='word_1_385' title='bbox 1393 545 1399 565; x_wconf 77' lang='lat' dir='ltr'>z</span> <span class='ocrx_word' id='word_1_386' title='bbox 1421 545 1436 563; x_wconf 86' lang='lat'>«</span> <span class='ocrx_word' id='word_1_387' title='bbox 1450 534 1678 564; x_wconf 86' lang='lat' dir='ltr'>Manducemus</span> <span class='ocrx_word' id='word_1_388' title='bbox 1692 536 1723 565; x_wconf 88' lang='lat' dir='ltr'>et</span> 
     </span>
     <span class='ocr_line' id='line_1_56' title="bbox 953 587 1721 628; baseline 0 -10"><span class='ocrx_word' id='word_1_389' title='bbox 953 588 1130 627; x_wconf 82' lang='lat' dir='ltr'>epulemur,</span> <span class='ocrx_word' id='word_1_390' title='bbox 1148 589 1222 628; x_wconf 89' lang='lat' dir='ltr'>quia</span> <span class='ocrx_word' id='word_1_391' title='bbox 1244 589 1295 618; x_wconf 87' lang='lat' dir='ltr'>hic</span> <span class='ocrx_word' id='word_1_392' title='bbox 1317 588 1419 625; x_wconf 87' lang='lat' dir='ltr'>filius,</span> <span class='ocrx_word' id='word_1_393' title='bbox 1439 598 1452 615; x_wconf 72' lang='grc' dir='ltr'>ι)</span> <span class='ocrx_word' id='word_1_394' title='bbox 1471 589 1530 617; x_wconf 83' lang='lat' dir='ltr'>etc.</span> <span class='ocrx_word' id='word_1_395' title='bbox 1554 587 1628 617; x_wconf 83' lang='lat' dir='ltr'>Haec</span> <span class='ocrx_word' id='word_1_396' title='bbox 1644 597 1721 627; x_wconf 86' lang='lat' dir='ltr'>epu-</span> 
     </span>
     <span class='ocr_line' id='line_1_57' title="bbox 953 640 1721 680; baseline 0 -10"><span class='ocrx_word' id='word_1_397' title='bbox 953 641 1028 671; x_wconf 87' lang='lat' dir='ltr'>latio</span> <span class='ocrx_word' id='word_1_398' title='bbox 1047 643 1091 671; x_wconf 90' lang='lat' dir='ltr'>est</span> <span class='ocrx_word' id='word_1_399' title='bbox 1113 641 1292 680; x_wconf 88' lang='lat' dir='ltr'>splendida,</span> <span class='ocrx_word' id='word_1_400' title='bbox 1320 641 1394 680; x_wconf 88' lang='lat' dir='ltr'>quia</span> <span class='ocrx_word' id='word_1_401' title='bbox 1418 640 1462 670; x_wconf 88' lang='lat' dir='ltr'>nil</span> <span class='ocrx_word' id='word_1_402' title='bbox 1483 640 1579 670; x_wconf 88' lang='lat' dir='ltr'>habet</span> <span class='ocrx_word' id='word_1_403' title='bbox 1604 641 1721 679; x_wconf 85' lang='lat' dir='ltr'>sordis,</span> 
     </span>
     <span class='ocr_line' id='line_1_58' title="bbox 953 693 1723 733; baseline -0.003 -8"><span class='ocrx_word' id='word_1_404' title='bbox 953 694 1007 725; x_wconf 87' lang='lat' dir='ltr'>sed</span> <span class='ocrx_word' id='word_1_405' title='bbox 1029 694 1117 725; x_wconf 88' lang='lat' dir='ltr'>venit</span> <span class='ocrx_word' id='word_1_406' title='bbox 1142 703 1183 724; x_wconf 80' lang='lat' dir='ltr'>ex</span> <span class='ocrx_word' id='word_1_407' title='bbox 1205 695 1290 724; x_wconf 80' lang='lat' dir='ltr'>fonte</span> <span class='ocrx_word' id='word_1_408' title='bbox 1316 694 1448 724; x_wconf 86' lang='lat' dir='ltr'>luminis</span> <span class='ocrx_word' id='word_1_409' title='bbox 1471 693 1655 733; x_wconf 87' lang='lat' dir='ltr'>sempiterni</span> <span class='ocrx_word' id='word_1_410' title='bbox 1678 695 1688 710; x_wconf 78' lang='lat'>⁹</span> <span class='ocrx_word' id='word_1_411' title='bbox 1716 703 1723 723; x_wconf 71' lang='grc' dir='ltr'>ε</span> 
     </span>
     <span class='ocr_line' id='line_1_59' title="bbox 958 745 1722 785; baseline 0.001 -9"><span class='ocrx_word' id='word_1_412' title='bbox 958 758 972 775; x_wconf 79' lang='grc' dir='ltr'>(ι</span> <span class='ocrx_word' id='word_1_413' title='bbox 1002 746 1247 777; x_wconf 80' lang='lat' dir='ltr'>inebriabuntur</span> <span class='ocrx_word' id='word_1_414' title='bbox 1272 747 1312 776; x_wconf 84' lang='lat' dir='ltr'>ab</span> <span class='ocrx_word' id='word_1_415' title='bbox 1342 747 1529 776; x_wconf 76' lang='lat' dir='ltr'>ubertate.»</span> <span class='ocrx_word' id='word_1_416' title='bbox 1555 745 1593 776; x_wconf 91' lang='lat' dir='ltr'>Et</span> <span class='ocrx_word' id='word_1_417' title='bbox 1618 748 1688 785; x_wconf 89' lang='lat' dir='ltr'>post</span> <span class='ocrx_word' id='word_1_418' title='bbox 1715 757 1722 777; x_wconf 67' lang='grc' dir='ltr'><em>τ</em></span> 
     </span>
     <span class='ocr_line' id='line_1_60' title="bbox 959 798 1723 838; baseline 0.001 -10"><span class='ocrx_word' id='word_1_419' title='bbox 959 799 1142 836; x_wconf 84' lang='lat' dir='ltr'>«Quoniam</span> <span class='ocrx_word' id='word_1_420' title='bbox 1158 799 1241 838; x_wconf 89' lang='lat' dir='ltr'>apud</span> <span class='ocrx_word' id='word_1_421' title='bbox 1260 801 1291 829; x_wconf 87' lang='lat' dir='ltr'>te</span> <span class='ocrx_word' id='word_1_422' title='bbox 1311 800 1357 829; x_wconf 89' lang='lat' dir='ltr'>est</span> <span class='ocrx_word' id='word_1_423' title='bbox 1372 799 1441 829; x_wconf 84' lang='lat' dir='ltr'>fons</span> <span class='ocrx_word' id='word_1_424' title='bbox 1461 798 1536 829; x_wconf 79' lang='lat' dir='ltr'>vitae</span> <span class='ocrx_word' id='word_1_425' title='bbox 1556 809 1562 828; x_wconf 93' lang='lat'>:</span> <span class='ocrx_word' id='word_1_426' title='bbox 1582 800 1611 828; x_wconf 88' lang='lat' dir='ltr'>et</span> <span class='ocrx_word' id='word_1_427' title='bbox 1626 798 1659 827; x_wconf 88' lang='lat' dir='ltr'>in</span> <span class='ocrx_word' id='word_1_428' title='bbox 1674 798 1723 829; x_wconf 92' lang='lat' dir='ltr'>lu-</span> 
     </span>
     <span class='ocr_line' id='line_1_61' title="bbox 955 850 1722 883; baseline -0.001 0"><span class='ocrx_word' id='word_1_429' title='bbox 955 854 1040 883; x_wconf 81' lang='lat' dir='ltr'>mine</span> <span class='ocrx_word' id='word_1_430' title='bbox 1060 854 1116 883; x_wconf 87' lang='lat' dir='ltr'>tuo</span> <span class='ocrx_word' id='word_1_431' title='bbox 1131 853 1311 883; x_wconf 84' lang='lat' dir='ltr'>videbimus</span> <span class='ocrx_word' id='word_1_432' title='bbox 1325 853 1444 882; x_wconf 89' lang='lat' dir='ltr'>lumen.</span> <span class='ocrx_word' id='word_1_433' title='bbox 1462 862 1476 879; x_wconf 82' lang='grc'>))</span> <span class='ocrx_word' id='word_1_434' title='bbox 1496 850 1534 881; x_wconf 87' lang='lat' dir='ltr'>Et</span> <span class='ocrx_word' id='word_1_435' title='bbox 1549 851 1663 881; x_wconf 84' lang='lat' dir='ltr'>iterum</span> <span class='ocrx_word' id='word_1_436' title='bbox 1677 853 1698 871; x_wconf 82' lang='lat'>¹⁰</span> <span class='ocrx_word' id='word_1_437' title='bbox 1716 862 1722 882; x_wconf 91' lang='lat'>:</span> 
     </span>
     <span class='ocr_line' id='line_1_62' title="bbox 960 905 1725 942; baseline 0 -8"><span class='ocrx_word' id='word_1_438' title='bbox 960 917 974 934; x_wconf 86' lang='lat'>«</span> <span class='ocrx_word' id='word_1_439' title='bbox 995 906 1152 942; x_wconf 81' lang='lat' dir='ltr'>Quoniam</span> <span class='ocrx_word' id='word_1_440' title='bbox 1176 906 1318 935; x_wconf 86' lang='lat' dir='ltr'>transibo</span> <span class='ocrx_word' id='word_1_441' title='bbox 1342 906 1377 935; x_wconf 91' lang='lat' dir='ltr'>in</span> <span class='ocrx_word' id='word_1_442' title='bbox 1400 905 1506 935; x_wconf 86' lang='lat' dir='ltr'>locum</span> <span class='ocrx_word' id='word_1_443' title='bbox 1529 905 1725 935; x_wconf 81' lang='lat' dir='ltr'>tabernaculi</span> 
     </span>
     <span class='ocr_line' id='line_1_63' title="bbox 955 957 1726 998; baseline -0.001 -9"><span class='ocrx_word' id='word_1_444' title='bbox 955 959 1150 989; x_wconf 83' lang='lat' dir='ltr'>admirabilis</span> <span class='ocrx_word' id='word_1_445' title='bbox 1164 968 1267 998; x_wconf 88' lang='lat' dir='ltr'>usque</span> <span class='ocrx_word' id='word_1_446' title='bbox 1287 958 1325 988; x_wconf 86' lang='lat' dir='ltr'>ad</span> <span class='ocrx_word' id='word_1_447' title='bbox 1344 958 1476 988; x_wconf 85' lang='lat' dir='ltr'>domum</span> <span class='ocrx_word' id='word_1_448' title='bbox 1498 957 1562 988; x_wconf 82' lang='lat' dir='ltr'>Dei.</span> <span class='ocrx_word' id='word_1_449' title='bbox 1590 957 1625 987; x_wconf 88' lang='lat' dir='ltr'>In</span> <span class='ocrx_word' id='word_1_450' title='bbox 1649 967 1726 988; x_wconf 77' lang='lat' dir='ltr'>voce</span> 
     </span>
     <span class='ocr_line' id='line_1_64' title="bbox 956 1011 1727 1050; baseline -0.003 -8"><span class='ocrx_word' id='word_1_451' title='bbox 956 1012 1160 1042; x_wconf 80' lang='lat' dir='ltr'>exultationis</span> <span class='ocrx_word' id='word_1_452' title='bbox 1185 1014 1215 1042; x_wconf 92' lang='lat' dir='ltr'>et</span> <span class='ocrx_word' id='word_1_453' title='bbox 1239 1011 1456 1048; x_wconf 83' lang='lat' dir='ltr'>confessionis,</span> <span class='ocrx_word' id='word_1_454' title='bbox 1479 1020 1575 1040; x_wconf 89' lang='lat' dir='ltr'>sonus</span> <span class='ocrx_word' id='word_1_455' title='bbox 1599 1011 1727 1050; x_wconf 82' lang='lat' dir='ltr'>epulan—</span> 
     </span>
     <span class='ocr_line' id='line_1_65' title="bbox 956 1063 1725 1103; baseline -0.004 -8"><span class='ocrx_word' id='word_1_456' title='bbox 956 1066 1005 1095; x_wconf 88' lang='lat' dir='ltr'>tis.</span> <span class='ocrx_word' id='word_1_457' title='bbox 1022 1077 1036 1092; x_wconf 72' lang='lat' dir='ltr'>n</span> <span class='ocrx_word' id='word_1_458' title='bbox 1057 1065 1135 1095; x_wconf 87' lang='lat' dir='ltr'>Item</span> <span class='ocrx_word' id='word_1_459' title='bbox 1150 1067 1195 1094; x_wconf 87' lang='lat' dir='ltr'>est</span> <span class='ocrx_word' id='word_1_460' title='bbox 1210 1064 1358 1103; x_wconf 85' lang='lat' dir='ltr'>splendor</span> <span class='ocrx_word' id='word_1_461' title='bbox 1372 1064 1405 1093; x_wconf 88' lang='lat' dir='ltr'>in</span> <span class='ocrx_word' id='word_1_462' title='bbox 1421 1063 1601 1102; x_wconf 87' lang='lat' dir='ltr'>epulatione</span> <span class='ocrx_word' id='word_1_463' title='bbox 1615 1072 1725 1103; x_wconf 86' lang='lat' dir='ltr'>corpo-</span> 
     </span>
     <span class='ocr_line' id='line_1_66' title="bbox 956 1115 1728 1156; baseline -0.004 -8"><span class='ocrx_word' id='word_1_464' title='bbox 956 1118 1029 1155; x_wconf 82' lang='lat' dir='ltr'>rali,</span> <span class='ocrx_word' id='word_1_465' title='bbox 1053 1127 1148 1156; x_wconf 86' lang='lat' dir='ltr'>quem</span> <span class='ocrx_word' id='word_1_466' title='bbox 1168 1117 1241 1147; x_wconf 83' lang='lat' dir='ltr'>facit</span> <span class='ocrx_word' id='word_1_467' title='bbox 1265 1116 1496 1153; x_wconf 86' lang='lat' dir='ltr'>misericordia;</span> <span class='ocrx_word' id='word_1_468' title='bbox 1517 1118 1547 1145; x_wconf 84' lang='lat' dir='ltr'>et</span> <span class='ocrx_word' id='word_1_469' title='bbox 1565 1115 1616 1145; x_wconf 85' lang='lat' dir='ltr'>hic</span> <span class='ocrx_word' id='word_1_470' title='bbox 1632 1117 1728 1146; x_wconf 88' lang='lat' dir='ltr'>etiam</span> 
     </span>
     <span class='ocr_line' id='line_1_67' title="bbox 956 1168 1729 1209; baseline -0.003 -8"><span class='ocrx_word' id='word_1_471' title='bbox 956 1172 1003 1201; x_wconf 85' lang='lat' dir='ltr'>est</span> <span class='ocrx_word' id='word_1_472' title='bbox 1023 1170 1216 1207; x_wconf 82' lang='lat' dir='ltr'>laudandus,</span> <span class='ocrx_word' id='word_1_473' title='bbox 1237 1170 1274 1201; x_wconf 91' lang='lat' dir='ltr'>de</span> <span class='ocrx_word' id='word_1_474' title='bbox 1300 1179 1362 1209; x_wconf 85' lang='lat' dir='ltr'>quo</span> <span class='ocrx_word' id='word_1_475' title='bbox 1384 1169 1499 1200; x_wconf 87' lang='lat' dir='ltr'>dicitur</span> <span class='ocrx_word' id='word_1_476' title='bbox 1514 1169 1532 1186; x_wconf 86' lang='lat'>¹¹</span> <span class='ocrx_word' id='word_1_477' title='bbox 1551 1180 1557 1199; x_wconf 77' lang='lat' dir='ltr'>z</span> <span class='ocrx_word' id='word_1_478' title='bbox 1573 1181 1587 1198; x_wconf 87' lang='lat'>«</span> <span class='ocrx_word' id='word_1_479' title='bbox 1602 1168 1671 1199; x_wconf 90' lang='lat' dir='ltr'>Non</span> <span class='ocrx_word' id='word_1_480' title='bbox 1688 1178 1729 1199; x_wconf 82' lang='lat' dir='ltr'>ex</span> 
     </span>
     <span class='ocr_line' id='line_1_68' title="bbox 956 1221 1729 1260; baseline -0.003 -7"><span class='ocrx_word' id='word_1_481' title='bbox 956 1224 1094 1260; x_wconf 84' lang='lat' dir='ltr'>tristitia,</span> <span class='ocrx_word' id='word_1_482' title='bbox 1110 1226 1165 1253; x_wconf 88' lang='lat' dir='ltr'>aut</span> <span class='ocrx_word' id='word_1_483' title='bbox 1179 1223 1374 1259; x_wconf 80' lang='lat' dir='ltr'>necessitate,</span> <span class='ocrx_word' id='word_1_484' title='bbox 1391 1222 1526 1252; x_wconf 86' lang='lat' dir='ltr'>hilarem</span> <span class='ocrx_word' id='word_1_485' title='bbox 1539 1222 1627 1252; x_wconf 86' lang='lat' dir='ltr'>enim</span> <span class='ocrx_word' id='word_1_486' title='bbox 1644 1221 1729 1252; x_wconf 88' lang='lat' dir='ltr'>dato-</span> 
     </span>
     <span class='ocr_line' id='line_1_69' title="bbox 956 1275 1747 1318; baseline -0.003 -12"><span class='ocrx_word' id='word_1_487' title='bbox 956 1285 1025 1306; x_wconf 92' lang='lat' dir='ltr'>rem</span> <span class='ocrx_word' id='word_1_488' title='bbox 1038 1276 1143 1315; x_wconf 81' lang='lat' dir='ltr'>diligit</span> <span class='ocrx_word' id='word_1_489' title='bbox 1158 1276 1252 1306; x_wconf 90' lang='lat' dir='ltr'>Deus.</span> <span class='ocrx_word' id='word_1_490' title='bbox 1270 1286 1284 1303; x_wconf 87' lang='lat'>))</span> <span class='ocrx_word' id='word_1_491' title='bbox 1301 1275 1340 1306; x_wconf 92' lang='lat' dir='ltr'>Et</span> <span class='ocrx_word' id='word_1_492' title='bbox 1358 1275 1410 1305; x_wconf 85' lang='lat' dir='ltr'>hic</span> <span class='ocrx_word' id='word_1_493' title='bbox 1423 1275 1571 1314; x_wconf 87' lang='lat' dir='ltr'>splendor</span> <span class='ocrx_word' id='word_1_494' title='bbox 1588 1275 1728 1305; x_wconf 87' lang='lat' dir='ltr'>consistit</span> <span class='ocrx_word' id='word_1_495' title='bbox 1740 1313 1747 1318; x_wconf 41' lang='lat'><strong>·</strong></span> 
     </span>
     <span class='ocr_line' id='line_1_70' title="bbox 957 1327 1728 1366; baseline -0.001 -8"><span class='ocrx_word' id='word_1_496' title='bbox 957 1329 990 1358; x_wconf 86' lang='lat' dir='ltr'>in</span> <span class='ocrx_word' id='word_1_497' title='bbox 1003 1329 1092 1358; x_wconf 84' lang='lat' dir='ltr'>faciei</span> <span class='ocrx_word' id='word_1_498' title='bbox 1106 1328 1262 1358; x_wconf 81' lang='lat' dir='ltr'>hilaritate</span> <span class='ocrx_word' id='word_1_499' title='bbox 1273 1351 1280 1365; x_wconf 88' lang='lat'><strong>‚</strong></span> <span class='ocrx_word' id='word_1_500' title='bbox 1298 1330 1328 1358; x_wconf 89' lang='lat' dir='ltr'>et</span> <span class='ocrx_word' id='word_1_501' title='bbox 1343 1328 1617 1366; x_wconf 88' lang='lat' dir='ltr'>eleemosynarum</span> <span class='ocrx_word' id='word_1_502' title='bbox 1630 1327 1728 1366; x_wconf 87' lang='lat' dir='ltr'>largi-</span> 
     </span>
     <span class='ocr_line' id='line_1_71' title="bbox 957 1379 1728 1420; baseline -0.004 -8"><span class='ocrx_word' id='word_1_503' title='bbox 957 1384 1035 1419; x_wconf 85' lang='lat' dir='ltr'>tate,</span> <span class='ocrx_word' id='word_1_504' title='bbox 1053 1381 1090 1411; x_wconf 85' lang='lat' dir='ltr'>de</span> <span class='ocrx_word' id='word_1_505' title='bbox 1107 1390 1170 1420; x_wconf 87' lang='lat' dir='ltr'>quo</span> <span class='ocrx_word' id='word_1_506' title='bbox 1186 1381 1302 1410; x_wconf 83' lang='lat' dir='ltr'>dicitur</span> <span class='ocrx_word' id='word_1_507' title='bbox 1318 1381 1340 1398; x_wconf 72' lang='lat'>¹²</span> <span class='ocrx_word' id='word_1_508' title='bbox 1356 1391 1386 1410; x_wconf 85' lang='lat'>:«</span> <span class='ocrx_word' id='word_1_509' title='bbox 1401 1379 1607 1418; x_wconf 89' lang='lat' dir='ltr'>Splendidum</span> <span class='ocrx_word' id='word_1_510' title='bbox 1623 1380 1655 1409; x_wconf 92' lang='lat' dir='ltr'>in</span> <span class='ocrx_word' id='word_1_511' title='bbox 1670 1389 1728 1419; x_wconf 90' lang='lat' dir='ltr'>pa-</span> 
     </span>
     <span class='ocr_line' id='line_1_72' title="bbox 957 1433 1727 1471; baseline -0.003 -7"><span class='ocrx_word' id='word_1_512' title='bbox 957 1435 1052 1465; x_wconf 87' lang='lat' dir='ltr'>nibus</span> <span class='ocrx_word' id='word_1_513' title='bbox 1067 1434 1254 1464; x_wconf 77' lang='lat' dir='ltr'>benedicent</span> <span class='ocrx_word' id='word_1_514' title='bbox 1270 1433 1353 1463; x_wconf 91' lang='lat' dir='ltr'>labia</span> <span class='ocrx_word' id='word_1_515' title='bbox 1372 1433 1550 1463; x_wconf 87' lang='lat' dir='ltr'>multorum</span> <span class='ocrx_word' id='word_1_516' title='bbox 1562 1457 1569 1471; x_wconf 84' lang='lat'><strong><em>,</em></strong></span> <span class='ocrx_word' id='word_1_517' title='bbox 1593 1434 1624 1463; x_wconf 90' lang='lat' dir='ltr'>et</span> <span class='ocrx_word' id='word_1_518' title='bbox 1642 1433 1727 1463; x_wconf 88' lang='lat' dir='ltr'>testi-</span> 
     </span>
     <span class='ocr_line' id='line_1_73' title="bbox 958 1486 1729 1518; baseline -0.004 0"><span class='ocrx_word' id='word_1_519' title='bbox 958 1488 1104 1518; x_wconf 89' lang='lat' dir='ltr'>monium</span> <span class='ocrx_word' id='word_1_520' title='bbox 1123 1488 1263 1518; x_wconf 87' lang='lat' dir='ltr'>veritatis</span> <span class='ocrx_word' id='word_1_521' title='bbox 1284 1487 1370 1517; x_wconf 88' lang='lat' dir='ltr'>illius</span> <span class='ocrx_word' id='word_1_522' title='bbox 1394 1486 1496 1516; x_wconf 86' lang='lat' dir='ltr'>fidele.</span> <span class='ocrx_word' id='word_1_523' title='bbox 1513 1497 1526 1514; x_wconf 71' lang='lat' dir='ltr'>n</span> <span class='ocrx_word' id='word_1_524' title='bbox 1556 1486 1609 1516; x_wconf 88' lang='lat' dir='ltr'>Est</span> <span class='ocrx_word' id='word_1_525' title='bbox 1633 1486 1729 1516; x_wconf 87' lang='lat' dir='ltr'>etiam</span> 
     </span>
     <span class='ocr_line' id='line_1_74' title="bbox 958 1539 1730 1580; baseline -0.004 -9"><span class='ocrx_word' id='word_1_526' title='bbox 958 1541 1106 1580; x_wconf 81' lang='lat' dir='ltr'>splendor</span> <span class='ocrx_word' id='word_1_527' title='bbox 1121 1540 1154 1570; x_wconf 87' lang='lat' dir='ltr'>iu</span> <span class='ocrx_word' id='word_1_528' title='bbox 1178 1540 1356 1579; x_wconf 90' lang='lat' dir='ltr'>epulatione</span> <span class='ocrx_word' id='word_1_529' title='bbox 1377 1539 1512 1576; x_wconf 82' lang='lat' dir='ltr'>carnali,</span> <span class='ocrx_word' id='word_1_530' title='bbox 1539 1548 1634 1578; x_wconf 87' lang='lat' dir='ltr'>quem</span> <span class='ocrx_word' id='word_1_531' title='bbox 1657 1539 1730 1569; x_wconf 81' lang='lat' dir='ltr'>facit</span> 
     </span>
     <span class='ocr_line' id='line_1_75' title="bbox 957 1591 1730 1632; baseline -0.004 -8"><span class='ocrx_word' id='word_1_532' title='bbox 957 1594 1087 1625; x_wconf 88' lang='lat' dir='ltr'>lascivia</span> <span class='ocrx_word' id='word_1_533' title='bbox 1104 1594 1124 1610; x_wconf 78' lang='lat'>¹³</span> <span class='ocrx_word' id='word_1_534' title='bbox 1139 1602 1146 1624; x_wconf 90' lang='lat'><strong>:</strong></span> <span class='ocrx_word' id='word_1_535' title='bbox 1161 1605 1175 1622; x_wconf 87' lang='lat'>«</span> <span class='ocrx_word' id='word_1_536' title='bbox 1190 1593 1351 1632; x_wconf 85' lang='lat' dir='ltr'>Numquid</span> <span class='ocrx_word' id='word_1_537' title='bbox 1367 1601 1431 1622; x_wconf 90' lang='lat' dir='ltr'>non</span> <span class='ocrx_word' id='word_1_538' title='bbox 1445 1592 1536 1622; x_wconf 88' lang='lat' dir='ltr'>vobis</span> <span class='ocrx_word' id='word_1_539' title='bbox 1550 1591 1730 1622; x_wconf 87' lang='lat' dir='ltr'>comedistis</span> 
     </span>
     <span class='ocr_line' id='line_1_76' title="bbox 958 1644 1730 1685; baseline -0.005 -7"><span class='ocrx_word' id='word_1_540' title='bbox 958 1650 989 1678; x_wconf 89' lang='lat' dir='ltr'>et</span> <span class='ocrx_word' id='word_1_541' title='bbox 1002 1648 1145 1678; x_wconf 77' lang='lat' dir='ltr'>bibistis?</span> <span class='ocrx_word' id='word_1_542' title='bbox 1160 1658 1173 1675; x_wconf 85' lang='lat'>»</span> <span class='ocrx_word' id='word_1_543' title='bbox 1192 1647 1229 1677; x_wconf 89' lang='lat' dir='ltr'>Et</span> <span class='ocrx_word' id='word_1_544' title='bbox 1239 1647 1296 1676; x_wconf 91' lang='lat' dir='ltr'>iste</span> <span class='ocrx_word' id='word_1_545' title='bbox 1309 1645 1455 1685; x_wconf 88' lang='lat' dir='ltr'>splendor</span> <span class='ocrx_word' id='word_1_546' title='bbox 1472 1644 1652 1675; x_wconf 76' lang='lat' dir='ltr'>extenditur</span> <span class='ocrx_word' id='word_1_547' title='bbox 1666 1653 1730 1674; x_wconf 88' lang='lat' dir='ltr'>non</span> 
     </span>
     <span class='ocr_line' id='line_1_77' title="bbox 959 1697 1730 1737; baseline -0.006 -6"><span class='ocrx_word' id='word_1_548' title='bbox 959 1701 1064 1731; x_wconf 86' lang='lat' dir='ltr'>solum</span> <span class='ocrx_word' id='word_1_549' title='bbox 1091 1700 1131 1730; x_wconf 90' lang='lat' dir='ltr'>ad</span> <span class='ocrx_word' id='word_1_550' title='bbox 1154 1699 1272 1730; x_wconf 87' lang='lat' dir='ltr'>fercula</span> <span class='ocrx_word' id='word_1_551' title='bbox 1297 1698 1430 1729; x_wconf 80' lang='lat' dir='ltr'>artificio</span> <span class='ocrx_word' id='word_1_552' title='bbox 1454 1698 1650 1737; x_wconf 78' lang='lat' dir='ltr'>praeparata,</span> <span class='ocrx_word' id='word_1_553' title='bbox 1676 1697 1730 1727; x_wconf 87' lang='lat' dir='ltr'>sed</span> 
     </span>
     <span class='ocr_line' id='line_1_78' title="bbox 959 1750 1729 1790; baseline -0.005 -7"><span class='ocrx_word' id='word_1_554' title='bbox 959 1754 1054 1784; x_wconf 89' lang='lat' dir='ltr'>etiam</span> <span class='ocrx_word' id='word_1_555' title='bbox 1068 1753 1107 1783; x_wconf 89' lang='lat' dir='ltr'>ad</span> <span class='ocrx_word' id='word_1_556' title='bbox 1119 1762 1195 1782; x_wconf 86' lang='lat' dir='ltr'>vasa</span> <span class='ocrx_word' id='word_1_557' title='bbox 1208 1754 1371 1790; x_wconf 83' lang='lat' dir='ltr'>argentea,</span> <span class='ocrx_word' id='word_1_558' title='bbox 1388 1751 1426 1781; x_wconf 89' lang='lat' dir='ltr'>ad</span> <span class='ocrx_word' id='word_1_559' title='bbox 1439 1750 1644 1789; x_wconf 83' lang='lat' dir='ltr'>supellectilia</span> <span class='ocrx_word' id='word_1_560' title='bbox 1657 1759 1729 1780; x_wconf 89' lang='lat' dir='ltr'>can-</span> 
     </span>
     <span class='ocr_line' id='line_1_79' title="bbox 959 1801 1729 1843; baseline -0.004 -7"><span class='ocrx_word' id='word_1_561' title='bbox 959 1806 1047 1843; x_wconf 85' lang='lat' dir='ltr'>dida,</span> <span class='ocrx_word' id='word_1_562' title='bbox 1066 1805 1105 1836; x_wconf 92' lang='lat' dir='ltr'>ad</span> <span class='ocrx_word' id='word_1_563' title='bbox 1119 1804 1292 1836; x_wconf 88' lang='lat' dir='ltr'>luminaria</span> <span class='ocrx_word' id='word_1_564' title='bbox 1307 1803 1523 1843; x_wconf 85' lang='lat' dir='ltr'>multiplicata.</span> <span class='ocrx_word' id='word_1_565' title='bbox 1541 1802 1583 1833; x_wconf 89' lang='lat' dir='ltr'>De</span> <span class='ocrx_word' id='word_1_566' title='bbox 1598 1803 1658 1833; x_wconf 90' lang='lat' dir='ltr'>hoc</span> <span class='ocrx_word' id='word_1_567' title='bbox 1669 1801 1729 1833; x_wconf 80' lang='lat' dir='ltr'>Lu-</span> 
     </span>
     <span class='ocr_line' id='line_1_80' title="bbox 959 1866 1079 1888; baseline -0.008 0"><span class='ocrx_word' id='word_1_568' title='bbox 959 1866 1057 1888; x_wconf 84' lang='lat' dir='ltr'>canus</span> <span class='ocrx_word' id='word_1_569' title='bbox 1073 1868 1079 1887; x_wconf 91' lang='lat'>:</span> 
     </span>
    </p>
   </div>
   <div class='ocr_carea' id='block_1_6' title="bbox 1006 1945 1589 2013">
    <p class='ocr_par' dir='ltr' id='par_1_7' title="bbox 1006 1945 1589 2013">
     <span class='ocr_line' id='line_1_81' title="bbox 1006 1945 1576 1978; baseline -0.004 -7"><span class='ocrx_word' id='word_1_570' title='bbox 1006 1949 1025 1971; x_wconf 91' lang='grc' dir='ltr'>Ο</span> <span class='ocrx_word' id='word_1_571' title='bbox 1042 1946 1205 1978; x_wconf 59' lang='lat' dir='ltr'>quaesitorum</span> <span class='ocrx_word' id='word_1_572' title='bbox 1220 1947 1287 1970; x_wconf 89' lang='lat' dir='ltr'>terra</span> <span class='ocrx_word' id='word_1_573' title='bbox 1301 1946 1444 1977; x_wconf 72' lang='lat' dir='ltr'>pelagoque</span> <span class='ocrx_word' id='word_1_574' title='bbox 1459 1945 1576 1970; x_wconf 84' lang='lat' dir='ltr'>ciborum</span> 
     </span>
     <span class='ocr_line' id='line_1_82' title="bbox 1007 1981 1589 2013; baseline 0 -7"><span class='ocrx_word' id='word_1_575' title='bbox 1007 1983 1145 2006; x_wconf 74' lang='lat' dir='ltr'>Ambitiosa</span> <span class='ocrx_word' id='word_1_576' title='bbox 1159 1982 1247 2012; x_wconf 80' lang='lat' dir='ltr'>sames,</span> <span class='ocrx_word' id='word_1_577' title='bbox 1258 1984 1282 2006; x_wconf 86' lang='lat' dir='ltr'>et</span> <span class='ocrx_word' id='word_1_578' title='bbox 1295 1982 1369 2005; x_wconf 75' lang='lat' dir='ltr'>lautae</span> <span class='ocrx_word' id='word_1_579' title='bbox 1384 1982 1463 2013; x_wconf 83' lang='lat' dir='ltr'>gloria</span> <span class='ocrx_word' id='word_1_580' title='bbox 1477 1981 1589 2007; x_wconf 66' lang='lat' dir='ltr'>mensae!</span> 
     </span>
    </p>
   </div>
   <div class='ocr_carea' id='block_1_7' title="bbox 960 2070 1733 2534">
    <p class='ocr_par' dir='ltr' id='par_1_8' title="bbox 960 2070 1733 2534">
     <span class='ocr_line' id='line_1_83' title="bbox 1000 2070 1732 2112; baseline 0 -10"><span class='ocrx_word' id='word_1_581' title='bbox 1000 2073 1043 2102; x_wconf 89' lang='lat' dir='ltr'>De</span> <span class='ocrx_word' id='word_1_582' title='bbox 1057 2072 1115 2102; x_wconf 89' lang='lat' dir='ltr'>hoc</span> <span class='ocrx_word' id='word_1_583' title='bbox 1131 2070 1310 2102; x_wconf 87' lang='lat' dir='ltr'>Bernardus</span> <span class='ocrx_word' id='word_1_584' title='bbox 1326 2074 1349 2090; x_wconf 75' lang='lat'>1⁶</span> <span class='ocrx_word' id='word_1_585' title='bbox 1365 2082 1395 2101; x_wconf 74' lang='lat' dir='ltr'>:a</span> <span class='ocrx_word' id='word_1_586' title='bbox 1411 2071 1566 2101; x_wconf 83' lang='lat' dir='ltr'>Caeterum</span> <span class='ocrx_word' id='word_1_587' title='bbox 1586 2072 1732 2112; x_wconf 84' lang='lat' dir='ltr'>voluptas</span> 
     </span>
     <span class='ocr_line' id='line_1_84' title="bbox 962 2123 1732 2165; baseline 0 -10"><span class='ocrx_word' id='word_1_588' title='bbox 962 2125 1102 2165; x_wconf 87' lang='lat' dir='ltr'>gutturis</span> <span class='ocrx_word' id='word_1_589' title='bbox 1112 2149 1122 2162; x_wconf 83' lang='lat'><em>,</em></span> <span class='ocrx_word' id='word_1_590' title='bbox 1146 2133 1219 2163; x_wconf 83' lang='lat' dir='ltr'>quae</span> <span class='ocrx_word' id='word_1_591' title='bbox 1244 2124 1337 2154; x_wconf 86' lang='lat' dir='ltr'>hodie</span> <span class='ocrx_word' id='word_1_592' title='bbox 1361 2123 1440 2154; x_wconf 87' lang='lat' dir='ltr'>tanti</span> <span class='ocrx_word' id='word_1_593' title='bbox 1463 2124 1650 2161; x_wconf 78' lang='lat' dir='ltr'>aestimatur,</span> <span class='ocrx_word' id='word_1_594' title='bbox 1675 2125 1732 2155; x_wconf 81' lang='lat' dir='ltr'>vix</span> 
     </span>
     <span class='ocr_line' id='line_1_85' title="bbox 960 2177 1731 2217; baseline -0.001 -8"><span class='ocrx_word' id='word_1_595' title='bbox 960 2179 1097 2209; x_wconf 90' lang='lat' dir='ltr'>duorum</span> <span class='ocrx_word' id='word_1_596' title='bbox 1116 2177 1252 2217; x_wconf 87' lang='lat' dir='ltr'>spatium</span> <span class='ocrx_word' id='word_1_597' title='bbox 1267 2177 1387 2208; x_wconf 87' lang='lat' dir='ltr'>obtinet</span> <span class='ocrx_word' id='word_1_598' title='bbox 1403 2177 1578 2215; x_wconf 83' lang='lat' dir='ltr'>digitorum</span> <span class='ocrx_word' id='word_1_599' title='bbox 1599 2186 1607 2207; x_wconf 76' lang='grc' dir='ltr'>ε</span> <span class='ocrx_word' id='word_1_600' title='bbox 1634 2177 1731 2216; x_wconf 73' lang='lat' dir='ltr'>huJus</span> 
     </span>
     <span class='ocr_line' id='line_1_86' title="bbox 961 2230 1729 2270; baseline -0.004 -7"><span class='ocrx_word' id='word_1_601' title='bbox 961 2235 1026 2263; x_wconf 88' lang='lat' dir='ltr'>tam</span> <span class='ocrx_word' id='word_1_602' title='bbox 1043 2231 1173 2262; x_wconf 83' lang='lat' dir='ltr'>modicae</span> <span class='ocrx_word' id='word_1_603' title='bbox 1189 2231 1307 2270; x_wconf 80' lang='lat' dir='ltr'>partis,</span> <span class='ocrx_word' id='word_1_604' title='bbox 1331 2232 1396 2260; x_wconf 85' lang='lat' dir='ltr'>tam</span> <span class='ocrx_word' id='word_1_605' title='bbox 1411 2230 1530 2268; x_wconf 78' lang='lat' dir='ltr'>exigua</span> <span class='ocrx_word' id='word_1_606' title='bbox 1548 2230 1729 2269; x_wconf 88' lang='lat' dir='ltr'>delectatio,</span> 
     </span>
     <span class='ocr_line' id='line_1_87' title="bbox 962 2283 1732 2326; baseline -0.004 -10"><span class='ocrx_word' id='word_1_607' title='bbox 962 2288 1081 2326; x_wconf 86' lang='lat' dir='ltr'>quanta</span> <span class='ocrx_word' id='word_1_608' title='bbox 1094 2287 1224 2324; x_wconf 83' lang='lat' dir='ltr'>paratur</span> <span class='ocrx_word' id='word_1_609' title='bbox 1239 2283 1459 2314; x_wconf 85' lang='lat' dir='ltr'>sollicitudine!</span> <span class='ocrx_word' id='word_1_610' title='bbox 1475 2284 1626 2322; x_wconf 86' lang='lat' dir='ltr'>quantam</span> <span class='ocrx_word' id='word_1_611' title='bbox 1642 2283 1732 2314; x_wconf 87' lang='lat' dir='ltr'>deni-</span> 
     </span>
     <span class='ocr_line' id='line_1_88' title="bbox 962 2335 1731 2379; baseline -0.004 -10"><span class='ocrx_word' id='word_1_612' title='bbox 962 2348 1024 2379; x_wconf 88' lang='lat' dir='ltr'>que</span> <span class='ocrx_word' id='word_1_613' title='bbox 1038 2338 1217 2369; x_wconf 90' lang='lat' dir='ltr'>molestiam</span> <span class='ocrx_word' id='word_1_614' title='bbox 1238 2336 1342 2376; x_wconf 81' lang='lat' dir='ltr'>parit?</span> <span class='ocrx_word' id='word_1_615' title='bbox 1359 2346 1374 2364; x_wconf 66' lang='lat'>&gt;³</span> <span class='ocrx_word' id='word_1_616' title='bbox 1401 2335 1475 2366; x_wconf 81' lang='lat' dir='ltr'>Haec</span> <span class='ocrx_word' id='word_1_617' title='bbox 1496 2338 1603 2367; x_wconf 88' lang='lat' dir='ltr'>autem</span> <span class='ocrx_word' id='word_1_618' title='bbox 1623 2337 1731 2367; x_wconf 87' lang='lat' dir='ltr'>abun-</span> 
     </span>
     <span class='ocr_line' id='line_1_89' title="bbox 962 2388 1733 2431; baseline -0.003 -9"><span class='ocrx_word' id='word_1_619' title='bbox 962 2392 1068 2422; x_wconf 88' lang='lat' dir='ltr'>dantia</span> <span class='ocrx_word' id='word_1_620' title='bbox 1083 2391 1250 2431; x_wconf 90' lang='lat' dir='ltr'>epularum</span> <span class='ocrx_word' id='word_1_621' title='bbox 1264 2388 1346 2428; x_wconf 83' lang='lat' dir='ltr'>parit</span> <span class='ocrx_word' id='word_1_622' title='bbox 1361 2389 1501 2428; x_wconf 83' lang='lat' dir='ltr'>inopiam</span> <span class='ocrx_word' id='word_1_623' title='bbox 1516 2389 1679 2428; x_wconf 84' lang='lat' dir='ltr'>sapientiae</span> <span class='ocrx_word' id='word_1_624' title='bbox 1702 2391 1733 2420; x_wconf 86' lang='lat' dir='ltr'>et.</span> 
     </span>
     <span class='ocr_line' id='line_1_90' title="bbox 962 2442 1729 2481; baseline -0.005 -5"><span class='ocrx_word' id='word_1_625' title='bbox 962 2445 1137 2481; x_wconf 86' lang='lat' dir='ltr'>virtutum,</span> <span class='ocrx_word' id='word_1_626' title='bbox 1150 2445 1180 2473; x_wconf 84' lang='lat' dir='ltr'>et</span> <span class='ocrx_word' id='word_1_627' title='bbox 1195 2443 1375 2481; x_wconf 82' lang='lat' dir='ltr'>frequenter</span> <span class='ocrx_word' id='word_1_628' title='bbox 1386 2442 1481 2472; x_wconf 84' lang='lat' dir='ltr'>etiam</span> <span class='ocrx_word' id='word_1_629' title='bbox 1494 2443 1729 2481; x_wconf 89' lang='lat' dir='ltr'>temporalium.</span> 
     </span>
     <span class='ocr_line' id='line_1_91' title="bbox 963 2493 1732 2534; baseline -0.003 -6"><span class='ocrx_word' id='word_1_630' title='bbox 963 2496 1051 2528; x_wconf 90' lang='lat' dir='ltr'>Unde</span> <span class='ocrx_word' id='word_1_631' title='bbox 1065 2496 1180 2527; x_wconf 87' lang='lat' dir='ltr'>dicitur</span> <span class='ocrx_word' id='word_1_632' title='bbox 1196 2496 1216 2514; x_wconf 88' lang='lat'>¹⁵</span> <span class='ocrx_word' id='word_1_633' title='bbox 1227 2505 1234 2525; x_wconf 78' lang='lat' dir='ltr'>t</span> <span class='ocrx_word' id='word_1_634' title='bbox 1244 2505 1258 2523; x_wconf 73' lang='grc' dir='ltr'>α</span> <span class='ocrx_word' id='word_1_635' title='bbox 1268 2494 1328 2531; x_wconf 84' lang='lat' dir='ltr'>Qui</span> <span class='ocrx_word' id='word_1_636' title='bbox 1343 2493 1447 2533; x_wconf 83' lang='lat' dir='ltr'>diligit</span> <span class='ocrx_word' id='word_1_637' title='bbox 1460 2494 1581 2534; x_wconf 79' lang='lat' dir='ltr'>epulas,</span> <span class='ocrx_word' id='word_1_638' title='bbox 1596 2495 1629 2525; x_wconf 91' lang='lat' dir='ltr'>in</span> <span class='ocrx_word' id='word_1_639' title='bbox 1644 2504 1732 2534; x_wconf 82' lang='lat' dir='ltr'>eges-</span> 
     </span>
    </p>
   </div>
   <div class='ocr_carea' id='block_1_8' title="bbox 963 2591 1733 2697">
    <p class='ocr_par' dir='ltr' id='par_1_9' title="bbox 963 2591 1733 2697">
     <span class='ocr_line' id='line_1_92' title="bbox 963 2591 1732 2622; baseline -0.003 -4"><span class='ocrx_word' id='word_1_640' title='bbox 963 2595 972 2611; x_wconf 68' lang='grc'>9</span> <span class='ocrx_word' id='word_1_641' title='bbox 985 2593 1053 2618; x_wconf 69' lang='lat' dir='ltr'>Psnl.</span> <span class='ocrx_word' id='word_1_642' title='bbox 1070 2598 1148 2622; x_wconf 80' lang='lat' dir='ltr'>xxxv,</span> <span class='ocrx_word' id='word_1_643' title='bbox 1163 2594 1186 2622; x_wconf 86' lang='grc'>9,</span> <span class='ocrx_word' id='word_1_644' title='bbox 1202 2594 1239 2617; x_wconf 80' lang='grc'>10.</span> <span class='ocrx_word' id='word_1_645' title='bbox 1251 2605 1281 2609; x_wconf 94' lang='grc'><strong>-</strong></span> <span class='ocrx_word' id='word_1_646' title='bbox 1296 2592 1313 2606; x_wconf 82' lang='lat'>¹⁸</span> <span class='ocrx_word' id='word_1_647' title='bbox 1329 2591 1394 2616; x_wconf 82' lang='lat' dir='ltr'>Psal.</span> <span class='ocrx_word' id='word_1_648' title='bbox 1407 2597 1462 2621; x_wconf 77' lang='lat' dir='ltr'>xm,</span> <span class='ocrx_word' id='word_1_649' title='bbox 1474 2592 1496 2621; x_wconf 84' lang='grc'>5,</span> <span class='ocrx_word' id='word_1_650' title='bbox 1513 2593 1536 2615; x_wconf 82' lang='grc'>6.</span> <span class='ocrx_word' id='word_1_651' title='bbox 1548 2603 1580 2609; x_wconf 93' lang='lat'>--</span> <span class='ocrx_word' id='word_1_652' title='bbox 1596 2592 1613 2608; x_wconf 86' lang='lat'>¹¹</span> <span class='ocrx_word' id='word_1_653' title='bbox 1630 2592 1648 2615; x_wconf 90' lang='lat' dir='ltr'>ll</span> <span class='ocrx_word' id='word_1_654' title='bbox 1662 2592 1732 2622; x_wconf 63' lang='lat' dir='ltr'>Cor„</span> 
     </span>
     <span class='ocr_line' id='line_1_93' title="bbox 965 2626 1733 2659; baseline -0.003 -6"><span class='ocrx_word' id='word_1_655' title='bbox 965 2636 1004 2659; x_wconf 81' lang='lat' dir='ltr'>ix,</span> <span class='ocrx_word' id='word_1_656' title='bbox 1020 2630 1042 2652; x_wconf 76' lang='lat'>7.</span> <span class='ocrx_word' id='word_1_657' title='bbox 1058 2641 1088 2646; x_wconf 92' lang='lat'>—</span> <span class='ocrx_word' id='word_1_658' title='bbox 1109 2628 1128 2645; x_wconf 80' lang='lat'>¹²</span> <span class='ocrx_word' id='word_1_659' title='bbox 1142 2627 1232 2658; x_wconf 64' lang='lat' dir='ltr'>Redi„</span> <span class='ocrx_word' id='word_1_660' title='bbox 1253 2633 1332 2657; x_wconf 75' lang='lat' dir='ltr'>xxxi,</span> <span class='ocrx_word' id='word_1_661' title='bbox 1350 2628 1388 2650; x_wconf 73' lang='lat'>28.</span> <span class='ocrx_word' id='word_1_662' title='bbox 1407 2639 1438 2644; x_wconf 92' lang='lat'><em>-</em></span> <span class='ocrx_word' id='word_1_663' title='bbox 1460 2626 1478 2643; x_wconf 80' lang='lat'>¹³</span> <span class='ocrx_word' id='word_1_664' title='bbox 1492 2626 1577 2655; x_wconf 79' lang='lat' dir='ltr'>Zach.,</span> <span class='ocrx_word' id='word_1_665' title='bbox 1598 2631 1646 2657; x_wconf 76' lang='lat' dir='ltr'>vii,</span> <span class='ocrx_word' id='word_1_666' title='bbox 1666 2628 1688 2651; x_wconf 85' lang='grc' dir='ltr'>ῦ.</span> <span class='ocrx_word' id='word_1_667' title='bbox 1707 2640 1733 2645; x_wconf 91' lang='lat'>-</span> 
     </span>
     <span class='ocr_line' id='line_1_94' title="bbox 967 2661 1666 2697; baseline -0.003 -8"><span class='ocrx_word' id='word_1_668' title='bbox 967 2666 985 2682; x_wconf 80' lang='lat'>¹⁴</span> <span class='ocrx_word' id='word_1_669' title='bbox 1001 2665 1087 2695; x_wconf 57' lang='lat' dir='ltr'>Rern„</span> <span class='ocrx_word' id='word_1_670' title='bbox 1101 2663 1135 2687; x_wconf 84' lang='lat' dir='ltr'>ad</span> <span class='ocrx_word' id='word_1_671' title='bbox 1148 2663 1237 2696; x_wconf 64' lang='lat' dir='ltr'>Guill„</span> <span class='ocrx_word' id='word_1_672' title='bbox 1253 2662 1361 2697; x_wconf 75' lang='lat' dir='ltr'>Apolog.</span> <span class='ocrx_word' id='word_1_673' title='bbox 1377 2674 1407 2680; x_wconf 91' lang='lat'>—</span> <span class='ocrx_word' id='word_1_674' title='bbox 1424 2661 1443 2679; x_wconf 75' lang='lat'>¹⁸</span> <span class='ocrx_word' id='word_1_675' title='bbox 1457 2662 1540 2692; x_wconf 68' lang='lat' dir='ltr'>Prov„</span> <span class='ocrx_word' id='word_1_676' title='bbox 1555 2667 1613 2692; x_wconf 64' lang='grc' dir='ltr'>ΠΙ,</span> <span class='ocrx_word' id='word_1_677' title='bbox 1630 2663 1666 2688; x_wconf 84' lang='grc'>17.</span> 
     </span>
    </p>
   </div>
  </div>
 </body>
</html>
