1987 3032
194 201 252 230 494

228 267 272 293 38.
289 267 321 293 Et
335 266 365 294 in
379 266 435 295 hoc
451 267 538 294 etiam
553 274 638 300 eum,
663 266 692 293 id
708 268 766 298 est,
783 266 906 294 Pilatum
921 274 964 294 ce-

193 312 248 347 pit,
266 312 294 339 id
310 315 364 346 est,
381 314 493 340 attraxit
509 313 552 340 liis
575 313 714 340 brevibus
731 312 845 347 verbis,
864 316 892 340 ut
908 313 963 340 sci-

192 358 259 386 lieet
272 359 320 386 ille
337 359 444 387 diceret
461 360 496 395 tu)
514 369 519 386 :
537 359 608 392 Quint
623 362 660 386 est
675 360 796 386 rei-itas?
811 359 962 394 Quzerssur,

193 412 260 432 cum
277 404 364 432 Filius
379 406 426 432 Dei
442 407 476 432 sit
492 405 611 439 veritas,
624 407 728 440 supra¹
743 407 770 432 :²
785 416 797 430 u
813 407 851 432 Ex
864 413 923 441 quo
937 408 964 433 et

191 459 244 486 per
267 460 356 486 quem
381 452 481 478 omnia
498 460 504 478 ι
521 462 534 476 ι)
553 459 641 486 supra
656 452 684 478 ³:
705 452 833 479 «Omnia
852 460 905 486 per
920 451 963 487 ip-

192 505 256 524 sum
272 498 347 524 facta
361 500 446 531 sunt,
462 508 474 522 n
490 497 605 525 videtur
621 498 703 532 quod
722 505 825 524 omnes
840 497 964 525 audiunt

192 551 296 570 vocem
313 544 368 570 Dei.
388 545 420 570 Et
440 544 478 571 ad
500 543 575 571 istud
596 543 840 578 respondendum
860 551 963 570 secun-

192 589 264 616 dum
283 589 476 624 Augustinum
488 591 508 624 ὅ,
533 590 614 625 quod
642 591 684 617 est
702 598 763 617 esse
789 597 824 617 ex
847 590 964 617 veritate

191 635 362 670 dupliciter:
381 636 427 663 vel
445 644 496 671 per
511 636 705 669 creationem,
723 638 750 663 et
764 636 804 663 sic
820 639 886 663 sunt
903 644 963 663 oin-

191 689 242 709 nes
261 690 295 709 ex
311 682 430 709 veritate
442 703 450 715 ,
477 682 547 717 quia
561 691 578 710 a
594 683 651 710 Deo
667 682 772 716 crcati3
795 682 842 709 vel
861 691 894 709 ex
913 690 962 709 ve-

190 727 271 755 ritate
288 736 350 755 esse
364 736 416 764 per
438 728 580 762 gratiam,
601 728 647 755 vel
671 728 785 756 donum
806 729 963 762 collatum,

190 776 218 800 et
232 774 272 801 sic
284 774 414 809 loquitur
430 774 486 801 hic.
503 776 534 801 Et
548 774 584 801 de
597 774 652 802 hoc
668 775 697 801 in
714 775 826 802 Glossa.
840 775 896 802 Sed
911 775 964 802 ob-

187 819 286 854 jicitur
301 820 347 847 hic
363 823 447 854 tunc,
466 821 547 856 quod
568 821 648 857 prius
672 823 713 848 est
739 821 843 848 audire
858 829 963 848 vocem

192 866 238 893 Dei
252 886 260 899 ,
275 874 366 902 quam
382 867 422 894 sic
441 875 501 894 esse
516 876 551 894 ex
574 868 693 895 veritate
711 877 717 894 :
735 876 806 902 ergo
827 868 904 895 male
919 876 964 894 or-

190 912 311 939 dinavit.
329 915 360 940 Et
377 913 415 939 ad
437 913 515 940 istud
535 913 798 949 respondendum,
815 914 897 949 quod
919 916 960 941 est

190 958 292 985 audire
307 967 411 986 vocem
427 959 475 986 Dei
500 959 655 994 dupliciter
670 969 676 987 :
693 960 739 987 vel
756 960 794 987 ad
814 960 961 987 illumina-

190 1004 299 1032 tionem
314 1005 463 1032 credendo
477 1005 636 1039 intellectu,
653 1008 679 1033 et
695 1006 824 1034 amando
840 1006 962 1041 affectu3

191 1050 236 1077 vel
251 1054 292 1078 est
307 1051 409 1078 audire
430 1060 534 1079 vocem
551 1052 613 1085 Dei,
637 1053 829 1088 adimplendo
847 1053 961 1080 effectu.

189 1097 282 1132 Supra
300 1098 310 1114 ⁵
329 1107 335 1124 :
356 1098 435 1131 «Qui
460 1098 550 1125 habet
570 1099 709 1126 mandata
732 1107 798 1126 mea
820 1102 845 1126 ct
867 1102 964 1127 servat

189 1150 240 1177 ea,
252 1153 265 1168 n
281 1146 334 1171 etc.
351 1146 382 1171 Et
397 1144 578 1180 sicloquitur
590 1145 646 1172 hic.
666 1146 738 1172 Nam
749 1145 962 1180 Augustinusssz

191 1199 205 1214 «
220 1189 289 1217 ldeo
310 1190 392 1218 audit
408 1192 438 1226 (h)
452 1212 459 1225 ‚
476 1191 546 1226 quia
569 1200 605 1218 ex
626 1192 746 1219 veritate
766 1194 825 1225 est,
847 1192 876 1218 id
902 1195 962 1226 est,

189 1236 260 1271 quia
270 1236 325 1263 hoc
335 1237 376 1264 illi
389 1237 502 1264 donum
512 1246 548 1265 ex
560 1238 679 1265 veritate
690 1237 830 1265 collatum
841 1241 882 1265 est
893 1238 935 1273 (r).
946 1250 958 1264 n

189 1284 258 1310 ltem
274 1283 422 1318 quaeritur,
439 1291 529 1319 quare
547 1284 665 1318 Pilatus,
681 1292 713 1311 e<
731 1293 791 1319 quo
807 1285 961 1319 quaesivit,

189 1329 261 1364 quid
276 1331 336 1357 erat
351 1329 467 1363 veritas,
480 1338 539 1357 non
555 1331 719 1365 expectavit
736 1332 962 1366 responsionem

189 1375 225 1402 de
241 1375 307 1410 illa,
323 1384 357 1403 ex
375 1384 434 1412 quo
451 1377 536 1412 quasi
558 1378 695 1404 attractus
718 1377 816 1404 verbis
832 1377 963 1405 Salvato-

188 1422 226 1449 ris
242 1422 387 1458 quaesivit,
404 1422 476 1458 quid
492 1425 554 1450 erat
576 1423 644 1457 illa;
667 1423 735 1450 item
752 1431 843 1458 quare
863 1423 961 1452 Salva-

188 1471 233 1496 tor
252 1477 312 1496 non
335 1469 475 1505 expressit
499 1469 542 1503 ei,
564 1470 637 1505 quid
666 1471 728 1496 erat
746 1470 867 1504 veritas,
893 1479 961 1497 cnm

188 1514 250 1550 ipse
266 1515 328 1550 (d)'¹
347 1524 352 1542 ;
371 1525 383 1539 «
398 1515 482 1542 Omni
497 1515 605 1550 petenti
630 1516 661 1550 (e)
686 1518 710 1542 te
732 1516 834 1543 tribue.
854 1526 867 1541 »
885 1517 915 1543 Et
927 1517 937 1533 ⁸
955 1526 960 1543 :

191 1570 204 1587 α
221 1561 314 1588 Parati
329 1561 370 1588 ad
383 1561 609 1588 satisfactionem
625 1561 705 1588 omni
724 1562 853 1597 poscenti
869 1562 959 1589 ratio-

188 1615 265 1634 nem.
275 1617 289 1633 ι)
303 1609 372 1635 Item
385 1615 418 1634 ex
431 1615 491 1642 quo
506 1615 603 1635 sermo
618 1608 681 1642 ejus
697 1610 757 1634 erat
767 1608 777 1624 ⁹
795 1618 806 1632 (ι
820 1610 960 1643 potestate

188 1652 303 1687 plenus,
316 1664 328 1677 n
347 1655 373 1680 et
385 1654 405 1669 ¹⁰
418 1663 430 1678 «
445 1653 624 1688 loquebatur
640 1653 711 1680 sicut
723 1655 895 1688 potestatem
909 1654 961 1680 ha-

187 1698 271 1732 bens,
282 1708 294 1723 »
313 1707 348 1726 ex
361 1707 420 1734 quo
435 1699 540 1726 Pilatus
555 1699 608 1726 fuit
623 1701 759 1726 attractus
775 1699 837 1734 ejus
852 1699 960 1733 verbis,

188 1745 211 1772 si
227 1745 400 1781 explicasset
414 1746 440 1773 ei
456 1745 528 1781 quid
545 1748 618 1773 esset
632 1745 755 1780 veritas,
774 1745 960 1779 credidisset,

189 1794 220 1818 ut
235 1791 361 1819 videtur.
380 1793 412 1819 Et
437 1792 476 1819 ita
499 1795 528 1819 ut
549 1792 640 1827 prius.
659 1793 690 1818 Et
713 1791 751 1818 ad
772 1792 902 1827 primum
917 1800 961 1819 re-

188 1838 398 1873 spondendum
419 1840 475 1871 est,
491 1838 654 1866 secundum
676 1838 918 1873 Chrysostomum
933 1843 960 1872 ¹¹,

189 1884 273 1919 quod
291 1895 303 1909 «
318 1884 425 1912 Pilatus
440 1884 478 1911 ad
493 1884 524 1912 id
540 1884 622 1920 quod
639 1884 822 1920 praeparabat
838 1884 959 1919 insistit,

189 1930 297 1957 scilicet
312 1930 350 1957 ad
371 1930 557 1966 eripiendum
578 1931 723 1958 Christum
746 1931 782 1958 de
805 1938 895 1958 manu
914 1932 961 1958 Ju-

190 1976 338 2010 daeorum,
354 1977 414 2003 sive
440 1977 478 2004 ab
500 1977 622 2012 impetu.
643 1978 713 2004 ltem
735 1977 878 2012 quoniam
900 1977 960 2005 haec

189 2022 379 2057 interrogatio
394 2022 546 2057 indigebat
561 2026 690 2058 tempore
702 2044 710 2057 ,
727 2026 754 2050 et
771 2023 838 2050 ideo
854 2023 961 2050 Pilatus

189 2076 250 2096 non
262 2068 434 2104 expectabat
444 2069 676 2104 responsionem.
685 2079 698 2094 ι)
709 2070 772 2096 Haec
786 2069 845 2097 ille.
858 2071 961 2097 Secun-

190 2115 262 2142 dum
277 2114 504 2150 Augustinun1¹2
525 2123 607 2148 vero,
629 2127 640 2138 ιι
661 2115 758 2143 subito
783 2117 863 2144 venit
882 2116 908 2144 ei
930 2117 961 2143 in

190 2163 318 2188 mentem
340 2169 374 2188 ea
389 2161 572 2188 consuetudo
593 2161 780 2196 Judaeorum,
797 2163 867 2197 quia
888 2163 961 2190 sole-

189 2208 239 2235 bat
258 2208 299 2235 eis
319 2215 394 2235 unus
416 2207 521 2234 dimitti
540 2207 569 2234 in
588 2208 740 2240 Paschate,
765 2210 793 2235 et
813 2208 880 2236 ideo
900 2217 961 2237 non

191 2254 354 2289 expectavit
375 2255 407 2280 ut
431 2253 622 2288 responderet
644 2253 669 2280 ei
691 2255 772 2281 Jesus
789 2254 862 2290 quid
889 2258 962 2283 esset

190 2301 306 2328 veritas.
320 2311 332 2324 υ
344 2299 512 2328 Secundum
522 2300 691 2327 Anselmum
703 2308 763 2327 non
773 2301 925 2336 respondit
935 2303 961 2329 ei

191 2346 323 2374 Salvator
339 2346 412 2381 quid
428 2348 502 2373 esset
517 2345 633 2380 veritam,
656 2346 723 2381 quia
741 2346 843 2374 audire
859 2348 961 2376 verita-

221 2419 228 2434 ¹
245 2420 316 2448 Sup.,
331 2423 384 2447 xiv,
400 2419 420 2440 G,
438 2430 466 2434 —
481 2417 491 2433 Ξ
508 2417 561 2440 riom
576 2436 582 2447 ‚
598 2423 634 2444 xr,
649 2419 678 2442 3ss
704 2432 733 2436 —
751 2419 758 2432 ³
775 2420 847 2449 Sup„
864 2426 882 2448 1,
896 2420 918 2444 3.
931 2433 960 2437 —

189 2455 197 2466 ⁴
214 2454 275 2477 Aua.
302 2453 343 2476 ubi
357 2460 413 2482 sup.
429 2465 457 2469 —
471 2453 480 2468 ⁵
493 2453 553 2482 Sup.
581 2458 634 2481 xiv,
650 2455 688 2477 21.
702 2467 732 2471 -
748 2454 756 2468 ⁵
771 2456 832 2478 Aufr.
860 2454 961 2478 ibid.—

191 2489 198 2503 ⁷
211 2471 329 2517 Lug,⁷x'1‚
343 2488 382 2511 30.
397 2500 427 2504 —
442 2488 450 2500 ⁰
467 2488 473 2510 Ι
491 2471 567 2517 Petu}
583 2493 623 2518 ιιι,
641 2491 710 2512 15.—
727 2490 737 2506 ⁹
756 2472 847 2518 teet—Es,
864 2496 920 2519 vui,
937 2492 960 2514 4.

192 2537 217 2541 —
242 2524 263 2539 ¹⁰
285 2522 384 2553 Ma!th.‚
404 2528 457 2552 vii,
480 2524 517 2545 29.
537 2535 568 2540 -—
592 2523 609 2539 ¹¹
631 2524 772 2555 Chrysost„
792 2525 836 2548 ubi
855 2532 911 2556 sup.
930 2539 961 2543 —

191 2560 211 2576 ¹¹
226 2561 301 2590 Aug„
315 2559 358 2582 ubi
372 2565 439 2588 sup„
456 2564 482 2580 n.
499 2558 520 2579 5.
538 2570 567 2574 —
583 2558 676 2590 ¹³1ns.‚
690 2561 728 2584 39.
742 2573 773 2578 -
788 2561 806 2576 ¹¹
819 2560 960 2591 Chrysost.,

190 2595 231 2618 um
252 2601 310 2624 sup,
327 2607 358 2611 -
378 2594 393 2607 ¹⁵
412 2592 502 2632 ξηιλ,
522 2596 691 2622 xxi1‚¹8.—
719 2596 806 2620 ⁶!ac..
827 2602 858 2627 ii,
879 2598 916 2620 13.
931 2609 960 2614 -

191 2630 208 2646 ¹⁸¹
223 2629 364 2660 Chrysost.‚
384 2628 425 2652 ubi
444 2634 499 2657 sup.
514 2639 544 2644 -·
562 2626 583 2643 ¹⁸
601 2630 674 2659 Aug.,
691 2631 733 2654 ubi
750 2638 805 2661 sup.
819 2645 848 2648 —
866 2632 882 2645 '⁹
897 2632 959 2655 ibid,

714 198 926 231 EVANGELH
949 199 1087 230 SANCTI
1109 199 1273 231 JOANNIS

1020 269 1078 294 tem
1090 275 1151 294 non
1164 267 1218 294 fuit
1228 266 1344 302 dignus.
1358 266 1519 302 Responsio
1532 267 1630 294 autem
1645 266 1682 295 ad
1697 274 1789 303 quw

1019 313 1150 347 tionem,
1175 313 1286 340 scilicet
1307 312 1379 348 quid
1398 313 1434 340 sit
1456 313 1520 348 ipsa
1541 313 1665 348 veritas,
1687 313 1789 342 habita

1020 362 1060 387 est
1084 368 1173 395 supi-a
1191 360 1207 392 ¹,
1229 359 1351 395 quando
1370 359 1410 387 ait
1428 359 1584 388 Salvator:
1607 369 1621 384 ot
1644 361 1702 395 Ego
1723 368 1788 387 sum

1019 407 1134 434 veritas.
1148 417 1161 430 »

1056 454 1086 480 Et
1099 453 1229 488 sequitur
1243 452 1381 480 ultimum
1393 461 1399 479 ι
1414 453 1447 479 Et
1461 461 1517 480 cum
1528 454 1573 480 hoc
1585 453 1719 487 dixisset,
1733 454 1790 481 exi-

1018 501 1058 526 υῖι
1069 500 1104 526 ml
1114 499 1229 532 lemos,
1241 500 1295 526 etc.
1308 500 1340 526 Et
1350 498 1391 525 ibi
1405 498 1465 526 duo
1478 508 1484 526 z
1498 499 1605 534 primo,
1617 499 1790 527 innocentioe

1019 545 1141 579 Christi,
1158 545 1335 579 testificatio;
1352 544 1483 572 secundo
1496 566 1504 579 ,
1526 545 1591 580 ipsa
1605 545 1716 573 oblatio
1741 547 1788 573 Ju-

1020 591 1090 618 daeis
1101 591 1136 618 de
1150 591 1320 619 dimissione
1334 590 1447 624 Christi,
1459 593 1487 618 et
1501 598 1604 618 eorum
1619 591 1788 628 responsio,

1019 637 1060 665 ibi
1077 639 1096 654 '³
1113 648 1118 665 :
1139 639 1183 665 Est
1199 641 1287 664 nutem
1301 637 1463 665 consuetudo
1474 657 1483 670 ,
1499 639 1554 664 etc.

1055 685 1099 712 Ait
1115 692 1184 719 ergo
1202 693 1208 711 τ
1226 685 1337 718 Ειεῐυὶτ,
1356 686 1381 711 et
1397 684 1470 710 discit
1485 685 1522 711 eis
1539 693 1545 710 :
1563 684 1618 718 1:¹90
1634 685 1735 712 nullam
1749 686 1790 712 in-

1019 733 1106 764 venio,
1117 733 1170 758 etc.
1183 731 1213 758 Ut
1223 731 1261 757 ait
1271 730 1496 765 Chrysostomus
1509 728 1541 756 ¹⁴.-
1553 731 1689 758 «Intuere
1700 738 1790 766 quam

1019 777 1178 812 prudenter
1194 776 1242 804 ait.
1259 777 1320 803 Non
1337 776 1430 803 dixit:
1448 776 1521 810 Quia
1544 777 1676 812 peccavit
1699 779 1727 804 et
1749 777 1791 804 di-

1019 830 1094 857 gnus
1109 825 1149 850 est
1166 823 1214 858 (f),
1230 823 1337 850 donate
1356 823 1390 857 (q)
1408 822 1494 857 sest03
1511 822 1564 850 sed
1578 822 1708 858 primum
1723 830 1790 850 eum

1019 877 1123 896 eruens
1138 878 1154 897 a
1169 878 1276 903 causa,
1293 870 1388 896 omnis
1408 869 1516 896 scilicet
1536 876 1649 904 poenae,
1671 870 1699 896 et
1724 871 1791 897 tune

1018 918 1102 950 rogat
1111 924 1145 943 ex
1156 915 1419 951 superabundanti,
1432 915 1482 942 etsi
1496 915 1609 942 nollent
1625 923 1693 942 eum
1703 916 1735 942 ut
1746 915 1792 942 in—

1019 965 1173 990 nocentem
1189 962 1344 996 dimittere,
1357 961 1460 989 saltem
1470 964 1500 989 ut
1510 961 1674 988 obnoxium
1686 961 1721 996 (h)
1733 961 1792 989 do-

1020 1008 1083 1035 nari
1104 1008 1227 1043 tempori
1239 1029 1247 1042 ,
1263 1019 1275 1033 »
1294 1008 1324 1035 id
1340 1010 1397 1040 est,
1413 1008 1485 1035 festo
1504 1007 1645 1043 paschali.
1672 1009 1703 1035 Et
1722 1007 1790 1035 ideo

1023 1064 1035 1079 «
1046 1054 1175 1081 induxit:
1190 1055 1238 1081 Est
1251 1057 1339 1081 autem
1353 1054 1544 1088 comitandum
1560 1056 1625 1088 etc„
1635 1053 1708 1081 sicut
1721 1061 1790 1082 con-

1019 1100 1111 1128 tinuat
1126 1100 1412 1136 Chrysostomus,«et
1426 1100 1575 1128 hortando
1591 1099 1664 1127 dixit
1680 1109 1686 1127 ε
1701 1101 1791 1127 Vultis

1018 1149 1048 1173 ut
1067 1147 1204 1174 dimittam
1221 1148 1292 1173 vohis
1309 1155 1394 1181 regem
1416 1147 1568 1173 Jurlaeorum
1579 1148 1593 1173 ?
1607 1158 1619 1172 υ
1642 1146 1696 1174 scd
1713 1155 1791 1182 quae-

1018 1193 1090 1220 ritur
1104 1193 1178 1220 ratio
1194 1193 1281 1227 hujus
1296 1192 1524 1220 consuetudinis.
1541 1194 1610 1219 ltcm
1625 1192 1707 1220 nulla
1722 1200 1791 1220 con-

1018 1239 1143 1266 suetudo
1159 1238 1306 1266 contraria
1318 1239 1376 1273 legi
1392 1238 1499 1265 divinae
1514 1241 1555 1266 est
1570 1238 1716 1266 servanda
1727 1259 1735 1271 ‚
1750 1247 1792 1265 se-

1019 1285 1150 1312 cundum
1167 1285 1359 1320 Augustinum
1380 1294 1386 1312 z
1411 1285 1462 1312 sed
1484 1285 1532 1311 lex
1548 1284 1650 1312 divina
1672 1287 1733 1312 erat
1750 1285 1789 1312 ¹⁵:

1021 1331 1191 1359 «Maleficos
1217 1339 1277 1358 non
1299 1331 1417 1367 patieris
1439 1331 1550 1358 vivere.
1565 1341 1578 1356 >v
1598 1332 1629 1358 Et
1652 1330 1691 1358 ad
1714 1331 1790 1358 istud

1018 1378 1176 1414 respondet
1195 1378 1312 1413 Glossa,
1334 1378 1416 1413 quod
1432 1378 1502 1413 quia
1524 1378 1554 1404 in
1573 1377 1710 1405 Paschate
1729 1377 1792 1405 sue-

1018 1428 1086 1452 runt
1099 1424 1215 1452 liberati
1231 1432 1249 1452 a
1263 1424 1400 1452 servitute
1411 1446 1420 1458 ,
1435 1424 1503 1451 ideo
1525 1424 1554 1451 in
1576 1424 1712 1452 Paschute
1737 1423 1792 1451 fuit

1019 1471 1059 1498 cis
1081 1471 1264 1498 consuetudo
1285 1471 1448 1498 dimittendi
1476 1470 1606 1506 aliquem
1630 1471 1789 1506 captivum.

1018 1518 1049 1544 Et
1064 1518 1083 1533 ¹⁶
1097 1527 1123 1544 :u
1137 1517 1333 1544 Misericordia
1349 1516 1544 1552 superexaltat
1555 1517 1714 1551 judicium.
1732 1527 1745 1541 »

1054 1565 1098 1590 40.
1122 1565 1153 1591 Et
1180 1563 1311 1599 sequitur
1332 1571 1435 1590 eorum
1459 1571 1599 1598 perversa
1621 1562 1788 1598 responsio,

1018 1609 1076 1637 ibi:
1095 1610 1298 1643 clamaverunt,
1313 1611 1384 1643 etc.;
1406 1611 1433 1636 et
1453 1609 1482 1636 in
1496 1609 1552 1636 hoc
1567 1609 1732 1645 impetuosa
1747 1609 1789 1637 af-

1018 1656 1184 1683 fectuositas
1199 1656 1238 1683 ad
1252 1656 1396 1683 Christum
1413 1655 1628 1689 occidendum,
1644 1655 1714 1690 quia
1728 1655 1789 1683 cla-

1018 1704 1173 1730 maverunt
1187 1710 1287 1733 omnes,-
1304 1703 1332 1728 et
1347 1701 1374 1728 in
1388 1701 1444 1728 hoc
1457 1709 1560 1729 eorum
1575 1702 1613 1729 ad
1626 1702 1791 1738 malignan-

1018 1748 1090 1776 dum
1105 1748 1295 1776 unanimitas:
1311 1749 1371 1776 Non
1386 1748 1468 1781 hunc,
1483 1748 1592 1775 scilicet
1602 1748 1790 1776 innocentem

1019 1797 1045 1822 et
1066 1795 1302 1828 benefactorem,
1322 1794 1368 1821 sed
1384 1795 1532 1821 Bai-rabam
1548 1795 1595 1829 (i),
1611 1794 1720 1822 scilicet
1736 1802 1790 1822 no-

1018 1844 1132 1869 centem
1144 1844 1171 1870 et
1182 1842 1411 1869 malefactorem.
1425 1840 1504 1868 Unde
1519 1841 1744 1876 chrysostomus
1755 1841 1788 1868 ¹⁷:

1022 1889 1062 1917 «Ο
1075 1891 1203 1916 mentem
1216 1888 1383 1916 scelestam!
1397 1887 1506 1914 similes
1521 1888 1562 1914 sui
1578 1889 1680 1923 petunt
1694 1890 1790 1915 etsce-

1017 1935 1105 1962 lestos
1125 1935 1154 1971 (ᾖ
1182 1934 1306 1968 dimitti,
1326 1934 1472 1961 insontem
1495 1934 1618 1961 cruciari
1637 1934 1751 1969 jubent.
1774 1944 1787 1959 »

1018 1983 1049 2009 Et
1061 1982 1144 2017 quasi
1160 1981 1239 2009 idem
1248 1981 1424 2016 Augustinus
1439 1981 1464 2007 ¹⁸.
1481 1981 1550 2008 Ideo
1565 1981 1711 2016 sequitur:
1725 1981 1791 2007 Erat

1018 2031 1105 2055 autem
1120 2029 1253 2055 Barrabas
1268 2029 1346 2055 latro.
1364 2028 1396 2055 Ut
1411 2027 1450 2055 ait
1464 2027 1640 2062 Augustinus
1656 2026 1675 2042 ¹⁹
1687 2036 1715 2054 :«
1726 2027 1790 2054 Um-

1018 2075 1072 2102 bra
1095 2075 1222 2102 veritatis
1247 2074 1399 2101 tenebatur
1421 2082 1438 2101 a
1461 2074 1587 2107 Judaeis,
1613 2076 1641 2101 et
1661 2072 1790 2100 mirabili

1018 2120 1235 2156 dispensatione
1252 2120 1359 2147 divinae
1371 2120 1574 2156 providentiae,
1589 2127 1643 2155 per
1655 2119 1790 2147 homiues

1017 2166 1136 2194 fallaces
1156 2167 1263 2194 veritas
1277 2167 1390 2194 umbrae
1410 2166 1598 2202 implebatur.
1620 2175 1633 2191 n
1649 2166 1714 2193 flaec
1727 2164 1788 2192 ille.

1018 2215 1049 2240 Et
1072 2215 1151 2248 patet
1168 2214 1216 2241 hic
1237 2213 1299 2240 Filii
1321 2213 1368 2240 Dei
1390 2213 1587 2248 incogitabilis
1606 2212 1740 2246 bonitas,
1763 2213 1791 2239 et

1018 2259 1169 2294 dignativa
1178 2260 1280 2295 pietas,
1294 2262 1320 2287 et
1328 2259 1472 2295 patientiae
1482 2259 1699 2294 longanimitas,
1708 2257 1790 2294 quod

1018 2306 1152 2333 sustinuit
1177 2306 1285 2334 scilicet
1310 2306 1450 2342 postponi
1477 2305 1600 2339 latroni,
1629 2313 1697 2332 cum
1717 2306 1791 2332 esset

1018 2355 1131 2380 creator
1145 2354 1173 2380 et
1187 2356 1289 2380 auctor
1304 2353 1399 2380 omnis
1416 2354 1566 2385 ereaturae,
1581 2351 1666 2379 dator
1680 2352 1708 2378 et
1722 2357 1789 2377 con-

1017 2401 1149 2427 servator
1164 2399 1244 2434 vitoe,
1267 2401 1296 2427 et
1314 2399 1436 2427 collator
1456 2398 1552 2426 omnis
1570 2395 1786 2425 beneficentiae:

1050 2456 1084 2486 (α)
1100 2457 1159 2480 Coet.
1173 2456 1234 2480 edit.
1251 2456 1318 2480 deest
1330 2456 1433 2480 diceret.
1446 2469 1476 2473 —
1492 2455 1527 2487 (b)
1540 2455 1603 2479 Coet.
1617 2453 1676 2477 edit.
1692 2453 1787 2478 subdit.

1017 2504 1047 2508 —-
1063 2493 1092 2522 (c)
1114 2493 1173 2515 Caet.
1193 2492 1252 2516 edet.
1272 2492 1339 2515 deest
1357 2494 1404 2515 est.
1423 2505 1453 2509 -
1474 2491 1515 2521 ((1)
1536 2489 1622 2520 Ξυμμί.
1642 2489 1740 2512 dixerit.
1761 2501 1787 2505 —-

1018 2527 1049 2556 (e)
1073 2528 1132 2551 Coet.
1151 2527 1212 2550 edit.
1238 2527 1417 2557 Ontnipoteuii.
1436 2540 1465 2544 —
1488 2526 1519 2555 ts)
1540 2524 1625 2555 Suppl.
1649 2526 1740 2547 morte.
1758 2537 1788 2540 —

1019 2561 1053 2591 (9)
1071 2562 1130 2585 Caet.
1147 2562 1207 2586 ellit.
1223 2562 1312 2586 donari
1325 2575 1352 2579 —
1373 2563 1404 2590 (ἰ)
1425 2562 1480 2592 Leq.
1497 2560 1610 2583 noxium.
1622 2572 1652 2576 -
1670 2559 1695 2588 (ι’)
1713 2558 1788 2589 Vulg.

1018 2598 1173 2627 Burabbum,
1194 2602 1219 2621 et.
1239 2598 1274 2622 sic
1298 2598 1424 2627 deinceps.
1440 2609 1470 2614 -
1493 2595 1524 2625 ‹j›
1542 2596 1602 2618 emt.
1619 2594 1678 2617 edat.
1701 2596 1790 2624 petunt

1017 2632 1159 2657 scelestum.
