1987 3032
736 233 940 268 EXPOSITIO
963 233 1004 264 IN
1026 234 1110 265 CAP.
1136 232 1201 265 VII.

173 307 287 335 dixerat
300 307 326 334 ei
344 315 350 334 ε
363 305 465 333 «Tolle
480 304 634 339 grabatum
646 304 767 335 tuum,»
783 302 866 338 quod
882 303 943 328 erat

175 362 248 389 opus
268 352 437 388 corporale,
462 352 489 378 et
507 351 546 378 ita
567 350 694 383 videtur,
718 349 800 384 quod
820 349 860 375 eis
881 354 942 374 non

173 399 340 435 respondet.
360 400 392 425 Et
415 397 453 424 ad
472 397 602 432 primum
623 395 865 431 respondendum
881 395 942 427 est,

174 446 256 482 quod
270 447 346 473 recte
361 444 455 478 arguit
471 445 572 470 contra
590 450 649 470 eos.
666 442 782 470 sanatio
799 441 877 468 enim
892 440 943 467 ho-

174 492 260 519 minis
275 491 304 518 in
320 490 417 517 anima
434 492 460 516 et
471 497 593 524 corpore
610 490 650 516 est
664 488 759 522 majus
770 487 806 522 (a)
818 487 941 519 bonum,

174 546 263 573 quam
279 537 390 564 sanatio
407 535 437 562 in
448 535 678 562 animatantum.
694 534 721 562 Si
736 541 806 568 ergo
823 534 943 559 circum-

174 584 271 611 cidere
287 583 325 610 ad
340 581 523 609 sanationem
544 582 650 609 animae
665 581 773 608 licebat
788 580 817 606 in
836 578 943 606 sabba-

174 631 218 663 to,
231 629 324 656 multo
340 629 434 662 magis
453 627 560 655 licebat
575 630 601 654 et
616 629 709 654 totum
728 626 880 653 hominem
898 632 943 652 sa-

174 683 254 702 nare.
271 675 314 702 Ad
329 674 410 701 aliud
430 673 672 709 respondendum
684 694 690 705 ‚
717 672 800 707 quod
823 672 884 707 ipse
899 679 944 698 re-

174 721 299 757 spondet
319 721 416 756 impiae
430 722 457 747 et
470 727 568 755 pravae
584 727 687 746 eorum
702 718 868 751 affectioni,
886 725 945 752 qua

174 767 229 802 ipsi
244 766 416 793 invidebant
441 766 606 801 operationi
624 764 769 792 miraculi.
792 766 823 791 Et
844 764 945 790 contra

175 821 278 841 eorum
297 803 487 840 malitiamet
508 812 652 839 invidiam
672 810 806 847 procedit
827 810 873 836 hic
898 817 945 836 ar-

175 859 312 894 guendo:
328 859 466 894 praecepit
485 858 594 893 portari
615 859 645 892 (b)
667 858 823 892 grabatum
838 856 876 883 ab
892 856 944 883 ho-

174 906 253 932 mine
275 908 375 932 sanato
389 926 397 939 ,
419 904 489 940 quia
510 912 571 931 non
593 904 645 931 fuit
661 904 699 931 ita
723 911 797 938 opus
821 902 944 936 servile,

176 952 258 987 quod
273 954 346 979 esset
361 951 544 986 prohibitum
558 951 589 977 in
604 950 742 982 sabbato,
759 949 789 976 in
805 957 864 984 quo
878 948 947 975 lice-

175 998 227 1025 bat
240 998 335 1025 facere
351 1005 442 1033 opera
456 997 648 1030 necessitatis,
674 1004 740 1031 quae
764 995 802 1022 ad
823 995 946 1022 salutem

175 1044 336 1079 pertinent,
353 1044 426 1070 sicut
448 1043 628 1070 manducare
643 1044 670 1069 et
685 1042 786 1069 bibere
799 1061 807 1073 ‚
827 1041 866 1068 ait
889 1043 947 1067 Au-

177 1090 310 1123 gustinus
320 1089 338 1116 ¹.
364 1091 433 1117 Item
455 1089 562 1116 licebat
583 1089 678 1116 facere
703 1095 793 1123 opera
812 1087 947 1122 pietatis,

176 1136 249 1163 sicut
263 1135 482 1170 eleemosynam
493 1135 574 1168 dare,
589 1135 698 1161 bovem
711 1135 738 1160 et
751 1133 866 1160 asinum
879 1132 949 1159 ada-

177 1190 278 1217 quare.
290 1181 334 1209 Sic
349 1183 375 1208 et
390 1180 666 1216 licebatparalytico
680 1180 779 1207 curato
791 1179 947 1213 grabatum

178 1228 224 1255 vel
237 1228 343 1255 lectum
359 1228 460 1255 tollere
476 1227 507 1254 in
522 1227 720 1254 testimonium
745 1234 804 1253 suae
822 1225 947 1252 curatio-

178 1274 222 1301 nis
233 1295 241 1307 ,
257 1274 383 1301 maxime
399 1277 496 1300 tamen
511 1273 696 1308 praecipiente
711 1272 860 1299 salvatore
873 1292 880 1304 ,
896 1271 947 1305 qui

179 1323 297 1347 venerat
312 1320 426 1347 solvere
443 1319 631 1346 cwremonias
646 1318 719 1352 legis
730 1338 738 1352 ,
761 1319 792 1344 ut
814 1317 948 1344 habitum

180 1369 221 1393 est
233 1374 320 1401 supra
332 1365 350 1391 ².
373 1367 409 1392 De
432 1365 652 1392 circumcisione
668 1372 739 1391 vero
755 1366 782 1391 et
803 1364 839 1390 de
856 1371 948 1398 quaes-

180 1412 308 1439 tionibus
319 1413 328 1428 3
344 1412 420 1439 circa
436 1412 534 1445 illam,
558 1412 662 1446 quarto
686 1411 894 1443 Sententiarum,
924 1412 950 1436 et

181 1460 263 1493 tingo
281 1459 312 1490 1.,
324 1459 378 1486 Sed
399 1458 551 1493 quaeritur,
577 1464 669 1492 quare
690 1456 743 1483 suit
766 1455 948 1483 circumcisio

181 1505 249 1532 data
264 1506 330 1531 ante
345 1504 441 1537 legem
461 1503 613 1538 patribus?
629 1504 661 1529 Et
675 1502 713 1529 ad
736 1502 813 1529 istud
828 1509 949 1536 respon-

180 1550 312 1578 dendum
327 1550 488 1577 secundum
510 1549 657 1582 Glossam,
679 1548 749 1583 quia
768 1547 950 1575 clrcumcisio

179 1596 233 1624 fuit
247 1597 314 1624 data
334 1596 365 1623 in
386 1596 504 1630 signum
526 1603 641 1629 magnae
661 1594 731 1622 fidei
756 1594 899 1627 Abrahae,
920 1595 951 1620 ut

181 1644 255 1670 esset
278 1642 424 1670 distinctio
449 1641 572 1677 populi,
597 1641 633 1668 de
655 1649 715 1676 quo
741 1641 868 1668 Christus
891 1641 952 1667 erat

181 1689 345 1716 nasciturus
356 1709 364 1721 ,
381 1689 418 1715 ab
437 1688 500 1715 aliis
515 1687 642 1723 populis.
659 1689 691 1715 Et
708 1687 777 1722 quia
794 1685 951 1721 repromis-

182 1735 225 1762 sio
240 1735 293 1761 fuit
308 1735 383 1762 facta
396 1735 534 1767 Abrahae,
546 1734 613 1760 ideo
625 1736 652 1760 et
666 1733 692 1760 ei
707 1734 775 1760 data
790 1732 843 1759 fuit
854 1732 902 1759 lex
916 1732 952 1759 de

183 1781 411 1809 circumcisione.
430 1780 509 1807 Unde
525 1788 625 1807 versus
642 1788 648 1805 ε

214 1858 257 1881 Est
271 1857 383 1885 signum,
400 1854 533 1884 meritum,
550 1853 692 1884 distinguit,
707 1853 759 1877 sive
775 1853 891 1877 medetur

215 1891 368 1915 Circuincisa
385 1897 460 1920 caro,
477 1890 572 1920 signat,
591 1890 674 1912 docet.

184 1966 321 2001 Signum,
338 1965 406 1991 fidei
421 1963 543 1991 Abrahae
559 1973 567 1996 ‚·
583 1963 738 1996 meritum,
757 1962 867 1990 scilicet
888 1963 955 1990 obe-

185 2012 313 2046 dientiae3
338 2010 508 2045 distinguit,
532 2009 641 2037 scilicet
665 2009 811 2044 populum
828 2018 835 2036 ε
852 2009 953 2036 mede-

184 2061 240 2093 tur,
261 2060 362 2086 contra
386 2056 528 2091 originale
545 2065 551 2082 ι
568 2056 679 2090 signat,
704 2057 838 2082 octavam
859 2063 956 2083 resur-

184 2105 321 2133 rectionis
342 2113 348 2131 :
372 2104 479 2137 docet,
504 2103 613 2130 scilicet
636 2101 806 2129 castitatem.
829 2103 867 2128 De
891 2101 955 2137 ipsa

184 2160 255 2179 vero
271 2150 491 2178 circumcisione
515 2148 713 2184 spiritualiter,
729 2150 757 2175 et
773 2148 809 2174 de
829 2148 954 2176 sabbato

184 2198 215 2225 in
230 2194 390 2225 Collatione
403 2195 615 2232 prredicabi115.
630 2194 714 2227 Quod
728 2202 798 2221 vero
806 2194 955 2229 sequitur,

184 2245 276 2272 Nolite
285 2244 406 2278 judicare
417 2243 559 2270 secundnm
571 2243 680 2275 factem,
695 2250 708 2265 ε(
720 2240 846 2267 evadere
860 2240 889 2266 in
898 2240 955 2268 hoc

185 2290 291 2317 saeculo
306 2289 406 2323 magni
430 2289 541 2316 laboris
557 2290 606 2315 est.
624 2289 654 2314 Et
669 2287 698 2313 in
722 2287 778 2313 hoc
798 2286 866 2313 illos
885 2294 954 2314 con-

186 2337 263 2370 vicit,
275 2344 329 2363 nos
346 2335 490 2369 instruxit,
503 2345 516 2361 >1
535 2334 574 2362 ait
586 2333 761 2368 Augustinus
771 2333 780 2348 ‘¹
794 2341 799 2359 :
818 2342 831 2358 (ι
843 2334 874 2360 Et
887 2333 954 2361 ideo

186 2392 246 2411 non
262 2382 453 2418 personaliter
465 2381 632 2415 judicemus
645 2402 652 2413 ,
677 2379 729 2406 sed
745 2380 856 2406 rectum
877 2380 956 2414 judi-

187 2430 265 2457 cium
280 2431 441 2457 teneamus
458 2428 467 2444 ⁷
484 2427 553 2460 Quis
569 2428 667 2454 autem
683 2426 726 2452 est
739 2425 789 2460 qui
802 2433 863 2453 non
879 2426 956 2461 judi-

219 2528 225 2543 ¹
242 2529 316 2558 Aug,
332 2526 374 2549 ubi
389 2532 454 2555 sup,
470 2531 495 2547 n.
512 2526 535 2548 6.
553 2537 583 2541 -
602 2524 610 2537 ²
628 2524 699 2553 Sup.,
719 2528 754 2551 lv,
770 2524 809 2546 21.
827 2535 856 2540 —
874 2523 882 2537 ³
897 2523 953 2548 Vid.

189 2563 219 2585 lV
242 2562 320 2591 Sent.,
343 2561 399 2584 (list.
423 2565 444 2590 1,
466 2558 518 2589 huj.
541 2559 601 2582 edit.
625 2560 687 2581 tom.
712 2558 742 2587 V,
767 2564 824 2587 pag.
847 2559 900 2581 2633.
925 2572 956 2576 -

190 2596 197 2609 ⁴
217 2597 292 2627 tlug„
308 2596 337 2619 (Ie
364 2596 473 2618 Sacram.
497 2594 564 2624 fid„
585 2593 628 2616 lib.
650 2594 674 2622 Ι,
691 2594 755 2623 part.
775 2593 816 2616 ΧΙΙ
827 2611 833 2622 ,
850 2600 872 2616 c.
887 2595 910 2616 2,
926 2607 955 2611 -

188 2633 195 2646 ·”
210 2631 267 2655 Yid.
288 2630 389 2659 Collat„
409 2635 510 2654 xxxvn.
525 2642 555 2646 —-
573 2630 581 2643 '³
599 2630 673 2658 Aug„
693 2627 735 2650 ubi
756 2634 822 2658 sup„
842 2634 867 2652 n.
888 2629 909 2652 7.
925 2642 956 2646 —

188 2667 198 2683 '¹
215 2666 286 2695 ibid„
307 2672 332 2689 n.
354 2667 377 2689 ὃ.
394 2678 419 2682 -
441 2666 449 2679 ⁸
463 2665 517 2694 Job,
534 2670 609 2693 uix,
627 2665 664 2687 16.
681 2675 707 2680 ——
728 2664 737 2677 ⁹
752 2663 838 2694 Greg„
854 2664 955 2694 Mor-al„

1709 236 1767 264 365

999 302 1043 327 cat
1058 299 1271 335 personaliter?
1286 298 1339 331 Qui
1355 298 1503 333 aequaliter
1523 298 1626 334 diligit.
1648 300 1767 327 Dilectio

998 347 1119 381 aequalis
1134 346 1202 373 facit
1215 352 1276 372 non
1290 344 1434 379 acceptari
1444 352 1596 380 personas.
1606 355 1619 371 »
1628 347 1692 372 Haec
1707 345 1765 373 ille.

999 395 1031 419 Et
1045 393 1127 428 ponit
1142 391 1311 427 exemplum
1327 391 1363 418 de
1376 390 1438 417 filio
1461 392 1488 417 et
1501 393 1583 426 patre
1598 401 1604 418 :
1623 391 1675 418 «Si
1690 391 1768 418 filius

999 442 1175 474 conquestus
1190 439 1226 465 de
1238 440 1318 474 patre
1327 438 1416 465 habet
1424 437 1534 464 bonam
1546 445 1674 472 causam,
1684 437 1769 464 illum

999 494 1149 520 aequemus
1164 485 1238 520 patri
1251 485 1281 511 in
1294 484 1446 511 veritate.»
1459 486 1490 511 Et
1504 484 1545 511 ibi
1560 484 1635 510 bene
1651 484 1688 511 de
1701 483 1767 510 hoc.

999 531 1078 558 Unde
1095 534 1165 558 nota
1177 551 1184 564 ,
1206 531 1288 566 quod
1300 530 1446 565 judicium
1468 530 1631 557 secundum
1653 529 1768 564 faciem,

1000 578 1061 604 sive
1070 577 1254 612 superficiale
1262 598 1270 611 ,
1280 579 1364 604 estex
1372 584 1565 611 personarum
1583 575 1752 611 acceptione
1760 597 1768 610 ‚

999 626 1030 650 ut
1046 624 1085 651 ait
1098 623 1275 658 Augustinus
1287 623 1345 650 hic.
1370 624 1439 649 Item
1455 624 1497 649 est
1512 631 1548 650 ex
1563 630 1656 649 causae
1677 622 1769 649 indis-

1000 670 1151 703 cussione,
1175 669 1223 696 vel
1253 677 1288 696 ex
1319 668 1467 696 sententiae
1494 668 1733 704 praecipitatione.
1762 668 1771 684 Β

1004 717 1147 743 «Causam
1159 722 1250 750 quam
1261 714 1440 747 nesciebam,
1450 714 1671 749 diligentissime
1679 714 1771 742 inves-

1002 762 1142 796 ligabam.
1155 771 1167 787 »
1182 762 1215 787 Et
1227 760 1382 795 Gregorius
1393 761 1402 776 ⁹
1415 769 1420 787 :
1434 771 1446 785 «
1455 762 1493 787 Nc
1509 761 1547 787 ad
1562 760 1771 796 proferendam

1001 807 1175 835 sententiam
1192 807 1323 842 iniquam
1337 806 1502 841 praecipites
1517 814 1578 834 esse
1594 807 1772 840 debeamus,

1002 862 1056 881 nec
1071 856 1178 880 temere
1196 853 1359 880 indiscussa
1380 852 1547 887 judicemus
1559 874 1568 886 ,
1583 860 1619 879 ne
1635 853 1774 888 quaelibet

1002 899 1082 927 mala
1097 899 1197 926 audita
1211 907 1265 926 nos
1281 901 1434 932 moveant,
1448 907 1485 926 ne
1496 898 1605 934 passim
1621 898 1699 926 dicta
1711 898 1772 925 sine

1002 945 1177 981 probatione
1192 945 1357 972 credamus.
1367 956 1379 970 n
1389 945 1469 972 Etibi
1485 945 1560 972 hene
1573 945 1610 972 de
1620 945 1686 972 hoe.
1702 946 1773 972 Item

1002 994 1035 1022 fit
1046 994 1192 1029 judicium
1206 993 1370 1021 secundum
1392 993 1497 1020 faciem
1521 1001 1555 1021 ex
1570 1001 1709 1029 perversa
1730 993 1771 1020 af-

1002 1041 1136 1068 fectione.
1164 1040 1312 1067 Judicium
1339 1039 1418 1066 enim
1447 1039 1621 1075 pervertitur
1647 1041 1774 1075 quatuor

1001 1087 1098 1115 modis
1115 1095 1121 1113 :
1138 1087 1245 1113 scilicet
1261 1086 1381 1120 timore,
1405 1085 1474 1113 odio
1487 1107 1494 1120 ,
1515 1093 1633 1120 amore,
1655 1085 1768 1121 cupidi-

1003 1135 1059 1161 tate
1070 1154 1079 1167 ,
1094 1134 1126 1160 ut
1141 1133 1254 1160 dicitur.
1270 1132 1351 1159 Unde
1366 1139 1467 1159 versus
1482 1131 1519 1158 de
1536 1131 1581 1158 his
1599 1141 1605 1158 :

1035 1210 1158 1237 Quattuor
1173 1208 1221 1231 ista
1230 1226 1236 1237 ,
1250 1207 1335 1237 timor,
1354 1207 1454 1237 odium,
1467 1206 1568 1230 dilectio
1577 1225 1585 1236 ,
1604 1213 1695 1230 census
1704 1224 1712 1236 ,

1035 1246 1107 1274 Saepe
1123 1243 1205 1267 solent
1219 1243 1352 1266 hominum
1365 1244 1450 1266 rectos
1467 1244 1612 1272 pervertere
1628 1249 1727 1265 sensus-

1005 1319 1025 1335 ¹0
1043 1328 1054 1343 «
1067 1320 1123 1345 Nec
1138 1318 1168 1345 in
1181 1317 1294 1352 judicio
1307 1317 1502 1352 plurimorum
1524 1317 1694 1352 acquiescas
1709 1324 1774 1344 sen-

1005 1365 1098 1392 tentiae
1109 1385 1117 1398 ,
1133 1366 1165 1391 ut
1180 1372 1197 1391 a
1209 1372 1279 1391 vero
1295 1363 1405 1390 devies.
1421 1365 1480 1390 »At
1495 1363 1537 1390 illi
1552 1372 1558 1390 :
1575 1365 1649 1398 Ergo
1662 1363 1775 1397 judicio

1005 1411 1171 1439 cavendum
1183 1412 1233 1438 est.
1250 1411 1267 1427 ¹¹
1289 1420 1301 1435 κ
1315 1410 1417 1437 Audite
1432 1410 1510 1443 illos,
1526 1412 1553 1437 et
1567 1410 1649 1445 quod
1664 1412 1776 1437 rectum

1007 1459 1048 1484 est
1062 1457 1226 1491 judicate.»
1239 1458 1271 1484 Et
1284 1456 1416 1491 sequitur
1431 1465 1462 1483 2«
1478 1456 1526 1483 Dei
1537 1456 1683 1490 J'udicium
1698 1458 1748 1483 est.
1760 1466 1773 1482 »

1006 1505 1037 1530 Et
1049 1503 1068 1519 ¹²
1085 1512 1091 1530 ι
1113 1513 1124 1528 ι(
1137 1505 1199 1530 Non
1215 1503 1293 1530 enim
1307 1502 1436 1529 hominis
1452 1502 1589 1529 exercetis
1607 1502 1752 1536 judicium
1766 1523 1775 1536 ‚

1006 1549 1057 1577 sed
1081 1549 1146 1581 Dei,
1161 1560 1173 1575 ι)
1192 1551 1245 1576 etc.
1273 1550 1305 1576 Et
1324 1549 1455 1584 sequitur
1471 1558 1477 1575 :
1503 1550 1602 1576 «Cum
1626 1548 1777 1583 diligentia

1007 1598 1110 1623 cuncta
1123 1596 1217 1623 facite.
1231 1606 1245 1621 »
1258 1597 1289 1623 111
1303 1596 1408 1622 Psalmo
1418 1596 1437 1611 ¹³
1450 1605 1477 1623 z«
1490 1596 1577 1623 Recta
1595 1595 1623 1629 (c)
1635 1595 1776 1630 judicate,

1006 1643 1058 1669 filii
1073 1642 1238 1669 hominum.
1255 1651 1269 1667 »

1041 1690 1086 1715 25.
1104 1690 1135 1716 Et
1149 1688 1279 1723 sequitur
1301 1687 1351 1714 illa
1365 1695 1452 1722 pars,
1479 1687 1508 1714 in
1533 1695 1593 1723 qua
1617 1687 1776 1715 confutatio

1005 1735 1169 1770 specialiter
1183 1734 1383 1769 quorumdam
1398 1742 1433 1760 ex
1446 1733 1655 1769 Hierosolymis
1666 1735 1778 1762 calum-

1006 1781 1169 1815 niantibus,
1183 1780 1224 1807 ibi
1238 1789 1243 1807 :
1258 1781 1385 1807 Dicebant
1398 1788 1457 1814 erqo
1471 1780 1599 1815 quidam,
1612 1782 1666 1807 etc.
1682 1782 1715 1808 Et
1726 1781 1778 1808 illa

1006 1835 1074 1863 pars
1090 1827 1120 1854 in
1135 1828 1261 1862 quatuor
1278 1836 1284 1853 :
1301 1826 1398 1861 primo
1410 1847 1420 1859 ,
1436 1826 1678 1854 calumniantium
1693 1827 1777 1855 oblo-

1007 1874 1102 1907 cutio;
1120 1873 1250 1901 secundo
1266 1895 1273 1906 ‚
1289 1881 1392 1900 eorum
1408 1873 1566 1901 confutatio
1583 1874 1643 1901 sive
1660 1875 1777 1902 convic-

1007 1921 1065 1954 tio,
1082 1920 1123 1946 ibi
1140 1929 1146 1947 ;
1164 1920 1320 1953 Clamabat,
1338 1921 1408 1953 etc.;
1425 1919 1526 1953 tertio,
1552 1919 1685 1955 ipsorum
1700 1921 1776 1949 divi-

1008 1967 1051 1993 sio
1063 1987 1071 2000 ,
1086 1974 1121 1993 co
1137 1965 1220 2001 quod
1234 1965 1358 2001 quidam
1372 1965 1514 1992 volebant
1528 1973 1595 1993 eum
1611 1967 1777 2002 apprehen-

1008 2013 1088 2047 dere,
1101 2012 1224 2047 quidam
1232 2012 1402 2047 credebant,
1412 2013 1451 2039 ibi
1462 2022 1468 2040 z
1479 2013 1624 2040 Credebant
1634 2022 1704 2049 erqo,
1712 2017 1777 2050 ctc.;

1008 2061 1113 2095 quarto
1125 2080 1133 2093 ,
1149 2059 1337 2093 malignitatis
1354 2067 1458 2086 eorum
1478 2059 1538 2087 sive
1554 2060 1779 2089 machinationis

1008 2114 1024 2133 a
1040 2105 1151 2132 Christo
1166 2104 1330 2140 propalatio
1340 2125 1349 2138 ,
1362 2107 1389 2131 et
1402 2105 1523 2142 illorum
1539 2106 1575 2133 de
1588 2106 1645 2133 hoc
1660 2107 1734 2135 inter
1749 2116 1778 2135 sc

1008 2153 1109 2178 mutua
1121 2150 1271 2186 inquisitio
1288 2161 1294 2177 :
1312 2152 1390 2177 Diaez't
1401 2159 1460 2184 erqo
1477 2153 1514 2178 eis
1526 2153 1618 2187 JesztS,
1635 2155 1688 2180 etc.

1044 2197 1088 2225 Ait
1109 2205 1178 2232 ergo
1195 2205 1201 2224 ε
1220 2197 1349 2223 Dicebant
1372 2205 1431 2230 erqo
1447 2198 1558 2231 quidam
1574 2206 1606 2225 ea:
1625 2199 1778 2234 Hierosoly-

1008 2245 1068 2271 mis.
1080 2245 1111 2270 Et
1121 2243 1151 2270 in
1166 2243 1221 2270 hoc
1236 2244 1314 2278 patet
1328 2250 1431 2270 eorum
1447 2242 1603 2271 obstinatio
1617 2253 1622 2271 :
1637 2245 1777 2280 quoniam

1011 2299 1024 2314 «
1047 2289 1099 2325 qui
1122 2289 1250 2316 maxime
1273 2289 1357 2324 potiti
1382 2290 1448 2315 sunt
1472 2288 1577 2323 signis,
1591 2290 1621 2316 hi
1641 2291 1779 2319 omnibus

1009 2338 1091 2363 erant
1105 2335 1345 2369 miserabiliores,
1367 2334 1474 2362 scilicet
1489 2335 1542 2370 qui
1558 2343 1593 2363 ex
1612 2336 1779 2374 Hierosoly-

1009 2383 1080 2416 mis,
1096 2392 1108 2407 »
1128 2382 1167 2409 ait
1187 2382 1411 2416 chrysostomus
1426 2380 1454 2408 ¹⁶.
1470 2382 1564 2409 Nomze
1579 2383 1622 2409 hic
1638 2386 1689 2417 est,
1705 2393 1780 2419 quem

1009 2431 1131 2464 quoerunt
1142 2428 1230 2455 Jncloee
1243 2429 1409 2461 interficere?
1422 2427 1458 2462 (v.
1475 2427 1519 2463 26)
1528 2429 1563 2455 Et
1574 2436 1629 2456 ecce
1637 2431 1730 2464 palam
1740 2432 1779 2458 Io-

1009 2512 1051 2535 lib.
1068 2512 1133 2540 xlx,
1149 2518 1171 2533 c.
1191 2515 1244 2539 xiv,
1260 2510 1291 2533 al.
1311 2514 1370 2540 xxv,
1386 2516 1411 2532 n.
1425 2510 1463 2533 46.
1480 2522 1510 2526 —
1525 2510 1543 2526 ¹⁰
1558 2510 1650 2540 Eaeod„
1665 2517 1739 2541 xxiii,
1755 2514 1777 2536 2.

1011 2560 1037 2564 —
1055 2547 1074 2563 ¹¹
1092 2547 1173 2575 Dent„
1191 2551 1212 2575 1,
1230 2547 1267 2575 10,
1285 2546 1322 2568 17.
1337 2557 1367 2561 —
1386 2545 1404 2560 ¹³
1419 2545 1437 2567 ΙΙ
1454 2544 1576 2575 Ραναίίρ.,
1593 2551 1653 2575 xix,
1670 2549 1692 2576 fi,
1711 2547 1732 2570 7.
1750 2559 1779 2564 —

1011 2582 1029 2598 1³
1044 2581 1110 2605 l’sul.
1130 2586 1190 2610 nvn,
1207 2582 1229 2604 2.
1248 2593 1277 2597 —
1293 2581 1310 2596 ¹⁸
1323 2580 1465 2610 Cbrysost.,
1482 2580 1506 2603 in
1520 2580 1602 2611 Joan„
1618 2581 1687 2605 hom.
1707 2587 1778 2611 xmx,

1009 2617 1041 2641 al.
1058 2623 1082 2646 L,
1097 2623 1114 2640 n
1130 2618 1150 2640 1.

1042 2666 1075 2695 (ιι)
1090 2664 1149 2688 Caet.
1165 2663 1226 2688 edit.
1241 2663 1363 2695 magis.—
1374 2663 1408 2695 (b)
1422 2665 1570 2694 portare.—
1580 2664 1610 2695 (c)
1625 2665 1686 2689 Item
1700 2667 1777 2690 recte.

1819 998 1879 1018 Judi-

1811 1029 1868 1048 oium

1788 1059 1893 1086 perverti-

1794 1093 1828 1110 tur
1840 1096 1890 1115 qua<

1789 1123 1837 1141 tuor
1846 1127 1893 1141 mo—

1820 1152 1862 1171 dis.

1804 1836 1886 1856 Divisio

1803 1867 1881 1893 partis.
