1987 3032
88 416 179 435 Acetum

87 445 158 465 multi-

87 476 145 503 ples.

96 2271 183 2292 Dictum

89 2303 174 2330 Diony<

75 2343 112 2360 sn.

195 207 253 235 504

194 271 284 299 ficans
299 279 369 307 ergo
383 280 413 299 se
428 274 544 307 gustare
562 271 788 299 amaritudinem
808 271 964 307 passionis,

193 318 299 353 accipit
326 321 442 346 acetum
465 319 483 346 ¹.
511 329 524 343 «
546 318 669 352 intinget
688 319 722 352 (a)
740 318 906 345 buccellam
934 318 963 345 in

193 366 285 398 aceto,
304 375 317 390 »
346 364 377 392 id
405 368 457 398 est,
483 364 702 392 meditationem
731 365 759 391 in
788 365 962 392 memoriam

192 411 337 446 passionis
351 411 461 439 Christi.
478 410 556 437 Unde
572 412 613 437 est
626 413 740 437 acetum
755 410 962 445 perversitatis,

193 459 221 484 et
237 457 389 485 malitiosae
403 456 606 484 amaritudinis
618 458 628 473 ²
646 465 651 482 :
669 467 682 482 u
696 459 814 484 Acetum
831 456 859 483 in
875 457 961 490 nitro,

194 503 244 539 qui
268 506 363 531 cantat
390 503 521 530 earmina
549 503 637 530 corde
664 503 802 538 pessimo.
833 513 844 527 n
871 503 963 538 Super

193 550 276 586 quod
290 549 442 585 Gregorius
458 550 467 566 ³
480 559 487 575 :
503 558 516 575 ιι
531 551 649 576 Acetum
659 549 680 575 si
697 549 727 575 in
740 549 816 576 nitro
829 549 960 582 mittitur,

192 595 326 623 fervescit
339 595 449 623 nitrum
463 595 596 631 protinus
607 596 634 622 et
644 595 748 622 ebullit
753 604 760 629 3
773 595 813 622 sic
824 603 962 630 perversa

192 650 285 676 mens,
301 650 369 669 eum
392 643 554 669 accusatur.
571 651 583 667 n
602 642 611 658 ’ἲ
629 652 641 667 α
657 642 734 669 Siout
757 643 871 669 acetum
891 641 963 668 den-

191 688 279 723 tibus,
302 691 329 716 et
353 688 451 715 sumus
474 688 576 722 oeulis,
601 698 614 713 »
640 689 692 715 ete.
730 690 760 715 Et
783 690 825 715 est
848 689 962 714 acetum

191 734 394 762 amaritudinis
410 734 566 770 passionis,
582 736 612 761 ut
627 734 737 761 dietum
751 736 802 761 est.
826 736 878 762 Per
893 734 962 769 hys-

191 788 308 815 sopum,
325 789 389 816 quae
404 782 446 808 est
455 780 547 808 herba
561 780 691 814 humilis,
707 782 734 807 et
748 780 836 807 hahet
848 780 908 806 vim
923 779 961 807 ad

191 835 262 854 saxa
280 827 471 862 penetranda,
488 829 519 854 ut
533 829 611 862 patet
632 827 669 854 ah
691 826 851 861 Augustino
866 827 887 860 ⁵,
909 826 961 853 hu-

192 875 300 902 militas
317 874 419 902 Christi
434 874 574 909 signatur.

226 923 257 948 Et
276 922 406 957 sequitur
431 921 482 948 illa
505 928 584 956 parS,
608 921 638 948 iu
661 929 720 956 qua
747 920 961 948 consummatio

190 967 333 1003 passionis
347 967 377 994 in
400 968 476 994 t'aeto
498 975 570 1000 esse,
586 967 627 994 ibi
645 975 651 993 :
667 968 701 994 Et
720 968 851 994 inclinato
872 968 962 1002 capite

191 1015 308 1042 tradidit
324 1016 461 1048 spiritum.
477 1013 629 1046 Quam-itur,
641 1021 709 1040 eum
723 1013 753 1040 in
769 1013 961 1040 morientibus

190 1061 270 1095 prius
290 1060 341 1087 fiat
359 1060 475 1087 emissio
508 1059 643 1095 spiritus,
666 1059 725 1086 sive
752 1059 912 1094 expiratio,
935 1062 962 1087 et

191 1107 298 1134 deinde
313 1106 461 1134 inclinatio
477 1106 588 1141 capitis,
601 1106 661 1132 sive
673 1106 822 1138 demissio,
835 1105 960 1141 qualiter

190 1153 307 1180 ordinat
328 1153 375 1180 hie
391 1161 405 1180 e
421 1152 587 1180 contrario?
603 1153 634 1178 Et
649 1152 687 1179 ad
707 1152 783 1179 istud
802 1151 961 1187 respondet

190 1199 414 1235 chrysostomus
430 1200 450 1232 ⁶,
467 1198 550 1234 quod
567 1208 580 1223 «
595 1198 633 1225 ita
648 1200 690 1225 est
713 1198 743 1224 in
764 1198 862 1231 nohis,
879 1198 961 1233 quod

189 1248 255 1280 post
269 1245 402 1280 expirare
417 1244 593 1271 inclinamus
617 1246 714 1278 eaput,
737 1252 751 1270 e
770 1244 916 1271 contrario
932 1244 962 1271 in

189 1292 301 1320 Christo
319 1301 324 1319 :
341 1299 393 1326 per
408 1299 473 1326 quae
496 1291 598 1318 omnia
612 1290 752 1317 indicavit
766 1290 959 1325 Evangelista,

190 1339 273 1374 quod
296 1338 356 1373 ipse
380 1337 519 1364 Dominus
538 1336 682 1370 omnium,
699 1337 811 1363 liabens
834 1339 960 1372 potesta-

189 1387 248 1412 tem
263 1384 394 1420 ponendi
411 1384 550 1416 animam,
566 1386 593 1411 et
609 1391 668 1411 non
683 1384 826 1419 ponendi,
839 1392 928 1419 supra
940 1385 959 1410 ⁷.

191 1433 222 1458 Et
235 1439 288 1467 per
302 1431 358 1458 hoe
373 1432 461 1466 patet,
478 1430 560 1465 quod
576 1438 635 1457 nou
651 1433 711 1457 erat
731 1432 818 1466 eaput
839 1430 962 1457 affixum

191 1478 279 1511 eruci,
296 1479 327 1504 ut
349 1477 388 1504 ait
410 1477 644 1512 Chry-sostenius.
664 1477 674 1492 Β
695 1485 708 1501 «
734 1477 869 1503 clamans
890 1484 962 1504 voce

190 1531 310 1558 magna,
327 1522 421 1550 emisit
435 1523 578 1558 spiritum.
601 1532 613 1547 ι)
638 1522 773 1549 Clamans
788 1523 798 1538 ⁹
814 1531 819 1548 :
841 1532 854 1547 t(
869 1524 962 1556 Pater,

190 1571 220 1597 in
235 1578 341 1596 manus
354 1571 418 1596 tuas
432 1568 610 1596 commendo
625 1568 757 1603 spiritum
774 1576 883 1595 meum.
900 1578 913 1593 u>
933 1570 963 1595 Et

189 1625 242 1653 per
261 1617 317 1644 hoc
332 1619 431 1652 patent
443 1617 536 1643 verba
549 1614 651 1643 Christi
666 1616 695 1642 in
713 1623 796 1643 eruce
810 1615 830 1632 ¹⁰
846 1624 873 1642 :«
891 1617 962 1643 Cum

190 1664 319 1691 elamore
334 1663 446 1696 valido,
461 1672 474 1688 »
498 1665 550 1689 ete.
574 1662 702 1689 Primum
723 1662 776 1689 fuit
791 1662 884 1689 oratio
908 1669 962 1697 pro

191 1709 430 1742 crucifixoribus,
447 1708 546 1735 dicens
558 1712 575 1726 ¹¹
591 1716 598 1735 ι
618 1709 710 1742 Pater,
723 1709 827 1741 iquosce
841 1708 876 1743 (h)
894 1709 961 1735 illis.

191 1756 370 1788 Secundum,
385 1755 415 1782 in
428 1754 624 1790 promissione
641 1754 716 1781 faeta
730 1754 835 1781 latroni
859 1753 885 1781 ¹².
900 1755 964 1781 Ter-

193 1803 242 1835 tio,
259 1802 372 1829 loeutus
388 1803 430 1829 est
449 1801 479 1828 in
498 1800 787 1828 recommendatione
809 1800 923 1834 matris,
938 1802 965 1827 et

193 1849 234 1876 ihi
250 1849 364 1875 loeutus
377 1850 419 1875 est
434 1848 494 1875 duo
509 1847 599 1874 verba
614 1848 644 1873 ¹³.
660 1847 778 1880 Quarto,
793 1846 907 1874 loeutus
922 1849 965 1873 est

195 1895 321 1922 dicendo
337 1894 383 1921 hie
399 1895 417 1914 Γ*
431 1903 437 1921 :
464 1895 496 1920 m
516 1894 582 1928 quid
597 1901 636 1920 me
652 1894 843 1927 dereliquisti?
856 1895 887 1920 Et
907 1893 964 1920 hoo

194 1950 261 1968 eum
287 1941 415 1968 elamore
435 1940 546 1971 valido,
569 1940 726 1967 ostendens
749 1939 965 1967 vehementiam

194 1987 350 2023 passionis,
366 1987 482 2020 Quinto,
497 1986 612 2013 loeutus
626 1988 668 2013 est
682 1986 809 2013 dicendo
826 1986 846 2002 ¹⁵
863 1996 868 2013 :
884 1987 964 2013 secto.

196 2036 290 2067 sexto,
304 2033 425 2068 quando
439 2033 479 2060 ait
489 2034 509 2053 ¹⁶
520 2041 525 2059 :
537 2033 751 2059 consummatum
765 2035 811 2059 est.
827 2033 965 2068 Septimo,

197 2080 318 2115 quando
334 2080 372 2106 ait
388 2079 405 2095 ¹⁷
421 2088 426 2105 :
439 2081 470 2106 In
486 2087 580 2106 titanus
596 2082 655 2106 tuas
669 2079 817 2105 commendo
840 2081 967 2114 spiritum

197 2135 292 2153 meum.
310 2126 359 2153 Hic
373 2128 470 2152 autem
485 2125 657 2152 omittuntur
672 2125 755 2159 signa
775 2125 881 2152 divinae
902 2133 968 2160 pas-

198 2172 299 2207 sionis,
313 2180 378 2207 quae
391 2171 440 2198 alii
454 2171 644 2206 Evangelistae
658 2173 788 2204 narrant,
797 2171 870 2198 sieut
885 2171 967 2206 quod

199 2219 298 2246 velum
321 2218 423 2254 templi
451 2218 504 2245 suit
525 2218 646 2244 scissum
659 2238 667 2251 ,
688 2219 715 2244 et
736 2218 819 2253 quod
842 2218 968 2245 tenebrre

199 2266 280 2293 factae
294 2266 360 2292 sunt
371 2272 460 2300 super
474 2266 591 2291 terram.
604 2266 641 2291 De
657 2264 734 2291 dieto
744 2272 813 2291 vero
828 2264 967 2299 Dionysii,

201 2311 283 2347 quod
299 2313 371 2339 Deus
389 2314 499 2338 naturae
518 2310 694 2346 patiebatur,
711 2318 777 2337 eum
799 2310 968 2346 philosophi

200 2357 317 2385 Athenis
345 2357 542 2392 inquisissent,
565 2357 697 2391 Magister
717 2357 747 2383 in
775 2358 913 2384 Historiis.
939 2359 967 2384 ln

232 2430 236 2442 ¹
258 2428 333 2455 lizath,
351 2433 385 2458 11,
407 2430 442 2452 14.
460 2442 485 2445 -
507 2428 514 2442 ²¹
529 2429 611 2456 Pron,
634 2434 696 2458 xxv,
715 2430 752 2452 20.
769 2440 799 2445 -ν
814 2428 823 2444 ³
841 2430 926 2458 (Περ,
943 2436 967 2451 ιη

198 2463 299 2492 ΕῑεεΙι.,
317 2463 360 2486 lib.
379 2464 400 2489 lv
417 2463 485 2486 hom¹
507 2469 545 2492 ix,
562 2470 587 2486 n.
608 2465 646 2487 32.
666 2477 697 2480 —
711 2463 721 2479 ¹·
735 2464 819 2492 Prota,
835 2470 865 2493 x,
882 2466 920 2487 26.
938 2476 968 2480 —

198 2499 208 2515 ⁶
223 2500 338 2529 August„
353 2498 382 2520 de
398 2498 467 2521 Dect.
489 2498 592 2525 Clo-ist,
609 2499 652 2521 lib.
675 2499 710 2527 ll,
727 2506 748 2521 c.
769 2505 826 2528 xvi,
841 2505 866 2521 n.
885 2499 922 2521 24.
939 2511 968 2515 —

198 2534 207 2549 ‘³
222 2533 362 2565 Chrysost.‚
376 2533 447 2556 hom.
465 2539 570 2563 Lxxxiv,
587 2533 617 2556 al.
634 2539 729 2563 Lxxxv,
746 2541 771 2556 n.
789 2536 810 2557 2.
826 2546 856 2550 -
870 2534 880 2550 7
895 2534 968 2562 Sup.‚

197 2570 325 2597 Χ,18.-·
339 2569 347 2582 ¹
362 2568 462 2595 matth„
482 2574 567 2598 xxvii,
583 2570 620 2592 ijo.
633 2582 663 2586 -—
678 2570 687 2583 ³*
704 2569 771 2598 Luc..
789 2570 924 2598 xx111,46.
939 2581 968 2585 -

198 2604 316 2632 ¹⁰Heb1·.,
333 2609 356 2633 V,
371 2605 394 2627 7.
408 2615 437 2619 —
455 2604 468 2616 ¹¹
486 2603 552 2628 linc„
567 2604 866 2632 x·=⁴1·1‚254.—¹²thid.,
882 2604 919 2626 43.
937 2615 966 2620 —-

197 2640 216 2655 ¹³
230 2641 301 2670 Sup„
316 2642 354 2668 eti,
366 2640 403 2662 27.
416 2651 445 2655 -
460 2639 477 2654 ¹⁴
494 2638 593 2666 Mutae„
613 2645 692 2668 xxxii,
714 2642 745 2661 kd.
763 2652 791 2656 -
808 2640 826 2655 ¹³
839 2642 911 2669 θυι»,
927 2640 965 2662 25.

715 205 924 235 tlt-'ANGtLth
950 204 1092 235 SANCTI
1114 204 1277 236 JOANNlS

1020 271 1179 305 Evangelio
1207 273 1408 300 Nazaraeorum
1432 272 1537 307 legitur
1566 273 1788 308 superliminare

1020 317 1120 353 templi
1134 317 1221 345 fuisse
1237 318 1359 346 fractum
1377 319 1418 354 (ν),
1430 321 1457 346 et
1473 319 1587 346 auditas
1601 319 1689 347 fuisse
1704 327 1789 348 voces

1019 363 1048 390 in
1063 372 1130 390 aere
1145 372 1151 390 :
1171 375 1183 388 (ι
1202 366 1393 392 'transeamus
1407 373 1442 392 ex
1457 365 1502 392 his
1514 365 1644 393 sedibus.
1661 375 1674 391 ι)
1692 367 1724 393 Et
1735 373 1789 402 pa-

1019 411 1055 436 tet
1083 410 1129 437 hie
1158 410 1311 444 diuturna,
1339 413 1366 438 et
1402 420 1591 447 perseverans
1619 412 1789 441 obedientia

1018 456 1136 489 Christi,
1162 456 1243 491 quod
1273 456 1411 484 inclinato
1437 459 1530 493 capite
1552 458 1672 486 tradidit
1696 458 1787 494 Spiri-

1020 504 1080 529 tum
1099 504 1116 519 ¹⁸
1134 511 1160 529 r«
1175 505 1275 530 Factus
1290 503 1433 530 obediens
1448 512 1540 540 usque
1555 505 1594 532 ad
1618 507 1754 533 mortem.
1771 515 1786 530 ν)

1019 550 1050 575 Et
1065 548 1093 575 iu
1109 548 1165 575 hoe
1187 549 1320 576 similiter
1342 549 1488 577 humilitas
1511 550 1643 585 ejusdem
1665 551 1787 579 denota-

1018 596 1074 621 tur.

1054 642 1096 668 31.
1113 642 1144 668 Et
1158 641 1289 676 sequitur
1301 641 1352 669 illa
1365 649 1444 677 pars,
1455 642 1486 669 in
1498 650 1557 678 qua
1571 643 1785 671 consummatio

1018 687 1162 722 passionis
1176 687 1207 714 in
1230 687 1349 720 effectu,
1373 688 1424 723 qui
1445 688 1498 715 fuit
1517 688 1548 715 in
1569 688 1720 724 apertione
1746 689 1789 716 la-

1019 733 1095 767 teris,
1111 741 1145 760 ex
1160 741 1220 769 quo
1235 733 1318 760 fluxit
1332 741 1420 769 aqua,
1432 736 1458 761 et
1469 734 1588 769 sanguis
1599 744 1607 770 3
1620 737 1647 762 et
1661 735 1702 762 ibi
1713 735 1767 763 tria
1779 744 1787 762 :

1017 779 1124 815 primo,
1147 787 1165 807 a
1192 780 1298 807 Judaeis
1326 780 1426 816 petitio
1454 780 1646 816 depositionis
1672 790 1787 816 eorum,

1018 826 1068 862 qui
1083 827 1166 853 erant
1188 826 1330 859 crucifixi,
1346 828 1373 853 et
1391 826 1538 854 latronum
1560 827 1786 863 crurifragium;

1017 873 1159 906 seeundo,
1172 873 1270 900 lateris
1283 873 1384 900 Christi
1400 873 1574 909 apertio,ibi
1589 873 1627 900 ¹⁹:
1645 875 1689 901 Ad
1699 875 1788 901 Jesum

1017 927 1074 946 cum
1093 921 1235 954 venissent,
1262 922 1314 947 ete.
1328 930 1335 954 3
1368 920 1465 954 tertio,
1494 928 1597 948 eorum
1624 928 1689 956 quoe
1714 919 1789 948 facta

1017 967 1083 992 sunt
1098 966 1272 1000 testificatio,
1287 966 1328 993 ibi
1343 966 1363 982 ²⁰
1377 975 1383 993 :
1400 967 1435 993 Et
1447 968 1495 1001 qui
1505 967 1588 1000 vidit,
1600 968 1653 994 ete.

1053 1012 1096 1039 Ait
1123 1020 1194 1046 ergo
1223 1021 1230 1038 :
1260 1013 1349 1039 Judaei
1375 1021 1434 1047 erqo
1449 1033 1458 1047 ,
1495 1014 1621 1047 quoniam
1647 1020 1789 1048 parasceve

1018 1060 1145 1092 erat,ete.
1154 1060 1186 1086 Ut
1200 1058 1240 1086 ait
1249 1059 1475 1094 Chrysostomus
1485 1058 1534 1093 ²',«
1544 1059 1634 1086 Judoei
1641 1059 1788 1087 camelum

1018 1105 1269 1139 transglutiebant,
1284 1104 1305 1121 22
1321 1105 1357 1132 de
1369 1105 1416 1132 die
1432 1105 1539 1133 seilicet
1552 1105 1625 1132 festo
1636 1105 1789 1140 diligenter

1017 1151 1237 1185 ratiocinantur,
1255 1155 1282 1178 et
1303 1159 1363 1178 non
1384 1151 1420 1178 de
1443 1154 1537 1179 morte
1560 1151 1673 1185 Christi,
1698 1159 1788 1187 quem

1017 1197 1228 1224 erucifixerunt.
1247 1209 1259 1222 ιι
1278 1198 1348 1230 Quia
1362 1206 1502 1233 parasceve
1518 1201 1587 1232 erat,
1602 1198 1712 1226 scilicet
1725 1198 1788 1225 dies

1016 1244 1238 1279 praeparationis
1266 1247 1398 1279 respectu
1427 1244 1541 1272 sabbati
1571 1244 1734 1280 sequentis,
1759 1244 1789 1271 in

1018 1298 1077 1325 quo
1104 1290 1229 1317 sabbato
1258 1292 1319 1317 erat
1352 1290 1463 1326 duplex
1491 1290 1630 1318 festivitas
1641 1311 1650 1324 ‚
1680 1290 1790 1318 scilicet

1017 1344 1200 1371 azymorum,
1217 1338 1244 1364 et
1255 1336 1381 1364 sabbati.
1398 1338 1517 1372 Propter
1541 1336 1623 1372 quod
1639 1338 1700 1364 erat
1714 1336 1762 1364 hic
1778 1345 1784 1363 ε

1019 1384 1085 1409 Erat
1099 1390 1209 1416 magnus
1231 1383 1287 1409 dies
1303 1383 1424 1417 Sabbati,
1444 1384 1498 1410 ete.
1525 1392 1531 1409 z
1558 1391 1595 1410 ne
1620 1390 1690 1418 ergo
1715 1385 1789 1411 esset

1018 1428 1213 1463 prophanatio
1236 1428 1293 1455 diei
1318 1429 1380 1456 sesti
1409 1429 1489 1464 apud
1510 1437 1577 1463 eos,
1603 1429 1634 1456 in
1657 1436 1717 1465 quo
1741 1428 1789 1456 die

1018 1475 1101 1501 multi
1117 1475 1333 1502 conveniebant
1349 1483 1355 1501 t
1378 1476 1409 1502 Π
1425 1484 1477 1502 non
1491 1478 1656 1502 remanerent
1671 1477 1701 1502 in
1714 1483 1790 1502 cruce

1018 1529 1144 1555 corpora,
1169 1521 1239 1556 quia
1260 1520 1282 1537 ²²³
1303 1529 1310 1547 :
1331 1521 1527 1549 «Maledictus
1551 1521 1601 1556 qui
1624 1520 1733 1556 pendet
1759 1521 1789 1548 in

1017 1566 1109 1600 ligno,
1133 1568 1159 1593 et
1187 1574 1247 1593 non
1274 1566 1488 1594 contaminabis
1515 1568 1622 1594 terram
1653 1568 1733 1594 tuam
1750 1575 1756 1592 :
1773 1576 1787 1592 n

1018 1614 1187 1647 Royauerunt
1201 1614 1332 1645 Pilatum,
1347 1616 1378 1639 ut
1392 1614 1582 1647 frangerentur
1595 1620 1684 1639 eorum
1698 1620 1789 1646 crura,

1019 1659 1100 1686 etsie
1122 1659 1178 1686 cito
1201 1660 1395 1692 morerentur,
1410 1667 1447 1686 ne
1470 1658 1593 1686 horrore
1617 1658 1679 1685 dies
1701 1659 1790 1686 festus

1018 1706 1188 1738 foedaretur,
1212 1706 1244 1732 ut
1265 1705 1304 1732 ait
1322 1705 1498 1740 Augustinus
1512 1704 1543 1739 ’ζ
1560 1706 1587 1732 et
1605 1705 1738 1739 Magister
1760 1705 1790 1732 in

1019 1753 1158 1779 Historiis.

1055 1801 1098 1826 3⁰2.
1116 1800 1248 1826 Venerunt
1265 1806 1325 1832 erqo
1341 1800 1452 1832 milites,
1469 1800 1496 1826 et
1510 1798 1550 1826 sic
1572 1798 1702 1826 fecerunt
1720 1798 1790 1833 illis,

1020 1846 1071 1882 qui
1085 1846 1202 1873 fuerunt
1216 1853 1283 1872 eum
1297 1845 1408 1872 Christo
1424 1844 1567 1879 crucifixi,
1582 1847 1614 1872 ut
1627 1845 1737 1873 mortui
1752 1845 1788 1873 de

1019 1892 1101 1927 ligno
1117 1892 1345 1927 deponerentur.

1055 1940 1099 1965 33.
1117 1939 1148 1965 Et
1162 1938 1293 1973 sequitur
1313 1937 1443 1964 secunda
1461 1937 1604 1972 particula
1621 1945 1627 1963 z
1643 1937 1689 1964 Ad
1703 1939 1791 1965 Jesum

1021 1987 1108 2012 autem
1124 1992 1181 2011 cum
1196 1985 1338 2016 venissent,
1364 1986 1394 2010 ut
1417 1984 1543 2010 viderunt
1567 1991 1626 2010 eum
1639 1984 1699 2017 jam
1719 1991 1790 2010 mor-

1021 2034 1104 2058 tuum.
1120 2032 1182 2066 lpse
1197 2030 1276 2057 enim
1291 2030 1392 2057 habuit
1406 2031 1578 2065 potestatem
1588 2029 1720 2065 ponendi
1731 2030 1791 2057 ani-

1021 2086 1112 2111 mam,
1128 2080 1155 2104 et
1169 2077 1222 2103 fuit
1236 2078 1376 2110 mortuus,
1392 2075 1513 2111 quando
1526 2075 1628 2103 voluit.
1647 2075 1725 2103 Unde
1736 2078 1791 2103 Au-

1021 2124 1154 2158 gustinus
1168 2124 1189 2143 ²⁵
1205 2133 1235 2150 :u
1248 2123 1316 2156 Quis
1332 2122 1371 2149 ita
1386 2124 1495 2149 restem
1511 2122 1592 2157 penit
1607 2122 1727 2158 quaudo
1738 2130 1790 2150 vo-

1022 2170 1117 2203 luerit,
1133 2169 1206 2196 sieut
1234 2177 1264 2195 se
1289 2176 1376 2196 carne
1403 2168 1482 2195 exuit
1504 2168 1626 2203 quaudo
1642 2167 1759 2195 voluit?
1774 2178 1788 2194 »

1022 2218 1082 2244 Non
1097 2217 1235 2250 fregerunt
1249 2215 1304 2249 ejus
1320 2222 1407 2241 crura.
1425 2213 1505 2241 Unde
1519 2214 1742 2250 Chrysostomus
1750 2213 1790 2240 ²⁶:

1025 2272 1038 2287 «
1053 2263 1137 2290 Vides
1156 2261 1281 2297 qualiter
1298 2260 1430 2287 validum
1445 2259 1519 2295 quid
1539 2262 1581 2287 est
1594 2259 1700 2287 veritas
1716 2269 1722 2287 :
1740 2267 1793 2295 per

1024 2318 1088 2344 quae
1102 2309 1144 2336 illi
1158 2308 1275 2335 student
1287 2308 1382 2335 faeere
1397 2306 1593 2341 ignominiam
1605 2306 1728 2340 Christo,
1740 2313 1791 2341 per

1023 2355 1083 2382 hmo
1111 2354 1266 2390 prophetia
1294 2353 1457 2389 completur
1490 2361 1496 2379 z
1527 2360 1592 2388 quae
1627 2351 1790 2387 perniciosa

1023 2418 1241 2441 —161bid.-¹⁷
1258 2418 1324 2445 Lae„
1340 2423 1416 2447 xxru,
1432 2418 1470 2441 46.
1482 2430 1512 2434 -
1527 2417 1546 2432 ¹⁵
1560 2415 1664 2446 Philip„
1678 2420 1706 2443 ιι,
1720 2414 1742 2437 8.
1759 2426 1790 2431 —-

1025 2455 1041 2468 ¹⁴³
1059 2454 1114 2483 lnf.,
1134 2455 1173 2477 33.
1189 2466 1218 2470 -
1237 2453 1255 2467 ²⁰
1277 2452 1333 2482 inf„
1353 2454 1392 2476 35.
1413 2466 1439 2469 —
1461 2452 1477 2466 ²¹
1497 2451 1637 2482 Chrysost,
1660 2449 1701 2472 nbi
1722 2455 1788 2478 sup,

1023 2497 1048 2513 n.
1065 2493 1086 2513 3.
1103 2503 1134 2507 —
1147 2490 1169 2506 Ἃ
1181 2488 1279 2518 ΜιιΙΙΙι.,
1298 2495 1377 2518 xxul,
1398 2489 1435 2512 24.
1453 2501 1483 2505 —
1499 2488 1517 2501 2³
1533 2487 1614 2513 Dent„
1632 2491 1688 2514 xxi,
1707 2486 1744 2508 ²223.
1760 2497 1790 2501 —

1023 2526 1041 2540 2‘
1055 2527 1129 2553 Aug„
1144 2526 1215 2548 tract.
1234 2530 1296 2554 cxx,
1315 2530 1340 2547 n.
1362 2525 1381 2547 ¹.
1394 2537 1425 2541 —
1439 2524 1458 2540 2⁵
1473 2522 1519 2551 ldt,
1539 2522 1607 2545 tract.
1631 2525 1706 2549 cxix,
1722 2526 1747 2543 u.
1765 2522 1788 2543 6.

1023 2574 1053 2578 -
1069 2561 1089 2575 ‘³¹⁵
1104 2560 1244 2590 Chrysost.,
1261 2559 1302 2583 ubi
1319 2566 1375 2589 sup.

1055 2602 1089 2630 (w
1113 2602 1171 2625 Coet.
1197 2602 1256 2624 filit.
1283 2601 1391 2631 lntingit.
1419 2613 1446 2617 —
1472 2598 1507 2630 (b)
1534 2598 1607 2627 Vulg.
1631 2597 1739 2621 dimitte.
1761 2610 1790 2614 --

1027 2642 1053 2665 ψ)
1071 2638 1130 2659 t'oet.
1147 2637 1206 2659 edit.
1222 2637 1324 2660 tactum.
