1987 3032
556 259 607 319 S.
650 258 711 320 R.
753 259 811 318 E.
854 256 1263 318 CARDINALIS

185 398 609 499 SANCTI
679 397 1644 498 BONAVENTURAE

412 574 558 600 EPlStIOPl
589 574 813 601 ALBANENSIS.
846 572 1013 599 DOCTORIS
1043 572 1212 599 ECCLESlAE
1241 571 1417 598 SERAPHICI

726 852 1111 889 EXPOSITIONIS

317 964 388 1015 IN
444 961 940 1015 EVANGELIUM
995 960 1262 1014 SANCTI
1316 961 1521 1015 LUCAE

820 1085 1026 1112 ‹seori-:xiim

367 1324 424 1355 CA
436 1323 497 1355 PU
507 1323 532 1354 Τ
571 1323 651 1354 XV.

172 1420 197 1446 t.
231 1417 338 1447 Erant
363 1420 468 1446 (cutem
502 1414 809 1454 czppropinqzcmzvlesJ
839 1415 895 1443 etc.

131 1469 301 1508 Postquam
317 1467 490 1498 confutavit
505 1467 700 1497 dolositatem
722 1466 899 1496 Pharisaeo-

130 1531 203 1553 rum
218 1521 480 1552 calumniantium
492 1520 605 1551 Christi
616 1520 787 1559 potentiam
799 1520 829 1549 in
845 1520 900 1549 mi-

131 1575 262 1612 raculis,
280 1575 313 1604 in
328 1575 387 1604 hac
402 1576 489 1614 parte
506 1574 644 1603 confutat
659 1582 769 1603 eorum
791 1572 900 1612 impie-

132 1631 243 1666 tatem,
258 1627 565 1658 remurmurantium
582 1629 689 1657 contra
703 1626 901 1656 clementiam

76 1697 79 1700 -
132 1682 164 1711 in
190 1681 337 1721 operibus
361 1680 494 1720 pietatis.
522 1680 679 1710 Dividitur
704 1682 810 1709 autem
834 1680 904 1709 haec

134 1743 204 1774 pars
223 1734 257 1764 in
278 1736 383 1773 partes
402 1736 478 1771 tres,
498 1733 529 1763 in
546 1742 681 1772 quarum
699 1733 801 1771 prima
820 1741 903 1771 pree-

135 1787 268 1817 mittitur
283 1787 443 1826 expressio
459 1786 628 1825 impietatis
642 1786 797 1821 Juslaicae3
814 1785 845 1814 in
861 1794 905 1815 se-

134 1839 237 1869 cunda
253 1839 399 1869 subditur
417 1838 625 1869 manifestatio
641 1838 765 1877 pietatis
776 1837 903 1874 divinae,

135 1893 177 1922 ibi
191 1894 197 1908 ¹
213 1903 220 1922 z
235 1893 280 1923 Et
295 1893 340 1922 ait
354 1892 398 1922 ad
409 1892 478 1922 illos
491 1892 697 1931 parabolam,
713 1894 782 1928 etc.;
802 1891 833 1920 in
848 1893 907 1921 ter-

137 1947 180 1976 tia
195 1955 271 1976 vero
284 1946 474 1985 adjungitur
489 1945 719 1975 commendatio
734 1947 764 1974 et
779 1953 907 1983 persua-

137 1999 182 2029 sio
206 1999 327 2037 pietatis
351 1999 520 2035 humanae,
542 1998 628 2028 ibi2:
654 1998 783 2029 Dicebat
801 2001 908 2028 autem

138 2051 182 2081 ad
193 2051 362 2091 discipulos
376 2061 448 2081 suos
463 2061 472 2081 .·
497 2051 600 2081 Homo
620 2051 752 2090 quidam
772 2055 840 2081 erat
859 2050 906 2081 cli-

138 2114 199 2142 ves,
214 2107 272 2135 etc.
286 2104 369 2134 Circa
381 2104 614 2144 expressionem
623 2107 729 2134 autem
742 2104 910 2143 impietatis

138 2157 276 2187 Judaicae
300 2157 359 2187 tria
375 2157 631 2194 introducuntur,
655 2157 769 2187 scilicet
791 2157 910 2187 occasio

140 2210 307 2249 impietatis
329 2210 561 2249 exprimendae,
579 2211 738 2249 expressio
757 2212 824 2249 jam
841 2219 912 2240 con-

141 2265 253 2303 ceptae,
269 2265 299 2293 et
311 2263 470 2293 simulatio
484 2263 642 2302 aequitatis
654 2263 796 2302 Justitiae.

184 2316 288 2346 Primo
317 2317 434 2355 igitur,
463 2319 618 2355 quantum
647 2316 685 2346 ad
718 2317 912 2347 occasionem

144 2369 312 2409 impietatis
327 2370 557 2410 exprimendae,
574 2370 687 2400 dicitur
703 2381 709 2400 :
728 2370 835 2401 Erant
853 2379 912 2400 αῑι-

146 2427 205 2453 lem
220 2424 514 2463 appropinquantes
529 2424 557 2453 ei
575 2423 739 2462 publicani
757 2427 786 2453 et
802 2432 913 2463 pecco-

147 2480 237 2506 tores.
252 2476 286 2506 ln
295 2485 358 2515 quo
368 2477 541 2507 ostenditur
552 2485 679 2506 summa
689 2476 803 2507 Christi
817 2477 916 2516 pietas

147 2529 186 2559 ad
199 2531 377 2568 peccatores
391 2529 546 2569 publicos,
563 2538 603 2559 ex
617 2538 681 2569 quo
697 2529 848 2559 Pharisaei
865 2538 915 2559 oc-

149 2582 306 2613 casionem
322 2582 515 2622 accipiebant
534 2582 630 2622 impie
646 2582 825 2621 judicandi,
843 2582 918 2622 quia

186 2664 277 2693 ¹1nfr.‚
292 2670 316 2687 v.
335 2665 358 2687 3.
374 2676 404 2680 —
419 2664 426 2676 ²
443 2664 513 2692 lnsr.,
537 2669 593 2692 xm,
614 2665 634 2685 1.
654 2676 678 2678 —
699 2663 708 2678 ³
725 2663 790 2686 Paul.
815 2668 872 2692 cxl,
896 2665 919 2691 9,

156 2700 191 2721 10.
209 2711 234 2715 —-
251 2700 258 2711 ⁴
278 2699 357 2722 Gloss.
375 2698 482 2722 intel-liu.
500 2699 525 2721 iu
544 2698 609 2721 liunc
626 2699 672 2721 loc.
696 2711 721 2714 —
738 2698 747 2713 ⁵
763 2699 824 2725 lae,
844 2703 876 2726 lv,
897 2698 919 2721 8.

274 2751 346 2773 Tou.
371 2751 414 2772 XI.

952 1317 1020 1337 mos
1034 1309 1079 1338 est
1094 1308 1199 1347 impiis
1220 1308 1413 1346 impietatem
1435 1317 1526 1338 suam
1549 1317 1669 1347 augere
1688 1309 1727 1339 de

954 1360 1029 1389 visis
1052 1360 1201 1398 operibus
1224 1361 1356 1398 pietatis.
1385 1360 1471 1391 Unde
1496 1361 1527 1390 in
1551 1361 1675 1391 Psalmo
1691 1363 1726 1391 ⁸:

958 1424 971 1440 «
982 1413 1142 1452 Dispersu,
1156 1413 1240 1443 dedit
1251 1414 1456 1453 pauperibus,
1467 1425 1481 1442 υ
1495 1416 1567 1452 etc.;
1582 1416 1612 1445 et
1623 1414 1729 1444 statim

955 1465 1061 1495 subdit
1074 1474 1080 1495 :
1098 1465 1267 1496 «Peccator
1278 1466 1407 1504 videbit,
1422 1469 1451 1496 et
1462 1467 1626 1497 irascetur.
1641 1478 1654 1495 »
1674 1467 1728 1498 Os-

956 1519 1103 1550 tendebat
1118 1521 1224 1550 autem
1240 1519 1381 1550 Christus
1398 1520 1547 1560 pietatem
1563 1529 1727 1560 magnam7

957 1574 1031 1613 quia
1043 1573 1232 1612 suscipiebat
1242 1574 1437 1613 publicanos⁷
1448 1575 1503 1614 qui
1516 1576 1605 1605 erant
1615 1574 1732 1614 publici

958 1628 1146 1666 peccatores.
1175 1626 1262 1657 Unde
1288 1626 1431 1657 Glossa&
1462 1638 1475 1655 «
1490 1627 1654 1658 Publiceni
1679 1628 1734 1667 qui

959 1679 1084 1719 publica
1099 1680 1269 1718 vectigalia
1277 1681 1325 1710 exi
1331 1682 1424 1719 gunt,
1433 1680 1484 1711 vel
1498 1681 1690 1717 conducunt,
1704 1683 1735 1711 et

961 1733 1015 1771 qui
1031 1732 1156 1762 lucrum
1171 1733 1278 1763 saeculi
1302 1742 1358 1772 per
1374 1733 1503 1772 negotia
1517 1736 1687 1771 sectantur,
1704 1736 1735 1764 et

961 1788 1037 1817 tales
1062 1789 1151 1817 erant
1177 1787 1285 1817 multis
1309 1787 1436 1826 injustis
1460 1788 1555 1819 lucris
1578 1789 1702 1819 intenti.
1716 1792 1753 1817 »’

964 1841 1150 1880 Hujusmodi
1166 1843 1272 1871 autem
1297 1843 1489 1880 peccatores,
1514 1842 1584 1872 licet
1602 1842 1733 1873 videan-

963 1896 1015 1924 tur
1036 1893 1206 1933 repellendi
1228 1903 1268 1924 ex
1287 1894 1424 1933 justitia,
1450 1895 1669 1935 suscipiuntur
1687 1897 1734 1926 ta-

963 1956 1037 1977 men
1058 1956 1097 1977 ex
1119 1947 1347 1984 misericordia,
1369 1948 1406 1978 de
1429 1957 1493 1987 qua
1515 1948 1625 1979 contisi
1647 1950 1738 1978 erant

964 2000 1262 2039 appropinquantes
1280 2000 1587 2040 Appi-opinquabant
1603 2001 1688 2032 enim
1708 2002 1737 2032 ei

964 2056 1117 2092 tanquam
1134 2053 1377 2084 clementissimo
1394 2053 1543 2091 Domino,
1562 2055 1737 2085 secundum

966 2106 1063 2137 illud⁶
1081 2116 1088 2136 :
1109 2107 1392 2146 «Appropinquate
1411 2107 1489 2145 Deo,
1513 2109 1544 2138 et
1565 2107 1738 2147 appropin—

966 2159 1077 2199 quabit
1092 2160 1192 2190 vobis.
1205 2170 1220 2188 n
1233 2160 1504 2200 Appropinquate,
1525 2161 1668 2199 inquam,
1685 2169 1740 2200 per

967 2214 1113 2244 devotam
1133 2214 1416 2253 supplicationem⁶
1440 2226 1446 2243 :
1468 2226 1483 2243 «
1502 2214 1741 2254 Appropinquet

968 2267 1144 2306 deprecatio
1156 2276 1226 2297 mea
1242 2267 1275 2297 in
1290 2269 1458 2307 conspectu
1470 2269 1525 2298 tuo
1539 2278 1545 2298 :
1560 2277 1574 2295 ι)
1589 2269 1741 2306 tanquam

968 2320 1063 2350 etiam
1078 2320 1276 2359 paratissimo
1288 2320 1452 2359 Magistro,
1462 2319 1545 2351 unde
1560 2319 1686 2350 subdit:
1704 2320 1744 2350 Ut

970 2373 1119 2404 audirent
1142 2373 1252 2410 illum,
1276 2373 1449 2404 secundum
1473 2373 1549 2403 illud
1575 2373 1743 2404 consilium

971 2425 1150 2465 Sapientis⁷
1172 2437 1177 2455 :
1204 2426 1421 2465 «Appropiate
1448 2426 1486 2456 ad
1514 2435 1584 2463 me,
1609 2426 1742 2463 indocti,

972 2481 1001 2508 et
1026 2480 1217 2516 congregate
1240 2487 1297 2508 vos
1314 2478 1348 2508 in
1370 2478 1502 2509 domum
1516 2479 1688 2518 disciplinae
1707 2489 1741 2509 :n

973 2531 1066 2569 quia,
1097 2532 1177 2561 sicut
1202 2531 1317 2561 dicitur
1337 2531 1358 2569 ⁸,
1385 2543 1398 2559 (ι
1413 2532 1466 2571 qui
1489 2532 1747 2572 appropinquant

974 2583 1106 2622 pedibus
1124 2584 1206 2622 eius,
1224 2583 1376 2623 accipient
1396 2584 1434 2614 de
1457 2584 1599 2615 doctrina
1620 2584 1716 2615 illius.
1729 2595 1743 2612 n

975 2676 1004 2679 —
1020 2663 1029 2678 ὓ
1045 2662 1112 2686 Ins-nl.
1128 2668 1223 2692 cxvnl,
1240 2664 1291 2686 169.
1308 2675 1338 2680 --
1354 2663 1364 2678 ⁷
1380 2662 1469 2691 Ecca„
1487 2669 1525 2692 LI,
1541 2664 1578 2687 31.
1594 2675 1624 2680 ·—
1641 2664 1649 2676 ⁸
1666 2663 1748 2692 Deut„

978 2704 1074 2727 xxiiim,
1090 2701 1114 2720 a.

1616 2746 1629 2772 vl
