1987 3032
713 224 921 259 EXPOSITIO
939 223 981 255 IN
1004 223 1088 255 CAP.
1112 223 1218 255 xxm.

171 296 373 337 Sequebatur
385 298 491 326 autem
504 294 594 325 illum
604 293 708 324 multa
723 293 816 323 turba
826 291 940 332 populi

171 354 202 380 et
220 350 406 385 mulierum,
432 357 504 388 [μισ]
516 346 713 387 planqebcmt
735 350 765 376 et
781 346 938 375 lamenta·
966 378 972 385 =

171 404 289 434 bantur
303 411 386 433 eum.
411 401 516 432 Turba
539 400 668 440 quidem
685 399 874 438 sequebatur
897 407 937 428 ex

169 455 395 492 admiratione;
422 454 474 484 sed
492 453 642 483 mulieres
663 461 702 482 ex
723 450 934 482 miseratione.

170 508 256 539 Unde
271 507 397 538 Glossa¹
412 518 418 537 ι
436 518 449 535 «
461 505 533 536 Mali
548 506 734 545 sequuntur,
750 510 785 534 ut
802 503 937 534 morien-

167 563 230 591 tem
248 561 313 591 laeti
330 560 497 600 aspiciant;
515 558 684 596 mulieres,
706 560 742 588 ut
765 566 860 596 quem
884 556 936 587 vi·-

168 623 242 645 vere
257 613 498 650 desiderabant,
513 611 717 648 moriturum,
733 609 933 646 morientem,

167 670 197 698 et
210 670 376 698 mortuum
391 666 528 706 plorent.
541 664 655 695 »Unde
670 665 701 694 et
715 665 785 703 post
800 664 935 692 mortem

167 721 281 751 dicitur
296 720 333 751 de
348 719 567 758 Magdalena²2
583 717 701 747 «Maria
713 718 820 746 autem
833 715 934 745 stabat

167 774 205 804 ad
220 774 467 803 monumentum
482 771 558 801 foris
572 771 707 810 plorans.
718 780 731 797 1)
743 768 816 799 Haec
828 770 935 798 autem

166 827 348 857 lamentatio
370 826 465 856 fiebat
485 824 523 854 de
546 823 667 854 Christo
688 832 706 853 a
727 821 913 852 mulieribus
926 845 933 858 ‚

166 888 230 909 non
251 888 270 909 a
294 878 371 909 viris
386 887 394 908 :
413 886 477 908 non
502 877 577 916 quia
602 875 751 906 mulie-res
775 875 878 905 essent
902 874 936 903 111

167 941 274 962 amore
291 931 403 962 Christi
426 930 632 961 ferventiores
643 952 650 965 ,
666 937 723 958 seu
738 927 933 964 stabiliores,

167 985 222 1015 sed
234 985 311 1024 quia
324 985 430 1023 magis
440 985 514 1014 sunt
528 982 712 1013 naturaiiter
726 981 765 1011 ad
780 980 936 1019 lacrymas

168 1047 287 1076 pronae,
304 1039 335 1068 et
350 1037 455 1076 magis
471 1035 676 1075 eompassivae
692 1036 814 1064 naturae
829 1036 843 1071 ,“
855 1033 937 1063 51601

172 1091 210 1121 (16
221 1091 313 1121 Anna
327 1091 460 1121 dicitur³
473 1102 479 1121 1
495 1090 625 1120 «Flebat
640 1088 739 1127 igitur
753 1089 854 1117 mater
868 1088 936 1125 eJus

166 1143 615 1183 irremediabilibuslacrymis.
625 1153 640 1170 1)
646 1142 683 1173 Et
690 1142 727 1172 de
735 1142 827 1171 Anna
836 1143 936 1170 matre

167 1197 325 1228 Samuelis
337 1198 348 1214 ⁶
361 1209 367 1228 :
384 1197 483 1228 «Cum
497 1198 577 1227 esset
592 1196 683 1226 Anna
692 1203 801 1225 amara
815 1194 932 1231 animo,

166 1251 270 1281 oravit
284 1251 323 1281 ad
345 1250 515 1281 Dominum
537 1250 616 1279 116115
630 1248 772 1287 largiter,
788 1258 802 1275 1)
821 1250 880 1277 616.
899 1246 936 1276 Et

166 1305 241 1344 quia
254 1306 399 1344 poterant
411 1305 472 1335 hoc
487 1305 588 1334 facere
599 1302 703 1342 magis
714 1311 833 1332 secure.
847 1301 935 1331 Unde

165 1357 287 1388 Glossa⁵
298 1367 305 1387 ε
318 1369 332 1386 (1
341 1357 410 1388 Νο11
420 1357 489 1387 ideo
502 1356 664 1387 inducitur
673 1354 935 1385 solusmulierum

166 1411 316 1450 ploratus,
334 1410 412 1450 quin
426 1412 457 1440 et
469 1409 530 1440 viri
545 1409 702 1445 dolerent;
726 1408 777 1438 sed
794 1408 869 1447 quia
883 1408 936 1438 sce-

165 1465 290 1494 mineus
306 1473 420 1501 sexus,
444 1463 535 1502 quasi
554 1461 830 1500 contemptibilior,
853 1461 934 1490 libe-

164 1517 232 1547 rius
248 1518 370 1556 poterat
392 1515 601 1555 praesentibus
616 1513 813 1553 principibus
831 1522 933 1543 sacer-

163 1570 284 1606 dotum,
303 1569 379 1608 quid
395 1571 504 1599 contra
517 1577 570 1598 eos
585 1567 714 1604 sentiat,
732 1568 900 1597 ostentare.
916 1577 930 1595 ›>

166 1621 253 1653 Unde
265 1623 366 1661 potest
381 1621 440 1652 dici
454 1621 531 1651 illud
547 1621 556 1637 Β
573 1631 579 1651 z
603 1632 617 1649 <‹
629 1620 723 1650 Acein
729 1620 794 1658 gite
808 1620 935 1650 lumbos

164 1680 304 1712 vestros,
321 1684 416 1714 super
431 1674 530 1715 ubera
540 1674 700 1713 plangite,
716 1682 812 1712 super
826 1674 933 1712 regio-

165 1738 205 1759 ne
220 1728 431 1759 desiderabili.
446 1738 460 1756 »
476 1727 554 1758 Vere
569 1726 782 1758 desiderabilis
797 1729 863 1756 erat
878 1727 935 1756 iste

167 1791 264 1822 super
279 1791 390 1812 omnes
404 1790 499 1819 reges
513 1780 672 1810 universae
686 1782 789 1809 terrae.
811 1779 850 1809 Et
866 1779 934 1810 ideo

163 1833 215 1863 1116
230 1833 392 1872 planctus,
419 1834 449 1861 et
474 1831 543 1861 haec
565 1830 746 1860 lamentatio
772 1830 934 1868 designari

165 1885 267 1926 potuit
283 1893 338 1924 per
360 1883 621 1914 lamentationem
643 1883 755 1913 factam
772 1892 866 1922 super
879 1883 934 1914 Jo-

165 1941 261 1978 siam,
286 1939 461 1970 secundum
482 1938 560 1969 illud
574 1939 584 1955 ⁷
606 1949 612 1968 :
634 1949 648 1966 «
664 1937 835 1969 Universus
853 1938 934 1969 Juda

165 1996 195 2024 et
222 1993 418 2024 Hierusalem
448 1992 599 2022 luxerunt
622 2001 697 2022 eum
716 2015 724 2029 ,
758 1992 933 2022 Hieremias

165 2047 320 2084 maxime,
332 2047 425 2085 cujus
439 2054 549 2076 omnes
563 2047 706 2075 cantores
721 2047 814 2084 atque
829 2047 934 2076 canta-

164 2101 257 2131 trices
269 2109 370 2139 nsque
386 2100 418 2129 in
433 2100 622 2139 praesentem
638 2098 720 2128 diem
735 2098 931 2129 lamentatio—

167 2162 221 2184 nes
245 2161 341 2192 super
365 2152 483 2183 Josiam
511 2151 672 2191 replicant.
695 2162 710 2179 ›)
742 2150 933 2190 Huiusmodi

164 2208 270 2236 autem
290 2205 530 2236 lamentationes
545 2213 674 2243 magnae
694 2204 783 2234 sactae
798 2207 829 2235 et
850 2214 934 2244 11166-

167 2259 259 2289 dictae
275 2259 403 2289 fuerunt
423 2267 480 2297 pro
496 2258 673 2295 Salvatore3
698 2260 728 2288 et
742 2258 812 2288 ideo
826 2257 933 2296 legun-

164 2311 260 2342 turin
277 2312 348 2350 eJus
362 2311 518 2350 passione.
537 2310 687 2340 Similiter
697 2310 791 2340 etiam
807 2310 934 2349 plangi-

165 2367 217 2395 tur
232 2374 318 2395 mors
334 2363 459 2400 Christi,
471 2365 502 2393 et
517 2363 610 2393 ruina
623 2362 832 2393 Hierusalem.
845 2362 932 2393 Unde

166 2418 197 2448 in
225 2417 365 2448 oratione
392 2416 558 2446 Hieremiae
582 2415 695 2445 dicitur
710 2416 720 2432 ⁸
745 2425 751 2445 :
780 2426 794 2443 «
819 2414 933 2445 Defecit

165 2470 318 2508 gaudium
335 2469 437 2500 cordis
447 2469 544 2499 nostri
556 2478 563 2498 ε
575 2477 687 2498 versus
701 2470 747 2498 est
764 2468 796 2498 iu
810 2467 932 2498 luctum

166 2522 280 2553 chorus
294 2525 411 2553 noster.
429 2521 544 2552 Cecidit
558 2530 674 2551 corona
688 2521 797 2560 capitis
811 2522 910 2552 nostri
923 2530 930 2552 :

198 2585 204 2600 ¹
217 2584 252 2608 Ex
267 2583 396 2614 ne1].‚ubi
412 2590 468 2614 sup.
482 2596 512 2601 ·—
526 2583 534 2597 ³
549 2583 628 2611 loun„
648 2588 691 2613 xx,
705 2584 743 2606 1¹.
759 2595 788 2600 —-
802 2582 812 2598 ³
827 2582 891 2613 Tou,
907 2590 932 2614 x,

166 2620 189 2642 4.
204 2632 234 2636 —
248 2620 256 2633 ⁴
274 2620 281 2642 l
298 2620 365 2649 Rea„
384 2625 404 2649 1,
420 2621 458 2642 111.
474 2632 504 2636 —
519 2620 526 2632 '³
542 2619 577 2641 Ex
594 2618 666 2647 nest„
681 2617 723 2640 ubi
738 2625 794 2648 sup.
806 2631 837 2635 —
853 2618 863 2634 ὓ
874 2619 931 2648 Ira„

167 2659 250 2683 xxxii,
268 2655 306 2677 Μ.
321 2667 351 2672 -
369 2655 376 2668 ⁷
393 2655 412 2677 11
429 2654 551 2683 Ραναίίμ,
573 2658 651 2683 xxxV,
668 2654 750 2676 24-25.
767 2666 794 2671 -
810 2653 820 2669 ⁸
835 2654 932 2684 Thi-en„

167 2694 191 2718 v,
213 2690 292 2712 15-17.
309 2702 340 2707 —
353 2690 364 2705 ⁹
378 2688 433 2717 lob,
452 2695 514 2718 xxx,
532 2690 571 2712 25.
594 2701 624 2707 —
643 2689 661 2704 ¹⁰
678 2689 699 2712 ll
720 2688 789 2719 flea,
807 2694 829 2719 1,
848 2690 888 2713 26.
902 2703 932 2707 —

1702 227 1760 256 207

992 299 1042 322 vae
1053 291 1144 321 nohis
1153 314 1162 329 ,
1179 290 1254 330 quia
1263 289 1464 329 peccavimus
1474 299 1481 320 ε
1491 291 1657 329 propterea
1669 299 1762 321 moes-

992 345 1061 373 tum
1076 344 1194 374 factum
1209 345 1256 374 est
1279 351 1332 373 cor
1348 344 1512 380 nostrumg
1529 342 1598 374 ideo
1613 345 1760 375 contene-

992 396 1072 426 brati
1088 398 1163 427 sunt
1177 397 1260 427 oculi
1274 396 1384 427 nostri.
1399 407 1413 424 1)

1031 449 1151 488 Tertio,
1169 452 1325 490 quantum
1347 449 1386 479 ad
1406 449 1685 488 reprehensionem
1711 449 1759 479 la-

991 504 1202 533 mentantium
1213 527 1221 541 ‚
1244 503 1392 542 adjungit
1412 504 1454 542 (v.
1482 503 1529 542 28)
1555 513 1561 533 :
1587 503 1761 533 Conversus

991 559 1098 585 aulem
1113 556 1158 585 acl
1171 556 1241 586 illas
1255 556 1343 586 ,Iesus
1356 580 1363 593 ,
1381 555 1463 585 dz'oez't
1480 564 1490 586 .·
1504 556 1533 587 F
1534 555 1597 586 2⁴22·ae
1609 556 1763 586 Hierusa-

992 608 1063 645 lem,
1081 608 1176 639 nolite
1191 608 1267 648 flere
1287 618 1381 648 super
1396 618 1457 639 me.
1482 608 1632 639 Prohibet
1652 611 1760 639 autem

990 660 1178 700 hujusmodi
1194 661 1342 691 mulieres
1357 671 1376 691 a
1390 661 1465 692 fletu
1476 686 1483 700 ,
1500 671 1566 692 non
1586 662 1661 701 quia
1677 662 1761 692 male

991 714 1128 744 facerent
1139 713 1261 744 Christo
1277 715 1511 754 compatiendo,
1529 724 1602 746 cum
1617 715 1699 745 dicat
1710 715 1761 747 vir

990 767 1062 806 pius
1074 769 1104 797 et
1118 769 1244 798 sanctus
1259 771 1269 786 ⁹
1287 779 1293 798 :
1316 767 1469 798 «Flebam
1488 769 1648 808 quondam
1665 778 1761 809 super

991 829 1042 858 eo,
1061 820 1115 860 qui
1130 821 1264 851 afflictus
1277 823 1343 851 erat
1353 845 1360 859 ,
1377 823 1408 851 et
1422 821 1673 860 compatiebatur
1687 822 1758 852 ani-

991 883 1043 904 ma
1057 883 1128 904 mea
1144 874 1310 914 pauperi.»
1326 874 1413 905 Unde
1429 877 1459 905 et
1474 878 1601 906 sanctus
1615 875 1714 907 David
1729 876 1762 906 in

990 928 1097 967 figura
1110 928 1233 958 dicebat
1243 929 1263 947 ¹⁰
1278 937 1285 958 :
1303 939 1316 956 t(
1326 927 1420 958 Doleo
1432 937 1528 968 super
1542 931 1583 966 16,
1600 929 1695 959 frater
1715 930 1759 959 mi

990 981 1125 1012 Jonatha
1141 982 1193 1020 (a),
1210 981 1320 1011 decore
1336 981 1441 1019 nimis,
1459 983 1490 1012 et
1505 982 1650 1012 amabilis
1666 992 1761 1022 super

991 1044 1133 1065 amorem
1154 1034 1337 1065 mulierum.
1354 1045 1368 1062 »
1388 1034 1475 1064 Unde
1493 1037 1524 1065 et
1539 1034 1662 1065 Christo
1681 1044 1759 1074 pau-

991 1088 1059 1127 peri
1074 1091 1103 1118 61
1115 1088 1241 1125 afflicto,
1254 1087 1382 1118 amabili
1398 1090 1428 1118 et
1440 1088 1665 1127 pulcherrimo,
1678 1097 1762 1119 com-

990 1142 1174 1181 patiendum
1200 1143 1246 1172 est
1269 1141 1383 1171 affectu
1406 1140 1562 1180 piissimo⁷
1586 1141 1762 1172 secundum

990 1194 1069 1225 illud
1081 1195 1098 1211 ¹¹
1112 1205 1118 1225 :
1132 1206 1145 1223 (‹
1155 1194 1312 1234 Aspicient
1320 1195 1358 1225 ad
1367 1203 1428 1232 me,
1441 1204 1536 1234 quem
1549 1195 1759 1233 confixerunt,

991 1250 1021 1279 et
1040 1249 1195 1288 plangent
1209 1238 1426 1288 eunrplanctu
1437 1273 1444 1287 ,
1462 1249 1553 1288 quasi
1575 1258 1671 1288 super
1685 1250 1757 1280 uni·-

992 1302 1157 1340 genitum,
1175 1304 1205 1332 61
1219 1301 1370 1332 dolebunt
1386 1311 1480 1341 super
1495 1311 1588 1340 eum,
1610 1304 1646 1332 ut
1661 1302 1761 1333 doleri

991 1355 1069 1385 solet
1079 1355 1110 1384 in
1122 1357 1222 1386 morte
1230 1355 1446 1395 primogeniti.
1458 1366 1471 1383 1)
1484 1355 1552 1386 Νο11
1563 1364 1640 1395 ergo
1650 1356 1709 1386 hoc
1719 1356 1757 1395 (h)

991 1409 1138 1447 arguitur
1151 1418 1170 1438 a
1182 1408 1305 1439 Christo
1316 1420 1323 1446 ;
1340 1409 1393 1439 sed
1408 1409 1484 1448 quia
1494 1409 1761 1440 contristabantur

991 1471 1030 1492 ex
1052 1461 1166 1491 mentis
1181 1461 1373 1500 dejectione⁷
1391 1464 1499 1492 contra
1521 1462 1606 1501 quod
1624 1462 1657 1501 (c)
1683 1462 1759 1493 dici-

990 1516 1043 1544 tur
1058 1515 1078 1530 ¹²
1096 1525 1126 1545 t«
1140 1513 1210 1545 Non
1224 1515 1470 1553 contristemini,
1489 1515 1571 1545 sieut
1587 1517 1617 1545 et
1633 1515 1737 1546 caeteri
1747 1539 1757 1554 ,

991 1568 1045 1607 qui
1060 1577 1148 1607 spem
1164 1577 1228 1599 non
1243 1568 1372 1598 habent.
1390 1568 1423 1598 Si
1446 1568 1530 1598 enim
1552 1569 1727 1607 credimus⁷
1742 1579 1756 1597 1)

991 1624 1048 1652 616.
1059 1621 1147 1652 Unde
1160 1621 1267 1652 Glossa
1278 1622 1299 1640 ¹³
1312 1621 1615 1652 :«Nelamentemini
1630 1631 1682 1652 me
1696 1631 1763 1652 mo-

990 1675 1146 1713 riturum,
1163 1676 1255 1714 cujus
1269 1675 1329 1705 cito
1344 1675 1534 1706 resurrectio
1549 1677 1683 1706 mortem
1698 1675 1760 1706 sol-

992 1736 1065 1757 vere
1080 1729 1200 1766 potest,
1220 1729 1312 1766 quus
1333 1736 1418 1757 mors
1440 1729 1575 1758 mortem
1587 1752 1595 1766 ,
1611 1730 1641 1758 61
1655 1728 1761 1767 ipsum

991 1780 1101 1810 mortis
1116 1782 1278 1810 auctorem
1294 1780 1443 1811 destruet.
1458 1791 1472 1808 11
1494 1781 1574 1817 Quia
1588 1790 1667 1820 ergo
1682 1790 1761 1811 con-

991 1833 1198 1864 tristabantur
1213 1833 1331 1864 carnali
1346 1834 1484 1873 quadam
1498 1834 1682 1873 affectione,
1700 1834 1759 1864 sci-

990 1886 1061 1916 licet
1076 1886 1242 1917 dilectione
1257 1886 1347 1916 faciei
1363 1886 1557 1925 desideratae,
1575 1887 1655 1918 sicut
1669 1887 1759 1918 disci-

990 1939 1055 1979 puli
1071 1940 1092 1958 ¹⁸
1109 1950 1116 1969 ι
1138 1951 1152 1969 <t
1169 1939 1334 1970 Plorabitis
1348 1941 1379 1970 et
1396 1940 1510 1971 flebitis
1525 1950 1592 1979 vos,
1620 1941 1762 1971 mundus

990 1994 1096 2022 autem
1109 1992 1260 2031 gaudebit
1269 2016 1277 2030 ,
1286 2003 1299 2019 1)
1312 1994 1371 2022 etc.
1383 1993 1477 2032 :quia
1487 1993 1584 2024 etiam
1592 1993 1636 2024 sic
1644 1993 1761 2024 flebant

989 2054 1085 2085 super
1099 2045 1237 2082 Christo,
1255 2045 1344 2084 quasi
1360 2048 1538 2077 moreretur
1551 2056 1609 2086 pro
1625 2056 1676 2085 se,
1696 2056 1762 2077 non

990 2107 1046 2137 pro
1068 2098 1212 2128 humana
1236 2098 1488 2136 transgressione
1501 2110 1509 2136 3
1526 2099 1610 2130 unde
1627 2099 1734 2130 Glossa
1751 2110 1758 2129 ε

992 2163 1006 2180 «
1020 2151 1240 2182 Tristabantur
1255 2151 1293 2181 de
1310 2151 1375 2182 vita
1398 2152 1537 2190 mortali,
1561 2162 1634 2192 quae
1658 2155 1761 2184 morte

990 2205 1127 2235 finienda
1142 2207 1230 2243 erat,
1249 2205 1366 2235 nonde
1389 2205 1498 2243 eaecis,
1522 2206 1578 2245 qui
1600 2206 1760 2237 medicum

990 2258 1190 2289 occidebant:
1208 2269 1222 2286 »
1241 2258 1507 2298 quandocumque
1522 2260 1628 2289 autem
1644 2260 1760 2299 passio-

989 2321 1063 2342 nem
1084 2311 1197 2342 Christi
1219 2312 1406 2347 recolimus,
1429 2311 1581 2342 debemus
1604 2312 1680 2343 flere
1695 2321 1760 2343 non

990 2375 1046 2405 pro
1057 2366 1124 2404 ipso
1134 2389 1143 2403 ‚
1155 2364 1210 2404 qui
1219 2366 1288 2403 Jam
1303 2364 1499 2403 glorificatus
1509 2367 1571 2402 est,
1584 2365 1635 2396 sed
1651 2366 1760 2396 habito

991 2421 1135 2458 respectu
1145 2417 1184 2448 ad
1197 2419 1358 2456 peccatum
1374 2419 1518 2448 nostrum
1531 2428 1537 2448 :
1550 2418 1620 2448 ideo
1634 2418 1758 2449 subdit:

992 2472 1056 2503 Sed
1067 2481 1162 2511 super
1178 2480 1232 2500 ‘cos
1247 2471 1331 2510 ipsas
1342 2470 1414 2509 flete
1425 2494 1434 2508 ‚
1450 2474 1480 2500 et
1489 2480 1584 2511 super
1596 2471 1679 2509 filios
1693 2481 1758 2502 ves-

992 2529 1066 2555 tros.
1084 2523 1153 2555 Non
1168 2525 1265 2562 negat
1276 2523 1376 2562 igitur
1389 2523 1469 2563 quin
1479 2524 1619 2555 flendum
1635 2525 1691 2562 sit;
1706 2524 1760 2555 sed

990 2615 1007 2631 ¹¹
1028 2615 1111 2641 laese,
1128 2619 1179 2643 x11,
1200 2615 1236 2637 10.
1258 2625 1288 2630 ·-
1306 2613 1322 2627 ¹²
1342 2613 1348 2636 l
1368 2613 1458 2644 The-93„
1481 2620 1514 2644 lv,
1535 2615 1614 2638 12-13.
1635 2626 1666 2632 —
1685 2613 1702 2628 ¹³
1723 2614 1759 2637 Ex

991 2651 1063 2680 Beth,
1078 2649 1121 2673 11111
1133 2656 1188 2679 sup.
1203 2661 1234 2665 —
1248 2647 1268 2664 1‘
1277 2649 1358 2679 Joan.,
1374 2655 1427 2678 xvx,
1440 2650 1479 2672 2²0.

1025 2687 1057 2717 (a)
1073 2686 1134 2710 Caet.
1147 2684 1207 2708 edit.
1223 2685 1400 2709 1011011110).-
1416 2685 1448 2715 (b)
1463 2685 1514 2709 hic.
1529 2698 1559 2704 --
1575 2686 1603 2715 (c)
1622 2692 1695 2716 quos,
