1987 3032
758 210 961 243 EXPOSITIO
982 210 1021 241 IN
1041 210 1125 242 CAP.
1152 210 1229 243 VIII.

197 280 352 308 videantur
374 277 460 314 positi
475 277 506 305 in
530 276 596 304 sinu
616 277 748 305 Ecclesiae
769 278 800 305 in
813 277 965 314 praesenti,

195 326 386 363 projicientur
404 326 522 357 tamen,
548 325 576 350 et
598 323 748 358 ejicientur
762 324 791 351 in
813 324 912 359 ignem
926 332 964 350 εθ-

196 374 311 400 ternum
326 372 333 388 ¹
352 372 411 398 «Ite
422 391 431 404 ,
446 369 611 403 maledicti,
628 370 658 396 in
673 370 770 404 ignem
787 370 962 403 aeternum.»

196 420 227 445 Et
238 418 308 453 quia
321 417 351 444 in
366 417 422 443 hoc
437 415 537 443 terruit
550 416 637 442 Filius
653 416 718 450 Dei,
738 424 808 443 mox
824 415 924 443 subdit
934 415 965 441 in

196 472 255 499 quo
271 465 312 491 est
325 470 405 497 spes,
421 461 494 489 sicut
515 462 666 489 continuat
680 462 861 496 {Augustinus
877 463 896 488 2.
918 463 964 488 Fa·-

196 513 249 538 lius
262 512 350 537 monet
366 511 394 535 in
408 511 548 541 aeternum,
564 509 595 536 id
619 511 660 536 est
672 530 679 542 ,
695 510 783 544 caput
798 511 824 536 et
838 516 963 544 corpus,

195 556 289 584 unitas
303 555 411 583 seilicet
426 555 597 587 electorum,
608 555 669 582 sive
681 555 817 582 Ecclesia.
832 555 876 582 Sic
887 554 966 582 enim

194 603 317 630 sumitur
335 602 397 636 hic,
414 602 487 628 sicut
505 609 594 637 supra
609 602 619 618 ³
635 610 641 628 :
658 611 670 626 «
682 603 772 628 Nemo
791 601 922 628 ascendit
935 600 965 627 in

194 648 301 675 coelum
313 670 321 679 ‚
339 648 395 675 nisi
409 648 461 683 qui
476 648 512 675 de
529 647 603 674 coelo
619 647 778 674 descendit.
788 657 801 672 n

231 696 273 722 36.
285 695 314 721 Si
328 702 388 728 erqo
398 695 484 721 Filius
498 702 542 720 vos
558 694 728 727 liberaverit,
742 693 932 728 justificando
948 701 966 720 a

193 741 305 776 peceati
316 741 462 774 servitute,
479 741 555 767 liberi
570 742 655 771 eritis,
669 740 761 774 gratia
771 740 877 767 scilieet
891 740 964 767 libe-

194 790 275 814 rante
290 786 299 801 ³
319 796 325 813 :
346 788 429 814 «Vos
453 787 482 813 in
505 786 671 813 libertatem
685 786 781 813 vocati
807 786 887 819 estis;
913 785 964 812 ubi

195 833 273 859 enim
287 833 418 868 spiritus,
434 832 476 859 ibi
491 832 620 859 libertas.
635 842 647 857 n
662 831 717 859 Sed
733 832 881 867 quaeritur,
897 839 965 858 cum

194 879 294 905 nullus
309 878 345 905 sit
368 879 429 906 sine
446 879 586 914 peccat05
605 887 610 905 :
629 888 641 903 «
659 878 687 905 Si
703 878 863 905 dixerimus
882 878 964 913 quod

194 927 314 960 peccata
335 933 395 952 non
414 925 558 952 habemus
576 946 583 958 ,
607 925 662 960 ipsi
681 932 735 951 nos
750 924 935 958 seducimus,
950 934 962 949 n

195 979 263 1006 ergo
280 979 383 999 omnes
398 974 463 998 sunt
482 971 576 1004 servi,
602 979 656 998 nec
677 973 795 997 manent
810 971 839 997 in
862 970 963 997 domo.

195 1019 280 1051 Item,
299 1026 364 1044 cum
381 1018 458 1044 dicat
472 1017 628 1053 Apostolus
638 1018 647 1033 ⁶
662 1026 667 1044 :
689 1026 701 1042 «
714 1017 806 1044 Video
822 1017 910 1044 aliam
924 1016 964 1043 le-

194 1071 260 1097 gem
271 1064 301 1090 in
309 1064 449 1090 membris
462 1064 544 1097 meis,
560 1065 774 1098 repugnantem
789 1063 846 1097 legi
858 1062 961 1090 mentis

193 1117 282 1142 meze,
293 1120 305 1134 »
325 1117 390 1144 quae
409 1109 605 1145 repugnantia
616 1109 703 1136 durat
716 1109 747 1136 in
762 1109 817 1135 hac
832 1109 906 1141 vita,
921 1109 964 1135 vi-

193 1155 309 1182 deretur
323 1158 408 1189 tunc,
431 1155 513 1191 quod
524 1156 624 1182 nullus
639 1155 674 1182 sit
688 1163 756 1182 vere
771 1155 846 1182 liber
860 1155 890 1181 in
908 1155 964 1181 hac

192 1202 260 1228 vita.
278 1203 309 1228 Et
323 1202 362 1229 ad
377 1202 454 1229 istud
469 1201 713 1237 respondendum
729 1201 891 1227 secundum
909 1203 965 1228 Au-

192 1248 341 1282 gustinum
356 1249 376 1282 ⁷,
391 1247 474 1283 quod
488 1250 642 1283 peccatum
657 1247 791 1281 intelligit
803 1247 850 1273 hic
866 1247 964 1282 ipsum

192 1294 316 1328 crimen,
338 1294 420 1329 quod
440 1296 481 1321 est
508 1302 597 1328 grave
622 1295 794 1329 peccatum,
817 1293 878 1320 sine
903 1301 962 1328 quo

191 1339 282 1367 homo
300 1342 394 1375 potest
413 1348 475 1367 esse
491 1340 520 1366 in
536 1340 590 1367 hac
606 1340 665 1367 vita
680 1348 733 1375 per
757 1339 881 1374 gratiam
895 1339 963 1373 Dei,

191 1386 258 1414 licet
271 1395 332 1414 non
346 1387 407 1414 sine
422 1389 541 1422 peccato
560 1387 682 1422 aliquali
697 1387 788 1422 possit
801 1394 862 1413 esse
873 1407 881 1419 ,
898 1394 964 1421 pro-

190 1435 223 1460 ut
237 1433 277 1460 ait
290 1433 468 1467 Augustinus
492 1434 513 1460 ¹³.
534 1433 577 1460 Ad
597 1433 679 1459 aliud
701 1432 963 1468 respondendum,

192 1479 266 1505 sicut
279 1470 374 1514 potest
385 1479 458 1506 trahi
472 1479 509 1506 ab
524 1478 686 1513 Augustino
697 1478 706 1493 ⁹
720 1488 726 1506 ε
738 1479 854 1514 Triplex
869 1480 964 1514 potest

189 1525 313 1559 intelligi
329 1525 463 1559 libertas,
482 1533 609 1560 quarum
623 1525 719 1559 prima
733 1526 776 1551 est
792 1533 890 1552 carere
906 1525 962 1552 cri-

189 1571 335 1602 minibus;
356 1571 485 1598 secunda
500 1572 560 1605 est,
584 1579 682 1598 carere
698 1571 831 1598 dominio
854 1579 962 1598 concu-

190 1617 398 1652 piscentiarum
412 1617 432 1634 ¹⁰
448 1626 454 1644 t
471 1627 484 1642 α
496 1619 559 1644 Non
572 1620 674 1652 regnet
689 1620 841 1652 peccatum
856 1617 885 1645 in
900 1626 963 1645 cor-

190 1671 262 1698 pore
279 1665 373 1691 vestro
388 1663 514 1690 mortali.
527 1674 539 1689 »
559 1665 591 1690 Εῖ
602 1663 622 1679 ¹¹
638 1673 665 1690 :a
680 1665 746 1691 Post
755 1663 963 1698 concupiscen-

190 1709 244 1736 tias
265 1711 329 1737 tuas
348 1717 408 1736 non
424 1718 482 1737 eas.
497 1720 509 1735 >³
526 1711 557 1738 Et
572 1711 613 1736 est
632 1709 721 1744 plena
739 1711 765 1737 et
780 1709 907 1744 perfecta
930 1709 965 1736 li-

190 1756 287 1784 bertas
300 1777 308 1790 ‚
335 1757 457 1792 quando
482 1756 601 1783 inimica
623 1764 702 1783 mors
726 1756 906 1790 destruetur,
937 1759 964 1783 et

192 1804 244 1830 erit
260 1804 279 1819 ¹²
295 1813 307 1828 α
320 1803 460 1838 absorpta
474 1810 554 1829 mors
565 1803 594 1829 in
610 1802 741 1830 victoria
754 1812 767 1828 n
784 1804 815 1829 Et
830 1802 890 1829 haec
903 1810 963 1830 non

192 1849 245 1875 erit
258 1849 287 1875 in
301 1849 354 1876 ista
365 1849 424 1876 vita
437 1849 568 1883 mortali,
583 1848 715 1884 quandiu
730 1849 879 1876 duraverit
894 1857 962 1876 caro

193 1895 403 1930 concupiscens
418 1895 558 1922 adversus
573 1895 717 1929 spiritum.
735 1895 756 1912 ¹³
774 1904 785 1921 (ι
802 1895 870 1928 Quis
891 1895 963 1922 libe-

192 1941 269 1968 rabit
280 1949 326 1968 me
342 1941 377 1968 de
388 1949 511 1976 corpore
521 1941 621 1968 mortis
631 1941 757 1975 hujus‘t»
771 1943 802 1969 Et
811 1941 960 1976 sequitur:

197 1996 210 2012 ιι
223 1987 334 2020 Gratia,
344 1998 356 2012 »
370 1987 478 2015 scilicet
490 1991 703 2016 consummata.
718 1990 750 2015 Et
772 1988 808 2016 de
827 1988 872 2016 his
886 1989 962 2016 bene

193 2035 221 2060 et
230 2033 356 2060 multum
372 2034 549 2068 Augustinus
562 2034 591 2062 ¹¹⁴.

229 2081 272 2106 37.
287 2081 319 2106 Et
333 2079 463 2115 sequitur
477 2088 560 2115 pars,
578 2080 607 2107 in
621 2088 680 2116 qua
695 2081 846 2108 evacuatio
862 2081 963 2115 gloriae

191 2125 360 2152 Judaeorum
367 2125 404 2152 de
410 2126 561 2154 nobilitate
570 2127 684 2161 generis
690 2127 822 2161 Abrahae,
830 2127 870 2154 ibi
879 2137 885 2155 :
893 2128 962 2161 Scio,

192 2173 263 2207 quod
273 2174 326 2206 filii
339 2174 451 2199 Abrahae
459 2175 522 2200 estis
534 2194 543 2207 ,
556 2176 609 2200 etc.
626 2173 754 2200 Etillain
768 2174 842 2201 duas
851 2176 960 2209 partes:

191 2218 288 2253 primo
309 2219 435 2246 ostendit
454 2219 522 2246 illos
542 2227 602 2246 esse
625 2228 660 2246 ex
676 2222 757 2254 patre
777 2220 899 2247 diabolo
911 2241 920 2254 ,
936 2222 962 2248 et

192 2264 232 2291 sic
248 2264 423 2299 mendaces3
448 2265 578 2292 secundo
595 2265 721 2292 ostendit
740 2273 769 2292 se
791 2265 874 2301 loqui
890 2266 962 2293 veri-

193 2312 298 2344 tatem,
320 2313 347 2337 et
369 2318 472 2337 eorum
493 2311 698 2346 indignitatem
719 2311 758 2339 ad
774 2312 958 2346 arguendum

192 2364 274 2391 eum,
295 2355 337 2383 ibi
352 2356 372 2372 ¹⁵
389 2365 395 2383 ι
420 2358 475 2391 qu
497 2360 584 2384 autem
603 2360 627 2384 si
645 2360 784 2385 veritatem
809 2358 884 2392 dico,
907 2361 959 2387 etc.

222 2426 345 2454 1ΜαηΙι.,
358 2432 418 2456 xxv,
430 2428 510 2451 41.-
525 2428 533 2441 ²
548 2429 621 2457 Aug„
638 2427 698 2452 ibid.
711 2441 741 2445 —
756 2428 766 2444 ³
779 2429 850 2459 Sup.,
868 2435 906 2460 111,
923 2432 960 2453 13.

192 2474 221 2478 -
234 2462 243 2477 ¹
259 2462 276 2484 II
294 2462 362 2489 Crux,
380 2468 420 2491 111,
436 2463 472 2485 Γι.
487 2475 513 2478 —
531 2463 539 2476 ⁵
558 2463 563 2485 I
581 2463 663 2492 down,
681 2469 696 2492 1,
713 2466 736 2486 8.
751 2476 782 2480 —
796 2464 806 2479 ὅ
821 2464 897 2493 Itmn.,
914 2470 961 2493 vii,

192 2498 231 2519 23.
246 2511 276 2514 —
295 2497 302 2510 ⁷
317 2498 392 2527 Aug„
408 2497 450 2521 uhi
465 2504 531 2528 sup.,
547 2504 572 2521 n.
590 2498 612 2519 9.
630 2511 659 2514 -
676 2498 686 2513 ⁸
703 2498 748 2528 Idi,
763 2498 791 2521 (le
809 2498 884 2522 civit.
906 2499 960 2529 Dei,

193 2531 236 2555 lib.
255 2532 321 2561 xiv,
342 2540 365 2556 c.
383 2539 422 2563 ix,
442 2540 469 2556 n.
488 2535 509 2556 sa.
525 2546 556 2550 —
573 2534 583 2549 ⁹
605 2533 650 2564 Id.‚
671 2534 697 2556 in
715 2534 795 2563 lnam,
816 2536 887 2558 tract.
907 2541 961 2565 XLI,

193 2572 218 2589 n.
238 2568 251 2589 9
270 2569 294 2591 et
314 2574 368 2598 seq.
384 2581 412 2585 —
433 2569 451 2584 1⁰
471 2569 548 2596 Rom„
573 2574 611 2598 vi,
635 2570 672 2592 12.
691 2581 720 2586 —
741 2569 758 2585 ¹¹
779 2569 866 2599 Eruli„
887 2575 961 2600 xvni,

194 2603 231 2625 30.
247 2614 275 2619 —
294 2603 311 2618 ¹²
332 2603 340 2626 I
361 2604 428 2633 Con,
449 2610 491 2634 Χν,
513 2606 552 2628 54.
569 2617 597 2621 —
614 2603 634 2619 ¹³
653 2604 729 2633 Rom„
746 2610 796 2635 vn,
812 2606 856 2635 24,
877 2607 916 2629 231.
932 2618 961 2622 -

194 2636 214 2652 ¹⁴
226 2637 299 2667 Aug„
315 2637 358 2662 ubi
372 2645 440 2669 sup.,
458 2646 483 2663 n.
501 2641 538 2663 13.
553 2651 583 2657 —
601 2639 621 2656 ¹¹⁵
635 2639 694 2669 Ius„
708 2641 748 2663 45.
763 2652 794 2658 —
811 2641 830 2657 ¹⁶
846 2641 900 2671 Int'.,
921 2641 959 2665 39.

1734 213 1787 242 381

1019 277 1114 305 Prima
1128 277 1158 304 in
1180 279 1236 305 tres
1259 286 1265 305 :
1287 277 1402 313 primo,
1421 277 1599 313 praemissio,
1622 277 1704 312 quod
1725 277 1792 305 licet

1021 326 1116 351 essent
1124 324 1177 351 filii
1188 324 1311 352 Abrahae
1322 332 1419 358 carne,
1431 332 1492 352 non
1505 325 1603 351 tamen
1612 324 1660 350 imi
1666 324 1788 358 Iatione3

1020 370 1150 397 secundo
1167 371 1302 398 subditur
1317 371 1531 398 eorumiterata
1544 370 1680 404 gloriatio
1692 369 1728 396 de
1744 377 1792 396 eo-

1021 416 1105 448 dem,
1121 417 1230 443 scilicet
1252 417 1334 452 quod
1350 419 1432 444 erant
1446 417 1483 444 de
1507 424 1612 451 genere
1627 415 1790 448 Abraham,

1020 466 1047 490 et
1063 472 1166 491 eorum
1181 465 1351 499 confutatio,
1371 465 1412 492 ibi
1426 466 1443 483 ¹⁸
1460 474 1466 492 :
1483 464 1702 499 Responderunt,
1717 465 1790 498 etc.;

1020 510 1121 544 tertio,
1145 519 1248 538 eorum
1270 511 1405 546 gloriatio
1422 533 1431 546 ,
1452 511 1534 546 quod
1549 512 1632 538 erant
1654 510 1741 537 etiam
1755 518 1791 537 ex

1019 558 1100 592 patre
1124 558 1196 591 Deo,
1224 565 1291 584 cum
1312 565 1416 585 eorum
1437 556 1654 591 confutatione,
1678 556 1721 584 ibi
1743 557 1764 573 ¹⁷
1783 565 1790 583 z

1020 603 1155 629 Dioeermzt
1167 605 1278 637 itaque,
1294 605 1348 631 etc.

1055 648 1100 676 Ait
1114 657 1183 683 ergo
1202 658 1208 676 :
1224 649 1282 676 Scz’o
1297 650 1368 683 quod
1385 650 1439 683 filii
1453 649 1571 676 Abrahae
1583 650 1647 675 estis
1658 670 1667 680 ,
1681 647 1791 675 scilicet

1020 703 1123 729 carne,
1144 703 1204 722 non
1222 695 1296 729 fide,
1313 697 1340 722 et
1353 695 1410 722 hoc
1424 695 1492 723 ideo
1505 715 1513 728 ,
1534 695 1604 731 quia
1618 697 1739 730 quaeritc's
1752 703 1792 721 me

1019 743 1174 775 interficere.
1191 741 1272 768 Unde
1288 741 1464 776 Augustinus
1478 741 1497 758 ¹⁸
1511 750 1537 768 z«
1548 743 1682 776 Agnosco
1698 739 1792 768 carnis

1019 787 1179 822 originem,
1196 787 1247 814 sed
1262 795 1323 814 non
1339 787 1436 814 cordis
1451 787 1552 814 fidem.
1568 797 1580 813 n
1600 788 1620 804 ¹⁹
1637 796 1650 812 «
1663 789 1726 815 Non
1741 787 1792 822 qui

1019 841 1120 860 semen
1135 835 1202 860 sunt
1224 833 1362 866 Abrahae,
1384 840 1487 860 omnes
1501 833 1574 867 filii,
1591 843 1605 858 ›>
1619 835 1673 860 etc.
1689 835 1721 860 Et
1735 833 1792 860 hoc

1019 879 1106 914 ideo,
1123 879 1194 914 quia
1216 879 1253 914 (a)
1278 879 1459 906 intraverunt
1477 880 1550 907 retia
1569 879 1649 906 fidei.
1674 880 1792 914 Propter

1020 925 1103 960 quod
1121 925 1251 960 sequitur
1269 934 1274 952 :
1294 926 1365 957 Quia
1386 933 1469 952 sermo
1493 933 1564 952 meus
1590 933 1642 952 non
1665 927 1739 960 capit
1762 927 1791 952 z’n

1019 972 1102 998 vobis.
1123 972 1202 998 Unde
1217 972 1395 1006 Augustinus
1406 971 1427 987 ²⁰
1443 981 1449 999 z
1465 972 1517 999 «Si
1533 979 1629 999 sermo
1644 979 1728 998 meus
1743 978 1788 998 ca-

1019 1019 1135 1052 peretur
1145 1038 1154 1051 ,
1170 1020 1286 1053 caperet
1303 1027 1309 1045 :
1326 1018 1349 1045 si
1364 1018 1563 1052 caperemini,
1578 1018 1654 1044 intra
1668 1017 1741 1044 retia
1756 1017 1791 1044 fi-

1020 1064 1066 1090 dei
1081 1066 1222 1098 tanquam
1237 1064 1330 1099 pisces
1346 1064 1606 1091 concluderemini.
1620 1074 1632 1089 »
1651 1063 1791 1098 Loquitur

1020 1109 1099 1136 enim
1113 1109 1323 1144 metaphorice,
1334 1110 1395 1136 sive
1410 1109 1589 1137 translative.
1605 1109 1732 1136 Verbum
1742 1109 1791 1136 Dei

1019 1157 1061 1182 est
1076 1155 1160 1190 quasi
1175 1155 1281 1182 hamus
1293 1165 1301 1190 3
1324 1156 1529 1191 praedicatores
1540 1176 1549 1189 ,
1566 1155 1650 1190 quasi
1665 1155 1790 1191 piscato-

1018 1209 1064 1229 res
1073 1202 1093 1217 ¹¹
1107 1210 1133 1228 z«
1142 1203 1212 1229 Ecce
1224 1210 1280 1236 ego
1291 1202 1373 1229 mitto
1387 1202 1546 1237 piscatores
1554 1202 1672 1229 multos.
1682 1212 1695 1227 »
1708 1203 1740 1228 Et
1749 1202 1770 1217 '22
1782 1210 1788 1228 :

1022 1258 1035 1272 a
1051 1248 1166 1275 Faciam
1181 1256 1234 1275 vos
1253 1248 1412 1283 piscatores
1426 1248 1598 1281 hominum,
1609 1258 1622 1273 η
1641 1249 1694 1275 etc.
1712 1247 1791 1274 Unde

1019 1294 1197 1328 Augustinus
1209 1295 1231 1310 ²³
1244 1303 1270 1321 2«
1280 1294 1324 1321 Sic
1337 1294 1424 1321 debet
1439 1302 1500 1321 esse
1518 1301 1614 1321 sermo
1630 1294 1679 1321 Dei
1694 1293 1791 1320 fideli-

1019 1341 1094 1373 bus,
1111 1342 1252 1376 tanquam
1267 1341 1339 1376 pisci
1361 1341 1476 1368 hamus.
1499 1342 1578 1368 Tunc
1600 1340 1677 1367 enim
1694 1340 1790 1376 capit,

1020 1386 1141 1422 quando
1157 1387 1280 1421 capitur.
1296 1397 1307 1412 »
1320 1389 1351 1414 Et
1366 1387 1434 1422 quia
1449 1394 1510 1414 non
1524 1386 1721 1422 recipiebatur
1732 1394 1791 1413 ser-

1018 1441 1068 1460 mo
1080 1433 1128 1460 Dei
1139 1433 1252 1460 acorde
1262 1441 1365 1460 corum
1376 1454 1382 1464 ‚
1397 1433 1464 1460 ideo
1481 1441 1541 1460 non
1554 1433 1688 1468 capiebat
1700 1432 1792 1460 corda

1020 1487 1133 1506 eorum.
1151 1479 1229 1506 Unde
1239 1481 1309 1506 nota
1319 1501 1327 1511 ‚
1340 1479 1423 1514 quod
1438 1480 1479 1506 est
1491 1479 1596 1514 triplex
1607 1479 1712 1506 hamus
1726 1487 1732 1505 :
1750 1481 1792 1506 est

1019 1525 1097 1552 enim
1119 1525 1224 1552 hamus
1250 1525 1408 1561 voluptatis
1438 1525 1578 1560 capientis
1602 1528 1629 1553 et
1654 1527 1790 1560 strangu-

1018 1572 1104 1599 lantis
1125 1572 1319 1607 voluptuosos
1333 1571 1354 1588 ‘³¹
1371 1581 1377 1599 ι
1396 1581 1410 1598 «
1425 1571 1502 1599 Sicut
1522 1572 1677 1607 capiuntur
1697 1572 1792 1607 pisces

1017 1617 1124 1653 hamo,
1144 1628 1156 1642 »
1175 1620 1240 1652 etc,
1259 1628 1272 1643 α
1284 1617 1325 1644 sic
1341 1618 1494 1653 capiuntur
1514 1618 1650 1645 homines
1665 1618 1696 1645 in
1719 1620 1792 1645 tem-

1018 1672 1090 1699 pore
1106 1663 1196 1690 malo.
1214 1674 1226 1689 »
1245 1665 1277 1690 Et
1292 1664 1328 1691 de
1343 1664 1400 1691 hoc
1420 1664 1529 1691 Tullius
1547 1663 1567 1679 ²⁵
1583 1673 1591 1690 .·
1611 1675 1623 1690 ι(
1639 1664 1791 1700 Voluptate

1019 1710 1173 1744 capiuntur
1182 1710 1317 1737 homines
1329 1710 1402 1737 sicut
1412 1710 1506 1745 pisces
1518 1710 1625 1737 hamo:
1639 1710 1700 1737 hrec
1712 1710 1791 1737 enim

1018 1755 1181 1790 strangulat
1194 1755 1288 1791 ipsam
1304 1756 1497 1784 devorantem
1515 1757 1619 1784 »Unde
1635 1757 1742 1784 Seneca
1751 1757 1789 1784 ¹¹¹³:

1022 1801 1217 1837 «Voluptates
1240 1802 1352 1838 extirpa
1378 1802 1427 1837 (b),
1450 1811 1515 1838 quae
1538 1802 1686 1830 latronum
1707 1810 1791 1830 more

1019 1847 1243 1882 amplectuntur,
1258 1850 1289 1875 ut
1300 1849 1490 1883 strangulent.
1503 1859 1515 1874 »
1526 1849 1670 1876 Ethamus
1681 1849 1761 1876 divin
1783 1861 1791 1876 ,-

1017 1895 1252 1930 praedicationis,
1274 1903 1339 1930 quae
1356 1895 1453 1930 capit:
1473 1895 1509 1922 de
1526 1903 1586 1931 qua
1605 1898 1726 1931 captura
1746 1896 1790 1923 lo-

1018 1941 1117 1975 quitur
1127 1941 1174 1968 hic
1185 1942 1205 1958 2⁷
1223 1950 1229 1967 z
1248 1951 1262 1966 «
1277 1941 1430 1975 Lugebunt
1445 1949 1547 1968 omnes
1561 1941 1592 1968 in
1612 1942 1708 1969 fluviis
1724 1942 1791 1969 mit-

1018 1988 1110 2013 tentes
1124 1987 1257 2014 hamum.
1272 1998 1285 2013 »
1300 1989 1330 2014 Et
1345 1989 1386 2014 est
1399 1987 1505 2014 hamus
1521 1988 1710 2015 humanitatis
1723 1989 1790 2015 Jesu

1019 2033 1122 2060 Christi
1138 2032 1180 2059 ²⁸:
1201 2043 1214 2058 «
1229 2034 1259 2060 ln
1280 2033 1372 2060 oculis
1387 2033 1449 2068 ejus
1471 2034 1555 2068 quasi
1581 2034 1669 2061 hamo
1692 2034 1789 2070 capies

1019 2087 1097 2106 eum.
1113 2089 1126 2104 ι)
1143 2079 1228 2112 Quod
1248 2079 1368 2114 exponit
1392 2080 1546 2114 Gregorius
1565 2079 1585 2096 ¹¹⁹
1601 2080 1638 2107 de
1657 2080 1788 2115 Christo,

1019 2125 1182 2152 secundum
1206 2125 1429 2152 humanitatem.
1446 2127 1477 2152 Et
1492 2125 1560 2153 ideo
1582 2127 1790 2154 convenienter

1018 2172 1077 2205 ait,
1094 2172 1176 2207 quod
1190 2180 1286 2199 sermo
1297 2180 1367 2199 suus
1378 2180 1439 2199 non
1455 2172 1590 2207 capiebat
1604 2173 1634 2199 in
1650 2173 1701 2206 eiS,
1718 2173 1790 2209 quia

1018 2226 1079 2245 non
1095 2218 1132 2245 ab
1149 2218 1189 2245 eis
1204 2218 1374 2253 capiebatur
1389 2218 1418 2245 in
1437 2218 1536 2245 corde.
1558 2218 1646 2245 Aliter
1661 2220 1790 2248 ostendit

1018 2265 1243 2300 Chrysostomus
1252 2265 1274 2281 ³0
1282 2264 1364 2300 quod
1374 2264 1404 2291 in
1414 2264 1470 2291 hoc
1481 2265 1608 2292 ostendit
1615 2265 1789 2300 dogmatum

1018 2310 1217 2345 altitudinem,
1244 2310 1328 2346 quasi
1355 2310 1463 2338 diceret
1478 2319 1485 2337 ;
1506 2312 1575 2338 Tam
1599 2319 1723 2346 magnus
1748 2314 1790 2340 est

1018 2396 1047 2400 -—-
1065 2384 1084 2400 ¹⁷
1103 2384 1160 2412 Inf„
1177 2385 1214 2406 41.
1233 2396 1263 2400 —
1280 2382 1300 2397 ¹⁸
1315 2384 1389 2413 Aug„
1406 2383 1430 2405 in
1446 2382 1526 2413 dcam,
1545 2384 1616 2408 tract.
1632 2390 1703 2414 xcii,
1717 2392 1742 2408 n.
1765 2387 1787 2409 1.

1018 2431 1048 2435 —
1064 2419 1081 2435 '⁹
1102 2419 1178 2446 liora„
1196 2424 1231 2448 ix,
1247 2419 1270 2441 7.
1289 2431 1320 2435 —
1334 2420 1353 2433 '¹⁰
1368 2420 1443 2447 Aug,
1458 2418 1510 2441 ulii.
1531 2425 1587 2449 sup.
1604 2432 1634 2437 ——-
1655 2421 1671 2435 ²¹
1687 2421 1787 2451 dez-em„

1018 2460 1076 2483 xvi,
1096 2456 1131 2477 IG.
1148 2466 1173 2470 -—
1192 2454 1211 2469 '¹²
1228 2454 1330 2484 Mallh„
1348 2460 1382 2483 1v,
1403 2456 1439 2477 19.
1455 2466 1483 2470 —
1499 2454 1518 2470 ²³
1534 2455 1609 2485 Aug,
1625 2455 1668 2478 ubi
1682 2462 1738 2486 sup.
1759 2469 1788 2474 ·-

1018 2490 1034 2503 ²¹
1052 2489 1143 2519 Eccle„
1161 2494 1202 2518 ix,
1224 2490 1260 2511 12.
1275 2501 1305 2506 —-
1325 2490 1345 2503 '¹¹
1362 2489 1423 2518 CIe.,
1445 2489 1474 2512 de
1492 2490 1586 2513 Senot-t.
1601 2504 1631 2507 —
1652 2491 1672 2507 2⁶⁵
1688 2492 1788 2521 Seuee„

1018 2525 1099 2555 Epist.
1117 2530 1156 2554 LI,
1172 2524 1258 2554 infin,
1272 2537 1302 2541 —
1319 2525 1339 2541 Ἡ
1355 2526 1412 2548 lsa..
1427 2531 1482 2556 xix,
1498 2526 1521 2549 8.
1539 2538 1568 2543 -—
1584 2527 1606 2542 ²⁸
1618 2526 1674 2556 lob,
1689 2533 1731 2557 xL,
1750 2530 1786 2551 19.

1018 2573 1047 2577 —
1066 2560 1083 2573 ²¹·
1107 2561 1193 2590 Greg.‚
1217 2560 1318 2590 Morah,
1341 2560 1384 2584 lib.
1407 2561 1519 2592 XXXIII,
1541 2568 1562 2585 c.
1583 2567 1633 2591 vii,
1655 2569 1680 2585 11.
1702 2564 1737 2586 14.
1758 2576 1787 2580 —-

1018 2597 1037 2613 ³⁰
1051 2596 1192 2626 Chryso-st„
1209 2596 1250 2619 uhi
1266 2603 1332 2627 sup.,
1348 2604 1373 2621 II.
1391 2598 1413 2620 2.

1050 2641 1082 2671 (a)
1100 2640 1187 2670 Suppl.
1203 2647 1265 2664 nou.
1280 2653 1310 2658 —-
1326 2640 1359 2671 (b)
1376 2641 1416 2664 Al.
1431 2642 1546 2665 exturba.
