1987 3032
233 195 292 225 398
751 192 964 223 ΕἾΛΝΓιΕΗΙ
988 192 1126 224 8ΑΝΟΤ1
1148 193 1310 225 JOANNIS

231 259 275 286 ter
289 267 296 286 :
311 265 440 294 quorum
454 259 584 294 primum
592 260 633 286 est
643 258 771 293 legitime
782 258 912 293 ingredi,
927 258 1002 286 scili-

231 308 276 333 cet
290 313 342 341 per
355 306 498 334 Christum
518 306 669 340 intrand03
687 305 768 340 quod
784 308 901 332 notatur
916 305 956 332 ibi
973 306 980 321 ¹
994 314 1001 331 :

231 352 284 385 Qui
298 353 383 379 intrat
400 360 448 386 per
464 354 574 385 ostium,
591 353 645 378 etc.
665 360 679 376 «
696 351 744 378 llle
760 351 838 378 enim
853 351 939 378 intrat
951 358 1003 386 per

231 397 353 431 ostium,
369 397 421 433 qui
435 397 584 424 humiliter
597 397 699 429 intrat,
714 397 876 425 secundum
893 399 1003 431 Augus-

230 444 324 471 tinum
339 444 360 477 ²,
375 446 400 470 et
413 443 500 478 juste,
516 445 543 470 ct
558 445 636 470 recta
657 443 817 471 intentione
837 443 875 470 ad
899 443 1001 471 Christi

229 489 374 517 honorem
399 491 426 515 et
452 489 618 516 animarum
649 489 782 516 salutem.
811 489 890 517 Unde
913 489 1000 522 infra,

229 536 336 562 codem
351 536 361 551 ³
378 543 384 561 :
409 544 423 559 t<
443 536 495 562 Per
509 543 556 562 me
573 535 596 562 si
617 536 682 570 quis
697 535 857 569 introierit,
872 535 1000 562 salvabi-

229 583 313 608 tur.»
338 580 506 608 Secundum
532 581 662 608 officium
687 582 750 616 ejus
772 583 814 609 est
837 581 1001 609 doctrinam

229 627 277 654 Dei
292 627 479 661 annuntiare,
495 627 578 662 quod
593 629 710 655 notatur
724 627 766 655 ibi
782 628 792 644 1
812 637 818 655 :
835 629 929 655 Vocem
943 628 1001 661 ejus

229 674 355 701 audiunt.
371 674 381 690 ⁵
398 683 412 699 «
426 673 534 701 Audies
547 682 582 702 ex
598 682 649 701 ore
663 682 729 702 meo
744 674 887 708 verbum,
902 676 929 701 et
950 681 1000 700 an-

228 719 377 747 nuntiabis
389 720 445 754 eis,
461 730 475 745 »
493 722 546 747 010.
558 722 578 747 Ε
593 720 740 747 contrario
753 721 790 748 de
802 720 870 752 11115,
886 720 922 747 (10
934 720 998 755 qui·

227 766 283 793 bus
298 766 308 781 Β
325 776 331 792 :
348 775 363 791 «
377 767 468 793 Canes
479 766 568 800 muti,
585 777 597 792 n
615 769 668 794 etc.
686 768 717 793 Et
737 766 853 793 tertium
869 766 999 793 officium

228 813 270 839 est
296 812 410 839 animas
437 813 608 839 commissas
643 812 775 840 distincte
804 820 980 847 cognoscere
989 822 997 846 3

227 858 310 893 quod
324 860 440 885 notatur
454 858 495 885 ibi
508 857 518 873 ⁷
536 867 542 885 ε
558 860 687 893 Proprias
710 866 768 885 oves
783 861 858 885 vocat
877 859 998 884 nomina-

227 906 285 931 tim.
303 905 313 919 ⁸
329 914 343 930 a
358 904 443 931 Novit
459 904 555 938 justus
569 904 700 931 animam
711 904 914 939 jumentorum
934 912 999 931 suo-

225 958 302 978 rum.
319 960 334 976 »
351 950 427 978 Et⁹:
454 960 468 975 «
488 950 642 985 Diligenter
663 959 791 985 agnosce
815 951 929 978 vultum
948 958 999 986 pe-

225 996 300 1024 coris
316 996 357 1024 1111
367 1017 376 1031 ,
392 1006 405 1023 11
424 999 480 1024 etc.
497 998 637 1030 Quartum
652 997 782 1024 officium
797 999 854 1031 est,
871 1004 923 1032 per
936 996 997 1023 vias

222 1042 340 1077 justitiae
355 1042 526 1070 commissas
541 1043 654 1070 animas
669 1043 831 1077 deducere,
845 1042 928 1078 quod
944 1050 997 1069 no-

226 1090 301 1116 tatur
314 1089 356 1116 ibi
374 1098 380 1116 ε
397 1090 431 1116 Et
450 1089 537 1116 educit
559 1096 612 1116 eas.
635 1088 774 1121 Quintum
791 1088 922 1116 officium
938 1090 996 1122 est,

223 1135 289 1162 vitae
313 1136 340 1162 et
364 1135 568 1170 exemplorum
591 1134 770 1170 perfectione
794 1134 869 1162 alios
890 1142 996 1169 1110000-

223 1180 305 1214 dere,
321 1181 403 1216 quod
418 1182 535 1208 notatur
548 1180 590 1207 ibi
607 1181 625 1196 ¹⁰
641 1190 648 1206 :
662 1181 734 1207 Ante
748 1188 792 1207 cas
807 1180 895 1208 vadit.
912 1182 944 1208 Et
959 1180 995 1207 dc

221 1226 267 1253 his
281 1226 400 1253 duobus
420 1226 526 1253 dicitur
540 1228 558 1243 ¹¹
579 1235 585 1253 2
603 1236 617 1251 a
634 1226 790 1253 Provideat
804 1228 878 1253 Deus
899 1226 995 1254 homi-

221 1280 305 1306 nem,
318 1273 370 1308 qui
383 1272 418 1299 sit
429 1280 518 1307 super
529 1272 606 1299 hanc
621 1272 855 1306 multitudinem,
867 1273 917 1307 qui
930 1280 996 1307 pos-

221 1319 258 1346 sit
284 1319 363 1346 exire
398 1320 426 1346 et
459 1318 567 1346 intrare
595 1320 662 1345 ante
690 1327 759 1352 eos,
793 1321 820 1346 ct
847 1318 994 1345 deducere

220 1365 302 1398 illos,
319 1374 332 1391 »
357 1367 410 1392 etc.
431 1364 555 1398 Quando
576 1365 641 1392 talis
665 1366 707 1391 est
723 1366 839 1400 pastor,
861 1372 946 1398 oves,
963 1364 994 1390 id

220 1413 279 1444 est,
292 1411 395 1438 fideles
410 1419 486 1438 curae
500 1419 560 1438 suae
572 1410 737 1444 commissi,
751 1410 855 1438 merito
872 1410 994 1438 audiunt

220 1465 324 1484 vocem
339 1465 440 1492 suam,
454 1457 486 1484 id
507 1459 563 1492 est,
585 1457 763 1492 doctrinam,
786 1459 813 1484 et
834 1457 932 1492 ipsum
951 1465 994 1483 se-

220 1505 350 1538 quuntur
373 1503 527 1530 imitando.
556 1504 676 1538 Propter
700 1503 783 1538 quod
808 1505 873 1530 orat
894 1504 992 1530 Petrus

218 1551 351 1584 pastores
368 1549 388 1565 ¹³
413 1557 420 1576 ε
446 1558 460 1574 «
476 1548 585 1576 Pascite
611 1548 662 1584 qui
693 1548 723 1575 in
747 1548 832 1575 vobis
862 1550 904 1575 est
926 1556 991 1583 gre-

218 1603 300 1630 gem,
315 1605 328 1620 »
347 1596 401 1622 etc.
412 1604 420 1629 ;
433 1597 460 1622 01
473 1595 604 1630 sequitur
618 1595 638 1611 ¹³
655 1603 661 1621 ι
681 1604 695 1619 «
709 1595 815 1622 Forma
828 1595 896 1622 iacti
910 1595 989 1629 gregi

219 1649 255 1668 ex
269 1641 386 1675 animo,
401 1651 415 1667 »
433 1644 485 1668 etc.

253 1690 279 1715 9.
296 1689 328 1714 Et
351 1687 481 1723 sequitur
503 1687 633 1714 secunda
656 1695 724 1722 pars
747 1687 933 1723 principalis,
959 1688 990 1715 in

217 1742 276 1769 qua
291 1733 490 1761 similitudinis
505 1736 533 1760 et
546 1733 697 1766 proverbii
713 1733 838 1768 expositi
854 1734 990 1769 explana-

216 1780 266 1815 tio,
276 1780 349 1807 etad
360 1779 504 1807 Christum
512 1779 673 1815 adaptatio,
683 1779 724 1806 ibi
732 1789 738 1806 :
746 1780 803 1813 Ego
812 1787 869 1806 sum
878 1782 987 1807 ostium.

216 1828 248 1853 Et
261 1826 321 1853 11ωο
335 1834 403 1861 pars
425 1826 455 1852 in
474 1825 547 1852 duas
561 1828 658 1860 partes
674 1834 680 1852 ;
703 1828 731 1852 01
749 1826 820 1861 quia
833 1826 987 1861 praemisit,

215 1873 298 1908 quod
321 1873 371 1908 qui
393 1873 480 1900 intrat
501 1880 554 1908 per
577 1872 684 1899 ostium
703 1873 800 1899 bonus
813 1875 856 1899 cst
871 1875 971 1908 pastor
978 1882 987 1906 3

214 1919 283 1946 ideo
305 1919 402 1954 primo
427 1918 555 1945 ostendit
578 1926 608 1945 se
631 1926 691 1945 esse
716 1918 839 1952 ostium;
855 1918 986 1945 secundo

215 1964 341 1993 ostendit
350 1972 380 1991 se
391 1972 452 1991 esse
465 1965 614 2000 pastorem
623 1964 748 1998 bonum,
759 1963 802 1991 ibi
811 1963 831 1979 ¹⁶
843 1973 849 1991 ;
861 1965 916 1998 1390
930 1972 987 1990 sum

211 2014 307 2045 pastor
318 2011 409 2037 bonus.
423 2011 453 2037 Et
462 2010 559 2045 primo
572 2010 708 2044 ostendit,
718 2010 799 2045 quod
811 2011 852 2037 est
864 2009 985 2043 ostium;

214 2057 361 2090 secundo,
390 2056 491 2083 subdit
517 2056 710 2084 commodum
738 2056 908 2084 intrantium
933 2064 987 2091 per

214 2101 326 2137 ipsum,
341 2101 401 2128 ibi:
422 2102 473 2127 Per
486 2109 526 2127 me
541 2102 566 2127 si
579 2101 641 2135 quis
654 2102 793 2127 introierit
811 2100 858 2135 (a),
879 2103 932 2127 ete.
956 2102 987 2128 Et

213 2149 270 2176 hoc
285 2150 342 2183 est,
359 2148 441 2184 quod
457 2147 531 2174 dixit
545 2147 586 2175 eis
600 2147 707 2174 iterum
720 2155 727 2173 :
743 2148 799 2181 Ego
813 2154 872 2173 sum
887 2148 985 2174 ostium

213 2196 302 2221 ovium
323 2203 329 2222 ι
352 2201 438 2221 omnes
462 2196 590 2228 quotquot
615 2196 741 2220 venerunt
765 2195 840 2225 sures
859 2195 938 2226 sunt,
954 2194 986 2218 ut

214 2242 280 2268 ante
295 2240 416 2268 dictum.
436 2239 494 2267 Sed
507 2238 633 2274 qualiter
647 2239 724 2266 hoc?
744 2238 815 2273 quia
834 2238 985 2274 prophetae

213 2287 294 2322 prius
309 2288 468 2320 venerunt,
483 2293 537 2313 nec
552 2287 650 2312 tamen
665 2285 752 2312 sures.
770 2285 802 2311 Et
814 2285 853 2311 ad
866 2284 923 2312 hoc
938 2292 984 2311 re-

213 2332 436 2367 spondendum,
453 2331 535 2367 quod
550 2333 697 2367 quotquot
709 2332 854 2358 venerunt
867 2330 928 2357 sine
939 2330 983 2356 di-

212 2379 282 2405 vina
297 2378 481 2412 auctoritate,
502 2377 620 2405 fuerunt
639 2377 726 2404 fures.
749 2376 829 2403 Unde
851 2376 984 2410 Augusti-

246 2441 253 2456 ¹
269 2442 340 2470 sup„
354 2442 376 2464 2.
392 2453 421 2457 —
435 2440 445 2455 ²
460 2440 535 2469 Aug„
551 2439 595 2462 ubi
610 2446 676 2469 sup„
691 2445 716 2462 n.
733 2439 756 2461 6.
775 2451 803 2455 —
819 2438 827 2452 ³
843 2438 900 2468 Ins„
915 2440 938 2461 0.
954 2450 981 2454 -—

214 2477 222 2490 ⁴
238 2476 310 2506 Sup.,
331 2478 353 2499 3.
372 2487 401 2492 —
421 2476 430 2491 ⁵
449 2474 548 2504 Ezccli„
567 2481 606 2504 111,
622 2475 661 2497 17.
677 2486 706 2491 —-
726 2474 736 2489 ⁶
753 2474 812 2503 Ιεα.,
828 2479 879 2503 Lvi,
898 2474 935 2496 10.
954 2485 980 2489 -

213 2512 223 2527 ⁷
236 2512 308 2541 sup„
321 2512 344 2534 3.
358 2523 389 2528 -
403 2511 411 2523 ⁸
426 2510 507 2539 Pron„
522 2515 568 2538 xu,
586 2510 623 2532 10.
639 2521 669 2526 --
682 2509 692 2524 ⁹
707 2508 886 2536 P1·ov.,xxx=1‚
901 2508 940 2530 23.
953 2519 982 2523 —

215 2547 234 2563 '⁰
248 2548 320 2576 Sup.‚
337 2547 375 2569 14.
387 2558 418 2563 --
431 2546 449 2561 ¹¹
465 2545 553 2573 Num.y
570 2550 650 2574 xxvli,
667 2545 704 2567 16.
717 2556 748 2561 -
764 2544 785 2559 ¹²
802 2545 807 2565 1
826 2544 902 2571 Petra,
917 2548 942 2572 ν,
958 2543 981 2565 2.

213 2582 278 2599 -111
294 2581 366 2610 thid,
382 2582 404 2604 3.
419 2593 446 2597 -
464 2580 483 2595 ¹⁴
498 2580 537 2602 lul¹
548 2597 555 2609 ,
572 2582 605 2602 11.
617 2591 642 2595 -
663 2579 681 2594 ¹⁵
693 2580 768 2609 Aug„
783 2578 826 2601 ubi
837 2584 903 2608 sup.,
919 2584 944 2600 u.
957 2578 981 2601 8.

214 2631 244 2636 -
259 2618 278 2633 ¹¹³
290 2620 392 2645 domm,
406 2620 482 2644 xxui,
494 2616 519 2637 ‘21
535 2627 565 2631 —
580 2614 597 2629 ¹⁷
612 2613 707 2642 [ἕκτη-11,,
723 2618 792 2644 vai,
808 2615 831 2637 3.
843 2626 874 2630 —
890 2612 980 2640 ¹⁸15a„

1059 266 1114 285 11115
1129 259 1149 279 ¹⁵
1164 268 1170 286 ι
1190 268 1203 284 α
1217 261 1281 287 Non
1294 262 1399 296 praeter
1411 260 1494 288 illum
1509 264 1669 296 venerunt,
1691 263 1743 298 qui
1762 271 1830 292 eum

1058 304 1108 332 1110
1123 307 1267 332 venerunt
1284 315 1291 333 :
1314 309 1454 335 venturus
1473 308 1550 334 enim
1571 308 1698 336 Christus
1718 317 1830 345 praeco-

1058 357 1109 377 nes
1124 351 1265 379 mittebat.
1282 362 1295 377 n
1321 353 1358 379 De
1377 353 1441 380 aliis
1454 357 1552 381 autem
1564 354 1582 370 ¹⁵
1598 363 1604 381 :
1619 364 1638 378 -«
1652 356 1716 382 Non
1738 349 1831 384 mitte-

1056 395 1127 423 bam
1149 405 1214 431 cos,
1230 399 1258 425 et
1270 398 1326 433 ipsi
1342 399 1507 427 currebant.
1523 411 1536 424 υ

1092 444 1125 470 Et
1146 443 1245 470 subdit
1267 444 1460 472 commodum
1481 446 1651 474 intrantium
1675 454 1729 482 per
1749 455 1826 475 eum.

1056 489 1112 522 1390
1126 496 1183 515 sum
1198 490 1296 516 ostium
1313 499 1318 516 ε
1333 490 1350 506 ¹⁷
1369 500 1381 513 α
1394 492 1478 519 Porta
1491 500 1551 520 non
1567 492 1721 520 claudetur
1734 501 1828 529 usque

1057 535 1095 562 ad
1115 542 1285 570 vesperam,
1309 539 1337 564 et
1356 537 1493 565 adorabit
1512 539 1640 574 populus
1661 539 1700 567 ad
1721 540 1828 568 ostium

1055 582 1147 615 portae
1161 581 1251 608 illius.
1266 591 1278 607 ι)
1296 583 1346 609 Per
1359 591 1400 610 me
1413 585 1438 610 si
1451 585 1512 618 quis
1525 586 1671 620 introierit,
1687 586 1738 621 qui
1753 585 1827 614 seili-

1056 628 1101 652 cet
1115 627 1216 662 apcrio
1232 627 1252 644 13
1266 628 1424 663 :«Aperict,
1435 632 1462 656 01
1471 637 1531 657 11011
1545 630 1599 658 erit
1609 631 1661 666 qui
1671 631 1798 660 claudat.
1810 643 1823 657 n

1054 672 1210 699 Salcabitur
1227 674 1246 690 ¹⁹
1262 683 1268 700 :
1289 684 1302 698 α
1317 675 1379 709 lpse
1395 675 1473 702 enim
1493 675 1608 703 salvum
1625 676 1712 704 faciet
1731 685 1826 713 popu-

1054 717 1118 745 lum
1140 727 1237 746 suum.
1257 730 1270 744 »
1298 721 1331 747 Et
1356 721 1534 755 inor-edietum
1551 724 1576 748 et
1590 722 1751 756 egredietur.
1770 723 1827 751 Sed

1055 764 1193 799 quaeritur
1209 765 1249 792 ad
1263 766 1440 793 evidentiam
1461 767 1561 794 litterae
1582 776 1588 794 2
1609 768 1736 804 qualiter
1748 769 1827 797 hoc?

1054 810 1132 838 Sicut
1147 811 1272 846 opponit
1285 812 1490 846 Augustinusw
1506 822 1512 840 :
1532 824 1545 838 «
1556 814 1673 848 [ngredi
1685 814 1715 842 in
1729 815 1826 843 Eccle-

1053 856 1096 884 sia
1112 859 1154 884 est
1169 857 1283 885 bonum
1303 860 1331 885 ct
1351 866 1404 894 per
1419 859 1527 886 ostium
1546 860 1581 894 (ὁ)
1597 860 1758 894 Christum,
1773 861 1826 889 sed

1053 903 1156 937 egredi
1173 903 1210 931 de
1225 904 1352 932 Ecclesia
1367 906 1410 932 est
1422 906 1536 933 malum
1549 904 1570 923 ²²
1586 915 1593 933 :
1607 916 1621 931 ιι
1636 906 1775 934 Exierunt
1788 915 1826 934 ex

1052 949 1159 982 nobis,
1181 950 1252 985 quia
1278 959 1339 978 non
1359 953 1442 978 erant
1466 959 1500 979 ex
1519 952 1615 980 nobis.
1632 962 1646 978 »
1670 954 1746 988 Ergo
1767 961 1825 981 non

1052 996 1148 1030 potest
1171 1003 1232 1023 esse
1251 1004 1269 1023 a
1290 997 1412 1024 Christo.
1442 999 1474 1025 Et
1497 998 1536 1025 ad
1562 998 1641 1026 istud
1667 999 1826 1034 respondet

1051 1041 1242 1076 Augustinus,
1264 1043 1347 1078 quod
1367 1053 1381 1069 «
1401 1043 1517 1078 ingredi
1537 1044 1679 1079 dicimur,
1701 1045 1823 1080 quando

1052 1087 1165 1123 aliquid
1179 1089 1301 1116 interius
1317 1090 1481 1124 cogitamus
1498 1099 1504 1117 :
1522 1093 1550 1118 et
1564 1091 1665 1125 egredi
1679 1092 1821 1126 exterius,

1051 1134 1172 1168 quando
1188 1134 1302 1170 aliquid
1322 1144 1496 1170 operamur,
1512 1137 1676 1164 secundum
1690 1137 1797 1166 illud„
1813 1147 1820 1166 ε

1050 1180 1146 1206 Exibit
1181 1181 1256 1208 homo
1291 1182 1328 1208 acl
1363 1190 1427 1216 opus
1455 1190 1542 1210 suum.
1575 1185 1607 1210 Et
1636 1182 1658 1200 ²³
1687 1193 1694 1211 :
1724 1185 1822 1212 Luceat

1050 1226 1099 1252 lux
1124 1229 1214 1253 vestra
1242 1235 1329 1254 coram
1349 1229 1508 1256 hominibus.
1534 1230 1566 1256 Et
1590 1231 1748 1264 utrumque
1769 1237 1823 1265 per

1049 1271 1204 1306 Christum,
1220 1281 1234 1297 1)
1255 1273 1305 1308 qui
1322 1274 1342 1290 2'·
1362 1284 1375 1299 «
1391 1277 1530 1310 operatur
1548 1275 1578 1302 in
1596 1275 1685 1303 nobis
1698 1275 1776 1303 velle
1793 1277 1822 1303 et

1048 1318 1202 1352 perticere.
1218 1329 1231 1344 »
1259 1320 1292 1346 Et
1306 1319 1370 1347 talis
1385 1328 1487 1355 pascua
1507 1323 1625 1348 inveniet
1640 1321 1820 1356 spiritualia,

1049 1371 1128 1390 nunc
1144 1364 1174 1391 in
1189 1364 1263 1398 fide,
1279 1368 1383 1401 postea
1394 1366 1424 1393 in
1439 1375 1501 1402 spe.
1523 1369 1553 1394 ln
1570 1368 1676 1395 Psalmo
1692 1368 1714 1384 ²⁵
1737 1376 1744 1394 :
1764 1378 1777 1394 a
1789 1369 1820 1396 ln

1047 1409 1114 1437 loco
1127 1418 1243 1445 pascuae
1255 1411 1296 1439 ibi
1312 1420 1359 1439 me
1375 1412 1538 1441 collocavit.
1556 1423 1570 1439 »
1584 1413 1640 1441 Sed
1655 1413 1693 1448 (v.
1710 1413 1753 1448 10)
1763 1415 1820 1448 t'ur,

1047 1455 1100 1490 qui
1115 1463 1176 1483 non
1191 1456 1278 1484 intrat
1292 1466 1345 1493 per
1359 1459 1520 1494 Christum,
1536 1459 1638 1495 quales
1650 1461 1717 1486 sunt
1730 1460 1816 1488 heere·

1046 1500 1104 1535 tici,
1117 1504 1145 1528 et
1160 1502 1427 1537 pseudodoctores,
1440 1512 1492 1531 71th
1501 1507 1575 1532 venit
1587 1507 1643 1532 nisi
1656 1508 1686 1532 ut
1697 1507 1817 1539 furetur,

1045 1546 1156 1574 alienas
1181 1556 1250 1574 oves
1267 1549 1440 1584 usurpando
1447 1559 1455 1584 ς
1478 1553 1504 1577 et
1523 1554 1634 1585 uzactet,
1654 1551 1817 1586 perniciose

1046 1591 1181 1620 docendo
1196 1595 1224 1620 et
1243 1602 1379 1629 perverse
1398 1595 1542 1630 vivendo;
1557 1600 1582 1624 et
1597 1597 1711 1631 perdat,
1724 1597 1818 1624 finali-

1043 1639 1088 1664 ter
1107 1638 1292 1675 damnando,
1322 1644 1466 1676 quantum
1488 1650 1523 1669 ex
1542 1642 1606 1678 ipso
1626 1644 1677 1670 est.
1697 1643 1816 1671 11111511-

1043 1691 1098 1718 pra
1106 1684 1127 1700 ‘2⁶
1139 1694 1145 1711 :
1159 1695 1171 1709 «
1181 1687 1323 1720 Pastores,
1334 1687 1432 1715 audite
1445 1696 1451 1714 :
1464 1696 1518 1723 pro
1532 1696 1567 1716 eo
1580 1689 1664 1724 quod
1672 1689 1740 1717 facti
1749 1691 1818 1717 sunt

1043 1737 1147 1764 greges
1161 1731 1219 1758 mei
1234 1732 1264 1758 in
1271 1732 1424 1767 rapinam,
1441 1735 1469 1761 et
1483 1742 1553 1761 oves
1564 1742 1636 1762 meoe
1646 1735 1677 1762 in
1691 1735 1816 1764 devora-

1042 1776 1170 1811 tionem,
1186 1788 1199 1802 »
1218 1779 1272 1805 etc.
1299 1779 1356 1805 Sed
1379 1787 1424 1813 09⁰
1438 1782 1516 1812 reni,
1532 1783 1562 1807 ut
1582 1783 1667 1808 vitam
1684 1771 1814 1816 habeant,

1041 1821 1099 1849 hoc
1105 1821 1184 1857 est27,
1191 1833 1203 1848 t<
1213 1824 1304 1851 fidem
1315 1833 1380 1859 quae
1387 1833 1440 1860 per
1449 1826 1635 1853 dilectionem
1645 1829 1792 1862 operatur,
1799 1837 1813 1854 n

1042 1871 1067 1894 ec
1090 1870 1273 1897 abundantius
1288 1871 1416 1906 habeant,
1437 1873 1656 1907 perseverando
1675 1881 1770 1908 usque
1783 1873 1815 1900 in

1041 1913 1140 1948 finem,
1151 1926 1164 1939 »
1179 1915 1219 1942 ait
1233 1910 1410 1951 Augustinus
1419 1916 1450 1945 ²³.
1462 1917 1482 1934 ²⁹
1499 1928 1512 1943 (t
1525 1919 1631 1954 inipso
1647 1919 1726 1946 enim
1738 1919 1814 1947 vivi-

1040 1968 1121 1994 mus,
1136 1969 1303 1996 movemur,
1319 1966 1346 1990 et
1357 1971 1468 1991 sumus.
1484 1976 1496 1988 n

1078 2008 1120 2034 11.
1136 2008 1169 2034 Et
1191 2009 1322 2043 sequitur
1342 2009 1393 2037 illa
1410 2018 1478 2045 pars
1500 2010 1531 2037 in
1554 2018 1614 2046 qua
1633 2011 1761 2039 ostendit
1782 2019 1813 2040 se

1039 2052 1167 2080 Christus
1180 2061 1241 2081 esse
1257 2054 1371 2082 bonum
1386 2059 1534 2091 pastorem
1549 2066 1555 2084 :
1575 2058 1632 2092 Ερο
1645 2065 1704 2085 sum
1715 2061 1813 2092 pastor

1041 2098 1137 2132 bonus,
1153 2101 1207 2127 etc.
1224 2102 1255 2128 Et
1275 2101 1326 2129 illa
1350 2110 1418 2137 pars
1439 2103 1470 2129 in
1485 2105 1613 2138 quatuor
1627 2113 1634 2129 ε
1650 2104 1747 2139 primo
1762 2111 1810 2132 os-

1039 2144 1132 2172 tendit
1145 2154 1175 2173 se
1188 2146 1303 2174 bonum
1326 2156 1388 2175 esse
1409 2149 1612 2183 magnitudine
1632 2149 1809 2184 dilectioni53

1039 2192 1170 2219 secundo
1192 2194 1318 2221 ostendit
1340 2194 1420 2221 idem
1442 2195 1594 2230 diligentia
1615 2195 1810 2230 cognitionis,

1038 2236 1080 2264 ibi
1094 2247 1100 2264 ε
1122 2240 1177 2272 Eoo
1193 2247 1251 2266 sum
1263 2243 1358 2275 pastor
1373 2242 1468 2275 bonus,
1484 2243 1538 2268 ete.
1547 2251 1555 2276 ς
1570 2242 1668 2276 tertio,
1684 2242 1811 2270 ostendit

1038 2283 1119 2310 idem
1139 2285 1251 2313 ratione
1277 2286 1414 2314 studiosae
1439 2287 1639 2323 acquisitionis
1658 2288 1760 2316 ovium
1783 2290 1810 2316 et

1039 2329 1229 2366 collectionis,
1237 2331 1279 2359 ibi
1292 2332 1312 2348 ³⁰
1321 2342 1328 2359 z
1338 2334 1373 2359 Et
1381 2334 1451 2360 alias
1461 2342 1520 2361 oves
1527 2334 1619 2368 habeo,
1627 2336 1692 2369 etc.;
1702 2336 1808 2370 quarto

1038 2400 1110 2425 xxxi,
1132 2398 1170 2420 22.
1190 2410 1219 2414 -
1239 2398 1257 2413 ¹⁴³
1275 2398 1374 2427 Mami,
1401 2404 1422 2427 ι,
1441 2400 1478 2423 21.
1495 2412 1526 2416 —
1545 2400 1563 2412 ²⁵
1582 2400 1658 2430 Aug„
1675 2399 1720 2422 uhi
1739 2405 1806 2429 sup„

1038 2437 1063 2452 n.
1087 2432 1123 2455 15.
1139 2445 1169 2448 —
1191 2432 1330 2461 2“1.Ιο[ιη.,
1352 2439 1384 2462 u,
1407 2435 1443 2457 19.
1465 2448 1492 2451 -
1515 2435 1533 2448 ²²
1551 2435 1620 2458 Psal.
1639 2440 1701 2464 cut,
1720 2435 1759 2458 23.
1776 2447 1808 2452 -

1037 2464 1058 2480 ²³
1069 2466 1171 2495 Martii„
1188 2473 1211 2496 v,
1227 2468 1264 2491 16,
1279 2481 1309 2485 -
1323 2468 1344 2484 ²⁸
1360 2468 1474 2499 stltillzp„
1489 2475 1518 2499 11,
1536 2472 1571 2492 13.
1587 2482 1613 2486 -
1630 2470 1650 2485 '⁴⁵
1660 2469 1727 2493 Psal.
1742 2475 1806 2499 xxn,

1038 2501 1061 2523 2.
1078 2513 1108 2517 —
1121 2501 1142 2516 ΞΒ
1156 2502 1254 2531 Ezecli„
1267 2509 1357 2532 xxxiv,
1372 2505 1395 2527 8.
1413 2516 1443 2521 -
1455 2504 1474 2519 ²⁷
1489 2504 1556 2534 Gal„
1572 2510 1606 2534 vr,
1622 2506 1644 2528 5.
1657 2517 1688 2522 —
1700 2506 1718 2519 ²³
1730 2506 1806 2536 Aug„

1037 2535 1079 2559 ubi
1095 2543 1150 2566 sup.
1172 2550 1198 2554 —-
1215 2537 1234 2552 ²³
1248 2539 1312 2568 Act„
1331 2545 1395 2569 xvii,
1411 2541 1489 2563 28.—
1502 2540 1524 2556 ³⁰
1539 2540 1597 2569 tuf„
1613 2541 1651 2564 16.

1067 2581 1103 2637 ι(ξι)
1116 2580 1178 2604 Caet.
1191 2580 1252 2604 edit.
1265 2581 1319 2611 1390
1331 2588 1385 2605 sum
1399 2582 1498 2605 ostium.
1508 2594 1539 2599 ·-—
1552 2582 1588 2612 (b)
1605 2582 1665 2606 Coee.
1677 2583 1729 2607 edic
1740 2583 1806 2606 dees!

1036 2620 1064 2636 os
1077 2621 1138 2637 ium.
