1987 3032
45 698 115 719 Pietas

29 729 101 749 Salva-

34 759 93 779 toris.

33 930 112 950 Putens

26 960 97 980 multi-

31 991 90 1016 plex.

709 206 915 238 EXPOSITIO
939 207 978 238 IN
1000 207 1085 238 CAP.
1112 207 1162 238 IV.

135 278 276 312 subjecta,
289 277 316 304 et
326 275 365 303 ad
375 274 597 309 intelligendum
608 273 705 307 avida,
717 275 744 300 et
756 272 795 300 ad
806 280 903 300 assen-

135 323 267 352 tiendum
279 321 415 354 credula,
433 321 464 347 ut
482 321 561 355 patet
577 320 607 346 in
627 326 767 354 processu
786 318 902 352 litterae,

135 372 162 397 et
183 369 270 397 Filius
290 367 337 394 Dei
360 368 420 394 erat
439 365 491 392 lux
512 373 582 392 vera
598 365 636 392 ad
655 364 900 399 illuminandum,

134 416 201 443 ideo
216 412 417 442 ordinabiliter
431 414 473 439 est
487 411 602 438 locutus
617 410 653 437 ei.
670 410 748 437 Unde
764 410 901 445 Chrysos-

134 462 246 490 tomus¹
258 469 284 486 z«
299 458 427 487 Ostendit
441 465 505 485 eam
519 458 555 492 (a)
571 457 692 492 dignam
705 456 817 491 audire3
834 457 901 484 ideo

133 515 193 535 non
216 505 354 541 despicit,
381 503 432 531 sed
457 512 486 531 se
512 504 631 531 revelat.
655 512 668 529 11
695 504 726 530 Ε1
750 502 899 538 sequitur:

136 563 149 578 «
162 554 216 579 Nec
230 550 354 583 mireris,
366 550 390 576 si
405 549 556 577 confestim
571 549 677 576 mulier
691 556 752 575 non
766 548 849 575 novit
864 548 900 575 de

131 605 208 633 aqua
226 596 383 632 spirituali,
401 596 471 631 quia
490 603 543 622 nec
558 595 734 622 Nicodemus
747 594 830 621 novit
845 596 901 621 sta-

131 643 182 670 tim
205 643 241 670 de
265 642 502 677 regeneratione,
526 652 537 665 »
559 648 648 676 supra
666 640 688 668 ².
711 641 774 666 Haec
793 640 852 667 ille.
871 641 902 667 Et

129 691 207 724 patet
226 687 382 716 Salvatoris
398 687 548 722 dignativa
567 687 669 722 pietas
687 686 767 713 Unde
788 688 901 720 Augus-

129 734 206 761 tinus
221 735 247 761 3:
267 743 279 759 «
294 733 369 766 Quid
384 733 437 760 ista
452 733 616 759 hortatione
637 732 755 759 suavius
773 733 800 758 et
820 731 902 758 beni-

129 780 235 815 gnius?
249 789 262 805 »
281 781 313 806 Et
328 781 397 806 nota
413 779 495 814 quod
509 778 567 805 ait:
593 779 690 804 Puteus
705 779 775 804 altus
791 780 838 804 est.
855 779 901 804 Est

129 826 208 853 enim
233 828 256 852 l.
278 827 383 860 puteus
405 832 492 851 saerae
514 824 680 859 scripturae,
702 831 716 850 e
731 831 791 858 quo
810 824 900 858 puteo

128 873 195 898 sunt
208 870 377 898 hauriendae
392 878 477 906 aquae
492 869 651 905 sapientiae,
665 869 702 896 de
716 877 774 904 quo
791 869 900 896 dietum

129 920 186 951 est3
203 919 229 944 et
244 918 286 943 est
304 918 330 943 2.
346 918 453 952 puteus
469 915 567 950 gratiae
582 915 766 950 baptismalis
783 922 901 949 regene-

127 963 247 990 rationis
257 964 284 990 et
294 962 420 989 lavantis
428 963 452 988 ¹⁴:
468 971 480 986 «
492 961 634 988 Mundans
648 961 766 987 lavacro
778 969 873 996 aquae.
884 970 896 985 »

128 1011 166 1036 De
187 1016 246 1044 quo
266 1008 296 1035 in
319 1008 414 1042 figura
426 1009 454 1034 ⁵:
474 1007 584 1034 «Venit
602 1007 631 1033 in
652 1008 759 1033 terram
778 1007 902 1037 orienta-

129 1055 197 1089 lem,
214 1057 241 1081 et
250 1054 324 1081 vidit
333 1056 453 1090 puteum
466 1054 495 1080 in
507 1061 590 1087 agro,
601 1055 657 1079 tres
668 1060 788 1088 quoque
799 1060 901 1087 greges

130 1101 231 1128 ovium
251 1100 427 1127 accubantes
447 1100 531 1133 Juxta
552 1106 630 1125 eum.
647 1109 659 1122 »
677 1100 762 1125 Terra
778 1098 901 1125 orienta-

129 1146 180 1180 lis,
197 1146 340 1179 Ecclesia3
355 1147 476 1180 puteus,
501 1144 653 1171 lavacrum
669 1143 807 1179 baptismi
816 1154 823 1178 3
846 1146 901 1171 tres

129 1200 246 1227 greges,
262 1190 429 1227 baptizandi
444 1192 471 1217 et
486 1189 620 1217 salvandi
637 1189 667 1216 in
681 1189 737 1216 fide
747 1189 898 1217 Trinitatis.

131 1240 200 1266 Item
215 1239 240 1265 3.
258 1240 299 1265 est
318 1239 422 1272 puteus
438 1236 546 1263 scilicet
566 1236 751 1271 profunditas
764 1237 901 1264 humanae

129 1284 260 1318 rationis,
276 1283 438 1311 secundum
449 1282 591 1315 Glossam,
603 1290 668 1317 quae
680 1284 721 1309 est
734 1283 899 1317 obscurata,

132 1333 158 1358 et
172 1330 239 1358 idco
255 1329 413 1362 fodienda3
430 1329 466 1356 de
485 1337 544 1364 quo
562 1329 668 1356 bibunt
682 1329 835 1363 homines,
850 1329 902 1356 sci-

131 1377 196 1404 licet
210 1377 297 1410 honi,
316 1376 446 1402 viventes
461 1375 623 1402 secundum
637 1374 796 1409 rationem,
811 1377 838 1402 et
851 1384 901 1411 pe-

133 1431 216 1456 cora,
230 1422 360 1449 viventes
378 1421 485 1448 scilicet
505 1420 673 1454 brutaliter,
694 1421 731 1447 de
749 1429 808 1456 quo
824 1421 855 1448 in
871 1422 903 1448 fi-

133 1477 205 1504 gura
219 1470 247 1496 ⁶:
266 1479 278 1494 (ι
293 1468 435 1499 Ascendet
453 1469 574 1502 puteus,
590 1477 603 1492 »
621 1469 673 1494 etc.
697 1469 729 1494 Et
750 1468 899 1502 sequitur:

136 1526 148 1541 a
161 1517 264 1543 Puteus
280 1522 368 1550 quem
383 1514 520 1541 foderunt
533 1513 679 1548 principes
694 1513 724 1539 in
745 1513 846 1540 datore
861 1513 901 1541 le-

134 1561 193 1596 gis,
215 1561 285 1588 etin
306 1559 420 1587 baculis
439 1559 507 1586 suis.
524 1569 537 1584 »
555 1560 587 1586 Et
603 1559 639 1586 de
661 1560 718 1586 hoc
740 1560 769 1586 in
788 1560 899 1588 Glossa.

133 1608 201 1634 Item
215 1608 240 1633 4.
254 1608 295 1633 est
305 1604 502 1632 inexhaustilis
515 1604 621 1631 divinae
631 1604 778 1639 honitatis,
793 1613 827 1632 ex
840 1614 900 1641 quo

132 1653 264 1680 hauritur
277 1660 355 1688 aqua
369 1652 447 1685 viva,
462 1653 494 1678 ut
507 1651 611 1678 dicitur
628 1651 692 1678 hic:
710 1662 723 1677 «
738 1652 809 1679 Viva
822 1653 900 1679 enim

132 1707 210 1735 aqua
233 1701 274 1726 est
292 1698 423 1733 spirituS,
443 1708 455 1723 n
481 1699 511 1724 ut
531 1698 570 1725 ait
587 1698 812 1733 Chrysostomus
825 1700 845 1725 ⁷.
863 1700 901 1726 De

133 1753 192 1781 quo
211 1746 300 1780 puteo
320 1745 351 1771 in
370 1744 465 1778 figura
479 1743 505 1770 ⁸:
526 1753 538 1768 «
557 1744 703 1771 Profectus
725 1746 802 1771 Isaac
826 1744 902 1772 fodit

131 1793 261 1827 puteum,
276 1792 303 1817 et
314 1790 429 1817 vocavit
441 1797 549 1817 nomen
562 1790 624 1823 ejus
638 1789 772 1823 latitudo,
786 1789 898 1817 dicens:

131 1839 210 1864 Nunc
228 1836 359 1863 dilatavit
373 1844 419 1862 me
440 1835 589 1862 Dominus.
607 1846 620 1861 »
639 1836 675 1861 De
695 1835 791 1870 primo
812 1838 901 1871 puteo

131 1883 300 1910 hauriendae
321 1884 387 1909 sunt
410 1889 495 1916 aquae
515 1889 592 1908 verae
616 1881 779 1916 sapientiae;
801 1882 837 1909 de
858 1891 902 1909 50-

132 1929 244 1962 cundo,
270 1936 354 1963 aquae
383 1927 564 1963 baptismalis
593 1928 705 1962 gratiae3
733 1928 769 1955 de
797 1928 881 1956 tertio
892 1949 901 1962 ,

132 1982 217 2010 aquoe
232 1976 316 2001 rectae
333 1973 543 2008 intelligentiae3
560 1973 596 2000 de
616 1975 738 2008 quarto,
759 1982 843 2009 aquae
858 1983 902 2002 sa-

132 2021 235 2048 tietatis
249 2020 358 2055 gloriae.
376 2019 433 2047 Sed
452 2020 504 2046 hos
520 2021 623 2055 puteos
645 2019 744 2047 nititur
765 2020 902 2048 diabolus

132 2067 298 2099 obstruere,
314 2067 401 2101 prout
423 2065 476 2092 fuit
497 2065 656 2100 figuratum
675 2066 705 2092 in
722 2066 830 2101 Genesi,
850 2067 901 2095 ubi

133 2112 238 2139 dicitur
252 2113 271 2146 ⁹,
290 2111 372 2147 quod
390 2120 403 2136 «
419 2111 561 2138 Palaestini
579 2119 681 2139 omnes
696 2114 810 2147 puteos,
827 2121 902 2148 quos

131 2158 269 2186 foderunt
282 2157 358 2185 servi
371 2157 503 2191 Abrahae,
518 2157 734 2192 obstruxerunt,
749 2159 902 2194 implentes

131 2204 233 2231 humo.
250 2214 262 2228 »
280 2203 365 2236 Quod
386 2211 536 2238 exponens
552 2204 704 2238 Gregorius
721 2205 760 2232 ait
776 2205 804 2239 ¹⁰,
820 2205 902 2240 quod

134 2260 148 2276 «
163 2251 203 2277 510
218 2250 363 2277 immundi
377 2249 494 2284 spiritus
510 2252 637 2278 terrenas
653 2252 844 2286 cogitationes
860 2252 902 2279 in-

133 2298 247 2331 gerunt,
258 2298 285 2323 et
299 2295 383 2331 quasi
393 2295 543 2323 inventam
559 2304 668 2332 aquam
682 2298 835 2333 Scripturae
849 2298 902 2326 tol-

132 2341 206 2369 lunt.
222 2352 234 2367 »

167 2389 210 2415 13.
238 2389 269 2414 Ε1
291 2387 417 2422 sequitur
441 2388 570 2416 secunda
590 2388 707 2416 collatio
722 2389 783 2416 Filii
803 2390 851 2416 Dei
875 2392 902 2417 et

165 2448 170 2462 ¹
191 2446 329 2477 Chryso-st„
354 2446 395 2469 ubi
420 2453 486 2476 sup.‚
508 2454 532 2469 n.
554 2449 576 2471 4.
595 2460 625 2465 -
643 2448 650 2461 ²
673 2449 745 2478 sup„
768 2454 812 2478 ιιι,
833 2450 855 2473 4.
871 2464 901 2468 —

133 2481 141 2494 ³
157 2482 231 2512 Aug„
248 2481 290 2505 ubi
306 2488 372 2512 sup.‚
387 2488 412 2504 n.
431 2483 467 2505 12.
483 2494 512 2499 —
527 2482 538 2498 ⁴
551 2482 653 2512 Ephes„
667 2489 692 2513 v,
711 2485 747 2507 26.
760 2497 790 2501 —
805 2485 814 2500 ⁵
830 2485 900 2513 Gen..

133 2522 210 2547 xxix,
226 2519 250 2540 2.
264 2530 295 2534 —
317 2517 326 2532 ⁶
343 2517 431 2545 Num„
454 2523 511 2546 xm,
528 2519 570 2547 17,
586 2520 622 2542 18.
640 2531 671 2535 —
690 2519 697 2532 7
717 2519 856 2551 Chrysost.,
875 2522 901 2545 in

134 2551 216 2579 loun„
231 2551 299 2576 hom.
316 2558 388 2581 xxxi,
404 2551 435 2575 al.
450 2558 534 2582 xxxii,
547 2559 571 2576 0.
590 2555 610 2576 1.
623 2566 652 2570 -
666 2553 677 2569 ⁸
690 2554 760 2582 Gen..
775 2560 845 2585 xxVI,
860 2558 899 2580 22.

136 2599 161 2603 -
178 2586 274 2616 ⁹1bid.‚
293 2588 329 2610 15.
344 2599 375 2604 —
389 2587 409 2603 ¹⁰
424 2587 509 2617 Greg,y
526 2588 627 2617 Μαντώ,
650 2588 691 2612 lib.
713 2589 781 2619 XVI,
800 2597 823 2614 c.
845 2596 899 2623 vm,

134 2621 166 2644 ul.
182 2627 262 2651 xviii,
277 2628 303 2644 n.
319 2623 358 2645 23,
374 2635 399 2640 -
420 2623 436 2639 ¹¹
456 2623 536 2651 Proin,
555 2631 621 2654 xxx,
646 2626 682 2648 15.
699 2638 729 2642 —
744 2625 762 2641 ¹²
781 2626 836 2654 Ins„
854 2632 899 2656 vu,

1669 208 1726 237 313

959 273 1099 301 mulieris.
1116 273 1174 301 Ibi:
1192 273 1337 308 Respondit
1350 274 1444 299 Jesus:
1461 272 1552 299 Omnis
1567 273 1614 306 qui
1629 272 1726 299 biberit

959 327 991 346 ea:
1003 321 1051 346 hac
1062 328 1140 354 aqua,
1153 321 1219 353 etc„
1234 319 1273 346 ad
1287 318 1423 352 litteram,
1434 317 1481 345 vel
1496 318 1583 345 etiam
1596 318 1633 345 de
1648 326 1727 353 aqua

958 366 1115 401 voluptatis
1126 366 1247 400 figurata
1258 373 1310 401 per
1320 365 1414 392 istam.
1426 364 1608 399 sanguisuga
1623 364 1724 391 00101ιι

959 415 1001 439 est
1017 421 1081 448 quae
1096 412 1183 439 dicit:
1200 413 1356 446 Nunquam
1373 410 1488 437 sufficit.
1505 411 1536 437 Et
1557 410 1596 437 sic
1612 418 1672 437 non
1686 411 1728 437 est

958 466 1098 493 magnum
1112 458 1181 485 dare
1201 458 1285 485 istam
1302 464 1420 492 aquam.
1440 457 1493 489 Qua·
1508 464 1567 483 vero
1584 457 1680 482 biberit
1696 456 1728 482 de

958 513 1044 538 aqua,
1058 513 1138 538 quam
1158 512 1202 538 eqo
1218 504 1302 535 dabo,
1319 505 1385 536 etc.,
1398 511 1449 529 non
1463 504 1556 536 sitiet,
1573 504 1640 535 etc.,
1655 503 1682 529 et
1696 501 1727 528 in

957 550 1013 577 hoc
1037 549 1146 576 ablatio
1166 549 1345 577 nocumenti.
1371 549 1418 584 (v.
1442 549 1489 583 14)
1511 548 1562 575 Sed
1582 550 1627 582 fiet
1648 549 1677 574 in
1699 555 1728 574 eo

956 597 1030 629 fons,
1045 597 1072 622 et
1087 596 1116 622 in
1131 596 1186 622 hoc
1202 595 1399 622 indeficientia
1413 594 1484 622 boni
1503 594 1549 621 vel
1564 593 1724 621 commodi.

956 643 1036 672 Fons,
1045 641 1177 676 inquam,
1194 650 1268 675 aquoe
1279 642 1411 672 salientis,
1426 641 1456 667 id
1470 642 1521 674 est,
1538 639 1688 672 elevantis,
1698 641 1728 666 z'n

956 689 1041 714 vitam
1061 691 1205 714 oeternam:
1230 690 1257 714 et
1276 687 1306 714 in
1321 687 1378 714 hoc
1399 686 1516 721 adeptio
1536 685 1634 713 aeterni
1650 693 1726 720 prae-

957 734 1018 760 mii.
1042 733 1279 768 Superexcellens
1299 740 1368 767 ergo
1389 733 1476 766 hujus
1495 739 1580 767 aquae
1595 731 1726 758 eminen-

956 780 995 807 tia
1012 779 1046 815 (b)
1068 779 1107 806 ad
1122 779 1213 806 illam.
1236 778 1311 806 Infra
1331 777 1370 804 ¹²:
1390 787 1404 802 «
1419 778 1473 810 Qui
1495 777 1587 804 credit
1608 777 1638 804 in
1661 784 1725 810 me,

956 825 1079 852 flumina
1101 825 1137 852 de
1156 826 1255 852 ventre
1277 825 1339 859 ejus
1358 824 1449 850 fluent
1463 831 1548 858 aquae
1563 823 1645 849 vivae.
1664 833 1677 847 n
1696 823 1728 849 Et

956 871 1017 898 haec
1033 873 1074 898 est
1092 879 1169 906 aqua
1184 870 1292 897 faciens
1311 869 1395 897 salire
1411 869 1440 896 in
1455 869 1548 896 altum
1564 869 1603 894 ¹³:
1623 877 1635 893 α
1650 869 1728 895 Το00

957 917 1040 944 saliet
1054 917 1127 944 sicut
1141 924 1244 944 cervus
1256 916 1389 943 claudus.
1401 925 1413 940 ι)
1427 915 1483 943 Sed
1494 914 1643 950 quaeritur,
1656 922 1728 949 qua-

956 964 1020 990 liter
1034 965 1120 990 vocat
1142 963 1190 989 hic
1211 962 1344 998 spiritum
1359 969 1485 997 aquam,
1502 968 1569 987 cum
1591 960 1653 994 ipse
1668 959 1727 995 spi-

956 1009 1027 1036 ritus
1038 1009 1104 1043 igne
1119 1008 1313 1042 significetur,
1332 1007 1409 1034 unde
1424 1009 1451 1034 et
1467 1007 1484 1022 ¹³
1499 1006 1529 1033 in
1544 1005 1638 1041 specie
1653 1005 1728 1040 ignis

958 1055 1117 1082 descendit.
1141 1056 1172 1081 Et
1192 1054 1231 1081 ad
1247 1054 1304 1081 hoc
1326 1053 1485 1088 respondet
1505 1052 1729 1087 Chrysostomus

956 1101 1047 1134 bene,
1071 1101 1171 1127 dicens
1188 1099 1218 1133 ¹⁵,
1240 1099 1321 1135 quod
1344 1099 1460 1134 spiritus
1479 1099 1508 1133 (c)
1531 1097 1728 1132 appellatione

956 1147 1042 1181 igniS,
1057 1146 1128 1181 quia
1142 1148 1184 1173 est
1198 1148 1228 1172 ut
1248 1145 1321 1180 quid
1337 1146 1482 1176 erectum,
1497 1145 1525 1170 et
1542 1143 1686 1177 calidum,
1702 1146 1730 1171 et

955 1194 1147 1228 peccatorum
1170 1191 1422 1226 consumptivum,
1444 1190 1528 1225 quasi
1549 1189 1641 1223 dicat,
1659 1189 1730 1224 quia

957 1238 1056 1273 erigit,
1073 1238 1144 1273 quia
1159 1237 1331 1271 inflammat,
1348 1236 1418 1271 quia
1434 1237 1554 1271 peccata
1568 1235 1713 1263 consumit
1719 1245 1727 1270 3

956 1292 1009 1319 per
1023 1292 1108 1319 aquae
1129 1291 1199 1310 vero
1219 1283 1470 1318 nuncupationem
1490 1282 1681 1317 significatur,
1698 1283 1729 1308 ut

956 1330 1199 1364 purgamentum,
1221 1330 1252 1356 ut
1273 1328 1456 1363 refrigerium
1471 1328 1623 1355 ostendat:
1641 1328 1728 1363 quasi

958 1375 1049 1409 dicat,
1065 1375 1135 1410 quia
1149 1377 1256 1410 purgat
1266 1383 1283 1402 a
1294 1375 1441 1408 sordibus,
1455 1376 1483 1402 et
1497 1374 1567 1409 quia
1577 1374 1729 1409 refrigerat

956 1429 973 1448 a
995 1421 1232 1456 concupiscentia
1251 1421 1372 1448 carnali.
1392 1422 1423 1448 Et
1442 1420 1485 1448 ibi
1507 1421 1583 1448 bene
1605 1420 1641 1447 de
1659 1421 1727 1447 hoc.

956 1467 1123 1494 Secundum
1138 1467 1282 1502 primam,
1297 1467 1452 1502 Gregorius
1466 1467 1506 1494 ait
1521 1466 1556 1494 ¹⁶:
1572 1467 1674 1494 «Idem
1687 1466 1730 1493 si-

956 1516 1026 1548 gnat
1039 1513 1154 1540 diversa
1168 1513 1199 1540 in
1215 1513 1361 1548 Scriptura
1378 1514 1498 1548 propter
1511 1512 1642 1539 diversas
1657 1520 1727 1548 pro-

955 1559 1108 1594 prietates,
1126 1559 1199 1586 sicut
1213 1559 1260 1586 leo
1274 1559 1370 1594 signat
1383 1559 1489 1586 Filium
1505 1559 1569 1592 Dei,
1584 1560 1611 1586 et
1626 1558 1728 1586 diabo-

955 1605 1032 1639 lum,
1046 1616 1059 1630 »
1073 1607 1103 1632 ut
1115 1605 1156 1632 ibi
1170 1605 1374 1641 exemplificat.
1387 1606 1458 1632 Item
1470 1605 1608 1640 quaeritur
1620 1604 1657 1632 de
1671 1605 1728 1632 hoc

957 1651 1039 1686 quod
1054 1651 1109 1678 ait:
1123 1651 1199 1684 Quod
1214 1653 1261 1685 qui
1276 1652 1370 1678 biberit
1385 1659 1418 1678 ew
1434 1652 1481 1678 hac
1496 1659 1577 1685 aqua,
1589 1659 1669 1685 quam
1683 1659 1728 1685 eqo

956 1698 1023 1724 dabo
1040 1699 1079 1731 ei,
1095 1705 1147 1724 ηοιι
1161 1698 1236 1724 sitiet
1250 1699 1359 1724 iterum.
1375 1697 1432 1724 Sed
1447 1699 1549 1724 contra
1563 1698 1728 1724 Ecclesiasti-

956 1751 1001 1770 cus
1016 1743 1052 1769 ²⁷:
1073 1752 1086 1768 «
1101 1743 1155 1776 Qui
1169 1743 1276 1770 11111001
1290 1751 1353 1777 me,
1372 1743 1469 1770 adhuc
1484 1743 1589 1770 sitient.
1605 1753 1618 1769 »
1637 1744 1669 1770 Et
1688 1743 1728 1770 ita

957 1790 1007 1825 qui
1023 1790 1098 1817 bibit
1117 1798 1153 1817 ex
1169 1790 1225 1816 hac
1245 1797 1339 1825 aqua,
1359 1797 1450 1824 quam
1466 1789 1516 1816 dat
1534 1791 1622 1823 Deus,
1643 1789 1725 1817 sitiet.

955 1838 1025 1863 Item
1040 1836 1255 1870 aitAugustinus
1271 1836 1300 1868 ¹⁸,
1314 1835 1396 1871 quod
1412 1845 1425 1860 «
1438 1835 1552 1862 bonum
1567 1835 1728 1871 temporale

956 1882 1021 1917 plus
1037 1882 1165 1916 diligitur
1180 1883 1339 1916 antequam
1352 1881 1507 1914 habeatur,
1522 1881 1645 1915 vilescit,
1660 1889 1728 1908 cum

956 1927 1095 1955 habetur:
1108 1929 1248 1954 aeternum
1258 1935 1330 1954 vero
1341 1927 1490 1954 ardentius
1500 1927 1629 1961 diligitur
1639 1927 1728 1962 adep-

956 1976 1034 2008 tum,
1050 1981 1141 2008 quam
1154 1973 1363 2000 desideratum.
1380 1983 1392 1999 »
1411 1974 1485 2007 Ergo
1501 1974 1532 1999 ut
1550 1972 1641 2008 prius.
1659 1973 1728 2000 Item

956 2019 1036 2046 idem
1051 2019 1090 2046 ait
1106 2019 1261 2054 Gregorius
1276 2019 1303 2052 ¹⁹,
1318 2027 1431 2054 ponens
1447 2018 1641 2046 differentiam
1654 2019 1728 2046 inter

957 2065 1076 2093 delicias
1098 2065 1262 2100 spirituales
1281 2067 1308 2092 et
1328 2064 1477 2092 carnales:
1499 2073 1568 2099 ergo
1590 2066 1621 2091 ut
1634 2065 1724 2100 prius.

955 2111 999 2138 Ad
1018 2111 1096 2138 istud
1117 2110 1374 2146 respondendum,
1392 2110 1473 2145 quod
1494 2113 1535 2138 est
1555 2111 1614 2137 sitis
1629 2119 1665 2137 ex
1685 2110 1727 2137 rei

956 2159 1092 2192 carentia,
1107 2167 1142 2185 ex
1156 2158 1282 2194 potantis
1295 2159 1533 2194 intemperantia,
1548 2161 1575 2185 et
1590 2166 1625 2185 ex
1640 2159 1727 2193 potus

956 2204 1171 2238 insufficientia,
1184 2207 1258 2232 etex
1272 2205 1385 2232 virtutIS
1400 2204 1478 2232 illius
1494 2204 1532 2231 ad
1547 2211 1727 2239 praeservan-

957 2252 1030 2279 dum
1049 2251 1213 2278 deficientia
1230 2260 1236 2278 ι
1256 2253 1283 2278 01
1304 2251 1369 2278 talis
1386 2250 1446 2277 sitis
1465 2258 1525 2277 non
1546 2250 1603 2277 sitit
1618 2258 1727 2285 aquam

956 2306 973 2325 a
988 2300 1062 2332 Deo,
1077 2305 1131 2325 000
1143 2297 1270 2332 suscipit.
1290 2298 1322 2324 Et
1337 2299 1378 2324 est
1393 2296 1452 2323 sitis
1466 2296 1578 2324 ratione
1599 2296 1726 2324 delecta-

956 2344 1075 2371 bilitatis
1089 2343 1141 2378 rei,
1154 2345 1181 2370 et
1192 2342 1432 2370 insatiabilitatis:
1449 2344 1476 2369 et
1487 2342 1523 2369 de
1533 2342 1584 2370 illa
1596 2344 1663 2370 sunt
1674 2343 1725 2370 ob-

956 2410 994 2432 38.
1005 2420 1034 2426 -—
1048 2408 1067 2424 ¹³
1080 2409 1139 2435 lsa.,
1155 2412 1233 2437 κων,
1245 2408 1267 2431 6.
1279 2419 1309 2424 -
1325 2407 1344 2423 ¹⁵
1357 2407 1422 2435 Act„
1436 2413 1464 2437 11,
1475 2408 1498 2430 3.
1509 2419 1539 2425 —·
1551 2407 1570 2423 ¹⁵
1582 2407 1724 2438 Chrys-ast„

956 2444 998 2467 ubi
1013 2450 1068 2473 sup.
1084 2456 1113 2460 —
1133 2443 1152 2459 ¹⁶
1175 2444 1260 2473 Greg.‚
1277 2442 1377 2471 Marah,
1394 2441 1438 2465 lib.
1456 2442 1484 2470 V,
1501 2450 1523 2466 c.
1539 2448 1608 2471 xvii,
1623 2443 1655 2466 al.
1671 2448 1725 2472 xxi,

955 2485 980 2502 n.
999 2480 1038 2502 41.
1057 2491 1088 2496 —
1108 2478 1125 2493 ¹⁷
1148 2477 1237 2507 Ecclt„
1260 2483 1329 2507 xxlv,
1350 2478 1388 2501 29.
1409 2489 1439 2494 —
1464 2476 1484 2493 ¹⁸
1508 2478 1583 2507 Aug,
1603 2477 1632 2500 ‹Ic
1655 2478 1723 2500 Doct.

956 2514 1061 2542 Christ„
1086 2513 1128 2536 lib.
1152 2514 1176 2542 l,
1201 2520 1222 2536 0.
1246 2518 1360 2543 xxxviii,
1378 2519 1404 2536 n.
1427 2514 1464 2536 42.
1487 2525 1517 2530 -
1545 2514 1564 2528 ¹⁹
1586 2513 1672 2543 Greg.‚
1697 2512 1723 2535 iu

954 2549 1061 2579 Evany„
1075 2548 1144 2571 hom.
1158 2554 1245 2578 xxxm,
1261 2554 1287 2571 0.
1305 2549 1325 2571 l.

986 2591 1019 2621 (a)
1050 2591 1110 2613 Caet.
1137 2590 1196 2613 edil.
1227 2592 1286 2613 tam.
1310 2603 1341 2607 —
1366 2589 1396 2620 (b)
1427 2591 1487 2614 Item
1514 2589 1664 2613 imminenti.
1694 2602 1719 2605 —-

954 2627 982 2656 (c)
996 2625 1083 2656 Suppl.
1100 2627 1214 2649 vocatur.

1768 2125 1819 2145 Sitis

1760 2156 1831 2177 multi-

1765 2188 1822 2214 plex.
