1987 3032
29 2362 124 2382 Sci-utari

721 252 924 285 EXPOSITIO
947 253 987 283 lN
1010 253 1095 284 CAP.
1118 253 1154 284 V.

138 325 206 351 runt
224 330 328 351 vocem
347 321 476 355 Domini3
501 321 528 347 et
551 320 622 347 item
640 319 840 354 multipliciter
858 319 906 346 hic

138 370 246 397 falsum
266 369 361 396 dicere
383 367 507 394 videtur.
530 368 600 394 Item
622 366 726 393 dicitur
743 367 751 382 ¹
774 375 780 393 ε
805 375 818 391 «
835 368 906 393 Ecce

139 424 198 443 vox
212 416 248 443 de
264 415 338 442 coelo
354 414 486 441 dicens.»
505 414 537 440 Et
549 414 559 428 ²
573 421 579 439 :
595 415 689 440 «Ecce
704 420 763 439 vox
774 412 810 439 de
826 412 906 439 nube

140 462 249 494 dicens,
264 472 277 487 »
296 463 348 488 etc.
368 462 399 487 Et
414 459 453 486 ad
468 459 546 486 istud
565 459 723 494 respondet
737 458 908 493 chrysosto-

138 516 204 535 mus
225 508 235 524 ³
251 507 363 540 dicens,
387 505 470 541 quod
493 516 506 531 «
520 512 598 532 nunc
618 505 648 531 in
666 504 906 540 philosophicum

140 553 248 588 dogma
262 552 374 579 inducit
385 560 449 583 eos,
468 552 624 579 ostendens
640 550 723 586 quod
739 558 834 585 neque
849 557 907 577 vox

139 599 215 626 circa
240 600 348 631 Deum,
370 605 467 633 neque
489 597 614 632 species,
639 596 691 624 sed
712 596 844 631 superior
867 597 909 622 est

138 644 276 678 vocibus,
299 645 326 671 et
345 643 488 679 loquelis,
513 645 541 671 et
562 642 674 677 figuris.
690 652 703 668 >³
728 643 760 669 Et
782 641 909 669 ostendit

139 690 241 723 etiam,
256 690 339 726 quod
355 698 451 725 neque
468 690 530 724 ejus
542 690 688 724 praecepta
702 690 907 723 susceperunt,

138 744 235 772 neque
257 737 349 771 leges;
374 736 441 763 ideo
457 736 496 763 ait
517 744 523 762 ε
548 737 582 762 Et
602 736 708 762 verbum
731 743 783 761 uon
807 735 909 761 habetis

138 791 256 810 manens.
276 783 321 810 Ad
339 782 420 810 aliud
438 782 613 817 respondet,
636 780 718 816 quod
739 780 805 808 licet
823 780 910 806 fuerit

138 829 214 856 facta
228 837 287 856 vox
305 829 335 856 in
357 828 499 861 Jordane‚
520 829 546 855 et
567 828 597 854 in
611 829 720 860 monte,
735 834 796 853 non
812 828 909 853 tamen

139 875 338 909 attenderunt3
359 877 386 902 et
407 874 475 901 ideo
499 873 584 900 mittit
603 881 654 900 eos
678 872 716 900 ad
735 872 907 907 Scripturas.

139 922 171 948 Et
185 923 263 956 patet
283 921 348 955 hic,
364 921 446 956 quod
467 919 612 947 increduli
632 927 693 946 non
714 918 838 946 audiunt
858 926 910 946 vo-

140 975 204 994 cem
224 967 289 998 Dei,
311 975 365 994 nec
384 967 493 994 babent
513 966 638 993 verbum
654 965 716 999 ejus
736 972 858 992 manens
878 964 909 991 in

140 1013 190 1040 eis.
210 1023 223 1038 (t
236 1013 279 1040 Ad
295 1015 410 1048 tempus
425 1013 504 1040 enim
515 1013 525 1028 '0
540 1011 663 1039 credunt
684 1014 712 1038 et
732 1011 762 1038 in
777 1014 909 1046 tempore

140 1060 304 1087 tentationis
319 1059 468 1087 recedunt.
484 1069 496 1084 n
510 1061 531 1086 E
550 1058 695 1086 contrario
711 1058 747 1085 de
762 1057 849 1085 bonis
856 1077 865 1091 ,
879 1056 910 1083 in

140 1105 248 1140 quibus
261 1108 361 1133 manet
374 1105 499 1132 verbum
511 1105 574 1138 Dei,
591 1103 666 1131 infra
681 1105 690 1121 ⁵
707 1112 714 1131 :
734 1114 748 1130 «
758 1103 811 1136 Qui
821 1103 911 1130 habet

139 1151 280 1179 mandata
293 1159 376 1185 mea,
393 1153 420 1179 et
434 1154 528 1178 servat
545 1159 594 1184 ea,
610 1151 658 1177 ille
680 1152 722 1177 est
736 1150 787 1185 qui
801 1157 848 1177 me
867 1149 910 1176 di-

139 1197 233 1232 ligit.»
244 1198 254 1213 6
265 1197 360 1225 «Beati
371 1198 422 1233 qui
438 1197 561 1225 audiunt
575 1196 701 1223 verbum
709 1196 804 1229 Dci,et
818 1198 911 1223 custo-

141 1244 224 1271 diunt
244 1244 328 1271 illud.
346 1253 359 1269 »
376 1243 550 1279 Exemplum
565 1243 602 1270 de
617 1243 704 1270 beata
718 1244 804 1270 Matre
820 1243 867 1269 Dei
880 1244 908 1268 ⁷:

142 1300 155 1315 «
169 1290 258 1317 Maria
272 1290 465 1317 conservabat
484 1289 584 1317 omnia
604 1289 697 1316 verba
712 1288 792 1322 haec,
810 1288 910 1315 confe-

139 1344 206 1363 rens
221 1336 252 1363 in
269 1336 357 1363 corde
382 1344 446 1363 suo.
462 1346 475 1360 n
500 1335 556 1363 Sed
575 1334 718 1362 increduli
733 1336 760 1361 et
774 1335 844 1361 mali
858 1334 911 1362 ha-

140 1381 211 1409 bent
225 1382 316 1410 corda
329 1382 419 1409 fracta
435 1384 461 1408 et
475 1381 568 1408 divisa
588 1390 594 1407 ε
613 1381 680 1407 ideo
694 1388 754 1407 non
768 1383 867 1407 manet
881 1381 911 1407 in

140 1428 181 1456 eis
195 1428 320 1455 verbum
331 1428 341 1444 ⁸
358 1437 364 1455 :
385 1438 398 1453 «
409 1428 465 1454 Cor
473 1427 543 1454 fatui
555 1426 638 1462 quasi
648 1434 699 1453 vas
714 1426 910 1460 confractum,

140 1482 258 1502 omnem
273 1473 447 1509 sapientiam
460 1481 521 1500 non
537 1473 653 1500 tenebit.
671 1482 685 1497 »
708 1474 740 1499 Et
758 1473 910 1507 sequitur:

143 1529 156 1545 «
169 1520 274 1547 Audiet
287 1520 470 1553 luxuriosus,
486 1521 513 1546 et
527 1518 695 1554 displicebit
709 1518 751 1552 ei,
774 1520 802 1546 et
816 1517 910 1553 proji-

139 1567 194 1594 ciet
206 1566 281 1593 illud
298 1567 364 1601 post
377 1567 493 1600 tergum
508 1573 604 1592 suum.
619 1575 632 1591 n

175 1614 218 1640 39.
231 1614 262 1640 Et
276 1612 410 1648 sequitur
430 1611 569 1639 adductio
585 1611 741 1639 testimonii
754 1619 771 1638 a
785 1611 910 1646 Scriptu-

138 1658 178 1686 ris
184 1679 193 1693 ,
209 1659 251 1685 ibi
267 1668 274 1685 ε
295 1659 459 1686 Scrutamini
478 1658 642 1692 Scripturas.
663 1660 725 1685 Non
744 1659 856 1685 tantum
870 1657 911 1685 le-

139 1707 197 1741 gite
211 1708 243 1734 in
256 1707 424 1742 superficie,
441 1706 492 1734 sed
507 1707 678 1741 scrutamini,
690 1706 809 1733 interius
823 1713 911 1741 pene-

139 1753 254 1781 trando.
272 1753 353 1780 Unde
376 1753 599 1788 Chrysostomus
618 1753 627 1769 ⁹
644 1761 650 1779 :
676 1762 689 1777 ι(
703 1753 766 1779 Non
780 1752 820 1779 ait
836 1760 842 1778 :
859 1752 909 1779 Le-

140 1799 197 1834 gite
212 1799 390 1834 Scripturas,
405 1799 458 1826 sed
474 1808 480 1826 :
495 1800 660 1826 Scrutamini
666 1807 675 1829 ;
690 1799 761 1833 quia
772 1797 850 1825 enim
865 1805 909 1831 ea,

141 1853 206 1880 quae
219 1845 256 1872 de
273 1845 338 1880 ipso
354 1845 538 1878 dicebantur,
561 1844 669 1871 scilicet
687 1843 717 1870 in
739 1843 909 1878 scripturis,

139 1890 232 1918 multa
246 1891 419 1925 indigebant
429 1890 592 1925 diligentia,
607 1898 672 1925 quae
687 1889 910 1917 obumbraban-

140 1938 185 1964 tur
202 1936 339 1972 desuper,
352 1938 508 1972 propterea
522 1944 625 1963 cavare
641 1943 689 1963 eas
696 1936 790 1970 jubet,
805 1938 835 1963 ut
845 1944 910 1972 quae

139 1982 169 2009 in
184 1982 333 2018 profundo
352 1982 504 2017 Jacebant,
522 1983 640 2017 possent
654 1981 800 2016 invenire,
817 1985 845 2009 et
859 1990 908 2010 ve·

138 2027 182 2055 lut
203 2028 362 2063 quemdam
377 2028 546 2056 thesaurum
560 2027 591 2055 in
607 2027 701 2055 multo
717 2027 876 2063 profundo.
892 2038 905 2054 n

139 2075 202 2101 Haec
214 2074 281 2108 ille,
297 2076 325 2102 et
338 2074 380 2102 ibi
394 2074 487 2108 bene,
507 2076 534 2101 et
552 2074 678 2101 multum
698 2074 734 2101 de
749 2074 816 2101 hoc.
832 2074 910 2101 Scru-

139 2122 252 2155 tamini,
273 2120 414 2156 inquam,
441 2120 576 2148 acumine
599 2119 726 2155 ingenii,
750 2120 908 2148 subtilitate

138 2166 243 2200 studii,
257 2166 408 2201 diligentia
429 2166 574 2200 scrutinii,
597 2168 626 2194 et
644 2166 674 2193 in
693 2166 805 2194 lumine
820 2167 906 2199 fidei,

137 2212 214 2240 infra
227 2212 248 2230 ¹⁰
262 2222 270 2239 .·
286 2223 299 2238 «
312 2212 484 2241 Scrutamini
500 2212 538 2248 (a)
553 2213 723 2248 Scripturas.
740 2223 753 2239 n
770 2213 862 2247 Unde,
877 2212 908 2240 in

137 2259 233 2294 figura
254 2259 382 2287 doctoris
397 2260 415 2276 ¹¹
433 2268 439 2287 ;
459 2259 635 2287 «Profunda
649 2259 808 2286 fluviorum
827 2266 907 2286 scru-

138 2306 213 2332 tatus
228 2307 283 2339 cst,
299 2315 312 2331 n
330 2305 362 2332 id
376 2306 432 2338 est,
447 2313 622 2333 arcanorum
637 2313 726 2332 sacrae
741 2305 906 2340 Scripturae.

142 2360 155 2376 α
169 2351 287 2378 Scrutari
301 2351 380 2378 cnim
391 2352 433 2378 est
442 2351 600 2387 inquirere,
616 2351 802 2386 investigare,
819 2351 909 2379 subti-

138 2397 203 2425 liter
217 2397 376 2433 inspicere,
394 2408 407 2424 »
425 2398 464 2425 ait
479 2398 600 2434 Papias;
615 2400 643 2426 et
662 2399 742 2432 lingo
760 2397 779 2415 ¹²
794 2406 801 2424 :
821 2407 834 2423 «
849 2398 909 2425 Stu-

140 2443 215 2471 dium
238 2443 389 2479 quaerendi
413 2444 446 2478 (b)
471 2443 638 2471 instantiam
667 2444 763 2478 signat
789 2443 905 2479 operis;

171 2503 178 2519 ¹
194 2502 296 2528 Metili..
311 2509 353 2533 111,
370 2504 407 2527 17.
423 2515 452 2520 —
467 2504 477 2519 ²
493 2503 566 2534 ibid„
583 2509 646 2533 xvii,
661 2505 684 2527 5.
698 2516 727 2521 —
743 2503 754 2519 ⁸
767 2503 907 2534 Chrysost„

140 2537 184 2561 ubi
201 2544 257 2568 sup.
274 2551 305 2556 —
325 2538 335 2554 δ
354 2538 422 2569 Luc„
441 2544 502 2568 vm,
524 2540 562 2561 ¹3.
584 2551 610 2555 -
635 2539 645 2555 ⁵
666 2538 722 2567 int„
744 2544 798 2568 xw,
817 2540 856 2562 21.
879 2552 905 2556 -

142 2573 150 2585 ⁸
164 2573 231 2602 Luc.,
249 2578 290 2602 xi,
305 2574 343 2596 28.
361 2586 387 2591 -
403 2573 410 2587 ⁷
427 2573 499 2603 thid„
516 2579 548 2601 11,
565 2574 602 2597 19.
619 2585 648 2590 —
664 2574 672 2587 ¹
688 2573 778 2602 an-li„
793 2579 852 2603 xx1‚
869 2575 906 2604 17,

142 2609 179 2632 18.
197 2620 226 2625 -
244 2608 255 2624 ⁹
270 2608 410 2640 Chrysost.‚
428 2610 453 2632 in
466 2610 548 2639 lourz„
562 2609 633 2633 hom.
651 2615 698 2638 XL,
716 2608 748 2633 al.
769 2615 824 2639 xm,
842 2616 867 2633 n.
884 2611 906 2634 1.

140 2656 170 2661 —
185 2644 204 2659 ¹⁰
222 2643 276 2673 lus„
292 2649 342 2674 vn,
361 2645 400 2668 52.
419 2657 445 2662 --
467 2645 487 2661 ¹¹
504 2645 562 2675 lob,
580 2650 676 2674 xan,
696 2646 734 2668 Η.
749 2657 778 2662 -
797 2645 816 2662 ¹²
830 2645 907 2676 Hug„

141 2678 250 2708 Dida-rc„
265 2679 307 2702 lib.
335 2680 380 2710 tlt,
396 2686 419 2703 c.
434 2685 508 2705 xvm.
521 2693 551 2699 —
566 2680 585 2697 ¹³
597 2680 736 2711 Chryso-st,
752 2679 796 2704 ubi
812 2687 908 2711 sup.—

260 2732 331 2754 Tou.
354 2732 398 2753 XI.

1675 257 1731 286 337

962 322 1138 354 scrutinium,
1163 319 1345 354 diligentiam
1367 319 1604 347 meditationis.»
1627 321 1733 348 Scruta-

962 367 1032 392 mini
1047 374 1115 401 ergo
1131 366 1284 400 Scripturas
1295 385 1304 399 ,
1319 367 1349 392 in
1363 367 1460 400 quihus
1471 369 1588 400 putatis,
1602 369 1655 394 etc.
1674 377 1687 392 «
1701 369 1734 394 Et

963 411 993 438 in
1005 412 1061 438 hoc
1077 412 1245 445 ostendens,
1267 411 1350 450 quod
1363 419 1423 439 non
1438 412 1562 439 multum
1576 412 1731 440 fructifica-

962 457 1048 491 bant,
1065 465 1082 485 a
1105 458 1228 485 lectione
1249 458 1443 486 existimantes
1458 458 1579 492 salvari,
1599 459 1658 486 fide
1673 459 1732 494 pri-

963 503 1032 537 vati,
1042 513 1055 528 1)
1068 504 1107 531 ait
1118 504 1399 539 chrysostomus¹³.¹'⁴
1405 506 1486 531 «Non
1495 505 1573 531 enim
1583 505 1732 532 auditores

962 549 1035 584 legis
1047 549 1115 584 justi
1131 552 1211 584 sunt,
1234 551 1285 577 sed
1300 550 1423 578 factores
1439 559 1445 577 :
1468 551 1488 568 ¹⁵
1507 560 1521 576 1(
1535 551 1639 578 Littera
1654 551 1733 578 enim

964 596 1109 623 occidit.»
1132 597 1202 629 Illae,
1228 597 1336 624 scilicet
1357 597 1526 632 scripturae,
1555 599 1733 625 testimouium

963 643 1112 676 perhibent,
1123 644 1184 669 tum
1201 645 1226 675 (r)
1239 643 1359 678 legales,
1376 644 1408 670 de
1422 652 1473 677 me,
1485 644 1561 671 infra
1572 644 1679 671 eodem
1690 644 1710 660 ¹⁸
1724 653 1730 671 :

964 689 1002 715 De
1017 696 1055 715 me
1078 690 1189 723 scripsit
1213 690 1330 723 Moyses;
1356 692 1416 716 tum
1433 690 1462 725 (c)
1486 690 1673 725 prophetales
1689 690 1730 717 ¹⁷:

967 743 980 759 α
1004 734 1074 761 Huic
1099 742 1201 762 omnes
1229 736 1379 770 prophetie
1405 736 1603 764 testimonium
1632 736 1731 771 perhi-

964 780 1047 813 bent;
1066 790 1078 806 »
1092 782 1151 807 tum
1169 784 1195 813 (c)
1211 781 1396 816 evangelicae,
1412 782 1488 810 infra
1504 783 1520 798 ’Β
1534 791 1539 809 ;
1552 792 1565 808 «
1582 784 1613 809 Et
1627 782 1677 818 qui
1692 782 1734 809 vi·

965 826 1023 859 dit,
1038 827 1236 854 testimonium
1250 827 1392 863 perhibet.
1410 838 1422 853 »

999 874 1043 900 40.
1061 875 1092 900 Et
1107 875 1220 908 tamen,
1232 873 1299 901 licet
1313 874 1353 901 ita
1367 874 1417 907 sit,
1432 883 1484 901 uon
1499 876 1582 902 vultis
1595 877 1685 903 venire
1700 876 1736 903 ad

965 927 1018 953 me,
1033 919 1064 946 id
1079 922 1135 954 est,
1154 928 1207 955 per
1228 920 1293 947 illas
1316 920 1476 956 Scripturas
1495 921 1612 948 credere
1627 922 1657 949 in
1672 930 1734 956 me,

965 968 996 992 ut
1015 966 1055 993 ait
1068 966 1177 1001 Glossa,
1194 968 1222 994 et
1242 966 1281 994 ita
1296 967 1432 1001 credere,
1453 970 1483 994 ut
1498 969 1583 995 vitam
1605 969 1734 995 habeatis.

965 1014 1037 1039 Nam
1057 1012 1077 1029 ¹⁹
1101 1015 1149 1047 qui
1169 1013 1269 1047 credit,
1285 1014 1360 1040 habet
1377 1015 1462 1040 vitam
1481 1017 1623 1048 aeternam,
1646 1022 1735 1050 supra

966 1058 1072 1085 eodem
1082 1059 1113 1086 2⁰.
1130 1059 1185 1086 Sed
1198 1060 1346 1094 quaeritur,
1360 1060 1485 1095 qualiter
1500 1061 1539 1088 ait
1552 1070 1558 1088 τ
1571 1061 1735 1087 Scrutamini

965 1105 1135 1139 Scripturas,
1152 1114 1218 1141 quae
1240 1106 1402 1141 loquuntur
1426 1106 1463 1133 de
1485 1107 1565 1141 ipso,
1586 1115 1653 1133 cum
1673 1106 1735 1141 ipse

965 1151 1001 1178 sit
1013 1151 1051 1186 (d)
1063 1152 1199 1186 maJestas
1211 1152 1285 1187 ipsa,
1301 1154 1329 1179 et
1340 1152 1360 1168 2¹
1375 1161 1381 1178 :
1398 1161 1410 1177 «
1421 1153 1567 1180 Scrutator
1577 1152 1737 1187 majestatis

966 1197 1149 1232 opprimetur
1163 1206 1181 1225 a
1196 1198 1300 1232 gloria.
1317 1209 1330 1222 »
1349 1198 1482 1232 Videtur,
1502 1198 1584 1233 quod
1599 1199 1737 1226 inconve-

966 1243 1078 1271 nienter
1097 1244 1229 1271 hortatur
1253 1253 1302 1271 eos
1323 1245 1362 1272 ad
1383 1245 1555 1272 scrutinium
1576 1245 1736 1280 Scriptura-

965 1297 1041 1316 rum.
1057 1291 1126 1317 Item
1138 1291 1161 1307 22
1177 1299 1203 1317 z«
1217 1291 1271 1323 Qui
1287 1291 1337 1317 dat
1351 1292 1529 1318 secretorum
1547 1293 1736 1324 scrutatores,

966 1336 1050 1370 quasi
1066 1344 1126 1363 non
1146 1337 1236 1364 sint.»
1254 1338 1285 1364 Et
1300 1337 1339 1364 ita
1354 1339 1385 1364 ut
1398 1337 1490 1372 prius.
1507 1339 1537 1364 Et
1550 1337 1588 1364 ad
1602 1337 1681 1364 istud
1692 1345 1737 1364 re-

966 1381 1190 1417 spondendum,
1207 1382 1290 1417 quod
1305 1385 1346 1410 est
1360 1383 1482 1410 scrutari
1496 1383 1673 1418 Scripturas,
1688 1383 1737 1411 vel
1760 1391 1857 1415 Qualiter

966 1428 1068 1462 spiritu
1089 1428 1220 1463 maligno
1237 1429 1378 1456 suadente
1399 1429 1438 1456 ad
1458 1429 1683 1464 decipiendum,
1705 1432 1736 1457 ut
1750 1424 1856 1474 ξξζίῧξξῒίζ

965 1473 996 1500 111
1010 1474 1151 1501 haereticis
1172 1477 1303 1509 constat3
1325 1475 1373 1513 vel
1394 1475 1496 1510 spiritu
1513 1476 1644 1503 humano
1660 1483 1735 1510 prae-
1751 1486 1836 1510 pturas.

965 1522 1112 1555 sumente,
1135 1522 1166 1547 ut
1191 1523 1303 1548 constat
1327 1521 1358 1548 in
1381 1521 1562 1556 sapientibus
1581 1522 1702 1556 mundi,
1718 1530 1736 1550 a

965 1566 1074 1601 quibus
1095 1568 1169 1594 Deus
1192 1567 1347 1594 abscondit
1371 1569 1480 1595 secreta
1503 1568 1734 1603 Scripturarum;

964 1612 1012 1639 vel
1027 1613 1134 1648 Spiritu
1154 1613 1255 1640 divino
1274 1613 1423 1641 revelante
1438 1614 1468 1640 in
1482 1613 1593 1641 lumine
1607 1614 1678 1641 fidei
1688 1615 1711 1631 '2³
1726 1623 1734 1642 :

968 1668 981 1684 α
996 1658 1116 1694 Spiritus
1128 1659 1207 1687 enim
1219 1659 1318 1687 omnia
1331 1662 1475 1688 scrutatur
1485 1660 1574 1688 etiam
1587 1660 1737 1696 profunda

964 1705 1014 1732 Dei
1031 1714 1036 1732 :
1048 1716 1061 1730 »
1080 1707 1108 1732 et
1121 1706 1176 1733 isto
1190 1706 1282 1733 modo
1295 1708 1362 1734 sunt
1376 1707 1528 1742 Scripturas
1543 1708 1707 1735 scrutandae
1719 1716 1736 1735 a

963 1751 1112 1779 fidelibus.
1129 1753 1160 1779 Et
1174 1753 1254 1787 patet
1269 1760 1305 1779 ex
1319 1752 1402 1780 dictis
1423 1753 1638 1789 Scripturarum
1651 1754 1736 1781 nobi-

963 1797 1045 1832 litas,
1061 1798 1131 1833 quia
1150 1798 1187 1825 de
1207 1798 1318 1826 Christo
1343 1799 1498 1834 perhibent
1518 1799 1734 1835 testimonium;

965 1846 992 1871 et
1017 1846 1096 1879 patet
1116 1852 1217 1872 earum
1239 1844 1439 1880 profunditas,
1465 1848 1493 1873 et
1515 1845 1597 1873 modi
1618 1845 1736 1873 investi-

964 1890 1054 1924 gandi
1069 1890 1212 1926 qualitas,
1227 1899 1293 1926 quae
1308 1890 1368 1918 duo
1383 1893 1521 1919 notantur
1534 1892 1565 1918 in
1580 1892 1637 1919 hoc
1652 1891 1735 1927 quod

963 1937 1020 1964 ait:
1036 1937 1218 1970 Scrutamini,
1233 1937 1303 1972 quia
1315 1937 1477 1972 quemdam
1486 1937 1655 1965 thesaurum
1667 1945 1735 1965 con-

963 1983 1054 2010 tinent
1082 1983 1112 2010 in
1137 1983 1302 2018 profundo,
1330 1985 1362 2011 ut
1389 1983 1429 2011 ait
1456 1984 1679 2019 chrysostomus
1701 1984 1733 2011 2⁸.

963 2030 985 2046 2⁵
1002 2039 1015 2055 α
1029 2029 1056 2056 Si
1072 2029 1220 2064 quaesieris
1235 2036 1301 2056 eam
1309 2049 1318 2063 ,
1339 2029 1423 2064 quasi
1437 2030 1605 2065 pecuniam,
1619 2032 1647 2057 et
1663 2030 1734 2057 effo-

964 2076 1041 2104 deris
1053 2077 1084 2112 (e)
1094 2077 1166 2104 sicut
1175 2076 1354 2110 thesaurum,
1365 2078 1434 2103 tunc
1444 2076 1588 2111 intelliges
1597 2077 1733 2104 timorem

962 2123 1087 2150 Domini.
1099 2133 1111 2149 u
1131 2124 1200 2150 item
1214 2124 1292 2158 patet
1310 2122 1340 2150 in
1356 2122 1420 2150 aliis
1434 2122 1542 2150 utilitas
1560 2123 1636 2150 bene
1651 2124 1733 2150 uten-

961 2169 1053 2203 tibus,
1068 2169 1138 2204 quia
1152 2177 1205 2204 per
1218 2169 1301 2196 illam
1316 2171 1357 2196 est
1370 2169 1470 2196 venire
1489 2169 1528 2197 ad
1547 2169 1637 2197 vitam
1650 2171 1733 2196 eeter-

962 2223 1032 2243 nam
1046 2215 1067 2232 2⁶
1085 2224 1091 2242 :
1112 2225 1125 2240 α
1139 2217 1240 2242 Beatus
1254 2215 1346 2242 hoino
1365 2215 1415 2251 qui
1430 2216 1512 2243 audit
1526 2223 1583 2243 me.
1601 2225 1614 2241 »
1638 2217 1671 2243 Et
1690 2223 1733 2242 se-

963 2262 1061 2297 quitur
1076 2270 1082 2288 z
1102 2271 1115 2287 α
1130 2262 1185 2294 Qui
1201 2269 1249 2289 me
1266 2262 1427 2296 invenerit,
1451 2261 1580 2289 inveniet
1602 2261 1699 2289 vitam.
1716 2271 1730 2288 ι)

963 2309 994 2335 Et
1006 2308 1080 2335 sicut
1094 2309 1160 2335 tunc
1174 2308 1228 2334 fuit
1242 2308 1279 2335 de
1293 2308 1413 2341 Judaeis,
1429 2307 1511 2343 quod
1527 2307 1734 2335 existimabant

961 2353 1071 2382 habere
1087 2362 1117 2381 se
1132 2353 1223 2381 vitam
1237 2354 1268 2380 in
1279 2353 1444 2389 Scripturis,
1460 2355 1595 2381 ettamen
1609 2361 1670 2381 non
1684 2361 1734 2381 ve-

962 2400 1082 2428 niebant
1096 2400 1134 2428 ad
1149 2400 1311 2433 Christum,
1334 2401 1365 2427 ut
1384 2399 1528 2427 haberent
1547 2399 1638 2428 vitam
1652 2402 1734 2428 aeter-

964 2469 980 2482 ¹⁴
996 2468 1073 2498 Rom„
1090 2469 1174 2497 11,13.
1188 2480 1219 2485 --
1236 2468 1256 2484 ¹⁵
1271 2468 1290 2491 ΙΙ
1309 2467 1377 2497 Cor„
1394 2473 1441 2498 111,
1456 2469 1480 2491 6.
1497 2480 1528 2486 -·
1542 2468 1562 2484 ¹⁵
1576 2468 1634 2499 Ins„
1652 2469 1690 2492 46.
1703 2481 1734 2486 -

964 2505 980 2519 ¹⁷
995 2504 1059 2531 Act„
1077 2509 1103 2533 x,
1119 2504 1157 2527 45³.
1171 2516 1201 2520 —
1219 2502 1239 2519 ¹¹³
1255 2502 1311 2532 tuf..
1332 2508 1386 2533 mx,
1401 2504 1440 2527 35.
1455 2515 1486 2521 -
1503 2504 1521 2518 ¹⁰
1540 2504 1613 2534 sup„
1633 2509 1672 2533 111,
1693 2504 1732 2527 36.

962 2551 992 2557 —
1006 2539 1025 2552 ²³
1040 2539 1112 2568 Sup.,
1127 2539 1165 2562 26.
1181 2550 1211 2556 —·
1225 2538 1243 2553 ²¹
1259 2538 1343 2568 Prov„
1359 2544 1419 2568 xxv,
1432 2539 1470 2562 27.
1482 2552 1513 2556 —
1527 2539 1546 2553 ²²
1558 2539 1619 2569 lsa„
1634 2544 1677 2568 XL,
1692 2539 1731 2562 23.

964 2587 990 2591 -
1017 2574 1036 2589 ²⁸
1059 2574 1064 2596 Ι
1092 2573 1160 2602 Cor..
1184 2578 1218 2602 11,
1243 2574 1279 2596 10.
1304 2586 1331 2590 —
1354 2573 1375 2589 ²⁶
1396 2573 1536 2604 Chrysost.‚
1561 2574 1604 2597 ubi
1628 2580 1684 2603 sup.
1704 2585 1731 2589 —-

963 2609 982 2623 ²⁶
998 2609 1080 2637 Proin,
1107 2614 1134 2638 11,
1156 2609 1180 2631 4.
1194 2620 1223 2625 —
1238 2607 1257 2621 ²⁵
1272 2607 1345 2638 ibid„
1361 2614 1422 2639 viu,
1438 2610 1466 2632 34
1478 2626 1484 2638 ,
1500 2610 1538 2633 35.
1553 2622 1584 2626 —
1601 2608 1637 2639 (a)
1659 2607 1732 2637 Vulq.

963 2646 1091 2667 Serum-e.
1102 2656 1132 2660 —
1147 2642 1180 2673 (b)
1198 2643 1258 2666 Coet.
1274 2642 1333 2667 edit.
1346 2643 1411 2667 deest
1426 2644 1565 2674 quaerendi.
1582 2656 1608 2661 —
1627 2643 1656 2673 (c)
1672 2642 1732 2666 Coet.

962 2680 1021 2703 edit.
1033 2681 1125 2702 tam.-
1134 2678 1169 2708 ((1)
1178 2678 1303 2709 Le9.ipsae
1311 2678 1402 2703 sint.--
1413 2679 1444 2710 (e)
1457 2679 1515 2704 Coet.
1527 2679 1585 2703 edit.
1596 2677 1733 2703 effodieris.

1577 2725 1615 2753 22
