1987 3032
227 228 265 256 34
773 223 981 255 EVANGELll
1005 222 1142 254 SANCTI
1165 223 1277 255 LUCAE

225 291 317 329 dum,
331 291 387 331 qui
401 293 476 322 sunt
485 291 606 322 similes
619 291 681 321 illis
695 291 856 330 gentibus,
874 290 912 320 de
925 290 993 329 qui-

224 343 284 374 bus
298 343 451 375 dicitur¹:
473 356 487 373 «
504 344 601 375 Erant
623 346 733 383 gentes
756 344 902 373 timentes
923 342 995 382 qui-

224 397 296 428 dem
326 398 513 436 Dominum,
538 399 591 429 sed
615 398 821 428 nihilominus
845 399 876 426 et
905 396 995 426 idolis

224 451 289 480 suis
315 451 498 482 servientes.
519 463 532 479 n
565 451 679 481 Contra
706 459 784 489 quos
811 449 925 478 dicitur
950 449 960 464 ²
987 459 993 464 ·

231 514 245 531 a
257 504 346 533 Veste
362 513 433 543 quae
450 514 489 534 ex
500 504 624 534 duobus
640 505 725 533 texta
736 504 793 538 est,
809 510 873 531 non
888 501 996 531 indue-

225 556 304 586 ris.»
322 556 435 587 Contra
449 565 528 596 quos
544 556 651 586 itidem
665 556 717 585 hic
732 554 873 594 loquitur
888 554 994 584 Domi-

224 617 296 638 nus„
314 608 468 639 Etcontra
484 609 559 639 tales
573 608 887 646 dicitllie1·onymus·³
900 616 928 637 :a
940 607 997 637 lm-

224 661 370 699 possibile
393 664 438 691 est
458 663 493 691 ut
515 661 726 701 praesentibus
746 663 777 691 et
796 660 911 690 futuris
926 660 997 699 quis

224 714 348 744 fruatur
366 714 475 752 bouis,
493 716 529 745 ut
548 715 599 745 hic
616 716 777 751 ventrem,
794 714 835 743 ibi
858 716 995 744 mentem

225 767 351 807 impleat
361 791 371 806 ,
387 770 423 798 ut
437 768 475 798 de
494 768 613 798 deliciis
635 768 672 798 ad
692 768 818 798 delicias
835 769 994 797 transeat:

225 822 261 850 ut
275 820 326 850 hic
341 830 414 851 cum
429 820 546 851 saeculo
561 820 716 860 gaudeat,
733 822 763 850 et
779 820 821 850 ibi
842 829 915 850 cum
936 819 997 849 Deo

224 875 361 912 regnet:
384 876 421 904 ut
442 874 475 903 in
498 876 633 913 utroque
653 873 768 904 saeculo
794 873 936 912 primus,
963 872 997 902 in

223 925 301 956 coelo
313 928 343 956 et
358 926 391 956 in
409 928 493 956 terra
508 928 658 966 appareat
672 926 843 965 gloriosus.
858 936 871 953 »

262 980 311 1008 14.
341 979 523 1010 Auclz'ebcmt
549 984 656 1010 aulem
684 980 793 1010 omnia
824 979 890 1009 lzoec
901 1003 910 1017 ‚
936 981 995 1009 etc.

222 1032 294 1062 Post
309 1032 535 1063 documentum
549 1033 790 1064 inl'ormativum
804 1032 977 1063 humilium
987 1056 994 1070 ,

222 1085 367 1115 subditur
395 1085 622 1116 documentum
651 1086 865 1125 repressivum
896 1085 996 1116 rebel-

221 1137 312 1168 lium.
330 1137 368 1167 Et
383 1138 456 1178 quia
471 1138 622 1170 Pharisaei
639 1140 769 1170 rebelles
785 1141 875 1169 erant
887 1139 998 1169 doctri-

222 1200 272 1221 nae
290 1191 422 1229 Christi,
442 1195 568 1232 propter
593 1193 760 1223 elationem
783 1202 880 1232 quam
900 1193 997 1223 habe-

222 1244 299 1274 bant
314 1244 352 1274 de
367 1245 501 1283 meritis;
519 1248 549 1276 et
565 1246 641 1285 quia
656 1246 725 1276 hcec
743 1246 835 1276 elatio
851 1246 999 1277 veniebat

223 1305 263 1327 ex
279 1297 406 1327 litterali
423 1298 627 1328 observantia
642 1298 744 1337 legis,
761 1299 830 1329 ideo
846 1308 919 1338 pars
940 1299 998 1329 ista

222 1350 318 1380 habet
333 1350 411 1380 duas
426 1352 548 1390 partes,
565 1352 598 1381 in
614 1360 752 1391 quarum
768 1352 871 1391 prima
886 1352 997 1382 descri-

222 1403 309 1433 bitur
320 1403 472 1443 repressio
487 1404 682 1442 arrogantiae
698 1404 936 1434 Pharisaeorum
945 1415 952 1441 ;
966 1404 998 1434 in

224 1455 360 1486 secunda
385 1465 461 1486 vero
485 1457 649 1487 evacuatio
674 1457 882 1487 observantiae
910 1456 998 1495 lega·

226 1507 306 1538 lium
326 1511 573 1548 praaeceptorum,
591 1509 655 1539 ibi*
671 1520 678 1540 ι
698 1510 764 1540 Lex
784 1513 813 1539 et
838 1509 1000 1549 Prophetes

225 1569 325 1600 usque
340 1561 384 1591 ad
394 1562 562 1600 loannem,
577 1564 612 1592 ut
627 1562 671 1592 sic
685 1571 726 1593 ex
738 1563 917 1593 ostensione
931 1571 1001 1592 eva-

227 1614 379 1644 cuationis
400 1614 481 1653 legis
502 1615 665 1645 auferatur
686 1615 790 1645 inanis
813 1615 959 1654 gloriatio
983 1624 1002 1644 a

227 1665 407 1698 Pharisaeis.

268 1719 375 1750 Primo
392 1720 493 1758 igitur
507 1721 663 1759 repressio
678 1721 872 1760 arrogantiae
889 1721 1000 1751 Phari-

228 1781 367 1802 saeorum
383 1772 571 1802 describitur
585 1782 641 1812 per
656 1774 743 1803 hunc
756 1774 885 1804 modum
898 1784 903 1804 ι
924 1782 1004 1812 prae-

229 1825 365 1855 mittitur
379 1826 465 1856 enim
484 1826 718 1857 Pharisaeorum
734 1827 878 1865 rebellio,
897 1827 1003 1857 subdi-

228 1880 281 1908 tur
302 1879 482 1910 rebellionis
503 1880 721 1918 reprehensio,
743 1882 772 1910 et
794 1880 1004 1919 subjungitur

229 1933 485 1971 reprehensionis
495 1934 587 1964 ratio.
601 1932 707 1963 Primo
720 1933 832 1971 igitur,
849 1935 1004 1971 quantum

233 1985 271 2015 ad
287 1984 522 2016 Pharisaeorum
535 1986 755 2023 rebellionem,
771 1996 835 2025 qua
845 1986 1005 2015 Christum

230 2038 426 2074 deridebant,
438 2039 554 2069 dicitur
566 2038 760 2070 :Azcdz'ebant
776 2043 881 2069 aulem
897 2039 1006 2068 omnia

231 2091 297 2122 hoec
312 2091 470 2122 Pharisaei
483 2093 540 2132 qui
554 2096 645 2122 erant
660 2092 763 2129 (wari,
780 2095 809 2121 et
823 2091 1009 2121 deridebant

232 2154 316 2175 eum.
334 2144 523 2175 Deridebaut
538 2147 645 2175 autem
665 2154 755 2181 eum,
780 2147 931 2183 tanquam
953 2153 1007 2174 su-

231 2197 337 2236 perbi,
355 2197 393 2228 de
407 2198 513 2228 verbis
528 2198 754 2237 simplicitatis,
771 2197 946 2227 secundum
968 2196 1006 2226 il-

231 2249 328 2280 lud⁵z
348 2262 362 2278 «
379 2250 540 2281 Deridetur
560 2251 640 2290 Justi
665 2250 866 2290 simplicitas;
888 2249 1009 2288 lampas

233 2304 414 2341 contempta
430 2303 513 2342 apud
534 2303 741 2342 cogitationes
759 2303 906 2333 divitum.
921 2313 935 2330 n
953 2302 1009 2333 Vel

233 2355 312 2384 sicut
327 2355 428 2385 stolidi
443 2355 481 2384 de
495 2356 632 2385 consiliis
648 2355 793 2386 utilitatis
804 2359 813 2374 ὃ
828 2366 834 2385 z
858 2367 871 2384 «
889 2355 1009 2386 Stultus

234 2406 342 2436 irridet
355 2407 551 2446 disciplinam
567 2408 663 2446 patris
680 2408 745 2445 sui,
761 2419 775 2436 1)
801 2410 860 2438 etc.
885 2407 939 2438 Vel
967 2408 1010 2438 si-

234 2462 287 2490 cut
309 2459 424 2499 stupidi
448 2459 485 2489 de
507 2460 634 2489 monitis
661 2461 802 2499 pietatis,
831 2460 1008 2490 secundum

234 2511 313 2542 illud
328 2515 360 2541 ⁷:
390 2511 519 2542 «Furor
543 2512 604 2541 illis
625 2513 799 2543 secundum
825 2513 1009 2543 similitudi-

234 2573 309 2595 nem
324 2565 492 2604 serpentis,
509 2564 587 2595 sicut
603 2565 720 2604 aspidis
736 2566 840 2596 surdae
862 2569 892 2597 et
914 2566 1008 2596 obtu-

266 2645 272 2657 “
290 2644 319 2668 lV
334 2645 401 2675 neq„
417 2650 480 2673 xvn,
494 2645 572 2668 41.-
587 2644 595 2658 ²
608 2644 694 2673 Lenit„
708 2650 763 2675 xix,
780 2646 854 2669 19.——
868 2647 876 2659 ¹⁵
892 2645 1008 2675 Hieron„

234 2678 260 2701 in
274 2679 330 2709 Ray.
354 2678 465 2703 Monaclc.
480 2691 510 2697 —
533 2680 541 2692 ⁴
559 2679 616 2709 luiz,
632 2686 657 2702 v.
675 2680 711 2703 16.
726 2692 756 2697 -—
773 2681 782 2697 ⁶
796 2680 856 2711 lob,
870 2686 921 2711 x11,
938 2682 959 2704 4.
978 2692 1008 2698 —

1052 290 1150 320 rantis
1165 299 1257 321 aures
1272 299 1356 322 suas.
1368 302 1383 319 »
1402 291 1488 322 Unde
1504 291 1611 322 Glossa
1625 302 1631 321 :
1653 302 1667 319 ιι
1683 290 1729 320 [lli
1745 297 1824 329 prae-

1052 345 1212 382 ceptorcm
1230 343 1453 375 misericordiae
1472 346 1501 375 et
1514 343 1702 375 humilitatis
1715 344 1745 372 et
1757 351 1825 382 par-

1053 397 1197 427 cimoniae
1226 397 1368 428 derident
1383 422 1391 435 ,
1423 398 1512 437 quasi
1544 398 1650 428 minus
1678 396 1768 427 utilia
1794 396 1826 426 et

1053 460 1217 490 nunquam
1233 452 1371 482 facienda
1388 452 1503 483 noxius
1520 452 1691 491 imperet.»
1710 449 1766 480 Vel
1781 449 1825 480 si-

1053 505 1105 533 cut
1129 504 1233 543 cupidi
1253 505 1395 535 derident
1416 505 1454 535 de
1474 505 1620 535 laudibus
1642 503 1822 542 largitat1s;

1054 556 1137 586 unde
1151 556 1259 587 Glossa
1273 567 1281 588 :
1301 569 1314 586 «
1325 557 1526 595 Deridehant,
1542 557 1754 596 intelligentes
1769 555 1825 586 sci-

1052 609 1124 639 licet
1140 610 1321 649 parabolam
1335 611 1487 641 adversus
1503 620 1536 641 se
1554 610 1688 646 dictam,
1704 611 1735 640 et
1755 618 1823 640 car·

1053 662 1150 701 nalia,
1171 663 1262 702 quasi
1273 664 1452 702 praesentia,
1464 663 1580 694 futuris
1595 662 1824 702 spiritualibus,

1053 715 1145 755 quasi
1175 715 1320 752 incertis,
1353 718 1583 756 praeponentes.
1618 715 1656 746 Et
1687 715 1749 745 hoc
1781 716 1828 744 est

1053 768 1138 807 quod
1158 768 1271 799 dicitur
1286 771 1296 786 ⁸
1314 778 1322 799 ε
1343 768 1443 799 «Non
1461 769 1572 808 recipit
1594 767 1709 798 stultus
1729 767 1828 798 verba

1053 821 1246 860 prudentiae,
1265 822 1324 851 nisi
1340 831 1377 852 ea
1392 821 1509 852 dixeris
1525 830 1598 861 quae
1612 822 1779 852 versantur
1793 820 1827 851 in

1054 874 1145 904 corde
1161 875 1242 912 ejus.
1255 885 1269 902 n
1292 874 1346 905 Vel
1365 875 1446 905 sicut
1467 873 1658 913 legisperiti,
1680 873 1718 903 de
1739 882 1827 904 com-

1054 927 1309 958 mendationibus
1336 927 1543 967 paupertatis;
1573 926 1658 957 unde
1684 926 1791 957 Glossa
1816 937 1823 956 :

1057 991 1072 1007 <‹
1088 979 1289 1019 Disputantes
1305 983 1413 1010 contra
1428 980 1659 1020 philargyriam
1670 1003 1679 1017 ‚
1703 978 1825 1009 deride-

1054 1032 1130 1062 bant
1151 1033 1242 1072 quasi
1264 1033 1461 1064 contrarium
1485 1032 1562 1072 Legi
1588 1034 1618 1062 et
1642 1031 1825 1071 Prophetis,

1054 1095 1127 1117 cum
1143 1086 1174 1116 in
1190 1085 1275 1125 Lege
1296 1086 1387 1116 multi
1407 1086 1521 1116 divites
1545 1085 1606 1115 Deo
1631 1084 1826 1124 placuerint,

1054 1143 1171 1169 etcum
1186 1138 1250 1168 Lex
1271 1138 1337 1169 suis
1360 1138 1618 1169 observatoribus
1634 1137 1718 1167 bona
1734 1139 1827 1167 terrae

1054 1192 1254 1230 promittat.»
1274 1191 1361 1222 Unde
1374 1191 1508 1222 dicitur⁹
1527 1201 1534 1221 :
1555 1190 1644 1227 «Qui
1660 1189 1764 1220 erudit
1777 1189 1828 1220 de-

1054 1244 1186 1275 risorem
1197 1269 1204 1282 ,
1222 1245 1287 1283 ipse
1303 1244 1456 1283 injuriam
1471 1244 1530 1274 sibi
1547 1244 1619 1274 facit
1636 1254 1644 1273 .·
1661 1245 1691 1273 et
1705 1242 1760 1282 qui
1775 1251 1829 1272 ar-

1055 1297 1126 1335 guit
1148 1297 1298 1337 impium,
1319 1297 1378 1327 sibi
1403 1297 1561 1327 maculam
1587 1298 1732 1335 generat.
1747 1305 1762 1323 ι)
1788 1294 1826 1325 Et

1055 1349 1115 1380 hoc
1138 1351 1240 1380 toturn
1265 1350 1413 1380 veniebat
1434 1359 1474 1380 ex
1496 1349 1668 1380 rebellione
1690 1347 1829 1388 quadam

1055 1402 1136 1432 elata
1152 1405 1183 1433 et
1196 1402 1319 1433 stolida.

1097 1455 1254 1493 Secundo,
1267 1457 1423 1495 quantum
1434 1454 1472 1485 ad
1485 1455 1651 1485 rebellium
1662 1454 1829 1493 reprehen-

1057 1509 1190 1546 sionem,
1203 1517 1266 1547 qua
1281 1507 1422 1538 Christus
1437 1516 1548 1538 eorum
1561 1507 1768 1547 supercilium
1780 1508 1830 1538 de-

1056 1562 1229 1601 primebat,
1253 1562 1399 1591 subditur
1422 1562 1471 1598 (v.
1490 1560 1543 1600 15)
1569 1571 1575 1590 :
1604 1560 1650 1592 Et
1667 1560 1714 1590 ait
1736 1560 1798 1590 illis
1821 1571 1827 1590 :

1064 1615 1121 1646 Vos
1136 1615 1207 1645 estis
1217 1638 1226 1652 ‚
1242 1614 1488 1654 qw'justlficatis
1498 1622 1553 1643 vos
1568 1622 1678 1643 coram
1692 1612 1829 1643 homini-

1058 1667 1132 1705 bus,
1149 1677 1205 1706 per
1223 1667 1464 1697 ostentationem
1476 1666 1607 1706 justitia?
1622 1668 1752 1704 vestrae,
1768 1674 1831 1705 qua

1057 1729 1114 1750 vos
1142 1720 1226 1759 ipsos
1251 1721 1356 1759 justos
1383 1719 1536 1758 reputatis
1553 1719 1574 1737 ¹⁰
1594 1729 1600 1749 :
1618 1718 1832 1757 «Ignorantes

1054 1773 1212 1811 justitiam
1227 1773 1296 1809 Dei,
1315 1775 1345 1803 et
1364 1781 1456 1802 suam
1477 1774 1655 1811 quaerentes
1674 1773 1828 1809 statuere,

1055 1825 1185 1865 justiliae
1202 1825 1254 1855 Dei
1268 1834 1332 1856 non
1348 1827 1421 1855 sunt
1436 1824 1606 1863 subJecti3»
1621 1826 1652 1854 et
1661 1833 1724 1864 qua
1736 1824 1831 1854 etiam

1055 1882 1160 1919 ⁸iustos
1178 1890 1235 1910 vos
1255 1880 1357 1910 dicitis
1369 1904 1376 1917 ,
1396 1882 1504 1910 contra
1524 1879 1601 1909 illud
1613 1882 1634 1899 ¹¹
1651 1889 1678 1909 z«
1692 1878 1725 1909 Si
1737 1878 1832 1918 justi-

1059 1925 1153 1963 ficare
1174 1943 1225 1963 me
1249 1933 1398 1971 voluero,
1426 1942 1460 1963 os
1483 1941 1591 1962 meum
1613 1930 1834 1962 condemnabit

1060 1995 1130 2016 me:
1151 1986 1175 2015 si
1194 1986 1393 2016 innocentem
1415 1985 1597 2022 ostendero,
1622 1993 1759 2024 pravum
1781 1992 1833 2014 me

1061 2038 1292 2078 comprobabit;
1315 2049 1328 2066 n
1346 2047 1409 2077 qua
1430 2037 1524 2068 eliam
1543 2038 1648 2075 ‚iustos
1668 2045 1725 2067 vos
1744 2038 1831 2067 exte-

1060 2091 1129 2122 rius
1145 2091 1356 2130 praetenditis,
1374 2092 1483 2120 contra
1497 2089 1574 2119 illud
1591 2090 1613 2106 ¹²
1630 2100 1636 2118 :
1653 2089 1834 2119 «Attendite

1061 2153 1101 2174 ne
1113 2144 1270 2182 justitiam
1287 2145 1426 2174 vestram
1440 2141 1559 2172 faciatis
1574 2150 1681 2171 coram
1696 2140 1833 2171 homini-

1062 2197 1137 2234 bus,
1155 2198 1191 2226 ut
1207 2195 1378 2226 videamini
1393 2195 1432 2225 ab
1455 2194 1512 2224 eis.
1524 2204 1538 2222 ›>
1557 2193 1595 2224 Et
1613 2194 1764 2233 quoniam
1784 2195 1831 2223 ta-

1062 2250 1101 2279 tis
1113 2249 1297 2288 jiistificatio
1309 2248 1392 2288 parit
1402 2247 1539 2287 culpam,
1552 2247 1622 2277 ideo
1631 2246 1733 2277 addit:
1748 2247 1833 2277 Deus

1063 2306 1170 2332 autem
1185 2304 1274 2331 novit
1288 2300 1384 2331 corda
1398 2303 1512 2336 vestra,
1528 2307 1584 2338 per
1594 2298 1833 2329 detestationem

1063 2355 1218 2394 superbiae
1234 2365 1240 2383 z
1258 2353 1342 2384 unde
1367 2362 1432 2383 non
1456 2352 1543 2382 novit
1565 2351 1603 2381 ad
1624 2351 1832 2391 comproban-

1063 2408 1140 2437 dum
1153 2432 1162 2445 ,
1179 2408 1231 2438 sed
1247 2407 1284 2437 ad
1298 2406 1506 2446 ‘iudicandum
1518 2405 1538 2421 ¹³
1559 2414 1589 2434 z«
1602 2404 1752 2434 Excelsus
1770 2403 1830 2434 Do-

1064 2460 1188 2497 minus,
1204 2462 1235 2489 et
1248 2458 1384 2489 humilia
1403 2457 1542 2496 respicit,
1564 2459 1594 2486 et
1611 2456 1673 2485 alla
1691 2464 1710 2485 a
1734 2455 1832 2493 longe

1064 2511 1238 2550 cognoscit.
1252 2521 1266 2538 >³
1284 2510 1371 2540 Unde
1384 2509 1530 2540 (11011111-μ
1543 2519 1571 2538 :a
1582 2508 1697 2537 Omnes
1707 2507 1768 2538 via:
1779 2507 1832 2537 ho-

1065 2575 1073 2588 6
1088 2574 1170 2601 Prota,
1185 2579 1227 2603 xv,
1245 2574 1267 2596 5.
1283 2586 1313 2590 —
1328 2573 1335 2587 ⁷
1351 2572 1419 2597 Psnl.
1438 2577 1500 2601 un,
1516 2573 1538 2595 ὕ.
1553 2583 1583 2588 -
1597 2570 1607 2586 ⁸
1622 2570 1704 2598 prou„
1718 2575 1792 2600 xvm,
1808 2571 1831 2593 2.

1063 2622 1094 2626 —
1109 2610 1117 2623 ⁹
1134 2608 1260 2639 1bid.,1x,
1276 2609 1299 2631 7.
1311 2621 1338 2625 —-
1358 2609 1374 2622 ¹·
1389 2609 1466 2637 Rom„
1483 2612 1508 2636 x,
1523 2608 1546 2630 3.
1559 2619 1590 2624 -
1603 2607 1620 2619 ¹¹
1634 2604 1687 2635 Job,
1701 2611 1738 2634 ix,
1752 2606 1789 2628 20.
1801 2617 1833 2623 -—

1066 2644 1084 2659 ¹2
1096 2644 1197 2675 Mutila,
1213 2649 1252 2674 ri,
1273 2646 1294 2667 1.
1310 2656 1340 2661 -
1360 2643 1380 2660 ¹³
1398 2643 1464 2667 Psal.
1481 2647 1601 2671 cxxxvn,
1618 2642 1641 2664 6.
1661 2653 1688 2658 -
1712 2641 1730 2657 ¹⁴
1749 2641 1831 2669 Prov„

1064 2685 1118 2709 xvr,
1132 2680 1155 2702 Ξ.
