1987 3032
204 233 263 262 212

205 296 279 335 ciat,
292 297 320 327 si
329 296 379 328 hic
389 300 434 328 est
445 296 583 328 Christus
594 298 654 329 Dei
662 297 786 328 electus.
804 296 935 335 Sapiens
946 296 953 312 ¹
965 305 972 325 :

209 360 225 378 α
239 349 410 381 Tentemus
430 360 502 390 quae
522 353 657 382 ventura
672 352 745 381 sunt
762 350 805 380 illi
823 361 829 379 :
848 349 873 379 si
889 349 974 379 enim

204 404 253 433 est
271 412 366 434 verus
380 404 465 434 filius
480 404 551 441 Dei,
569 403 716 443 suscipiet
732 403 833 440 illum,
855 404 885 433 et
901 402 971 432 libe<

204 455 286 486 rabit
296 456 385 486 illum
399 456 437 486 de
452 465 549 486 manu
566 456 809 486 contrariorum.
825 466 839 483 ι)
853 455 914 486 Nec
928 464 975 485 so—

203 507 271 539 lum
284 508 352 539 haec
367 509 520 546 dicebant,
537 509 601 539 imo
617 509 834 548 multipliciter
845 508 973 538 insulta-

203 560 290 592 bant.
308 561 396 591 Unde
411 561 443 591 in
453 561 603 592 Matthoeo
618 563 657 600 (a)
673 562 684 579 ²
700 571 729 592 :«
745 561 974 592 Praetereuntes

204 615 311 644 autem
322 613 585 653 blasphemabant
599 623 685 652 eum,
695 616 858 645 moventes
872 614 974 653 capita

203 672 282 701 suae,
299 664 330 694 et
344 663 483 694 dicentes
500 675 506 694 ε
520 664 587 695 Vah
599 665 653 704 qui
668 664 803 695 destruis
818 663 973 703 templum

201 716 266 754 Dei,
280 718 311 746 et
325 717 358 747 in
369 717 472 747 triduo
487 717 564 748 illud
581 717 754 748 reaedificas
770 728 777 748 :
790 717 909 748 salvate
925 717 972 756 ip-

200 778 284 800 sum.
295 780 309 798 n
324 768 389 799 IIoc
401 769 544 800 dicebant
552 771 735 810 populares3
751 770 805 800 sed
816 771 973 809 principes

199 821 302 852 adhuc
317 822 514 854 malitiosius
540 822 628 854 vUnde
649 823 679 853 in
706 823 858 855 Matthoeo
881 824 920 861 (a)
937 823 970 852 ³:

204 885 219 902 α
233 874 320 904 Alios
336 875 440 905 salvos
460 875 548 913 fecit;
565 876 706 915 seipsum
719 885 784 906 non
799 878 899 916 potest
910 875 971 906 sal-

199 935 279 958 vum
290 927 401 958 facere.
413 927 445 958 Si
457 936 514 958 rex
524 927 618 958 Israel
631 931 688 966 est,
705 929 872 960 descendat
886 937 972 959 nunc

198 979 237 1010 de
261 989 373 1019 cruce,
397 991 412 1009 ι)
440 982 499 1011 etc.
520 980 623 1020 Super
644 991 708 1021 quo
730 982 909 1013 Bernardus
932 982 941 997 ‘
962 991 969 1012 :

203 1043 218 1061 u
241 1032 320 1070 Quid
342 1037 393 1071 tu,
414 1033 539 1072 Judaee,
560 1034 614 1073 qui
635 1035 734 1074 pridie
757 1036 830 1065 ante
845 1043 971 1065 crucem

198 1085 343 1123 agitabas
360 1089 454 1126 caput
468 1086 679 1125 sacrilegum?
702 1087 759 1126 qui
774 1096 900 1118 sacrum
920 1096 970 1117 ca-

200 1140 259 1177 put
274 1138 387 1169 Christi
402 1139 585 1178 exagitabas
595 1140 784 1179 opprobriis,
797 1140 904 1170 dicens
919 1151 925 1170 z
938 1140 971 1171 Si

198 1190 340 1221 Christus
360 1201 419 1222 rex
439 1191 533 1223 Israel
548 1194 606 1229 est,
627 1193 792 1223 descendat
807 1193 845 1223 de
858 1196 969 1224 cruce?

197 1243 222 1275 Ο
237 1246 378 1275 venefica
398 1245 523 1284 lingua,
547 1245 683 1276 verbum
698 1245 844 1283 malitiae,
867 1254 971 1276 sermo

195 1298 353 1336 nequam!
371 1297 436 1328 Hoc
449 1297 542 1337 plane
557 1299 650 1328 tuum
665 1300 727 1335 est,
744 1298 849 1336 magis
863 1300 971 1328 autem

197 1349 266 1388 ejus
287 1350 343 1389 qui
368 1350 507 1381 mendax
529 1352 576 1381 est
601 1351 640 1381 ab
662 1350 762 1382 initio.
787 1351 867 1388 Quid
885 1351 970 1382 enim

198 1403 420 1442 consequentis
440 1404 476 1442 (b)
495 1403 621 1434 videtur
635 1403 768 1442 habere,
783 1406 819 1434 ut
841 1404 969 1435 descen-

196 1455 261 1492 dat,
270 1455 297 1485 si
309 1464 367 1486 rex
379 1458 436 1494 est,
449 1458 480 1486 et
490 1465 555 1486 non
567 1456 672 1495 magis
686 1457 853 1487 ascendat?
863 1457 873 1473 ⁵
891 1457 969 1495 Imo,

196 1507 273 1546 quia
287 1517 344 1538 rex
359 1508 456 1538 Israel
471 1510 534 1546 est,
548 1508 679 1539 titulum
695 1509 776 1547 regis
799 1518 864 1540 non
882 1510 971 1540 dese-

196 1561 256 1598 rat,
273 1560 402 1599 virgam
420 1560 545 1600 imperii
568 1570 631 1591 non
650 1561 799 1601 deponat,
817 1563 907 1602 cujus
922 1563 970 1592 ni-

197 1612 317 1642 mirum
350 1613 522 1652 imperium
559 1622 654 1653 super
690 1614 863 1645 humerum
889 1616 969 1654 ejus.

196 1664 294 1703 Alios,
306 1665 468 1705 inquiunt,
481 1666 585 1697 salvos
594 1667 677 1704 fecit,
688 1668 828 1706 seipsum
841 1676 906 1698 non
919 1676 972 1707 po-

197 1719 256 1747 test
276 1718 401 1749 salvum
425 1718 539 1749 facere.
563 1718 629 1749 Imo
654 1719 680 1749 si
701 1719 905 1750 descenderet
921 1720 970 1760 (c),

197 1769 359 1801 neminem
378 1770 505 1802 salvum
524 1771 656 1808 faceret;
674 1780 747 1801 cum
767 1772 852 1802 enim
865 1772 972 1803 salvus

197 1831 264 1853 esse
300 1832 366 1854 non
400 1824 497 1863 possit
508 1847 518 1862 ,
550 1824 612 1854 nisi
640 1824 696 1863 qui
722 1824 972 1863 perseveraverit

198 1885 299 1915 usque
321 1877 355 1907 in
368 1877 486 1916 finem,
508 1879 628 1917 quanto
645 1877 752 1908 minus
771 1878 885 1916 poterit
904 1886 972 1908 esse

199 1928 357 1960 Salvator.
373 1941 387 1958 n

239 1982 351 2021 Sexto,
368 1985 523 2022 quantum
536 1983 575 2014 ad
595 1984 811 2014 crudelitatem
831 1984 970 2014 illuden—

199 2035 281 2066 tium
295 2035 533 2074 crucifixorum,
549 2036 697 2075 adJ'ungit
711 2036 752 2075 (v.
767 2038 816 2074 36)
831 2047 837 2066 :
856 2036 971 2067 Illmle-

201 2087 277 2118 bant
291 2092 398 2119 autem
412 2088 442 2118 εἰ
455 2092 485 2119 et
498 2088 625 2119 milites.
645 2088 756 2119 Milites
777 2089 908 2128 quidem
931 2090 969 2119 il-

198 2140 344 2171 luserunt
353 2142 425 2171 ante
435 2141 687 2179 crucifixionem,
699 2141 875 2172 secundum
885 2142 970 2180 quod

199 2193 358 2225 dicitur⁶z
388 2206 402 2223 ι(
423 2194 535 2224 Milites
557 2194 726 2233 plectentes
752 2203 901 2224 coronam
931 2195 970 2224 de

199 2248 313 2286 spinis,
346 2248 566 2287 imposuerunt
593 2246 687 2286 capiti
716 2248 803 2286 ejus;
829 2249 860 2277 et
882 2249 969 2277 veste

200 2308 359 2338 purpurea
369 2299 644 2330 circumdederunt
651 2308 736 2330 eum.
748 2299 785 2329 Et
800 2299 969 2329 veniebant

199 2352 237 2381 ad
247 2361 332 2388 eum,
343 2354 373 2381 et
387 2352 531 2382 dicebant
543 2363 550 2382 ε
564 2352 641 2389 Ave,
654 2361 711 2382 rex
720 2351 921 2389 Judaeorum;
937 2354 968 2382 et

197 2404 487 2444 (labanteialapas.»
498 2405 544 2435 Ex
554 2414 616 2444 quo
627 2405 720 2435 etiam
730 2406 859 2444 apparet
870 2404 965 2443 quod,

197 2456 372 2487 secundum
388 2456 504 2487 Lucam
516 2481 523 2494 ,
546 2458 686 2488 Christus
701 2460 748 2487 ter
762 2457 873 2487 illusus
888 2457 964 2494 fuit,

196 2509 311 2540 scilicet
334 2509 367 2539 in
392 2509 485 2539 domo
509 2510 678 2548 pontificis,
695 2515 723 2540 et
743 2511 775 2539 in
798 2510 966 2549 praesentia

227 2571 314 2601 ’δίψη
327 2576 355 2598 11,
368 2570 448 2593 17-18.
466 2582 492 2586 —
509 2570 623 2595 2ΜιιίΙΙι.,
639 2576 721 2599 xxvii,
734 2572 814 2593 321-110.
827 2584 856 2588 —
866 2570 876 2586 ³
893 2570 965 2600 ibid„

194 2606 232 2628 42.
245 2619 276 2623 -
290 2606 299 2619 ⁴
315 2606 401 2634 Rern„
417 2606 441 2627 ιή
457 2604 497 2627 (lie
512 2606 595 2627 sancto
612 2604 706 2632 Pasch..
723 2612 799 2628 serm.
819 2610 835 2635 1,
854 2612 880 2628 n.
899 2607 919 2628 1.
934 2618 965 2623 —

194 2639 293 2670 811)ῑ(1.,
308 2647 334 2663 n,
355 2641 377 2663 2,
397 2652 427 2657 —
441 2640 451 2655 6
468 2639 547 2665 doun„
567 2644 620 2667 xlx,
638 2640 689 2662 2-3.
709 2653 735 2656 —
753 2639 762 2655 ⁷
780 2639 818 2662 Isu
832 2658 839 2669 ‚
860 2645 877 2669 1,
898 2641 919 2663 2.
933 2652 964 2657 —

194 2674 204 2690 ⁸
215 2675 288 2705 ibid„
303 2676 438 2705 LV11,4.—
452 2675 461 2688 ⁹
476 2674 577 2702 Mami„
593 2679 674 2703 xxvu,
688 2676 725 2697 34.
742 2688 771 2692 —
785 2676 805 2691 1⁰
815 2676 904 2704 Mat-c„
917 2680 960 2704 xv,

752 228 964 261 EVANGELII
986 227 1125 260 SANCTI
1148 227 1258 260 LUCAE

1030 295 1178 334 HerodiS,
1211 298 1242 326 et
1266 305 1363 327 nunc.
1396 297 1432 327 ln
1451 306 1515 337 quo
1538 298 1631 329 datur
1650 299 1800 339 intelligi,

1029 348 1113 388 quod
1129 348 1187 378 ista
1202 349 1262 379 tria
1283 358 1401 387 genera
1422 350 1606 388 hominum,
1633 361 1707 391 quae
1728 361 1802 392 spe-

1029 401 1147 431 cialiter
1162 401 1301 432 Christus
1314 402 1483 433 honoravit
1504 403 1536 433 in
1560 404 1668 442 terris,
1693 404 1802 435 Chris-

1028 455 1096 483 tum
1121 454 1330 491 inhonorant,
1346 454 1461 485 scilicet
1481 457 1659 495 pontifices,
1683 457 1802 496 princi-

1028 514 1098 544 pes,
1116 508 1147 536 et
1161 507 1277 536 milites
1295 517 1301 537 ι
1318 507 1361 537 ita
1375 509 1411 537 ut
1428 507 1473 537 eis
1494 511 1649 548 competat
1674 509 1775 539 illud⁷
1792 520 1799 540 :

1032 558 1158 589 «Filios
1182 559 1338 597 enutrivi,
1361 561 1392 589 et
1413 560 1548 591 exaltavi
1577 571 1583 591 :
1610 561 1670 600 ipsi
1693 564 1800 592 autem

1027 613 1217 650 spreverunt
1231 620 1292 642 me.
1308 623 1322 639 »
1343 612 1429 643 Unde
1445 612 1513 643 istis
1527 614 1676 653 competit
1688 614 1765 644 illud
1775 616 1797 645 ⁸:

1031 674 1046 692 (ι
1061 663 1164 703 Super
1178 673 1273 703 quem
1288 664 1430 694 lusistis?
1446 674 1542 704 super
1558 674 1654 705 quem
1672 665 1800 696 dilatas-

1027 716 1067 745 tis
1089 724 1141 753 οε,
1167 718 1198 746 et
1221 716 1355 755 ejecistis
1373 716 1546 755 linguam?
1562 718 1722 757 numquid
1736 726 1799 749 non

1027 777 1101 806 vos,
1116 769 1172 798 filii
1187 769 1332 799 scelesti?
1348 780 1362 798 »
1386 769 1498 800 Milites
1519 770 1618 809 igitur
1639 770 1799 801 Christum

1026 821 1233 860 spernebant,
1245 824 1276 852 et
1289 822 1465 861 spernendo
1484 822 1526 861 (d)
1541 822 1743 853 afflictionem
1757 823 1800 854 af-

1026 873 1110 904 flicto
1123 874 1288 904 addebant.
1306 874 1344 905 Et
1359 875 1429 905 ideo
1443 875 1527 905 addit
1544 886 1551 905 z
1571 875 1757 906 Accedent-es
1770 879 1799 906 et

1027 930 1151 956 acetum
1170 926 1336 965 offerentes
1357 930 1398 957 ei.
1419 927 1538 958 Dicitur
1559 930 1667 958 autem
1682 929 1693 944 ⁹
1713 928 1798 968 quod

1031 990 1045 1007 «
1059 979 1213 1010 dederunt
1227 980 1255 1010 ei
1273 980 1384 1011 vinum
1405 980 1512 1011 bibere
1532 989 1606 1011 cum
1628 980 1698 1011 felle
1718 981 1798 1011 mix-

1026 1034 1133 1069 tum3»
1153 1033 1213 1062 et¹⁰
1227 1043 1233 1062 :
1249 1044 1264 1061 «
1277 1032 1399 1063 Dabant
1413 1033 1442 1063 ei
1466 1033 1574 1064 bibere
1596 1033 1798 1073 myrrhatum

1025 1085 1150 1116 vinum.
1159 1096 1172 1113 »
1184 1085 1233 1123 Et,
1242 1087 1277 1116 ut
1287 1086 1361 1116 dicit
1371 1086 1575 1124 Augustinus
1584 1086 1617 1122 ⁴¹,
1629 1086 1798 1117 «credibile

1026 1139 1072 1167 est
1087 1138 1173 1177 quod
1194 1138 1227 1168 in
1247 1138 1356 1168 vinum
1371 1140 1532 1169 acetosum
1545 1138 1735 1169 immiserint
1746 1138 1798 1169 Ju-

1025 1190 1085 1220 daei
1101 1190 1141 1220 fel
1155 1192 1186 1220 et
1202 1191 1378 1230 myrrham,
1393 1200 1465 1230 quae
1481 1194 1556 1221 sunt
1563 1191 1790 1222 amarissima.»

1026 1242 1063 1272 Et
1080 1243 1112 1273 in
1131 1243 1192 1273 hoc
1212 1243 1362 1282 impletur
1381 1244 1542 1283 propheta}
1563 1244 1662 1275 David
1684 1244 1794 1275 vatici-

1026 1296 1117 1326 nium
1130 1297 1150 1312 ¹²
1168 1307 1174 1326 :
1197 1307 1211 1325 «
1225 1295 1385 1326 Dederunt
1400 1297 1433 1326 in
1449 1306 1551 1327 escam
1569 1306 1673 1327 meam
1688 1297 1746 1335 fel,
1767 1299 1797 1328 et

1026 1349 1059 1378 in
1082 1349 1132 1378 siti
1156 1358 1225 1379 mea
1246 1352 1436 1388 potaverunt
1460 1359 1512 1380 me
1534 1352 1632 1380 aceto.
1653 1360 1667 1378 2>
1700 1349 1738 1380 Et
1764 1350 1796 1380 in

1025 1402 1274 1433 Deuteronomio
1296 1402 1411 1432 dicitur
1432 1402 1470 1433 de
1488 1402 1582 1433 vinea
1599 1411 1750 1434 conversa
1764 1402 1797 1433 in

1026 1454 1270 1484 amaritudinem
1284 1455 1304 1471 ¹³
1319 1465 1325 1484 ε
1348 1466 1361 1483 (ι
1376 1454 1444 1485 Uva
1458 1464 1569 1485 eorum
1584 1464 1649 1486 uva
1662 1454 1752 1492 sellis,
1766 1457 1797 1484 et

1026 1506 1107 1536 botri
1122 1506 1326 1536 amarissimi.
1351 1506 1403 1536 Fel
1428 1507 1601 1537 draconum
1620 1507 1732 1537 vinum
1748 1515 1797 1537 eo-

1025 1568 1115 1596 rum,
1132 1563 1162 1589 et
1176 1568 1335 1590 venenum
1355 1560 1501 1599 aspidum
1522 1560 1706 1590 insanabile.
1723 1570 1738 1588 »
1757 1559 1795 1591 Et

1026 1612 1135 1642 dehoc
1150 1612 1264 1643 dicitur
1274 1612 1293 1628 ¹⁵
1306 1623 1335 1643 :a
1347 1612 1424 1643 Cum
1439 1621 1517 1652 ergo
1530 1613 1697 1652 accepisset
1706 1612 1796 1644 Jesus

1025 1667 1168 1700 acetum,
1194 1665 1274 1695 dixit
1290 1676 1296 1694 :
1314 1665 1575 1696 Consummatum
1595 1668 1660 1703 est;
1677 1676 1692 1693 ι)
1718 1666 1794 1705 quia

1025 1727 1099 1748 cum
1116 1727 1227 1756 passus
1241 1720 1321 1748 esset
1336 1718 1368 1748 in
1383 1719 1494 1749 auditu
1510 1728 1566 1758 per
1576 1719 1794 1758 contumelias,

1025 1770 1059 1800 in
1074 1770 1147 1800 visu
1162 1779 1218 1809 per
1233 1770 1407 1810 lacrymas,
1424 1771 1456 1800 in
1478 1773 1563 1801 tactu
1584 1780 1641 1810 per
1664 1771 1793 1811 plagas,

1025 1832 1090 1853 non
1114 1823 1251 1853 restabat
1274 1823 1334 1853 nisi
1356 1825 1392 1853 ut
1414 1825 1574 1863 pateretur
1597 1824 1630 1854 in
1652 1826 1751 1863 gustu
1764 1827 1795 1856 et

1025 1876 1148 1915 lingua,
1165 1878 1274 1906 contra
1289 1876 1374 1906 illam
1390 1876 1639 1915 delectationem,
1655 1886 1752 1916 quam
1762 1878 1796 1908 in

1025 1938 1081 1959 esu
1095 1928 1181 1968 pomi
1196 1928 1308 1959 habuit
1321 1929 1423 1959 Adam
1438 1932 1468 1959 et
1482 1929 1559 1960 Eva.
1580 1929 1618 1960 Et
1637 1930 1714 1969 quia
1732 1930 1794 1961 hu-

1025 1983 1076 2021 jus
1091 1981 1221 2012 tentatio
1240 1990 1296 2020 per
1316 1981 1462 2011 auditum
1482 1981 1640 2019 introivit,
1662 1982 1731 2013 ideo
1751 1985 1796 2013 to·

1024 2034 1082 2064 ties
1103 2034 1296 2074 replicantur
1325 2034 1526 2065 contumeliae
1553 2037 1661 2066 contra
1688 2035 1793 2066 Chris-

1024 2089 1106 2117 tum.
1123 2086 1210 2117 Unde
1222 2087 1370 2126 adjungit
1388 2087 1429 2126 (v.
1447 2088 1512 2126 37):
1530 2088 1693 2118 Dicentes:
1705 2089 1747 2120 Se·
1759 2092 1794 2119 tu

1025 2150 1055 2171 es
1067 2150 1125 2170 rex
1136 2140 1477 2177 Judoeorzmz‚salvwn
1500 2144 1528 2170 te
1546 2141 1614 2179 fac.
1635 2140 1722 2171 Unde
1742 2141 1793 2172 isti

1024 2192 1140 2223 milites
1155 2192 1365 2231 designantur
1384 2201 1438 2231 per
1462 2201 1570 2223 servos
1591 2193 1676 2231 regis
1698 2193 1792 2232 Assy-

1023 2245 1156 2282 riorum,
1173 2244 1229 2283 qui
1243 2244 1545 2283 blasphemaverunt
1560 2244 1741 2282 Dominum,
1754 2245 1792 2276 de

1023 2298 1140 2338 quibus
1154 2298 1256 2328 [salas
1272 2297 1291 2313 ¹⁵
1307 2306 1338 2327 t«
1353 2297 1409 2327 Cui
1423 2297 1632 2336 exprobrasti,
1649 2299 1680 2328 et
1694 2306 1791 2337 quem

1023 2350 1259 2390 blasphemasti,
1269 2352 1299 2380 et
1309 2359 1345 2379 su
1350 2359 1404 2388 per
1416 2358 1511 2389 quem
1522 2350 1665 2380 exaltasti
1680 2358 1790 2380 vocem

1022 2405 1124 2441 tuam,
1142 2405 1172 2433 et
1186 2402 1296 2433 levasti
1315 2402 1513 2432 altitudinem
1532 2402 1698 2432 oculorum
1717 2404 1788 2432 tuo-

1022 2456 1117 2485 rum‘?
1132 2455 1180 2485 Ad
1195 2459 1339 2485 sanctum
1355 2455 1460 2492 lsrael,
1472 2455 1504 2485 in
1515 2463 1613 2485 manu
1623 2463 1790 2485 servorum

1022 2526 1061 2548 23.
1076 2539 1105 2543 —
1122 2527 1138 2541 ¹¹
1160 2527 1234 2556 Augu,
1254 2526 1339 2548 Enarr.
1363 2526 1388 2548 in
1404 2524 1469 2548 Psul.
1485 2530 1542 2553 Lxl,
1558 2531 1583 2548 n.
1601 2526 1623 2548 9.
1642 2537 1673 2542 —
1692 2524 1709 2538 '²
1722 2524 1789 2547 Psal.

1022 2566 1117 2589 LXVlll,
1142 2562 1179 2583 22.
1196 2574 1225 2578 —
1239 2562 1254 2574 ¹³
1267 2561 1350 2589 Dent„
1372 2565 1452 2589 xxxii,
1471 2562 1552 2583 32-33.
1566 2572 1596 2577 —
1609 2560 1626 2576 ¹⁴
1637 2560 1718 2589 loun„
1733 2565 1789 2590 xix,

1021 2597 1059 2619 30.
1069 2609 1098 2612 —
1111 2596 1130 2611 ¹5
1145 2596 1202 2626 Isca,
1216 2602 1316 2625 xxxxii,
1327 2597 1409 2618 223-24.

1053 2640 1083 2668 (a)
1095 2640 1154 2662 Coet.
1166 2639 1225 2662 edet.
1239 2639 1415 2663 Matthaeus.-—
1425 2637 1618 2668 (b)Ap1ulBe1·n.
1630 2644 1787 2669 consequen-

1018 2674 1067 2698 tioe.
1083 2687 1112 2692 —
1130 2675 1157 2703 (υ,
1174 2674 1234 2698 Cret.
1248 2675 1308 2698 edit.
1323 2673 1490 2698 descenderit.
1506 2686 1536 2690 —-
1552 2673 1586 2703 (d)
1604 2673 1784 2704 spernendum.
