1987 3032
74 838 125 859 Tria
131 844 178 864 quoe

87 869 170 889 debent

91 900 162 920 lucere

93 931 155 951 electi

100 963 148 984 Dei.

86 1345 130 1364 Cur
139 1345 178 1364 ad-

93 1374 152 1394 ditus

91 1408 171 1432 tempo-

71 1437 102 1457 rie
129 1442 176 1463 spe-

71 1468 170 1489 cificatio.

103 1947 174 1966 Dena-

67 1977 114 1997 rius
135 1983 173 1997 nu-

66 2013 148 2028 merus,

788 212 992 243 EXPOSITIO
1014 211 1053 242 IN
1075 211 1161 242 CAP.
1187 211 1209 241 1.

199 278 321 306 decima.
345 280 417 306 Item
441 277 618 313 Augustinus
638 278 646 294 ¹
673 287 680 305 ε
699 287 712 303 «
727 279 821 311 Quam
847 278 965 306 beatam

197 327 313 352 noctem
328 325 490 352 duxerunt!
512 323 579 359 quis
601 323 688 351 nobis
704 324 800 358 dicat,
821 333 887 360 quae
910 333 963 352 au—

198 370 312 398 dierunt
326 379 343 398 a
357 370 500 397 Domino?
511 381 523 395 »
534 370 621 403 Quasi
636 370 713 398 dieat
729 381 736 398 :
752 371 851 399 Nullus
869 380 874 398 :
892 379 962 406 ergo

197 418 229 444 ut
243 417 322 452 prius
348 418 380 443 Et
393 416 432 443 ad
447 416 525 443 istud
540 416 781 451 respondendum
801 417 964 444 secundum

196 462 433 497 chrysostomum
444 463 465 495 ²,
486 462 567 497 quod
587 462 653 489 «ita
672 463 724 490 illa
742 465 827 490 nocte
848 463 966 490 suerunt

196 509 366 544 voluptati,
386 509 493 536 scilicet
514 509 648 537 doctrina
672 510 736 543 Dei,
757 512 788 537 ut
813 510 963 537 confestim

195 554 331 582 alteruter
344 555 383 582 ad
398 555 525 582 aliorum
536 556 725 583 venationem
734 556 856 583 veniret.
870 567 883 581 »
899 557 963 584 Haec

193 601 253 628 ille.
270 603 301 628 Et
315 609 351 628 ex
365 601 421 628 hoc
441 604 536 637 patet,
556 602 638 637 quod
658 602 726 629 ideo
751 604 812 629 tam
837 602 965 630 breviter

193 650 381 681 manserunt,
395 647 434 675 ob
446 647 660 675 festinationem
679 648 718 675 ad
728 649 964 676 annuntiandum

193 693 257 721 aliis
272 701 379 720 arcana
392 702 457 729 quae
471 694 637 728 audierunt,
654 696 681 721 et
698 695 737 721 ob
753 694 880 721 aliorum
894 702 964 722 con-

192 739 374 774 versionem,
390 741 421 766 ut
434 742 513 775 patet
526 739 556 766 in
572 740 773 775 sequentibus.
790 742 862 767 Nam
887 741 964 767 indi-

192 785 249 813 late
263 785 399 812 Andraeas
414 785 537 812 adduxit
551 786 669 813 fratrem
681 786 719 813 ad
729 786 827 821 ipsum
841 788 940 814 Jesum
954 797 962 814 :

193 833 221 858 et
238 833 317 866 patet
337 831 384 858 hic
405 831 602 867 spiritualiter,
627 832 710 867 quod
734 832 788 859 tria
809 834 875 858 sunt
895 841 962 867 quae

193 877 301 905 debent
314 877 408 905 facere
422 877 503 904 electi
519 877 582 911 Dei,
599 877 707 904 scilicet
722 879 753 904 ut
765 877 885 904 veniant
899 886 962 906 cre-

192 923 304 958 dendo,
320 927 348 951 et
365 924 485 951 videant
499 923 690 958 intelligendo
707 932 713 950 :
729 925 756 951 N
759 925 794 950 isi
818 926 886 951 enim
910 933 961 952 cre-

191 969 332 1004 dideritis,
347 978 399 997 non
414 971 589 1004 intensqetis,
606 970 769 997 secundum
783 970 873 997 aliam
889 970 962 997 litte-

190 1023 255 1043 ram
276 1017 300 1050 ³3
326 1018 353 1043 et
377 1018 408 1043 ut
432 1018 570 1043 maneant
593 1015 745 1050 diligendo
768 1026 776 1042 .-
802 1027 816 1042 «
828 1017 962 1045 Amando

192 1061 289 1088 enim*
316 1062 404 1089 corde
426 1062 609 1095 habitamus,
625 1072 638 1087 »
657 1062 696 1088 ait
718 1063 895 1097 Augustinus
912 1072 918 1090 ε
936 1065 963 1091 et

191 1107 241 1142 qui
267 1107 338 1134 tales
362 1110 446 1141 sunt,
462 1107 493 1134 in
515 1107 562 1134 die
589 1107 722 1134 habitant
747 1116 813 1135 cum
838 1109 959 1137 Christo.

190 1153 270 1180 Unde
285 1153 351 1180 licet
364 1153 410 1180 isti
425 1155 509 1180 nocte
525 1156 697 1181 manserunt
710 1162 776 1181 cum
787 1155 916 1189 Christo,
932 1155 963 1183 in

191 1198 237 1226 die
259 1201 356 1226 tamen
376 1199 415 1226 ait
433 1200 480 1226 hie
500 1207 550 1227 eos
570 1200 728 1234 mansisse,
750 1201 821 1236 qnia
839 1209 899 1229 non
921 1204 963 1229 est

190 1253 266 1279 nOX,
282 1245 334 1272 ubi
350 1248 391 1273 est
405 1246 521 1279 lumen,
537 1245 576 1273 ait
591 1246 692 1273 Glossa
706 1247 715 1262 ⁵
733 1255 740 1273 :
760 1248 811 1274 Vos
826 1249 878 1281 filii
894 1249 962 1275 lucis

191 1292 255 1318 estis
270 1293 294 1318 et
308 1293 362 1325 filii
377 1292 443 1319 diei.

226 1338 258 1364 Et
271 1337 401 1372 sequitur
416 1340 552 1373 quartum
562 1358 570 1372 ,
586 1337 693 1365 scilicet
708 1338 848 1373 temporis
868 1339 962 1374 speci-

191 1382 287 1410 ficatio
305 1385 397 1410 :Hora
418 1386 475 1410 erat
498 1385 577 1418 quasi
599 1384 709 1411 decima.
733 1385 874 1417 Quferitur
891 1394 897 1412 :
919 1385 963 1412 Ad

191 1428 264 1463 quid
285 1428 342 1456 hoc
356 1428 460 1456 addit‘?
483 1431 513 1456 Et
532 1429 775 1464 respondendum
799 1430 962 1458 secundum

190 1475 430 1510 chrysostomum
441 1476 460 1508 ⁸,
477 1475 560 1510 quod
581 1475 638 1502 hoc
654 1475 737 1502 addit
759 1475 798 1502 ad
820 1476 962 1504 denotan-

192 1520 272 1553 dam,
287 1522 315 1548 et
330 1520 543 1556 discipulorum
559 1521 744 1556 sequentium
760 1521 960 1558 devotionem,

190 1568 218 1594 et
238 1566 411 1594 eorumdem
426 1575 443 1594 a
462 1567 532 1594 Filio
556 1567 604 1594 Dei
625 1567 842 1602 acceptionem,
866 1571 893 1596 et
918 1569 962 1604 ip-

190 1612 250 1639 sius
264 1613 299 1647 (a)
322 1613 499 1640 benevolam
520 1613 743 1648 benignitatem.
769 1614 849 1641 Unde
871 1615 961 1650 Chry-

189 1661 358 1686 sostomus:
381 1669 394 1684 «
412 1661 510 1694 Neque
531 1659 569 1686 ab
596 1660 679 1692 hora,
700 1659 809 1687 scilicet
836 1661 959 1695 decima,

190 1705 283 1733 aversi
304 1708 387 1738 sunt,
402 1716 415 1730 »
435 1705 544 1733 scilicet
558 1706 629 1740 quin
647 1705 680 1740 (b)
701 1708 902 1741 sequerentur.
928 1709 960 1734 Et

188 1751 336 1786 sequitur:
352 1761 366 1777 «
376 1753 430 1779 Eos
437 1752 599 1786 acceptavit
608 1752 734 1779 Christus
742 1773 751 1786 ,
762 1760 858 1787 neque
870 1753 957 1781 dixit:

187 1797 444 1833 Intemporaneum
464 1800 505 1825 est
522 1797 552 1824 in
577 1797 700 1824 domum
723 1806 801 1825 nunc
822 1798 956 1834 introire,

189 1851 251 1870 cras
266 1844 403 1876 audietis,
416 1843 467 1870 sed
482 1846 513 1870 ut
528 1843 566 1870 ad
581 1843 692 1871 amicos
708 1844 839 1880 loquitur
856 1854 862 1872 z
877 1856 891 1870 »
911 1847 959 1874 Ve-

188 1890 257 1923 nite,
274 1891 326 1917 etc.
344 1889 511 1916 Secundum
521 1890 715 1924 Augustinum
725 1891 815 1918 vero⁷
830 1901 843 1916 «
853 1900 958 1920 nume-

187 1943 236 1962 rus
249 1936 312 1969 iste,
327 1935 435 1963 scilicet
449 1935 597 1970 denarius,
609 1936 706 1971 legem
721 1937 876 1972 significat,
891 1947 957 1974 quae

188 1983 249 2009 erat
264 1982 294 2009 in
309 1982 412 2009 decem
426 1981 592 2017 praeceptis3
605 1992 618 2007 »
637 1984 664 2009 et
679 1982 748 2017 quia
765 1983 893 2011 Christus
906 1993 957 2012 ve-

187 2027 229 2054 nit
240 2048 249 2062 ,
265 2029 296 2055 ut
309 2027 404 2062 legem
416 2027 606 2063 adimpleret,
622 2027 689 2055 ideo
704 2029 808 2056 merito
823 2030 862 2057 ait
880 2039 886 2057 ε
903 2032 955 2058 De-

186 2076 254 2101 cima
268 2075 333 2101 Ιιονα
346 2077 392 2101 est.
409 2075 441 2101 Et
454 2074 496 2101 ibi
511 2073 688 2109 Augustinus
699 2074 825 2102 multum
838 2078 866 2102 et
877 2076 953 2105 bene

186 2119 222 2147 de
238 2120 290 2147 ista
300 2119 364 2155 lege
374 2140 384 2153 ,
399 2122 426 2147 et
441 2120 477 2147 de
493 2120 554 2154 ejus
569 2120 749 2156 impletione.
763 2121 955 2155 Spiritualiter

185 2167 299 2200 autem,
324 2168 356 2193 ut
375 2166 414 2194 ait
435 2166 612 2201 Augustinus
635 2168 657 2200 ⁸,
682 2176 696 2192 <t
721 2167 899 2195 aedificemus
922 2169 953 2197 in

185 2212 274 2240 corde
298 2214 399 2240 nostro
418 2212 558 2246 domum,
578 2213 617 2240 ad
639 2221 730 2248 quam
752 2214 851 2241 veniat
874 2216 954 2243 Chri-

184 2260 258 2292 stus,
272 2260 298 2285 et
314 2258 419 2286 doceat
432 2266 501 2292 nos,
518 2261 544 2286 et
560 2259 747 2293 colloquatur
759 2259 925 2295 nobiscum,
936 2272 949 2288 n

184 2306 211 2331 et
226 2304 276 2331 fiat
291 2303 404 2331 decima
419 2304 507 2337 hora,
522 2305 553 2332 id
565 2307 621 2339 est,
636 2305 768 2340 impletio
778 2305 885 2340 legisv:
903 2308 952 2335 «Si

184 2350 249 2386 quis
264 2358 431 2378 sermonem
446 2358 546 2377 meum
561 2351 700 2385 audierit,
713 2352 752 2378 ad
767 2360 834 2379 eum
854 2354 952 2382 venie—

185 2406 262 2432 mus,
278 2401 304 2426 et
319 2398 504 2425 mansionem
518 2398 597 2433 apud
618 2406 684 2426 eum
699 2398 850 2426 faciemus.
867 2410 880 2426 »
901 2402 952 2429 Sa-

185 2446 261 2478 piens
277 2445 354 2472 enim
370 2445 391 2461 ¹⁰
405 2445 502 2471 mulier
513 2446 629 2478 (edificat
644 2445 751 2471 domum
765 2453 849 2473 suam.

216 2526 223 2541 ¹
238 2528 312 2557 Aug„
329 2528 355 2550 in
369 2527 449 2556 Joczn„
465 2529 536 2551 tract.
552 2533 598 2556 vn,
613 2535 639 2551 n.
655 2529 677 2551 9.
688 2541 719 2546 -
731 2529 741 2544 2
753 2529 893 2560 Chrysost„
909 2531 952 2555 ubi

186 2567 241 2590 sup.
257 2574 286 2578 —
299 2562 309 2578 ³
324 2562 382 2592 Isa„
398 2568 448 2593 vu,
464 2564 487 2592 9,
502 2570 554 2586 500.
576 2563 648 2587 Lxx.
663 2576 693 2581 —
708 2564 717 2577 ⁴
732 2565 806 2594 Aug„
825 2566 851 2588 in
868 2566 951 2594 loun„

185 2596 256 2619 tract.
272 2602 302 2625 11,
317 2603 343 2620 n.
361 2599 398 2620 11.
412 2610 441 2614 —
453 2598 464 2613 ⁸
480 2598 486 2620 1
505 2597 594 2625 Thess„
611 2603 634 2626 v,
650 2600 672 2621 5.
688 2611 718 2616 -
732 2599 892 2630 '³C11rysost„
909 2602 951 2625 nbi

187 2636 241 2660 sup.
257 2643 286 2647 —
298 2631 305 2645 ⁷
320 2633 394 2662 Aug„
412 2633 437 2656 in
453 2633 535 2661 Ioum,
552 2634 624 2656 tract.
643 2639 690 2661 vn,
710 2640 735 2657 n.
758 2636 794 2658 tu.
811 2648 836 2651 —
855 2636 950 2666 ⁸1bid.,

1733 215 1790 243 277

1056 280 1099 305 40.
1116 279 1148 305 Et
1162 278 1294 313 sequitur
1309 277 1362 305 illa
1375 285 1460 312 pars,
1471 278 1501 304 in
1516 285 1576 313 qua
1587 278 1624 305 de
1638 278 1790 307 vocatione

1019 324 1108 358 Petri3
1121 326 1148 351 et
1158 324 1199 351 ibi
1213 326 1340 359 quatuor
1352 333 1358 350 :
1373 323 1504 359 quiafuit
1513 324 1691 359 perfratrem
1704 333 1791 353 suum

1019 372 1149 404 vocatus,
1175 370 1243 397 ideo
1268 370 1364 405 primo
1390 370 1520 397 vocantis
1544 370 1700 405 descriptio
1712 379 1720 404 3
1744 379 1789 398 se-

1020 416 1133 449 cundo,
1154 416 1192 442 ab
1207 416 1259 443 illo
1282 416 1355 443 Petri
1379 416 1508 443 inventio
1522 437 1528 449 ,
1545 418 1572 442 et
1589 416 1728 443 adductio
1751 417 1790 444 ad

1018 463 1115 488 Jesum
1127 482 1133 494 ,
1145 462 1186 488 ibi
1203 471 1209 488 :
1226 463 1331 488 Invenit
1353 463 1411 495 hz'c,
1427 464 1496 496 etc.;
1517 463 1618 496 tertio,
1634 463 1725 497 ipsius
1740 464 1790 490 Pe-

1019 507 1054 534 tri
1065 507 1199 534 aChristo
1211 509 1382 543 acceptatio,
1399 508 1438 535 ibi
1450 517 1455 535 :
1468 510 1589 535 Intactas
1604 512 1703 542 autem,
1717 510 1787 544 etc.;

1019 555 1124 587 quarto
1136 574 1144 586 ,
1164 554 1318 580 nominum
1334 555 1407 581 Petri
1421 554 1452 581 in
1466 554 1562 589 figura
1579 554 1727 589 dignitatis
1742 562 1789 582 re-

1019 599 1133 632 citatio,
1145 599 1187 626 ibi
1203 608 1209 626 :
1229 601 1266 626 Τιι
1281 608 1306 626 es
1321 600 1428 635 Simon,
1445 603 1498 628 etc.

1053 645 1098 673 Ait
1107 653 1175 679 ergo
1189 654 1195 672 :
1207 648 1273 672 Erat
1285 647 1415 673 Andreas.
1425 648 1458 673 Ut
1469 647 1508 674 ait
1517 646 1740 682 Chrysostomus
1752 648 1788 674 ¹¹:

1022 701 1035 716 ιι
1047 691 1188 725 Andreas,
1202 699 1267 726 quae
1282 692 1393 725 didicit,
1409 692 1516 719 scilicet
1529 692 1557 719 in
1572 695 1672 727 nocte,
1684 701 1701 719 a
1711 694 1788 727 Jesu,

1017 745 1078 764 non
1089 737 1212 764 detinuit
1222 737 1302 772 apud
1314 737 1504 773 semetipsum
1515 738 1593 765 hunc
1608 739 1788 773 thesaurum,

1017 783 1069 810 sed
1082 783 1196 810 festinat
1209 783 1247 810 ad
1261 782 1379 810 fratrem
1396 792 1497 817 suum,
1515 785 1543 810 et
1557 784 1645 811 currit
1661 784 1717 811 cito
1734 787 1789 812 tra-

1018 830 1130 857 diturus
1153 830 1179 857 ei
1202 830 1302 863 bona,
1327 838 1391 865 quae
1407 830 1543 865 suscepit.
1560 840 1572 856 >³
1592 832 1655 857 Haec
1676 831 1736 857 ille.
1757 832 1789 858 Et

1018 884 1054 903 ex
1076 877 1133 903 1100
1152 879 1231 912 patet
1256 876 1377 903 Andreae
1402 876 1441 903 ad
1466 876 1631 903 doctrinam
1656 877 1788 904 divinam

1018 922 1294 949 communicandam
1309 922 1451 956 fidelitas,
1477 923 1515 949 ad
1533 924 1622 949 Deum
1637 923 1788 950 honoran—

1018 969 1089 995 dum
1102 969 1309 1002 affectuositaS,
1326 970 1353 995 et
1367 968 1405 995 ad
1420 968 1539 995 fratrem
1553 969 1787 996 convertendum

1018 1014 1141 1042 charitas
1151 1035 1158 1048 ‚
1174 1017 1201 1041 et
1215 1015 1253 1042 ad
1274 1014 1473 1041 laborandum
1487 1015 1517 1041 in
1534 1014 1669 1042 docendo
1684 1015 1788 1042 sedula

1016 1061 1192 1088 studiositas.
1215 1060 1295 1087 Unde
1317 1060 1540 1095 chrysostomus
1556 1059 1576 1076 ¹²
1593 1069 1599 1086 :
1619 1062 1706 1087 «Hoc
1729 1061 1787 1088 sra—

1016 1109 1103 1134 ternae
1117 1107 1203 1133 bonae
1217 1106 1376 1133 voluntatis
1391 1108 1442 1139 est,
1458 1106 1514 1132 hoc
1530 1106 1647 1140 cognati
1662 1107 1786 1141 amoris,

1016 1153 1073 1180 hoc
1089 1152 1207 1180 sincerae
1222 1152 1398 1185 affectionis,
1410 1152 1440 1178 111
1456 1152 1656 1186 spiritualibus
1671 1152 1787 1180 studere

1016 1207 1138 1227 manum
1154 1199 1304 1234 porrigere
1319 1198 1373 1225 sibi
1390 1198 1524 1224 invicem.
1542 1209 1554 1222 »
1573 1199 1636 1225 Haec
1657 1198 1716 1225 ille.
1735 1201 1788 1226 No-

1016 1245 1058 1272 vit
1080 1245 1159 1272 enim
1187 1244 1316 1272 Andreas
1338 1244 1478 1279 scriptum
1495 1251 1556 1270 esse
1572 1244 1589 1260 ¹³
1605 1252 1611 1270 :
1629 1245 1789 1271 Deriventur

1015 1294 1101 1325 fontes
1117 1293 1158 1318 tui
1172 1294 1264 1325 foras,
1283 1291 1354 1318 et¹'':
1371 1292 1491 1318 Scientz'a
1505 1291 1675 1325 abscondita,
1693 1295 1718 1318 et
1734 1293 1788 1319 tlte-

1016 1347 1112 1365 saurus
1127 1339 1244 1368 invisus,
1256 1345 1313 1371 quoe
1324 1338 1431 1363 utilitas
1443 1338 1601 1371 utriusque?
1612 1345 1626 1364 e
1638 1337 1787 1365 contrario

1017 1384 1053 1411 de
1073 1383 1322 1411 abscondentibus
1339 1383 1481 1410 talentum
1497 1382 1622 1409 Domini.
1641 1384 1785 1418 Andreas,

1016 1430 1139 1465 inquam
1150 1450 1156 1462 ,
1173 1431 1261 1462 frater
1275 1429 1391 1455 Simonis
1407 1430 1498 1462 Petri,
1515 1429 1597 1463 quod
1614 1432 1656 1456 est
1676 1429 1787 1457 dictum

1017 1484 1068 1511 per
1077 1475 1325 1510 anticipationem,
1337 1474 1407 1510 quia
1418 1475 1552 1501 nondum
1564 1478 1624 1502 erat
1636 1475 1662 1502 ci
1677 1483 1787 1502 nomen

1016 1521 1203 1556 impositum,
1225 1520 1333 1547 scilicet
1354 1522 1461 1547 Petrus.
1489 1521 1587 1548 Simon
1610 1523 1707 1548 autem
1727 1523 1788 1549 erat

1015 1575 1126 1594 nomen
1141 1575 1158 1594 a
1172 1566 1343 1602 parentibus
1355 1587 1362 1600 ,
1379 1569 1410 1593 ut
1429 1567 1468 1593 ait
1487 1567 1596 1594 Glossa.
1617 1569 1719 1599 Frater,
1741 1568 1786 1595 in-

1016 1622 1105 1649 quam
1116 1634 1124 1646 ,
1141 1614 1168 1640 et
1182 1613 1211 1639 in
1226 1615 1345 1645 natura,
1361 1614 1388 1639 et
1406 1612 1436 1639 in
1458 1613 1550 1647 gratia
1562 1633 1568 1645 ,
1586 1615 1613 1640 et
1628 1613 1741 1641 futurus
1757 1614 1787 1641 in

1016 1659 1155 1693 dignitate
1179 1659 1362 1693 apostoli0a3
1379 1660 1406 1685 et
1425 1659 1471 1685 hic
1492 1661 1553 1686 erat
1572 1659 1668 1686 fidelis
1688 1660 1786 1694 frater,

1015 1706 1066 1741 qui
1081 1705 1225 1732 festinavit
1241 1705 1279 1732 ad
1298 1713 1383 1731 suum
1403 1704 1521 1732 fratrem
1542 1706 1784 1735 convertendum.

1014 1753 1046 1778 Et
1060 1753 1121 1778 erat
1134 1759 1202 1778 unus
1218 1752 1249 1777 de
1264 1751 1380 1782 duobus,
1396 1752 1449 1778 etc.
1465 1752 1521 1779 Sed
1540 1753 1679 1787 quaeritur
1695 1753 1786 1788 quali-

1014 1800 1056 1825 ter
1075 1805 1127 1832 per
1149 1797 1308 1829 Andream,
1331 1797 1381 1831 qui
1398 1799 1458 1824 erat
1478 1798 1590 1831 junior,
1612 1798 1666 1826 suit
1687 1801 1785 1827 Petrus

1014 1851 1182 1871 conversus.
1198 1845 1230 1869 Et
1249 1843 1287 1870 ad
1302 1843 1358 1869 hoc
1377 1843 1535 1878 respondet
1558 1844 1677 1878 Glossa,
1702 1846 1785 1880 quod

1012 1897 1074 1917 non
1089 1891 1131 1916 est
1145 1889 1219 1916 ordo
1235 1888 1305 1916 fidei
1319 1889 1350 1915 in
1370 1889 1454 1915 annis
1466 1898 1473 1923 ;
1493 1891 1520 1916 et
1533 1898 1569 1917 ne
1583 1890 1639 1917 hoc
1653 1891 1727 1918 forte
1742 1894 1784 1919 at-

1012 1936 1152 1963 tribueret
1166 1936 1264 1962 Petrus
1287 1934 1319 1970 (c)
1340 1943 1399 1961 suae
1414 1935 1547 1969 dignitati
1572 1936 1691 1969 futurae3
1713 1940 1739 1964 et
1754 1941 1786 1966 ut

1012 1990 1064 2017 per
1074 1981 1267 2008 infirmiorem
1278 1982 1478 2007 vocaretDens
1492 1982 1636 2015 majorem
1649 1993 1656 2009 :
1672 1985 1785 2017 Infirma

1011 2029 1081 2055 enim
1092 2028 1111 2043 ¹5
1121 2027 1216 2053 mundi
1226 2028 1303 2060 eleqz't
1314 2028 1391 2053 Deus.
1403 2027 1457 2054 Sed
1467 2028 1614 2062 quaeritur,
1622 2037 1712 2063 quare
1723 2038 1783 2057 non

1010 2073 1181 2109 exprimitur
1195 2080 1305 2099 nomen
1320 2072 1438 2099 alterius
1452 2073 1608 2108 discipuli,
1631 2075 1706 2102 sicut
1728 2084 1783 2103 no—

1010 2127 1079 2147 men
1099 2118 1230 2146 Andreae.
1254 2118 1298 2145 Ad
1318 2118 1400 2153 quod
1421 2120 1682 2154 respondendum,
1700 2122 1782 2156 quod

1010 2167 1079 2203 quia
1094 2175 1147 2202 per
1161 2166 1309 2193 Andream
1323 2165 1377 2192 fuit
1400 2167 1498 2193 Petrus
1517 2175 1689 2202 conversuS‚
1712 2168 1780 2196 ideo

1009 2222 1119 2242 nomen
1133 2214 1195 2248 ejus
1209 2212 1389 2248 exprimitur.
1407 2213 1438 2238 Et
1451 2215 1519 2240 nota
1535 2212 1571 2240 de
1587 2214 1779 2242 commenda-

1009 2262 1088 2289 tione
1104 2260 1236 2293 Andreae,
1253 2259 1374 2294 quando
1387 2259 1427 2286 ait
1441 2267 1447 2285 :
1464 2260 1531 2285 Erat
1544 2262 1631 2286 autem
1643 2260 1778 2289 Andreas.

1009 2310 1041 2336 Et
1061 2309 1160 2343 posset
1183 2314 1244 2333 esse
1266 2305 1364 2332 thema
1386 2304 1422 2331 de
1446 2305 1509 2339 ipso
1526 2314 1533 2332 z
1550 2307 1679 2341 quatuor
1701 2307 1780 2335 enim

1008 2356 1174 2390 figurantur
1183 2353 1222 2380 ad
1233 2352 1294 2386 ejus
1302 2351 1496 2386 praeconium,
1508 2360 1635 2387 quorum
1651 2354 1780 2389 primum

1009 2402 1070 2436 eJus
1084 2401 1149 2428 vitae
1163 2399 1269 2427 veritas
1281 2419 1288 2431 ,
1307 2398 1368 2425 sive
1382 2397 1620 2432 perfectibilitas,
1639 2400 1680 2426 ibi
1697 2409 1703 2427 ε
1720 2400 1779 2427 An-

1007 2463 1034 2481 u.
1058 2458 1082 2480 9.
1103 2468 1133 2473 —-
1160 2456 1169 2469 ⁹
1193 2455 1271 2482 loon„
1299 2458 1353 2481 XIV,
1371 2453 1410 2475 23.
1426 2465 1456 2470 —
1476 2453 1498 2471 10
1520 2454 1603 2485 Pron„
1628 2460 1680 2485 xlv,
1706 2458 1727 2478 1.
1749 2468 1779 2472 -

1011 2493 1025 2506 ¹¹
1041 2491 1183 2522 Clmysost„
1199 2490 1224 2512 in
1239 2489 1322 2517 Joan„
1341 2487 1411 2511 hom.
1430 2493 1510 2519 xviii,
1531 2489 1562 2512 al.
1583 2495 1643 2520 xix,
1662 2497 1688 2513 n.
1710 2492 1731 2514 1.
1751 2503 1777 2507 —

1009 2527 1028 2542 ¹²
1044 2526 1104 2549 lbid.
1122 2538 1152 2542 —
1173 2524 1192 2540 ¹³
1212 2525 1296 2553 Prov„
1317 2528 1342 2553 v,
1366 2523 1403 2546 16.
1426 2536 1451 2539 -
1472 2524 1492 2539 ¹⁴
1512 2524 1602 2554 Eccli.,
1623 2531 1671 2555 xx,
1691 2526 1728 2548 23.
1750 2537 1777 2541 -

1008 2562 1028 2578 ¹⁸
1042 2562 1049 2585 ι
1067 2562 1135 2591 Cor„
1150 2566 1169 2590 1,
1183 2560 1222 2583 27.

1039 2602 1072 2630 (a)
1095 2600 1156 2624 Cael.
1176 2598 1235 2622 edit.
1255 2597 1325 2628 ipsis.
1345 2611 1376 2615 —
1396 2596 1430 2627 (h)
1458 2598 1518 2621 Item
1539 2598 1591 2628 qui.
1613 2612 1643 2616 —
1664 2599 1691 2629 (c)
1715 2599 1776 2623 Coet.

1007 2636 1067 2659 edit.
1083 2637 1165 2659 Petro.

1821 283 1910 303 Vocatio

1806 314 1874 335 Petri.

1822 1481 1907 1502 Amici-

1821 1513 1886 1538 patio.

1803 1544 1878 1563 Frater
1887 1545 1908 1564 et

1802 1576 1880 1594 natura
1887 1577 1908 1596 et

1802 1606 1880 1631 gratia.

1808 1809 1905 1829 Andreas

1817 1845 1892 1864 junior

1813 1870 1876 1890 Petro
1881 1884 1886 1889 .

1795 2265 1900 2287 Andreas.
