1987 3032
235 211 272 239 28

232 275 335 305 ditur:
354 275 484 306 Dicebat
499 277 605 315 primo
622 286 629 306 :
649 277 813 315 Quantum
829 277 917 308 (lebes
933 277 1000 307 Do-

232 330 320 357 mino
335 328 430 358 meo?
450 328 594 366 Dicebat,
615 329 763 368 inquam,
787 339 843 369 per
866 329 999 359 familia-

233 388 299 410 rem
323 380 545 410 allocutionem
560 381 568 396 ¹
591 391 597 411 :
626 392 640 409 «
654 381 899 420 Congregationi
923 391 1001 421 pau-

233 442 344 473 perum
364 433 520 464 affabilem
544 436 573 463 te
592 434 694 464 facito.
712 446 725 462 n
750 435 807 464 ΕΗ
824 445 830 464 t
853 434 1002 464 «Declina

233 486 364 526 pauperi
379 487 447 516 sine
462 486 587 516 tristitia
601 496 710 517 aurem
728 490 831 524 tuam,
855 488 886 517 et
906 487 1001 517 redde

232 539 373 570 debitum
388 541 490 576 tuum,
506 541 535 568 et
547 540 698 578 responde
709 539 752 569 illi
764 539 901 579 pacifice,
911 550 925 567 n
941 541 999 569 etc.

232 592 270 623 Et
282 594 292 611 ³
307 601 314 622 :
335 591 471 622 «Nonne
486 592 631 622 ardorem
647 592 846 631 refrigerabit
861 595 933 622 ros?
950 592 1001 622 Sic

233 647 263 675 et
277 645 423 682 verbum,
441 644 555 674 melius
572 652 669 683 quam
684 644 828 675 datum.»
847 646 893 681 (v.
910 644 942 684 6)
961 645 1002 675 At

235 697 287 727 ille
302 697 385 726 dizit
401 706 408 726 :
434 696 570 728 Centum
590 696 683 727 cados
702 697 777 734 olei>
802 706 857 736 per
877 697 1001 727 fidelem

231 750 428 789 agnitionem
450 750 556 780 debiti.
578 749 723 780 Debitum
738 750 822 780 enim
838 758 932 780 suum
947 750 1002 780 de-

232 804 283 833 1101
298 803 432 842 quisque
447 802 581 833 fideliter
595 813 785 842 agnoscere,
802 812 842 833 ne
857 804 935 834 forte
954 803 1002 833 di-

232 858 319 886 catur
334 856 393 886 sibi
408 855 505 886 illud⁴
523 865 530 886 :
556 867 570 884 «
585 857 683 887 Dicis:
706 856 796 887 Dives
817 866 888 887 sum
908 859 938 887 et
959 856 1003 887 lo-

232 908 422 947 cupletatuS,
439 910 469 938 et
489 908 608 939 nullius
622 918 702 948 egeo
726 920 731 940 :
753 911 782 939 et
806 909 906 939 nescis
927 909 1003 948 quia

232 962 268 990 tu
279 969 312 991 es
327 961 432 998 miser,
446 963 477 990 et
491 961 694 999 miserabilis,
712 964 742 992 et
758 970 887 1001 pauper,
902 963 932 991 et
945 970 1003 992 031-

234 1022 305 1051 0115,
322 1018 352 1043 et
372 1014 517 1044 nudus.»
538 1013 592 1044 Est
610 1016 718 1045 autem
738 1015 833 1045 cadus
853 1023 1004 1044 mensura

233 1066 395 1096 continens
410 1068 472 1097 tres
488 1076 595 1097 urnas.
614 1067 700 1097 Unde
716 1067 824 1097 Glossa
839 1078 845 1096 z
867 1078 881 1095 «
896 1067 1003 1098 Cadus

234 1128 356 1158 graece,
386 1119 543 1159 ampliora
570 1119 665 1150 latine
678 1143 685 1156 ,
714 1120 877 1150 continens
906 1128 1003 1150 urnas

233 1174 306 1202 tres.
321 1184 334 1200 n
354 1172 388 1201 In
402 1172 462 1202 1100
477 1173 585 1202 autem
600 1172 778 1202 insinuatur
792 1171 887 1202 debiti
909 1181 1001 1210 mag-

233 1225 360 1262 nitudo,
377 1225 560 1264 opprimens
576 1225 748 1255 debitorem
759 1249 768 1262 ,
786 1225 878 1264 quia⁵
893 1234 900 1254 :
922 1224 1003 1261 «Qui

233 1277 345 1316 accipit
370 1279 520 1307 mutuum
531 1300 540 1314 ‚
567 1286 678 1308 servus
706 1279 752 1307 est
780 1277 998 1307 foenerantis.»

232 1330 385 1369 Dixitque
409 1330 457 1360 illi
479 1331 617 1369 :Accipe
640 1331 819 1360 cautionem
844 1334 951 1368 tuam,
975 1334 1005 1360 et

231 1383 302 1413 sede
316 1383 387 1420 cito,
399 1382 498 1412 scribe
510 1383 756 1422 quinquaqinta,
771 1392 827 1422 per
841 1382 1003 1413 liberalem

234 1435 507 1466 condonationem.
525 1434 661 1465 Multum
675 1444 816 1474 namque
835 1438 1001 1473 exonerat,

234 1489 290 1529 qui
306 1488 506 1519 medietatem
521 1488 626 1518 oneris
639 1488 811 1518 auferendo
826 1490 1001 1527 supportat.

232 1541 270 1571 Et
285 1541 318 1571 in
333 1541 393 1571 1100
406 1540 459 1571 1οΧ
474 1541 634 1571 charitatis
650 1541 810 1580 impletur,
827 1541 1003 1572 secundum

231 1594 348 1624 illud&
371 1594 484 1624 «Alter
499 1593 629 1624 alterius
648 1603 744 1624 onera
759 1596 898 1633 portate,
915 1596 945 1624 et
959 1594 1003 1624 sic

233 1647 446 1686 adimplebitis
473 1647 581 1685 legem
608 1647 767 1677 Christi.»
791 1647 947 1678 Moderate
973 1650 1004 1678 et

232 1701 375 1739 largiter,
392 1701 468 1740 quia
482 1701 658 1732 secundum
673 1702 869 1740 exigentiam
886 1702 980 1732 debiti
994 1713 1000 1738 3

233 1755 359 1792 propter
378 1754 461 1792 quod
482 1754 568 1784 addit
585 1758 633 1792 (v.
651 1757 667 1783 7
683 1756 691 1791 )
708 1765 713 1785 ;
732 1754 853 1785 Deinde
874 1754 933 1785 alii
954 1755 1002 1783 (ίὶ-

232 1806 280 1836 zz't
295 1815 302 1836 ε
328 1806 354 1837 T
353 1815 374 1836 u
387 1815 461 1836 vero
476 1811 634 1846 quantum
649 1806 739 1837 (lebes
749 1806 766 1836 Ρ
781 1806 852 1836 Ideo
873 1816 1002 1837 mensu-

233 1868 302 1888 ram
317 1859 442 1898 quaerit,
456 1862 491 1889 ut
501 1862 682 1890 mensurate
694 1860 874 1897 distribuat,
888 1861 963 1899 quia
973 1861 982 1876 ⁷
994 1870 1001 1890 :

237 1922 251 1939 (ι
266 1910 323 1941 Ubi
339 1920 453 1941 manus
467 1912 577 1942 multae
596 1914 687 1949 sunt,
705 1911 828 1949 claude3
853 1915 883 1942 et
903 1913 1002 1951 quod-

233 1974 370 2004 cumque
384 1966 502 2002 trades,
520 1975 653 1996 numera
669 1969 698 1996 et
719 1965 876 2005 appende3
895 1966 1004 1996 datum

234 2027 310 2049 vero
325 2020 356 2048 et
369 2021 532 2058 acceptum
547 2028 641 2049 omne
656 2018 805 2049 describe.
821 2030 835 2046 »
855 2018 919 2057 Qui
932 2019 979 2049 ait
993 2029 1003 2049 :

235 2071 371 2103 Centum
383 2080 471 2101 coros
493 2071 599 2100 tritici.
621 2070 679 2100 Ubi
701 2079 852 2109 magnam
874 2080 1005 2102 mensu-

234 2132 302 2154 ram
315 2124 475 2163 exprimit,
487 2126 524 2154 ut
539 2123 662 2162 largam
679 2124 939 2154 condonationem
953 2125 1006 2154 ob-

235 2177 341 2206 tineat.
362 2175 459 2206 Corus
474 2178 592 2213 autem,
609 2178 644 2206 ut
659 2176 732 2206 dicit
748 2176 873 2214 Glossa,
891 2177 1005 2207 modiis

235 2229 365 2267 triginta
380 2228 542 2268 impletur;
560 2228 645 2259 unde
660 2230 762 2267 maj0r
777 2238 927 2259 mensura
941 2231 1003 2267 est,

236 2290 331 2320 quam
355 2281 462 2312 cadus.
488 2281 525 2311 Et
551 2281 627 2320 quia
652 2281 686 2310 in
712 2281 886 2320 maioribus
912 2281 1004 2311 donis

237 2333 340 2363 minor
355 2332 445 2363 debet
461 2342 527 2363 esse
542 2342 714 2371 numerus,
738 2335 774 2363 ut
790 2333 894 2363 debita
916 2343 1004 2364 men-

237 2394 312 2415 sura
321 2387 476 2422 servetur,
488 2385 556 2415 ideo
568 2385 714 2416 subditur
726 2394 734 2415 2
746 2386 801 2416 Ait
814 2385 862 2415 illi
870 2396 881 2416 .·
892 2386 1006 2425 Accipe

238 2437 358 2468 litteras
375 2441 462 2475 tuas,
479 2441 510 2467 et
528 2439 626 2468 scribe
645 2439 814 2478 octoqinta.
839 2438 947 2469 Glossa
966 2442 976 2457 ⁸
997 2450 1004 2470 :

243 2490 418 2527 «Quintam
442 2492 564 2530 partem
589 2491 731 2522 dimittit.
751 2503 765 2519 »
792 2491 876 2522 Licet
899 2494 1006 2523 autem

271 2587 277 2602 ¹
292 2587 376 2617 Eccli„
391 2593 425 2617 iv,
441 2588 464 2610 7.
479 2599 505 2604 -—
525 2588 535 2603 ²
553 2587 625 2618 thid„
641 2589 662 2611 8.
679 2601 708 2605 —
721 2588 818 2618 ²1bid.,
836 2590 963 2619 xvui,16.
978 2601 1007 2606 --

241 2622 251 2637 δ
266 2622 350 2652 Apum,
367 2628 409 2652 111,
432 2624 468 2646 t'l.
481 2635 511 2640 —
528 2623 538 2638 ⁵
552 2623 635 2653 Ρι-ου.,
650 2629 720 2651 xxxi,
738 2624 760 2646 Ἰ.
777 2636 801 2639 -
818 2624 827 2639 ⁶
845 2624 912 2652 (iat,
930 2630 969 2655 vx,
983 2625 1007 2648 2.

245 2670 270 2674 —
288 2658 294 2671 ⁷
309 2657 398 2688 Eccli„
412 2663 480 2688 nii,
496 2659 517 2682 7.
534 2671 563 2676 —
579 2658 589 2675 ⁸
604 2658 684 2683 Gloss.
705 2658 816 2683 interlin.
833 2659 858 2683 iu
876 2659 943 2684 hunc
957 2659 1006 2684 loc.

778 210 986 242 EVANGELII
1009 209 1150 241 SANCTI
1174 210 1284 241 LUCAE

1059 277 1163 306 minus
1176 276 1322 307 videatur
1336 277 1491 308 dimittere
1506 277 1682 308 secundum
1699 286 1827 317 propor-

1058 330 1176 359 tionem
1191 329 1421 360 arithmeticam
1435 330 1473 368 (a)
1484 354 1492 367 ,
1509 330 1584 370 quia
1598 330 1672 360 huic
1687 339 1752 360 non
1766 330 1826 361 nisi

1057 382 1203 420 quintam
1225 384 1346 421 partem
1369 382 1514 420 dimittit,
1539 383 1695 422 superiori
1719 384 1826 413 autem

1058 434 1240 471 dimidiam,
1270 435 1340 473 plus
1365 437 1470 465 tamen
1496 435 1623 465 dimittit
1649 435 1825 466 secundum

1058 487 1282 525 geometricam
1296 488 1346 525 (h),
1359 488 1433 527 quia
1444 488 1513 527 plus
1523 490 1597 518 sunt
1610 488 1642 518 in
1653 488 1827 527 quantitate

1057 540 1173 578 viginti
1189 539 1253 570 cori
1269 540 1382 577 tritici,
1399 549 1495 579 quam
1510 540 1745 580 quinquaginta
1759 540 1827 571 cadi

1058 593 1129 623 olei.
1149 592 1255 622 Elucet
1271 601 1350 631 ergo
1370 593 1452 631 quod
1474 593 1594 623 villicus
1610 593 1668 623 iste
1688 593 1826 624 liberali-

1058 647 1104 675 ter
1127 644 1333 682 condonavit,
1359 645 1434 684 quia
1449 654 1513 676 non
1537 646 1641 676 solum
1664 646 1772 676 multis
1797 648 1829 676 et

1058 697 1175 735 multa,
1198 706 1313 728 verum
1336 700 1367 728 et
1392 698 1568 736 moderate,
1595 698 1771 729 secuudum
1794 699 1830 729 it-

1057 750 1112 780 lud
1123 753 1133 768 ⁹
1149 761 1156 780 ι
1177 762 1191 778 α
1205 750 1369 786 Quomodo
1391 751 1545 789 potueris,
1562 751 1605 780 ita
1620 753 1687 781 esto
1703 751 1829 781 miseri-

1058 812 1138 833 0015.
1156 802 1188 833 Si
1203 803 1341 833 multum
1358 803 1414 833 tibi
1429 804 1523 833 fuerit
1534 828 1541 841 ,
1560 803 1758 834 abundanter
1771 803 1826 834 tri-

1058 855 1137 892 bue;
1155 855 1182 884 si
1199 855 1356 894 exiguum
1372 855 1428 885 tibi
1443 856 1547 893 fuerit,
1562 856 1657 886 etiam
1670 856 1829 895 exiguum

1058 908 1191 938 libenter
1206 908 1359 947 impartiri
1375 909 1500 939 stude.»
1516 909 1550 939 In
1564 909 1623 939 hac
1636 911 1744 939 autem
1758 917 1830 939 con-

1059 961 1225 991 donatione
1239 961 1472 1000 quinquaginta
1487 962 1641 1001 partium,
1657 964 1687 992 et
1701 961 1828 1000 viginti,

1059 1016 1140 1044 recte
1154 1014 1346 1052 intelligitur
1365 1014 1457 1053 plena
1479 1014 1624 1044 remissio
1647 1013 1828 1044 liberalissi-

1060 1075 1121 1096 mae
1135 1067 1267 1106 pietatis.
1280 1066 1360 1096 Nam
1371 1066 1674 1106 quinquagenarius,
1688 1066 1744 1106 qui
1757 1074 1830 1096 con-

1059 1119 1166 1157 surgit
1175 1128 1215 1149 ex
1224 1119 1401 1158 septenario
1412 1128 1506 1159 super
1514 1119 1661 1158 seipsum
1668 1118 1829 1157 replicato,

1059 1171 1163 1202 addita
1177 1172 1293 1202 scilicet
1303 1172 1438 1208 unitate,
1451 1171 1597 1210 designat
1611 1171 1831 1202 remissionem

1059 1225 1250 1263 septiformis
1266 1225 1489 1255 iniserissordiae
1500 1249 1508 1262 ,
1526 1225 1559 1254 in
1575 1226 1669 1264 cnjus
1684 1224 1833 1263 designa-

1059 1277 1177 1307 tionem
1192 1277 1225 1307 in
1235 1277 1368 1316 jubilaeo
1389 1278 1484 1307 fiebat
1501 1277 1593 1316 plena
1608 1277 1764 1315 remissio,
1781 1286 1831 1308 se-

1059 1330 1201 1359 cundum
1217 1329 1295 1360 illud
1307 1330 1439 1360 Levitici
1451 1330 1471 1349 ¹⁰
1490 1340 1496 1359 :
1519 1341 1533 1358 «
1547 1330 1761 1360 Sanctificabis
1775 1339 1831 1360 an-

1060 1390 1138 1411 num
1152 1382 1457 1421 quinquagesimum
1468 1406 1477 1419 ,
1493 1384 1523 1412 et
1538 1382 1666 1413 vocabis
1677 1383 1834 1413 remissio-

1060 1443 1134 1464 nem
1146 1434 1266 1464 cunctis
1281 1434 1481 1465 habitoribus
1492 1437 1585 1465 terrae
1596 1437 1721 1466 vestrae.
1732 1447 1746 1463 »
1765 1435 1833 1475 Ipse

1060 1489 1105 1518 est
1120 1488 1204 1517 enim
1217 1487 1381 1526 Jubilaeus,
1408 1488 1464 1527 qui
1485 1487 1636 1527 Jubilaeus
1659 1490 1706 1518 est
1728 1497 1832 1519 annus

1059 1541 1360 1580 quinquagesimus.
1391 1541 1451 1572 Iste
1475 1544 1580 1571 autem
1608 1550 1778 1580 111111101115,
1805 1542 1833 1572 si

1059 1594 1240 1633 vigesimus
1253 1594 1428 1630 accesserit,
1445 1594 1610 1632 consurgit
1622 1594 1655 1624 in
1668 1597 1834 1633 septuage-

1060 1647 1189 1684 simum,
1202 1647 1233 1676 in
1244 1656 1308 1686 quo
1318 1647 1507 1685 intelligitur
1522 1647 1665 1677 remissio
1676 1647 1778 1686 plena.
1796 1647 1832 1678 In

1059 1701 1150 1739 cnjus
1163 1700 1209 1729 rei
1226 1700 1365 1738 figuram
1381 1699 1518 1739 populus
1534 1699 1658 1730 Domini
1678 1699 1712 1729 in
1734 1699 1832 1739 capti-

1059 1752 1188 1782 vitatem
1202 1752 1331 1788 duetus,
1354 1754 1422 1791 post
1443 1752 1649 1791 septuaginta
1668 1760 1768 1782 annos
1786 1754 1833 1782 est

1058 1804 1229 1842 liberatus,
1256 1805 1336 1834 sicut
1360 1805 1474 1835 dicitur
1485 1805 1502 1821 ¹¹
1519 1814 1526 1834 ;
1557 1804 1660 1835 «Cum
1678 1805 1833 1843 coeperiut

1060 1857 1183 1896 impleri
1199 1858 1232 1887 in
1246 1857 1405 1897 Babylone
1420 1858 1623 1897 septuaginta
1643 1857 1733 1895 anni,
1753 1857 1828 1887 visi-

1059 1909 1132 1939 tabo
1157 1918 1231 1945 vos,
1255 1912 1288 1940 et
1310 1911 1466 1941 suscitabo
1490 1919 1586 1950 super
1614 1918 1670 1941 vos
1695 1910 1831 1942 verbum

1059 1971 1167 1992 meum
1190 1962 1330 1999 bonum,
1352 1966 1387 1993 ut
1409 1963 1558 1993 reducam
1581 1972 1638 1994 vos
1661 1963 1701 1993 ad
1725 1962 1831 1994 10011111

1060 2016 1173 2053 istum,
1190 2026 1204 2043 »
1224 2018 1283 2046 010.

1100 2069 1255 2108 Septimo,
1272 2070 1429 2107 quantum
1452 2068 1491 2098 ad
1513 2068 1735 2099 discretionem
1757 2078 1831 2108 pro-

1060 2122 1207 2152 w'dentize
1227 2121 1530 2157 commendandum,
1551 2121 1696 2152 subditur
1717 2122 1758 2160 (v.
1775 2124 1803 2160 8)
1821 2132 1827 2152 z

1061 2175 1104 2206 Ec
1126 2174 1270 2204 laudavit
1292 2174 1447 2204 Dominus
1470 2173 1611 2203 villicum
1634 2174 1828 2214 iniquitatis,

1060 2228 1137 2267 quia
1145 2227 1319 2266 prudenter
1333 2227 1468 2265 fecisset.
1485 2226 1593 2256 Glossa
1610 2227 1631 2245 ¹²
1650 2237 1657 2256 ε
1674 2238 1688 2255 α
1703 2226 1774 2258 Νο11
1792 2228 1830 2258 de

1061 2280 1188 2317 fraude,
1206 2280 1259 2310 sed
1277 2279 1315 2310 de
1335 2279 1501 2318 prudentia
1512 2303 1519 2315 ,
1536 2280 1684 2318 quamvis
1698 2289 1830 2319 peccan-

1061 2335 1143 2371 tem,
1173 2333 1290 2363 laudat.
1314 2344 1328 2360 »
1357 2332 1444 2362 Unde
1470 2332 1541 2362 licet
1570 2332 1694 2363 villicus
1724 2333 1831 2374 aliqua

1061 2386 1176 2416 habeat
1199 2385 1231 2415 in
1255 2394 1287 2414 se
1309 2384 1549 2423 vituperabilia,
1576 2385 1771 2424 praevidendi
1796 2387 1829 2425 (c)

1062 2441 1168 2469 tamen
1183 2437 1296 2468 modus
1308 2439 1409 2476 potest
1424 2437 1457 2467 in
1472 2437 1655 2476 exemplum
1671 2438 1832 2468 bonorum

1063 2492 1155 2522 trahi.
1175 2491 1263 2522 Sicut
1279 2491 1363 2521 enim
1385 2500 1513 2530 serpens
1533 2491 1565 2521 iu
1586 2491 1752 2523 diffusione
1775 2501 1830 2523 ve-

1062 2563 1092 2567 -
1110 2549 1121 2565 θ
1142 2548 1208 2578 Tob.,
1225 2554 1260 2578 lv,
1281 2549 1304 2571 8.
1317 2561 1347 2565 —
1367 2549 1386 2565 ¹⁰
1406 2548 1493 2577 Levz't.,
1513 2553 1572 2577 HV,
1593 2549 1630 2571 16.
1648 2561 1678 2565 -
1698 2548 1714 2563 ¹¹
1730 2547 1832 2579 lei-em„

1063 2590 1135 2612 XXIX,
1156 2586 1191 2607 10.
1207 2597 1237 2601 —
1257 2583 1274 2598 ¹¹
1288 2583 1369 2607 Gloss.
1386 2583 1494 2607 interlin.
1510 2583 1536 2606 in
1551 2583 1618 2606 hunc
1632 2583 1680 2607 loc.

1094 2624 1128 2654 (a)
1144 2624 1200 2653 Ley.
1220 2623 1412 2653 geometricam.
1425 2635 1454 2640 —
1471 2622 1502 2652 (b)
1519 2622 1576 2653 Ley.
1597 2623 1789 2648 ammeticam.
1804 2637 1830 2642 —

1065 2659 1097 2689 (c)
1112 2659 1207 2683 Forsan
1222 2657 1349 2689 legendum
1364 2657 1531 2689 providendi„

1857 1087 1937 1106 Nume-

1846 1122 1884 1136 rus
1890 1115 1953 1142 quin·

1857 1151 1938 1172 quage-

1857 1177 1941 1198 narius.
