1987 3032
709 220 913 252 EXPOSITIO
936 219 975 250 IN
998 220 1082 251 CAP.
1106 219 1198 251 XVII.

165 292 219 317 tor.
241 289 334 324 Supra
358 288 464 315 eodem
484 287 615 314 similiter
635 289 641 304 ¹
662 296 670 313 :
689 296 702 312 «
724 289 813 314 Nemo
837 289 929 322 potest

165 342 266 370 rapere
282 334 318 361 de
333 342 421 360 manu
436 340 536 360 mea.»
556 334 587 359 Ε1
600 333 656 359 1100
673 343 679 359 .·
698 334 729 359 ln
746 334 849 359 nomine
864 335 908 359 tuo
919 353 927 365 ,

165 381 194 407 id
210 382 268 413 est,
286 380 324 407 ad
335 380 479 406 honorem
488 380 571 405 tuum
588 388 594 405 ε
609 379 642 404 Et
654 387 726 405 nemo
741 387 774 405 eat
788 380 823 405 iis
834 379 928 412 periit,

164 427 219 452 nisi
233 427 306 459 filius
323 425 485 459 perditionis
496 445 504 456 ,
520 424 627 451 scilicet
642 424 746 456 Judas,
767 423 818 459 qui
837 423 929 450 factus

163 474 204 498 est
219 470 368 504 diabolus,
385 478 474 505 supra
484 471 504 496 ².
525 470 558 496 Ut
570 471 712 504 impleatur
726 470 884 504 Scriptura:
902 470 929 495 et

161 516 222 543 haec
238 515 342 549 dictio,
358 518 406 549 ut,
422 523 482 542 non
505 517 546 542 est
567 516 635 542 nota
660 523 754 542 causoe
767 535 774 548 ,
791 514 842 541 sed
857 522 928 541 0011-

161 561 327 596 sequentiae.
343 561 422 588 Unde
437 561 644 596 Chysostomus
659 569 747 596 supra
758 562 768 577 ³
785 569 792 587 :
810 570 823 585 «
837 560 930 595 Scrip-

162 609 232 634 turae
248 607 355 634 modus
371 609 422 639 est,
434 609 466 633 ut
482 615 601 634 causam
613 607 748 642 ponentis
763 614 797 633 ea
812 614 878 641 quae
893 614 928 633 ex

161 653 267 679 eventu
287 652 323 687 (a)
348 653 526 687 contingunt.
542 663 555 678 »
573 654 713 687 Scriptura
724 673 732 686 ,
758 653 880 687 inquam
894 652 904 667 ¹0
921 660 927 678 :

163 708 175 722 «
191 698 271 725 Fiant
286 700 388 725 contra
403 699 559 725 Dominum
575 706 705 733 semper3
717 708 730 723 n
749 700 776 724 et
790 698 902 724 ibidem
920 707 926 724 :

162 753 174 769 «
191 744 396 779 Episcopatum
411 744 473 778 ejus
488 744 612 779 accipiet
627 744 731 771 alter.»

195 791 237 816 13.
250 791 328 817 Nunc
337 792 423 816 autem
431 790 467 816 ad
478 793 503 816 te
514 792 600 823 vento,
613 789 720 816 scilicet
730 797 782 824 per
793 790 927 821 mortem,

159 837 187 861 et
201 835 240 861 sic
255 835 410 862 absentans
426 843 473 861 me
497 835 698 870 corporaliter.
714 836 749 861 Et
761 835 814 861 11ωο
838 836 930 868 loquor

160 882 189 907 in
204 881 320 911 mundo,
338 880 446 907 scilicet
458 881 607 916 praemissa
622 881 721 907 omnia
739 889 745 907 τ
766 882 798 906 ῐί
814 882 868 914 ipsi
882 881 929 906 lia-

159 927 235 953 beant
256 927 383 960 qaaclc'am
407 935 492 953 meam
513 928 669 960 impletam,
697 926 733 953 de
757 934 817 960 quo
840 933 930 960 supra

160 972 296 1007 proximo
311 973 320 988 ⁵
338 981 365 999 :«
375 973 408 999 Ut
422 972 565 1006 gaudium
580 974 709 999 vestrum
724 972 759 998 sit
774 972 904 1007 plenum.
914 981 926 995 »

196 1019 237 1044 14.
260 1020 315 1052 qu
330 1019 400 1044 enim
416 1018 480 1044 dedi
497 1020 534 1044 el's
554 1026 697 1044 sermonem
715 1020 804 1050 tuum,
822 1016 929 1043 scilicet

159 1063 324 1090 doctrinam
337 1066 416 1090 tuam
427 1084 435 1096 ,
454 1063 490 1090 de
507 1071 567 1098 quo
582 1071 718 1090 sermone
737 1071 825 1098 supra
839 1064 864 1089 ⁶:
877 1062 927 1089 «Si

159 1109 224 1143 quis
238 1109 332 1143 diligit
343 1117 390 1136 me
399 1130 407 1143 ,
421 1117 587 1136 sermonem
599 1117 699 1135 meum
712 1109 849 1135 servabit.
862 1118 875 1133 u
893 1109 927 1135 Et

157 1155 271 1181 mundus
287 1163 328 1181 eos
342 1155 403 1181 οιίίο
417 1155 520 1186 habuit,
530 1154 693 1181 secundum
704 1154 927 1188 AugustinumT,

158 1200 266 1227 scilicet
275 1208 363 1227 causa
369 1200 522 1233 sermonis,
529 1199 558 1226 id
566 1202 617 1233 est,
626 1199 927 1234 doctrinaejpraedictae,

158 1254 246 1281 supra
261 1247 270 1262 Β
285 1255 292 1273 :
313 1256 326 1270 ι(
340 1245 463 1273 Mundus
478 1253 524 1272 me
541 1245 620 1278 odit,
644 1245 713 1280 quia
729 1245 928 1272 testimonium

159 1291 300 1327 perhibeo
312 1312 320 1325 ,
338 1302 349 1315 u
368 1294 420 1318 etc.
437 1293 469 1318 Et
484 1290 551 1318 ideo
568 1291 629 1318 odit
645 1299 651 1317 :
668 1291 739 1323 Quia
754 1299 805 1317 uon
820 1294 883 1318 sant
898 1291 928 1317 de

159 1338 273 1371 mundo,
295 1337 404 1364 scilicet
427 1336 548 1370 affectu,
573 1344 663 1371 supra
677 1337 686 1352 ⁹
706 1344 712 1362 :
731 1346 744 1362 (ι
760 1337 796 1363 De
815 1336 927 1364 mundo

159 1391 220 1411 non
236 1383 311 1410 estis.
327 1393 339 1407 »
357 1383 430 1409 Sicut
448 1386 473 1409 et
488 1390 533 1416 090
557 1390 609 1409 non
623 1390 681 1408 sam
696 1382 727 1408 (Ζο
741 1382 839 1408 mundo
850 1402 858 1414 ,
876 1382 927 1417 qui

160 1429 269 1456 scilicet
283 1437 348 1455 sum
369 1431 456 1463 caput
470 1436 590 1461 eorum,
608 1437 620 1452 «
636 1427 686 1462 qui
703 1427 739 1454 de
771 1428 845 1454 coelo
862 1428 927 1454 des-

160 1475 256 1509 cendi,
266 1485 278 1501 »
292 1483 381 1510 supra
392 1474 420 1501 ¹⁰.
431 1484 443 1499 n
458 1476 495 1501 De
509 1474 554 1501 his
568 1474 819 1509 (1111·515051011111511
834 1474 926 1507 :«Hic,

160 1521 271 1555 inquit,
290 1520 359 1547 dicit
372 1527 506 1553 eausam,
522 1521 641 1555 propter
659 1527 749 1554 quam
765 1519 846 1553 digni
862 1521 929 1546 sunt

162 1566 254 1593 multo
269 1566 438 1600 diligentius
456 1565 486 1599 (b)
503 1565 590 1600 potiri
605 1573 622 1591 a
637 1566 717 1591 Patre
730 1573 736 1591 ε
751 1567 871 1600 propter
885 1565 928 1600 ip—

159 1619 225 1638 sum
235 1611 314 1638 enim
324 1614 351 1639 et
363 1618 530 1638 sermonem
545 1618 631 1638 suum
642 1610 734 1637 habiti
745 1613 811 1638 sunt
822 1610 923 1637 odio.»

160 1658 222 1684 Haec
241 1657 300 1684 ille.
331 1657 471 1690 Quaeritur
495 1657 535 1683 ad
553 1656 732 1683 evidentiam
756 1656 902 1683 dictorum
917 1677 927 1690 ,

160 1703 284 1738 qualiter
299 1703 338 1730 ait
354 1712 360 1730 ;
374 1704 429 1737 qu
444 1703 582 1729 servabam
597 1710 652 1734 eos,
668 1703 741 1729 sicut
755 1702 856 1736 objicit
870 1705 926 1729 Au-

159 1749 291 1784 gustinus
310 1747 336 1775 ·².
348 1748 500 1781 «Videtur,
515 1748 620 1782 inquit,
636 1748 719 1783 quod
729 1748 858 1775 vicissim
868 1756 926 1775 ser-

158 1797 260 1822 vantes
274 1796 341 1821 sunt
355 1796 436 1821 Pater
450 1796 477 1820 et
497 1793 601 1825 Filius;
617 1795 645 1820 et
659 1801 735 1820 unus
750 1794 907 1820 succedens
917 1815 925 1827 ,

157 1840 278 1875 quando
295 1840 367 1866 alter
378 1839 508 1866 discessit
519 1848 526 1872 3
543 1840 570 1865 et
583 1839 623 1866 ita
634 1839 771 1866 videntur
785 1839 883 1873 divisi,
898 1841 925 1866 01

157 1893 248 1920 opera
261 1885 405 1912 Trinitatis
419 1884 606 1919 separabilia.
618 1896 631 1909 »
648 1886 718 1911 Item
730 1885 769 1912 ait
785 1894 791 1912 ε
808 1885 879 1918 Quia
892 1886 927 1912 act

159 1933 182 1958 te
196 1932 278 1962 υεηίο,
296 1931 337 1957 Ex
351 1931 408 1957 1100
424 1930 539 1957 videtur
554 1930 706 1965 implicare
722 1931 926 1966 impotentiam

157 1977 187 2003 in
202 1977 291 2010 Filio,
307 1975 389 2011 quod
404 1983 464 2003 non
488 1976 583 2011 potuit
605 1976 711 2003 absens
733 1984 849 2004 servare
862 1997 870 2010 ‚
891 1985 927 2004 ex

158 2030 218 2057 quo
231 2022 314 2057 ponit
327 2022 382 2048 hoc
397 2030 450 2056 pro
461 2029 558 2049 causa.
569 2021 648 2056 ltem,
658 2030 747 2057 supra
762 2023 793 2056 ¹³,
809 2022 928 2057 regulus

158 2068 211 2095 fuit
234 2076 251 2095 a
276 2068 387 2095 Christo
406 2067 591 2102 increpatus,
619 2067 689 2102 quia
708 2075 769 2095 11011
790 2068 928 2096 credebat

158 2114 255 2149 ipsum
273 2121 377 2140 sanare
397 2121 483 2148 posse
505 2113 619 2146 filium,
642 2113 696 2140 nisi
718 2113 927 2148 descenderet,

159 2161 187 2186 01
200 2161 273 2186 esset
292 2167 418 2194 praesens
434 2159 625 2194 corporaliter
641 2167 647 2185 :
665 2167 734 2193 ergo
758 2167 819 2186 non
842 2167 927 2194 opor-

159 2205 212 2232 tuit
226 2205 272 2232 hie
287 2213 371 2232 orare
395 2213 449 2239 pro
465 2204 505 2232 eis
516 2226 524 2238 ‚
540 2204 607 2231 licet
620 2204 769 2232 recederet
787 2213 926 2240 corpora-

157 2250 243 2284 liter,
259 2259 296 2277 ex
311 2258 372 2286 quo
397 2253 457 2278 erat
474 2249 492 2268 ³⁶
507 2250 598 2277 virtus
621 2252 798 2286 supportans
814 2251 925 2279 omnia.

160 2297 191 2322 Et
205 2296 244 2323 ad
259 2296 335 2323 istud
350 2296 592 2331 respondendum
612 2296 776 2323 secundum
791 2297 926 2331 Augusti-

158 2349 231 2368 num
241 2342 272 2376 ¹⁵,
288 2341 370 2376 quod
379 2341 486 2369 «simul
498 2350 551 2369 nos
560 2342 727 2369 custodiunt
741 2344 832 2376 Pater,
846 2344 873 2370 et
887 2343 928 2369 Fi-

160 2387 232 2421 11115,
243 2389 269 2414 01
283 2387 404 2422 Spiritus
420 2390 535 2415 sanctus
543 2408 552 2422 ,
568 2388 619 2422 qui
635 2390 676 2415 est
690 2396 765 2415 unus
781 2396 865 2416 verus
874 2389 929 2416 bo-

194 2448 200 2463 *
225 2448 297 2477 Sup.,
318 2453 346 2474 x,
370 2448 408 2470 28.
428 2459 458 2464 —
475 2448 484 2462 Ξ
500 2447 570 2476 Sup.,
594 2453 632 2476 vi,
654 2448 692 2470 71.
714 2461 743 2464 —
761 2448 770 2463 ³
787 2448 927 2478 Chrysost.‚

160 2481 230 2505 110111.
247 2488 330 2512 Lxxx,
349 2482 379 2505 al.
402 2488 496 2511 mm,
516 2489 541 2504 n.
561 2483 582 2506 2.
599 2495 628 2499 —
648 2483 655 2495 ⁴
672 2483 735 2507 I’sul.
752 2489 831 2512 cviii,
850 2485 889 2513 15,
904 2486 926 2507 8.

161 2529 190 2533 -
212 2518 221 2533 ⁵
243 2518 314 2547 Sup.,
338 2523 394 2547 xvi,
414 2519 453 2540 21.
472 2530 502 2534 —
522 2517 531 2532 θ
550 2517 622 2547 Sup.,
645 2523 698 2548 xiv,
721 2520 758 2541 23.
775 2532 805 2536 —
827 2519 834 2532 ⁷
854 2520 927 2549 Aug„

162 2553 234 2575 tract.
251 2558 322 2582 cviii,
338 2559 363 2575 n.
382 2556 402 2575 ¹.
419 2565 448 2569 -
463 2553 470 2565 '¹
485 2553 558 2582 Sup.,
574 2558 618 2582 νυ,
637 2554 658 2575 7.
674 2566 704 2570 —
717 2554 726 2566 ¹³
742 2554 813 2583 Sup.,
828 2560 869 2583 xv,
890 2556 927 2577 19.

162 2598 192 2602 -
213 2586 233 2602 ¹⁰
248 2587 319 2616 Sup.,
339 2592 375 2616 11,
398 2589 440 2616 11,
462 2588 485 2608 et
505 2586 566 2609 alias
585 2587 687 2616 passini.
704 2600 733 2604 —
755 2589 770 2603 ¹¹
788 2587 928 2618 Chrysost,

164 2619 232 2644 honi.
249 2627 337 2650 mxxi,
352 2622 385 2645 ul.
404 2627 503 2650 cxxxii,
519 2628 542 2644 u.
562 2624 583 2644 1.
604 2634 628 2638 —
651 2624 667 2637 ¹¹
687 2624 759 2652 Aug,
779 2625 849 2646 tract.
866 2629 928 2652 cxii,

1691 222 1750 250 479

982 294 1037 313 nus
1057 288 1140 313 Deus.
1156 285 1212 313 Sed
1227 285 1374 320 Scriptura
1384 284 1445 319 {nos
1458 292 1519 311 non
1533 285 1625 318 levat,
1646 286 1700 312 nisi
1716 286 1746 321 (c)

983 331 1142 358 descendat
1164 331 1202 358 ad
1217 339 1288 364 005,
1308 330 1381 358 51001
1396 331 1524 357 Verbum
1548 339 1616 358 caro
1641 332 1750 358 factum

983 380 1024 404 est
1039 386 1045 403 ε
1063 377 1227 410 descendit,
1241 378 1280 403 Ι111
1294 376 1423 411 levaret;
1440 384 1500 403 non
1526 376 1644 410 cecidit,
1661 379 1691 403 ut
1707 377 1750 411 ja-

983 425 1060 449 ceret
1076 432 1082 449 :
1100 423 1123 449 si
1138 422 1364 450 descendentem
1381 422 1573 456 cognovimus
1585 443 1592 456 ,
1618 431 1685 449 cum
1708 422 1749 449 le-

982 471 1068 495 vante
1090 476 1245 503 surgamus
1258 489 1266 502 ,
1288 471 1315 496 et
1328 468 1540 503 intelligamus,
1566 476 1633 495 eum
1649 468 1688 495 ita
1702 469 1749 495 lo-

983 514 1090 549 quitur,
1101 522 1242 549 personas
1253 522 1321 541 eum
1336 514 1525 548 distinguere,
1537 522 1597 541 non
1613 522 1749 549 separare

982 562 1135 587 naturas.»
1153 561 1215 587 l-laec
1234 560 1292 587 ille.
1313 560 1465 593 «Quando
1488 568 1557 594 ergo
1580 560 1667 587 Filius
1691 562 1751 586 erat

983 614 1050 633 cum
1065 606 1123 639 eis,
1139 605 1274 632 servabat
1298 605 1451 640 praesentia
1473 605 1635 641 corporali,
1653 607 1680 632 et
1701 613 1751 632 eos

983 652 1072 679 ambo
1083 673 1092 685 ,
1107 651 1215 678 scilicet
1228 653 1309 678 Pater
1323 653 1351 678 et
1365 652 1451 678 Filius
1462 673 1470 685 ,
1486 653 1514 678 et
1526 651 1614 678 etiam
1628 651 1750 686 Spiritus

983 700 1114 730 sanetus,
1130 697 1287 724 servabant
1307 697 1437 732 potentia
1451 697 1603 732 spirituali.
1627 696 1751 729 Quando

982 751 1052 770 vero
1079 743 1166 769 Filius
1189 743 1308 770 abstulit
1336 743 1520 778 praesentiam
1545 742 1730 777 corporalem
1743 763 1750 775 ,

982 789 1148 815 tenuitcum
1158 790 1238 815 Patre
1253 788 1417 815 custodiam
1434 788 1626 823 spiritualem,
1636 798 1648 813 u
1667 790 1698 815 ut
1713 787 1752 814 ait

982 834 1062 861 idem
1076 834 1253 868 Augustinus
1268 834 1295 861 ¹⁶.
1312 835 1344 860 Et
1358 834 1399 861 ibi
1417 834 1491 861 bene
1508 834 1544 860 de
1560 834 1616 861 hoc
1634 843 1641 860 :
1659 835 1686 860 et
1700 841 1752 868 per

982 880 1039 906 1100
1054 879 1092 906 ad
1108 880 1232 914 objecta.
1250 882 1319 907 Item
1331 880 1469 915 quaeritur
1482 880 1518 906 de
1529 880 1586 906 hoc
1596 879 1679 914 quod
1694 879 1750 905 ait:

983 927 1064 953 Nemo
1074 927 1174 960 periit,
1189 927 1245 952 nisi
1259 927 1331 959 filias
1345 926 1525 960 perdtttonis5
1543 933 1611 951 cum
1626 925 1675 951 ille
1690 924 1752 951 fue-

982 972 1019 998 rit
1032 972 1058 998 ei
1074 971 1159 998 datus
1172 979 1189 998 a
1204 973 1302 1005 Patre,
1319 971 1443 1006 qualiter
1457 971 1525 1004 fuit,
1543 971 1626 1006 quod
1640 970 1688 997 1110
1703 978 1752 1005 pe-

983 1017 1044 1050 riit,
1061 1025 1128 1044 eum
1148 1017 1261 1044 dicatur
1276 1025 1365 1052 supra
1382 1018 1399 1034 '⁷
1419 1027 1425 1044 :
1445 1027 1458 1042 «
1474 1017 1527 1050 Qui
1542 1016 1621 1043 venit
1635 1016 1673 1043 ad
1686 1023 1732 1043 me
1743 1036 1752 1049 ,

983 1070 1043 1089 non
1058 1063 1172 1097 ejiciam
1188 1062 1275 1090 foras.
1291 1073 1303 1088 »
1318 1065 1349 1090 Et
1364 1071 1452 1097 supra
1479 1062 1489 1077 ⁸
1502 1072 1508 1090 z
1528 1073 1540 1088 «
1554 1064 1643 1089 Nemo
1658 1064 1753 1097 potest

984 1116 1088 1143 rapere
1104 1108 1140 1135 de
1155 1116 1245 1135 manu
1260 1116 1336 1135 mea.
1348 1118 1361 1133 1)
1379 1110 1411 1135 Ε1
1426 1109 1464 1135 ad
1480 1108 1555 1135 illud
1572 1107 1752 1143 responden-

987 1154 1059 1181 dum
1073 1154 1236 1181 secundum
1247 1154 1487 1189 Chrysostomum
1500 1153 1527 1188 ¹⁹,
1540 1154 1622 1189 quod
1636 1153 1706 1180 «ille
1721 1153 1754 1179 fi-

982 1199 1038 1227 lius
1052 1200 1225 1235 perditionis
1235 1200 1339 1234 periit,
1356 1208 1416 1227 non
1431 1208 1498 1226 mea
1513 1208 1601 1227 causa
1612 1221 1620 1233 ,
1637 1208 1690 1227 nec
1705 1208 1752 1227 me

983 1246 1167 1281 impellente,
1183 1253 1279 1280 neque
1296 1245 1535 1280 derelinquente,
1550 1256 1561 1269 »ι
1572 1248 1609 1280 (01
1623 1245 1753 1280 loquitur

983 1292 1013 1318 111
1027 1299 1154 1326 persona
1174 1291 1258 1326 Filii).
1275 1291 1328 1318 «Si
1343 1293 1440 1318 autem
1453 1291 1502 1318 ille
1523 1293 1550 1318 et
1574 1291 1623 1318 alii
1645 1291 1751 1326 perditi

983 1345 1019 1364 ex
1034 1337 1135 1372 seipsis
1150 1337 1269 1364 exilient
1278 1337 1313 1372 (d)
1326 1357 1333 1370 ,
1346 1337 1402 1364 1100
1418 1338 1475 1371 051,
1490 1336 1561 1371 quia
1575 1345 1636 1364 non
1653 1345 1688 1364 ex
1703 1345 1751 1364 ne-

983 1383 1112 1410 cessitate
1128 1383 1208 1410 traho
1229 1382 1266 1410 ad
1281 1390 1339 1410 me.
1353 1392 1365 1407 »
1385 1384 1415 1409 Et
1429 1382 1560 1417 loquitur
1576 1383 1605 1409 111
1625 1390 1752 1417 persona

983 1428 1059 1462 Filii,
1076 1431 1108 1455 ut
1121 1429 1212 1463 prius.
1229 1429 1286 1455 Sua
1302 1436 1371 1463 ergo
1395 1428 1506 1456 malitia
1524 1428 1624 1463 periit,
1641 1436 1701 1455 non
1717 1436 1751 1455 ex

983 1474 1149 1501 deficientia
1174 1474 1373 1508 custodientisg
1405 1476 1432 1501 et
1454 1474 1539 1501 datus
1560 1474 1613 1500 fuit
1636 1474 1708 1501 Filio
1734 1482 1751 1501 a

983 1521 1082 1553 Patre,
1105 1528 1166 1546 non
1181 1520 1344 1547 secundum
1360 1519 1646 1554 praedestinationem
1670 1522 1750 1546 aeter-

982 1574 1070 1597 nam,
1087 1565 1139 1592 sed
1163 1565 1324 1592 secundum
1347 1568 1519 1600 praesentem
1537 1565 1695 1599 justitiam,
1720 1567 1752 1592 ut

982 1611 1117 1638 habitum
1132 1613 1174 1638 est
1186 1619 1275 1646 supra
1290 1611 1327 1638 ab
1338 1611 1508 1646 Augustino.
1523 1611 1573 1637 vel
1589 1611 1672 1638 aliter
1686 1618 1751 1645 pos-

983 1660 1025 1684 set
1046 1658 1122 1691 (1101,
1149 1658 1231 1692 quod
1255 1660 1297 1684 est
1317 1657 1450 1684 custodia
1470 1657 1594 1692 pastoris
1615 1657 1750 1691 exterior,

983 1703 1091 1730 scilicet
1114 1703 1278 1730 eruditione
1291 1724 1300 1737 ‚
1326 1703 1541 1734 exhortatione,
1574 1705 1602 1730 et
1626 1703 1752 1738 exempli

983 1748 1160 1775 exhibitione
1173 1770 1181 1782 ,
1200 1750 1227 1775 et
1243 1749 1365 1776 ducatus
1387 1749 1538 1783 regimine.
1561 1750 1600 1775 lta
1622 1748 1753 1783 loquitur

983 1794 1029 1821 hic
1045 1803 1050 1820 :
1068 1794 1108 1820 sic
1122 1794 1201 1821 enim
1216 1802 1266 1821 eos
1281 1794 1465 1821 custodiebat
1480 1794 1604 1821 existens
1620 1802 1687 1820 cum
1700 1793 1750 1820 eis.

983 1842 1015 1866 Et
1034 1842 1075 1866 est
1089 1840 1148 1866 alia
1166 1840 1299 1867 custodia
1318 1840 1436 1866 interior
1458 1847 1511 1875 per
1533 1840 1672 1874 gratiam,
1694 1847 1753 1874 qua

982 1885 1044 1920 ipse
1060 1885 1243 1912 custodiebat
1257 1893 1306 1912 eos
1322 1888 1352 1912 ut
1369 1887 1459 1919 Deus,
1474 1885 1535 1912 sive
1551 1893 1677 1920 praesens
1691 1893 1752 1911 cor—

982 1940 1054 1966 pore
1063 1951 1071 1965 ,
1086 1931 1145 1958 sive
1159 1932 1264 1958 absens
1275 1952 1283 1965 ,
1294 1931 1330 1958 de
1341 1939 1399 1966 qua
1414 1931 1452 1958 ait
1467 1931 1609 1966 Propheta
1621 1931 1642 1947 ²⁰
1653 1939 1660 1958 z
1673 1930 1752 1957 «Nisi

983 1977 1122 2005 Dominus
1144 1976 1313 2004 custodierit
1333 1977 1479 2004 civitatem
1492 1997 1501 2011 ,
1521 1977 1626 2004 frustra
1652 1975 1752 2010 vigilat

984 2023 1034 2059 qui
1051 2022 1176 2050 custodit
1189 2030 1264 2049 eam.
1282 2032 1295 2049 »
1312 2024 1344 2049 Et
1358 2022 1394 2049 de
1410 2022 1460 2050 illa
1475 2024 1541 2049 sunt
1561 2022 1749 2057 objectiones.

983 2071 1015 2096 Et
1026 2070 1096 2096 nota
1110 2068 1192 2104 quod
1207 2069 1245 2095 ait
1259 2077 1265 2095 :
1286 2069 1319 2094 Ut
1333 2069 1446 2095 habeant
1460 2069 1590 2102 qaudium
1603 2076 1688 2094 meum
1701 2069 1752 2094 im-

982 2116 1082 2149 pletam
1092 2116 1121 2141 in
1135 2116 1294 2148 semetipsis.
1308 2116 1354 2141 Est
1364 2114 1442 2140 enim
1453 2114 1596 2148 gaudium
1610 2121 1750 2147 vacuum,

984 2163 1011 2188 ct
1025 2160 1111 2188 etiam
1126 2167 1273 2187 evacuans
1297 2167 1314 2187 a
1329 2168 1399 2187 vero
1420 2160 1548 2194 gaudio3
1572 2162 1600 2186 et
1623 2162 1664 2186 est
1683 2167 1754 2194 gau—

984 2207 1066 2234 dium
1081 2206 1282 2241 semiplenum
1294 2227 1302 2240 ,
1315 2213 1375 2241 quo
1385 2206 1515 2240 gaudent
1526 2206 1596 2240 justi
1607 2205 1638 2232 in
1651 2205 1712 2239 via;
1727 2207 1755 2232 et

984 2254 1026 2280 est
1039 2252 1181 2287 gaudium
1196 2252 1334 2286 plenum,
1349 2259 1409 2286 quo
1425 2251 1554 2285 gaudent
1568 2251 1647 2278 beati
1660 2251 1690 2278 in
1702 2258 1753 2287 pa-

984 2298 1048 2326 tria.
1065 2300 1096 2325 Ut
1118 2297 1196 2324 enim
1222 2297 1262 2324 ait
1285 2297 1435 2331 Clemens,
1457 2305 1535 2331 super
1560 2298 1752 2331 Evanqelium,

983 2346 1065 2380 parte
1089 2352 1168 2371 nona
1184 2353 1190 2370 :
1205 2343 1396 2378 Quadruplex
1417 2344 1458 2370 cst
1474 2342 1617 2377 gaudium
1637 2351 1643 2369 :
1660 2350 1753 2369 unum

984 2439 1010 2455 11.
1031 2433 1054 2460 6,
1072 2431 1155 2461 quoad
1173 2423 1283 2454 sensum.
1300 2443 1328 2448 —
1349 2431 1369 2447 ¹³
1384 2431 1456 2461 Sup.,
1478 2436 1512 2460 lv,
1535 2432 1572 2454 ts.
1588 2444 1618 2448 —
1634 2431 1652 2447 ¹⁴
1668 2430 1752 2459 aetna,

987 2473 1003 2496 1,
1019 2468 1042 2491 3.
1055 2479 1084 2483 —
1101 2467 1117 2482 '⁵
1132 2468 1206 2496 Aug„
1221 2466 1283 2489 ibid.
1297 2479 1327 2483 —
1341 2466 1361 2482 ¹⁶
1377 2466 1440 2490 ibid.
1455 2479 1482 2482 —
1499 2466 1517 2481 ¹⁷
1530 2466 1603 2496 Sup.,
1619 2472 1655 2495 v1,
1671 2467 1710 2489 37.
1723 2479 1753 2483 —

985 2503 1004 2517 ¹¹·
1018 2502 1090 2531 Sup.,
1106 2507 1130 2531 x,
1144 2504 1182 2524 29.
1196 2513 1225 2517 —-
1242 2502 1259 2516 ¹²¹
1275 2501 1417 2532 Chrysost.‚
1432 2501 1503 2525 hom.
1519 2507 1597 2531 LxxX,
1613 2500 1646 2523 al.
1664 2506 1753 2528 Lxxm,

985 2542 1010 2558 11.
1029 2538 1052 2559 2.
1067 2549 1097 2553 -
1112 2537 1130 2550 ²⁰
1144 2535 1214 2560 Psal.
1230 2542 1318 2566 exxw,
1334 2537 1356 2559 2.

1018 2588 1048 2617 (a)
1066 2588 1126 2612 Caet.
1142 2589 1201 2613 edit.
1218 2590 1321 2612 evento.
1338 2601 1369 2606 —
1390 2588 1424 2618 (b)
1442 2589 1498 2619 Ley.
1516 2588 1595 2612 multa
1615 2586 1751 2618 diligentia.

986 2636 1014 2640 --
1031 2624 1057 2652 (c)
1077 2625 1136 2647 caet.
1152 2624 1213 2647 edit.
1228 2623 1284 2647 add.
1303 2626 1338 2647 ut.
1354 2637 1380 2640 ——
1400 2623 1435 2653 (tl)
1452 2624 1507 2653 Ley.
1524 2622 1643 2646 resilient.
