1987 3032
698 194 904 226 EXPOSITlO
927 193 965 224 IN
988 192 1073 223 CAP.
1096 191 1159 222 XX.

140 264 346 304 malignitatis
360 262 511 303 judaicae,
534 262 584 292 hic
597 262 665 301 J'am
679 262 771 292 tertio
786 260 904 292 descri-

137 318 183 348 bit
210 316 408 348 severitatem
436 314 564 345 ultionis
594 314 783 353 judiciariae.
818 314 904 344 Circa

138 379 235 410 quam
249 369 311 399 tria
325 368 548 405 insinuantur,
565 367 680 397 scilicet
695 367 844 398 severitas
858 367 904 397 ul-

138 423 231 453 tionis
246 421 362 452 divinae
372 445 380 458 ,
395 420 597 450 incredulitas
613 420 791 450 rebellionis
803 420 904 459 judai-

136 484 180 505 cae
190 499 197 512 ‚
212 474 345 505 firmitas
360 473 566 504 attestationis
580 472 760 512 Scripturas.

176 527 283 558 Primo
299 535 392 565 ergo,
410 528 567 566 quantum
583 526 619 555 ad
639 526 837 556 severitatem
853 526 902 557 ul-

135 580 229 611 tionis
244 581 377 619 divinae,
401 580 474 610 dicit
492 590 498 609 z
516 579 604 618 Quid
621 588 695 618 erqo
720 579 820 618 saciet
840 580 903 610 illis

133 634 291 665 Dominus
304 633 428 665 vineoe?
443 632 508 663 Hoc
523 632 636 671 quaerit
646 656 653 669 ,
670 641 733 662 non
750 634 786 662 ut
809 633 900 663 dubi-

136 689 221 725 tans,
239 687 291 718 sed
307 689 343 717 ut
362 686 476 716 excitet
492 686 530 715 ad
544 685 785 723 intelligendum
806 686 903 716 scien-

132 740 221 770 tiam.
246 740 282 770 Et
301 741 455 779 quantum
482 739 519 769 ad
547 739 608 768 boc
631 737 738 768 subdit
762 738 802 777 (v.
826 739 873 778 16)
893 750 899 769 t

140 793 265 830 Veniet,
282 796 313 822 et
323 792 435 832 perdet
457 791 582 821 colonos
603 791 693 828 istm,
710 795 740 821 et
754 791 842 821 (labit
854 793 900 822 vi-

132 854 226 874 neam
242 845 336 875 aliis:
353 845 387 874 in
399 853 462 883 quo
479 844 573 874 datur
590 843 743 873 sententia
757 845 903 883 reproba-

132 897 226 928 tionis
241 898 442 935 Judaeorum,
466 900 495 927 et
510 897 670 928 electionis
686 898 842 936 gentium.
864 898 902 929 Et

133 950 202 980 haec
217 951 275 980 sub
300 951 406 990 figura
429 950 546 988 vinoae,
571 952 601 980 et
619 950 842 989 inimicorum,
864 952 902 982 de

132 1012 198 1042 qua
212 1004 314 1034 Baias
332 1006 339 1022 ²
357 1014 364 1033 :
389 1015 402 1032 α
417 1002 507 1033 Nunc
526 1003 688 1033 ostendam
704 1004 808 1042 vohis,
825 1005 901 1044 quid

132 1057 245 1086 faciam
270 1057 372 1087 vineae
400 1066 490 1087 meae.
515 1057 664 1087 Auferam
688 1066 794 1096 sepem
813 1059 899 1097 ejus,

132 1112 163 1140 et
187 1110 247 1140 erit
274 1110 309 1140 in
333 1110 559 1149 direptionem3
583 1110 707 1140 diruam
731 1112 900 1142 maceriam

132 1163 201 1201 ejus
216 1186 223 1198 ,
242 1164 273 1193 et
296 1163 355 1193 erit
372 1163 404 1192 in
423 1163 700 1193 conculcationem.
724 1163 761 1193 Et
782 1173 899 1203 ponam

131 1224 201 1246 eam
216 1216 382 1253 desertam,
399 1225 463 1246 non
479 1216 644 1255 putabitur
661 1216 698 1255 (a)
710 1239 719 1254 ,
737 1220 766 1247 et
782 1226 845 1247 non
858 1218 901 1248 fo-

131 1268 245 1306 dietur,
273 1271 304 1299 et
331 1269 499 1300 ascendent
524 1278 620 1308 super
644 1278 713 1299 eam
733 1279 847 1308 vepres
870 1274 900 1301 et

131 1321 246 1361 spinae,
269 1324 299 1352 et
314 1322 453 1352 nubibus
472 1322 648 1358 mandabo,
666 1331 705 1351 ne
724 1322 833 1361 pluant
853 1332 901 1354 su-

131 1383 188 1414 per
213 1384 283 1405 eam
316 1375 462 1405 imbrem.
489 1386 501 1403 »)
529 1374 617 1404 Hanc
646 1375 900 1414 reprobationem

130 1427 253 1466 plangit
272 1427 544 1467 Psalmographus
568 1428 674 1458 dicens
687 1429 696 1444 ²
713 1439 719 1456 :
741 1440 754 1456 (1
770 1427 809 1458 Ut
823 1429 899 1467 quid

130 1479 312 1510 destruxisti
320 1479 488 1510 maceriam
496 1482 575 1519 eJ'us,
584 1482 613 1510 et
622 1480 817 1511 vindemiant
829 1490 899 1511 eam

130 1541 240 1563 omnes
260 1533 315 1572 qui
338 1533 646 1573 praetergrediuntur
661 1533 771 1563 viam?
791 1534 900 1564 Exter-

129 1585 263 1616 minavit
285 1595 354 1616 eam
379 1595 454 1625 aper
477 1586 515 1616 de
547 1586 647 1624 silva,
673 1589 703 1617 et
727 1587 900 1625 singularis

128 1637 214 1668 serus
228 1638 374 1678 depastus
398 1642 443 1669 est
463 1648 544 1669 eam.
563 1650 578 1668 1)
594 1639 636 1669 De
652 1639 802 1671 electione
824 1651 899 1672 vero

128 1693 277 1731 gentium
296 1694 412 1724 dicitur
426 1696 436 1712 ³
456 1705 462 1724 :
485 1706 498 1723 «
513 1695 641 1725 Caecitas
664 1705 704 1725 ex
724 1699 811 1735 parte
826 1706 900 1728 con-

130 1746 225 1785 tingit
240 1746 272 1776 in
284 1747 391 1784 Israel,
408 1749 444 1777 ut
458 1747 621 1787 plenitudo
638 1748 784 1786 gentium
800 1749 897 1780 intra-

129 1801 186 1829 ret.
202 1809 216 1827 »
249 1799 286 1829 Et
308 1800 345 1830 de
360 1800 420 1830 hoc
444 1801 482 1830 ad
501 1802 661 1831 Romanos
683 1804 692 1820 ·”
711 1812 716 1831 z
739 1813 753 1830 «
776 1802 900 1834 Vocabo

129 1861 192 1882 non
208 1853 332 1892 plebem
347 1863 450 1884 ineam
463 1878 470 1891 ,
486 1854 608 1893 plebem
625 1864 740 1886 meam.
756 1867 770 1884 »
790 1856 899 1896 Sequi-

130 1908 180 1935 tur
203 1916 209 1935 :
232 1905 297 1936 «Et
319 1915 382 1936 non
406 1907 656 1938 misericordiam
681 1912 896 1948 consecutam,

130 1958 374 1989 misericordiam
399 1963 610 1991 consecutam.
632 1972 646 1989 »
683 1961 771 1998 Quod
794 1973 899 2003 sump-

130 2013 197 2041 tum
210 2012 298 2042 estde
312 2013 420 2043 Oseaii.
434 2013 471 2043 Et
481 2013 517 2043 de
533 2014 590 2044 boc
606 2015 639 2043 in
656 2015 805 2046 leatllzoeo
819 2017 855 2056 (b)
868 2018 896 2048 ⁶:

133 2075 147 2092 (1
163 2064 336 2095 Auferetur
351 2075 369 2096 a
381 2066 473 2096 vobis
488 2076 627 2105 regnum
644 2067 709 2106 Dei,
727 2070 757 2099 et
772 2069 898 2100 dabitur

127 2117 215 2155 genti
231 2118 354 2149 facienti
369 2119 490 2150 fructus
505 2121 584 2159 ejus.
601 2132 615 2148 »

167 2170 323 2209 Secundo,
344 2174 501 2211 quantum
523 2173 561 2203 ad
584 2173 834 2205 incredulitatem
851 2185 899 2206 re-

127 2223 270 2253 bellionis
282 2224 430 2263 judaicae,
445 2226 571 2256 subdit:
589 2226 658 2265 Quo
674 2227 795 2265 andito,
812 2228 898 2259 dire-

127 2280 203 2306 rum
217 2277 266 2306 illi
280 2286 290 2307 .·
306 2277 412 2316 Alma,-
426 2279 516 2317 quasi
537 2279 640 2310 dicant
658 2291 664 2311 :
682 2280 751 2311 Non
771 2281 813 2311 ita
827 2290 897 2313 eve-

127 2330 203 2366 niet,
222 2332 257 2359 ut
271 2330 388 2361 dixisti.
405 2330 462 2361 Sed
480 2333 672 2363 contrarium
689 2333 786 2373 hujus
806 2335 897 2366 vide-

127 2385 180 2413 tur
195 2383 226 2412 in
243 2383 404 2420 Matutam,
424 2384 476 2414 ubi
492 2385 535 2415 sic
549 2385 685 2416 dicitur⁷
699 2398 705 2417 :
723 2398 737 2415 «
753 2387 830 2418 Cum
847 2398 898 2418 ve-

126 2436 209 2466 nerit
224 2435 377 2467 Dominus
399 2437 511 2475 viuere,
539 2439 614 2478 quid
636 2440 728 2470 faciet
751 2441 897 2480 agricolis

128 2488 210 2519 illis?
232 2489 330 2519 Aiunt
355 2489 398 2519 illi
421 2499 428 2520 :
454 2490 551 2521 Malos
571 2493 651 2523 male
666 2494 784 2533 perdet,
802 2497 832 2525 et
848 2496 894 2527 vi-

159 2587 166 2602 1
184 2587 241 2615 Im.¹
253 2592 277 2617 ν,
289 2588 335 2611 5-6.
351 2588 399 2605 —2
416 2589 482 2612 Psal.
498 2595 585 2620 cxxix,
602 2591 680 2615 13-11.
700 2606 725 2609 -—
741 2593 750 2609 ³
765 2593 840 2621 Rom„
859 2600 893 2621 xi.

128 2623 198 2645 25.—
213 2622 221 2634 ⁴
233 2622 304 2650 thid..
321 2629 355 2653 lx,
369 2625 407 2647 25.
419 2637 448 2641 —
462 2625 471 2640 ⁸
485 2626 548 2653 Ose„
566 2632 594 2656 11,
611 2628 648 2651 21.
661 2640 690 2645 -
704 2628 822 2657 flltlallla„
842 2635 894 2658 xxi,

128 2658 166 2683 43,
183 2670 212 2674 ——
229 2657 237 2673 7
257 2657 328 2689 ibid„
348 2661 428 2683 llo-tl.
444 2673 474 2677 —
492 2662 499 2673 ¹⁴
511 2662 587 2692 Aug„
601 2662 630 2685 cle
645 2662 762 2687 Concor-d.
777 2664 895 2695 Ercmyel.

1672 191 1728 219 137

961 268 1054 289 neam
1069 267 1162 289 suam
1182 257 1295 288 locabit
1318 257 1387 288 aliis
1407 256 1566 295 agricolis,
1588 256 1643 295 qui
1658 256 1728 286 red-

961 313 1033 343 dent
1053 313 1082 343 ei
1101 313 1240 342 fructum
1261 311 1459 350 temporibus
1473 310 1548 340 suis.
1565 321 1579 338 n
1598 309 1655 339 Hic
1670 318 1727 339 au-

960 367 1024 395 tem
1039 365 1151 396 dicitur
1171 364 1256 404 quod
1278 364 1552 400 contradixerunt3
1573 363 1628 393 sed
1647 362 1729 392 hanc

960 420 1164 458 apparentem
1184 417 1436 447 contrarietatem
1462 417 1555 447 solvit
1572 416 1727 454 Augusti-

959 480 1020 501 nus
1034 472 1066 501 in
1086 471 1166 501 libro
1189 470 1226 501 (le
1243 469 1421 502 Concordia
1436 469 1725 509 Ecanqelistarum,

959 522 1014 552 ubi
1030 522 1103 553 dicit
1119 522 1162 552 sic
1177 522 1187 539 ⁸
1204 533 1210 552 :
1237 534 1251 551 «
1266 521 1478 560 Intelligimus
1492 520 1646 560 quosdam
1660 529 1726 550 res-

959 576 1104 616 pondisse
1115 576 1198 615 quod
1208 576 1374 606 Matthaeus
1384 576 1612 606 commemorat
1620 585 1626 611 ;
1635 583 1728 613 quos—

959 629 1032 659 dam
1043 638 1129 666 vero,
1141 629 1217 659 illud
1228 629 1311 668 quod
1327 629 1437 659 Lucas.
1457 639 1471 657 »
1488 629 1586 659 Aliter
1600 637 1728 667 respon-

959 682 1010 712 det
1032 681 1275 721 Clirysostomus
1289 684 1310 719 ⁹,
1338 682 1423 721 quod
1450 691 1554 712 unum
1578 681 1728 712 dixerunt

960 735 1063 772 corde,
1091 735 1207 765 scilicet
1226 735 1311 774 quod
1334 734 1501 765 Matthaeus
1519 734 1610 771 dicit;
1642 734 1727 765 aliud

959 797 1024 825 ore,
1041 787 1156 818 scilicet
1168 788 1252 827 quod
1264 788 1337 818 dicit
1349 788 1458 818 Lucas.
1472 788 1558 818 Unde
1571 788 1728 818 conscien-

958 841 1000 871 tia
1013 849 1150 871 consona
1165 843 1232 871 erat
1246 841 1363 871 divinae
1376 840 1539 871 sententiae
1553 842 1584 870 et
1600 841 1728 879 parabo-

958 893 1008 931 lae,
1046 893 1100 924 sed
1127 893 1238 932 lingua
1268 894 1434 924 contraria.
1466 893 1553 924 Unde
1579 893 1688 924 Glossa
1719 905 1725 924 :

963 958 977 975 «
993 946 1217 977 Contradicunt
1233 947 1407 984 sententiae,
1423 956 1519 986 quam
1534 950 1643 977 contra
1655 956 1727 987 per-

958 1000 1066 1029 fidiam
1082 1009 1172 1030 suam
1186 1000 1301 1030 dictam
1315 1002 1531 1039 cognoscunt:
1545 1000 1629 1040 quod
1641 1000 1727 1030 enim

957 1054 990 1083 in
1005 1055 1111 1083 mente
1121 1054 1284 1091 gerebant,
1300 1053 1333 1083 in
1348 1053 1498 1092 parabola
1508 1053 1728 1091 intelligebant

959 1107 994 1145 (c)
1007 1107 1196 1137 contineri.»
1215 1106 1252 1137 Et
1267 1116 1307 1137 ex
1322 1107 1382 1137 hoc
1396 1107 1516 1137 mirum
1532 1106 1585 1136 Dei
1598 1108 1728 1145 apparet

954 1159 1122 1198 Jutlicium,
1140 1160 1224 1199 quod
1246 1160 1489 1191 contradicendo
1509 1160 1657 1190 volebant
1681 1160 1726 1190 la-

957 1217 1034 1250 tere,
1045 1215 1191 1244 ettamen
1206 1214 1323 1253 seipsos
1335 1214 1533 1253 detegebant,
1552 1214 1627 1244 dum
1642 1214 1727 1244 veri-

957 1266 1012 1296 tati
1026 1267 1143 1305 seipsos
1156 1267 1367 1306 opponebant,
1381 1269 1489 1297 contra
1503 1267 1580 1297 illud
1589 1267 1610 1282 ¹⁰
1620 1277 1625 1296 :
1635 1277 1649 1295 a
1658 1265 1726 1296 Non

957 1319 1151 1349 contradicas
1178 1319 1275 1349 verbo
1303 1319 1443 1351 veritatis
1469 1319 1533 1350 ullo
1556 1320 1665 1358 modo,
1696 1322 1727 1350 et

956 1372 994 1402 de
1019 1372 1192 1410 mendacio,
1208 1384 1222 1400 n
1235 1375 1293 1403 etc.

996 1425 1112 1462 Tertio,
1132 1428 1288 1464 quantum
1304 1426 1341 1456 ad
1357 1426 1540 1456 firmitatem
1559 1426 1727 1457 attestatio-

955 1478 1004 1508 nis
1020 1478 1203 1518 Scripturae,
1215 1479 1384 1518 subjungit
1399 1480 1440 1518 (v.
1458 1481 1505 1517 17)
1525 1490 1531 1509 :
1549 1480 1607 1510 Ille
1618 1484 1725 1511 autem

955 1532 1124 1571 respiciens
1143 1541 1204 1569 eos,
1222 1533 1269 1562 ait
1284 1542 1294 1563 .·
1311 1532 1398 1571 Quid
1410 1537 1455 1563 est
1468 1541 1542 1573 erqo
1562 1532 1619 1563 hoc
1640 1534 1729 1573 qzcocl

954 1588 1108 1624 scriptum
1124 1589 1169 1615 est
1181 1595 1191 1616 .·
1206 1586 1361 1626 Lapidem
1371 1596 1464 1626 quem
1476 1586 1727 1626 reprobaverunt

955 1638 1157 1676 oedificantes,
1177 1639 1226 1669 hic
1246 1640 1352 1678 factus
1371 1640 1463 1670 estin
1478 1640 1725 1680 caputmzqulz'?

955 1692 1020 1722 Hoc
1031 1692 1177 1722 scribitur
1188 1692 1220 1722 in
1232 1692 1361 1723 Psalmo
1374 1693 1405 1730 ¹¹,
1419 1693 1472 1723 ubi
1483 1693 1588 1723 statim
1599 1693 1725 1724 additur

956 1745 1036 1775 mira
1052 1745 1165 1775 Christi
1179 1745 1355 1783 humilitas,
1369 1746 1421 1785 qui
1437 1746 1539 1776 voluit
1549 1746 1722 1785 reprobari.

956 1798 1086 1838 Propter
1105 1798 1190 1837 quod
1210 1798 1387 1829 admiratur
1410 1799 1514 1830 [sams
1539 1799 1560 1817 ¹²
1582 1808 1593 1829 ,·
1619 1798 1724 1836 «Quis

954 1852 1084 1882 credidit
1094 1852 1218 1882 auditui
1231 1853 1358 1882 nostro?
1375 1852 1410 1882 Et
1420 1852 1585 1883 brachium
1600 1852 1724 1883 Domini

954 1905 1003 1935 cui
1019 1904 1194 1935 revelatum
1211 1905 1276 1934 est‘?
1290 1904 1326 1935 Et
1341 1905 1487 1936 ascendet
1505 1905 1585 1935 sicut
1597 1905 1724 1944 virgul-

955 1960 1022 1988 tum
1038 1967 1144 1988 coram
1154 1967 1202 1995 eo,
1214 1960 1244 1988 et
1255 1958 1335 1988 sicut
1345 1958 1436 1988 radix
1448 1959 1486 1988 de
1497 1960 1581 1989 terra
1593 1959 1722 1989 sitienti.

954 2012 991 2043 Et
1003 2022 1060 2043 nos
1076 2013 1261 2052 putavimus
1283 2012 1324 2052 (ct)
1346 2022 1421 2043 eum
1440 2012 1529 2052 quasi
1544 2013 1721 2052 leprosum,

953 2068 983 2096 et
997 2075 1183 2105 percussum
1198 2075 1217 2095 a
1232 2065 1305 2103 Deo,
1320 2067 1351 2096 et
1361 2066 1574 2096 humiliatum.
1585 2076 1599 2094 »
1620 2066 1654 2096 In
1666 2066 1724 2096 hoc

953 2120 1048 2150 etiarn
1067 2120 1243 2150 ostenditur
1261 2119 1340 2150 mira
1352 2119 1465 2150 Christi
1479 2121 1625 2158 potestas,
1640 2120 1723 2159 quod

954 2174 1109 2213 disjuncta
1135 2174 1274 2204 maxime
1315 2173 1353 2203 ad
1390 2173 1546 2203 unitatem
1579 2173 1721 2211 reduxit,

954 2228 1045 2267 quasi
1055 2227 1134 2267 lapis
1147 2227 1322 2266 angularis.
1336 2226 1454 2256 Dicitur
1463 2228 1570 2256 autem
1581 2226 1723 2256 Christus

953 2281 1044 2321 lapis,
1066 2283 1193 2320 propter
1214 2279 1465 2320 permanentiam
1481 2279 1667 2318 stabilitatis,
1685 2280 1722 2310 de

952 2344 1015 2373 qua
1030 2334 1147 2365 Daniel
1161 2335 1180 2350 ¹³
1199 2333 1369 2364 :aVidebas
1386 2333 1438 2371 ita,
1455 2333 1553 2363 donec
1565 2333 1722 2363 abscissus

952 2389 998 2417 est
1011 2388 1092 2427 lapis
1102 2388 1139 2418 de
1152 2389 1257 2417 monte
1274 2387 1340 2417 sine
1353 2386 1512 2424 manibus,
1525 2389 1555 2417 et
1568 2387 1722 2426 percussit

951 2483 992 2506 lib,
1014 2484 1043 2513 ll,
1057 2490 1080 2505 c.
1096 2488 1154 2511 Lxx,
1173 2489 1198 2505 n.
1216 2483 1270 2506 136.
1286 2494 1315 2500 —
1330 2484 1338 2496 1*
1355 2482 1409 2506 lmo
1424 2484 1512 2506 auctor
1529 2482 1600 2512 Oper.
1619 2482 1718 2512 imperf.

952 2518 1089 2547 minume„
1110 2518 1180 2541 1111111.
1203 2523 1243 2546 XL.
1264 2530 1294 2536 -
1316 2518 1334 2535 ¹⁰
1353 2517 1441 2548 Eccli„
1463 2523 1498 2547 iv,
1521 2520 1543 2540 3.
1564 2530 1594 2535 —·
1612 2518 1629 2533 ¹¹
1648 2517 1720 2540 Psal.

952 2560 1030 2584 cxvn,
1046 2555 1116 2577 22.—-
1137 2554 1154 2569 ¹³
1170 2554 1229 2583 Isti„
1244 2559 1302 2583 Lm,
1319 2555 1339 2584 l,
1357 2555 1379 2583 2,
1393 2553 1483 2577 4.--13
1501 2553 1612 2581 Dani,11‚
1628 2554 1665 2582 31,
1680 2554 1718 2575 35.

984 2595 1016 2623 (u)
1030 2594 1070 2617 Al.
1084 2593 1258 2623 potabiturvel
1271 2593 1421 2624 portabitur,
1440 2593 1561 2616 memlow.
1573 2605 1598 2609 -
1614 2591 1645 2621 (b)
1658 2592 1716 2616 Geel.

951 2630 1009 2652 edit.
1023 2628 1194 2652 Matthmus.—
1212 2629 1242 2659 (c)
1260 2630 1319 2653 Item
1336 2629 1501 2660 intelligebat.
1517 2642 1546 2646 —
1562 2628 1597 2658 (tl)
1610 2628 1718 2651 11011119-

951 2664 1103 2695 putavimus.
