1987 3032
56 2409 140 2429 Inordi-

723 215 928 249 EXPOSITIO
950 215 990 247 ΙΝ
1011 216 1098 247 CAP.
1121 216 1172 248 VI.

156 293 211 319 ego
233 285 364 312 reficiam
385 293 449 312 vos.
472 294 485 310 π
508 285 600 319 Supra
621 284 716 311 simile
730 283 739 300 ¹
756 292 764 311 z
782 293 796 309 (ι
810 283 862 317 Qui
876 282 922 310 bi-

156 331 230 358 berit
251 338 284 358 ex
307 339 404 366 aqua,
429 337 519 366 quam
535 330 646 357 dedero
671 330 713 362 ei,
730 337 791 357 non
806 329 889 356 sitiet.
904 337 919 355 »

156 378 233 404 Hunc
254 379 333 404 Pater
354 378 481 410 siqnavit.
499 377 530 403 Ut
546 376 624 403 enim
648 376 688 402 ait
711 375 888 410 Augustinus
898 374 918 408 ²,

160 432 172 447 α
186 423 238 450 lste
265 423 343 449 filius
370 422 498 449 hominis
526 422 579 449 fuit
611 423 806 458 sequestratus
830 421 923 455 gratia

155 468 271 503 spiritus
287 477 292 495 :
309 478 321 493 η
331 468 362 493 ³«
373 468 456 495 Unxit
466 468 544 495 enim
558 476 625 495 eum
636 468 775 495 Dominus
784 475 844 502 prae
854 474 923 494 con-

154 514 280 541 sortibus
303 514 372 541 suis.
389 524 402 539 »
420 515 512 549 Supra
529 515 536 529 a
554 524 560 541 :
581 524 593 540 «
608 516 670 542 Non
696 514 735 541 ad
754 520 923 541 mensuram

155 560 205 587 dat
226 561 298 586 Deus
321 560 494 595 spiritum.»
518 562 550 587 Et
571 560 684 587 ibidem
703 561 713 576 ⁵
735 569 741 586 :
769 558 924 593 «Signavit

155 614 232 639 eum,
248 605 317 641 quia
332 608 406 633 Deus
420 614 508 633 verax
526 608 577 633 est.
594 608 639 631 »θα
648 606 705 633 Erit
720 606 858 633 Dominus
872 613 926 632 no-

154 652 280 679 minatus
294 651 325 678 in
350 652 467 687 signum
492 654 642 679 aeternum.
660 662 671 677 n
687 653 697 668 ⁷
721 662 734 677 α
748 651 813 678 Vidi
828 654 922 686 Ange-

153 698 216 725 lum
232 698 438 726 ascendentem
457 699 494 726 ab
514 701 578 725 ortu
599 699 684 732 solis,
702 698 860 725 habentem
883 697 923 724 si-

154 752 245 779 gnum
264 745 313 772 Dei
334 744 404 778 vivi,
419 755 431 770 υ
451 746 504 772 etc.
526 745 684 778 Quaeritur,
709 745 834 780 qualiter
859 745 898 771 ait
915 752 921 771 :

156 791 283 823 Quoerz'tz's
298 799 352 824 me,
366 799 418 817 non
433 792 499 825 quia
516 793 594 825 signa
608 790 734 825 vidistis,
756 798 822 817 cum
844 790 923 818 diea-

154 838 199 864 tur
213 844 312 872 supra,
329 837 434 864 eodem
448 837 458 853 ⁸
475 846 481 864 ε
501 847 513 862 «
533 837 714 872 Sequebatur
738 844 807 863 eum
827 836 924 863 multi-

153 883 224 910 tudo
236 890 354 917 magna,
372 883 442 918 quia
453 883 595 910 videbant
610 883 710 918 signa:
721 894 734 908 »
745 884 791 909 sed
798 885 863 917 quia
870 891 923 917 pa-

153 937 211 956 nem
238 930 442 956 manducastis?
460 932 493 957 Et
515 930 553 957 ad
577 930 654 956 istud
669 929 923 965 respondendum,

153 975 307 1002 referendo
336 975 389 1003 ista
418 976 456 1003 ad
485 976 600 1003 diversa
626 978 774 1011 tempora,
805 976 874 1011 quia
893 976 923 1002 in

154 1021 298 1057 principio
327 1023 394 1048 sunt
421 1022 510 1049 secuti
535 1024 654 1057 propter
682 1022 765 1056 signa
777 1042 785 1055 ,
815 1022 922 1050 deinde

153 1070 274 1103 propter
293 1068 402 1095 cibum.
425 1069 477 1095 Vel
491 1069 547 1096 hoc
573 1069 678 1096 dieitur
704 1068 858 1096 referendo
884 1069 923 1096 ad

154 1114 284 1141 diversas
306 1122 462 1149 personas,
487 1115 557 1149 quia
577 1115 700 1149 quidam
723 1115 923 1149 sequebantur

152 1162 273 1195 propter
287 1160 390 1194 signa,
410 1161 533 1196 quidam
561 1162 681 1196 propter
704 1160 822 1194 cibum,
849 1161 922 1188 forte

152 1206 251 1241 plures
265 1207 319 1233 isto
344 1207 445 1233 modo.
463 1208 533 1234 Item
555 1207 703 1242 quaeritur,
720 1206 845 1242 qualiter
861 1207 919 1235 ait:

155 1253 312 1287 Operamz'm'
332 1261 383 1280 non
401 1254 485 1280 cibum
501 1255 548 1287 qut
565 1255 648 1288 perit.
668 1255 707 1280 Ex
722 1253 778 1280 hoe
794 1253 920 1287 videtur,

154 1299 238 1334 quod
263 1307 324 1326 non
348 1299 416 1326 licet
444 1299 560 1334 operari
584 1307 637 1334 pro
662 1299 739 1326 cibo.
766 1301 797 1326 Et
812 1299 922 1326 dietum

155 1347 197 1372 est
209 1346 219 1361 ⁹
236 1354 242 1372 :
271 1355 283 1369 (ι
304 1344 395 1372 Nolite
424 1344 538 1371 solliciti
572 1353 633 1371 esse
661 1345 735 1380 quid
764 1345 922 1373 manduce-

155 1392 198 1425 tis,
212 1402 225 1417 »
243 1392 295 1418 ete.
309 1393 340 1418 Et
362 1391 401 1418 ait
418 1391 558 1418 Dominus
579 1391 694 1418 Marthae
705 1412 712 1425 ,
730 1392 813 1426 quasi
828 1392 922 1419 inere-

153 1437 253 1472 pando
272 1437 291 1453 ¹⁰
309 1446 335 1464 :a
346 1437 465 1470 Martha,
482 1437 602 1471 Martha,
618 1437 741 1465 sollicita
757 1446 796 1464 es.
812 1448 824 1463 >v
842 1438 922 1465 Unde

153 1483 200 1510 hie
225 1483 386 1510 introducit
416 1483 641 1517 Chrysostomus
671 1484 707 1510 de
742 1484 923 1519 quibusdam

154 1529 205 1564 qui
219 1529 359 1556 volebant
375 1529 457 1564 pigre
470 1529 574 1556 nutriri
589 1529 718 1556 dieentes
735 1538 740 1556 :
757 1531 820 1557 Non
836 1538 923 1565 opor-

153 1577 191 1603 tet
205 1575 331 1610 operari,
348 1577 375 1602 et
390 1583 520 1602 errorem
540 1575 746 1603 confirmantes
760 1575 843 1603 dictis
856 1584 923 1604 auc-

154 1621 326 1648 toritatibus.
342 1622 448 1648 Contra
464 1629 539 1656 quos
553 1622 649 1655 arguit
664 1629 698 1648 ex
712 1622 811 1649 verbis
835 1625 924 1657 Apos-

154 1668 205 1695 toli
222 1667 240 1684 ¹¹
256 1677 262 1694 :
281 1677 293 1692 ιι
315 1670 412 1702 Neque
428 1675 537 1702 panem
561 1667 649 1702 gratis
678 1668 923 1696 manducavimus

154 1714 192 1742 ab
207 1714 325 1749 aliquo,
350 1713 402 1740 sed
421 1713 451 1740 in
476 1713 576 1740 labore
587 1733 594 1746 ,
610 1723 624 1739 >1
644 1715 671 1740 et
686 1714 797 1741 ibidem
812 1715 831 1730 ¹2
845 1724 851 1741 ι
868 1724 881 1739 «
896 1715 922 1742 Si

155 1760 220 1796 quis
234 1767 294 1786 non
308 1759 371 1786 vult
386 1759 522 1794 operari,
538 1767 599 1786 non
620 1760 788 1787 manducet.
801 1770 813 1785 »
831 1762 863 1787 Et
877 1760 897 1778 ¹³
915 1771 921 1788 :

157 1816 170 1831 «
184 1806 297 1833 Beatius
316 1807 357 1832 est
373 1805 442 1832 dare
454 1825 462 1838 ,
479 1813 569 1839 quam
589 1805 730 1840 accipere.
747 1807 780 1832 Et
794 1807 831 1833 ad
846 1806 924 1834 istud

155 1853 377 1887 Chrysostomus
393 1851 423 1885 ¹³,
440 1851 523 1886 quod
540 1861 553 1876 <n
567 1859 627 1878 non
643 1854 684 1878 est
694 1852 772 1879 idem
788 1860 846 1880 non
862 1861 923 1880 esse

155 1898 306 1931 sollicitos,
320 1900 346 1924 et
360 1905 420 1924 non
433 1897 549 1933 operari
566 1907 572 1924 ι
589 1905 643 1924 nec
658 1900 699 1924 est
720 1898 800 1925 idem
815 1898 923 1926 solliei-

155 1945 226 1971 tudo
238 1966 246 1975 ,
262 1946 290 1971 et
314 1943 455 1979 operatio.
476 1954 488 1969 n
518 1943 642 1976 Quando
668 1952 738 1978 ergo
754 1944 793 1970 ait
810 1953 816 1971 ε
832 1946 924 1972 Nolite

155 1992 261 2024 operari
271 1990 357 2016 cibum
369 1991 417 2023 qui
428 1991 512 2023 perit,
528 1989 666 2024 prohibet
688 1990 819 2017 studium
834 1991 923 2018 susci-

154 2044 234 2072 pere,
251 2037 278 2062 et
289 2043 461 2070 praeponere
478 2043 574 2062 escam
586 2035 694 2062 ventris
709 2035 776 2062 cibo
792 2036 838 2063 vel
853 2045 923 2064 escae

155 2082 308 2117 spirituali,
324 2083 351 2109 et
366 2081 455 2115 affligi
470 2081 558 2108 rebus
580 2081 803 2116 temporalibus.
830 2084 862 2109 Et
880 2091 923 2110 se-

156 2128 254 2163 quitur
268 2136 293 2155 :«
309 2127 336 2155 Si
351 2128 417 2162 quis
431 2127 572 2162 pigritans
582 2127 689 2153 ventris
706 2128 740 2162 (a)
759 2130 785 2154 et
799 2127 923 2156 lasciviae

155 2183 256 2203 curam
270 2174 366 2208 saciat,
381 2173 427 2200 hic
443 2173 542 2200 cibum
558 2174 714 2208 operatur,
731 2174 781 2209 qui
796 2174 879 2209 perit.
895 2175 923 2203 Si

155 2222 221 2256 quis
239 2222 337 2248 autem
361 2219 502 2246 Christum
525 2218 658 2246 nutrierit
681 2221 708 2246 et
725 2220 884 2255 portaverit
897 2222 924 2247 et

155 2268 292 2301 induerit,
305 2267 404 2294 nullus
423 2269 465 2294 est
484 2269 543 2294 tam
557 2267 708 2300 indoctuS,
721 2269 753 2294 ut
767 2267 844 2294 dicat
856 2275 924 2295 eum

155 2315 328 2349 pereuntem
356 2312 455 2340 cibum
484 2313 620 2348 operari,
641 2314 761 2348 propter
777 2321 866 2348 quem
882 2315 925 2341 est

155 2359 311 2395 promissio
333 2359 426 2394 regni.
444 2368 457 2384 »
475 2360 539 2386 Haec
562 2359 621 2386 ille.
649 2359 727 2386 Unde
740 2359 845 2386 dicitur
860 2368 922 2387 ma-

155 2406 325 2441 gistraliter,
342 2405 425 2440 quod
446 2406 541 2439 potest
565 2412 626 2432 esse
642 2405 820 2432 inordinatio
836 2405 866 2432 in
881 2405 923 2433 la-

189 2466 333 2496 ¹Sup.,1V,
351 2466 387 2488 ¹8.
402 2477 432 2481 —
446 2465 456 2480 ἓ
471 2460 601 2494 Αυᾳ.,ὐ1)ἰ
616 2471 683 2495 sup„
695 2471 720 2487 n.
738 2466 775 2488 11.
789 2477 818 2482 —-
833 2465 841 2479 ³
854 2465 922 2489 Psal.

158 2507 227 2529 κων,
244 2503 266 2524 8.
279 2513 307 2518 —
322 2501 332 2517 ⁴
348 2502 475 2530 Sup.,111,
488 2501 526 2523 34.
541 2512 570 2516 —
586 2500 681 2530 ⁵1hi‹l.,
694 2501 731 2522 33.
746 2513 771 2516 -
789 2501 797 2513 ⁶
809 2501 867 2530 Im„
882 2507 922 2531 Lv,

161 2537 198 2559 13.
211 2549 237 2552 —-
252 2537 261 2551 '¹
277 2537 361 2566 Alme„
377 2541 421 2565 vit,
437 2537 458 2558 2.
473 2547 502 2551 —
518 2536 525 2547 ³
536 2536 607 2565 Sup.‚
620 2536 642 2558 8.
656 2547 686 2552 —
698 2537 706 2548 ’-’
720 2535 818 2565 ΜαίίΙι.,
836 2542 868 2565 ν),
884 2538 922 2560 25.

160 2571 223 2588 -12
238 2572 304 2600 Luc„
319 2578 344 2601 x,
359 2572 398 2595 41.
413 2571 504 2593 -1111
523 2570 672 2600 Thess.‚1u,
685 2572 748 2594 8.-
765 2570 923 2600 ¹21bid.,10.

161 2618 190 2623 -
219 2606 238 2622 ¹³
265 2606 329 2632 Act..
356 2613 406 2634 xx,
431 2607 468 2629 35.
492 2618 522 2622 —
546 2605 566 2621 ¹⁶
589 2606 728 2636 chrysost„
753 2605 794 2629 ubi
818 2613 872 2637 sup.
894 2620 924 2625 -

162 2641 183 2657 ¹⁸
201 2640 341 2671 Chrys-ost„
361 2641 387 2664 in
406 2641 485 2670 Joan„
503 2640 572 2664 hom.
590 2646 664 2670 niv,
680 2640 712 2663 al.
731 2646 788 2670 ην,
807 2647 831 2669 n,
855 2644 875 2665 t.

1688 218 1744 248 347

978 282 1050 310 bore
1067 290 1209 311 manuum
1223 283 1374 319 tripliciter
1389 292 1397 311 :
1413 284 1461 311 vel
1476 282 1682 311 deordinando
1701 282 1745 309 in-

976 329 1147 363 tentionem,
1164 329 1283 365 quando
1298 330 1449 357 laboratur
1458 338 1512 365 pro
1521 330 1587 357 cibo
1602 329 1741 361 finaliter;

977 375 1024 402 vel
1039 378 1136 410 posset
1160 384 1220 403 esse
1242 375 1418 403 inordinatio
1430 375 1621 410 aggravando
1637 374 1746 401 solliei-

978 421 1109 448 tudinem
1124 423 1151 448 et
1166 429 1216 449 cor
1229 421 1315 448 nimis
1325 421 1501 456 affligendo,
1516 421 1564 448 vel
1575 421 1669 456 potest
1684 428 1746 447 esse

979 466 1164 494 deordinatio
1187 467 1300 495 ratione
1321 468 1473 502 temporis,
1489 467 1655 494 laborando
1671 465 1747 493 scili-

979 514 1022 540 cet
1034 513 1063 539 in
1078 514 1209 548 tempore
1232 513 1382 546 indebito,
1399 516 1430 540 ut
1455 514 1486 540 in
1501 513 1606 540 diebus
1627 511 1746 545 festivis,

977 558 1025 585 vel
1040 559 1069 585 in
1083 561 1229 594 tempore,
1242 560 1273 586 in
1287 568 1347 594 quo
1363 559 1452 587 debet
1466 560 1555 587 homo
1569 566 1674 586 vacare
1691 559 1747 585 Deo

978 606 1005 631 et
1017 604 1132 632 divinis.

1013 651 1057 677 28.
1075 652 1106 678 Et
1121 651 1253 686 sequitur
1281 658 1384 678 eorum
1411 650 1563 685 inquisitio
1592 658 1660 677 cum
1686 657 1748 677 res-

978 697 1121 732 ponsione
1150 697 1304 725 Salvatoris
1322 707 1327 724 :
1361 698 1490 724 Dixeritne
1516 705 1575 731 erqo
1599 697 1635 723 ad
1664 704 1723 723 eum
1740 704 1747 722 :

979 744 1051 776 Quid
1068 745 1217 776 faciemus?
1239 746 1292 770 etc.
1309 743 1365 770 Sed
1380 750 1416 769 ex
1437 743 1494 769 hoe
1508 743 1645 769 videntur
1669 750 1750 769 com-

978 789 1149 822 mendandi,
1179 789 1261 824 quod
1286 790 1346 816 tam
1376 789 1433 816 cito
1457 788 1656 823 inquirebant,
1673 795 1748 823 quo-

978 835 1070 862 modo
1088 837 1223 871 poterant
1250 835 1344 862 facere
1371 842 1461 869 opera
1489 834 1549 861 Dei.
1572 836 1604 861 Et
1618 834 1656 861 ad
1672 833 1751 861 istud

978 881 1136 917 respondet
1159 882 1385 917 Chrysostomus
1407 880 1427 896 ¹³
1451 889 1457 907 :
1485 890 1498 905 (ι
1514 882 1572 907 Hoc
1600 880 1749 914 dicebant,

978 936 1039 955 non
1052 931 1084 955 ut
1098 928 1227 962 discant,
1250 930 1277 955 et
1291 929 1394 962 agant,
1423 927 1476 954 sed
1503 935 1604 954 rursus
1619 934 1688 954 eum
1711 926 1750 954 ad

978 975 1036 1002 eibi
1064 974 1275 1002 exhibitionem
1304 974 1452 1000 dueenteS.
1481 973 1557 1000 Nihil
1585 972 1664 999 enim
1687 980 1750 1007 gas-

979 1020 1129 1055 trimargia
1153 1020 1279 1047 deterius
1308 1027 1405 1055 neque
1427 1019 1555 1054 turpius,
1582 1019 1643 1045 haec
1671 1018 1749 1046 enim

979 1074 1111 1101 grossam
1127 1066 1195 1093 facit
1215 1068 1356 1097 mentem,
1379 1068 1407 1093 et
1431 1065 1579 1092 carnalem
1596 1064 1664 1091 facit
1687 1064 1750 1092 ani-

978 1120 1072 1146 mam,
1101 1114 1128 1139 et
1157 1112 1314 1146 caliginem
1338 1111 1438 1145 insert,
1464 1113 1492 1138 et
1519 1111 1662 1146 inspicere
1689 1118 1750 1138 non

977 1158 1125 1193 permittit,
1142 1160 1173 1184 ut
1187 1159 1266 1193 patet
1279 1157 1310 1184 in
1326 1157 1442 1184 Judaeis.
1464 1167 1476 1181 n
1496 1158 1559 1184 Haec
1574 1156 1633 1183 ille.

1013 1206 1057 1232 29.
1072 1206 1103 1231 Et
1114 1204 1249 1231 subditur
1266 1203 1418 1239 responsio
1436 1203 1591 1230 Salvatoris
1607 1211 1613 1229 ι
1631 1203 1665 1228 Et
1677 1202 1750 1229 dimit

978 1253 1014 1278 eis
1031 1260 1038 1277 :
1054 1252 1108 1277 Hoc
1121 1253 1158 1277 est
1178 1258 1244 1284 opus
1269 1251 1327 1276 Det.
1351 1249 1527 1283 Augustinus
1542 1249 1562 1265 ¹⁶
1580 1257 1586 1275 :
1606 1259 1619 1273 α
1635 1250 1694 1275 Hoc
1709 1250 1750 1275 est

978 1305 1062 1332 opus,
1078 1296 1186 1323 scilicet
1201 1296 1380 1322 manducare
1397 1296 1508 1328 eibum,
1521 1295 1573 1330 qui
1587 1302 1648 1322 non
1663 1294 1747 1329 perit.

978 1345 1009 1371 Ut
1024 1343 1096 1378 quid
1124 1351 1210 1378 paras
1239 1342 1340 1369 dentes
1369 1344 1396 1369 et
1419 1342 1570 1369 ventrem?
1595 1340 1705 1374 Crede,
1723 1342 1750 1368 et

977 1389 1192 1416 manducasti„
1219 1389 1324 1416 Cibum
1344 1390 1430 1415 vocat
1452 1388 1547 1423 ipsam
1568 1387 1659 1414 fidem
1678 1394 1749 1422 ope-

976 1437 1090 1462 rantem
1112 1443 1164 1470 per
1183 1434 1381 1462 dilectionem.
1395 1435 1488 1469 Supra
1510 1433 1528 1449 ¹⁷
1551 1443 1556 1459 :
1577 1443 1590 1459 (ι
1603 1434 1636 1460 Ut
1660 1432 1749 1468 perfi-

978 1481 1055 1508 ciam
1069 1489 1143 1516 opus
1157 1489 1267 1507 meum.
1284 1490 1298 1505 ›>

1012 1529 1056 1554 30.
1072 1529 1104 1554 Et
1117 1526 1252 1554 subditur
1268 1526 1351 1553 tertia
1371 1525 1516 1561 particula
1530 1525 1560 1552 in
1575 1532 1633 1560 qua
1648 1524 1749 1560 petitio

977 1573 1062 1607 signi,
1078 1573 1119 1600 ibi
1135 1582 1141 1599 ε
1164 1573 1240 1605 Quod
1261 1581 1321 1606 erqo
1340 1575 1370 1599 tu
1383 1573 1451 1604 facts
1471 1572 1601 1605 signum?
1619 1572 1651 1598 Et
1674 1571 1750 1606 patet

977 1627 1081 1647 eorum
1090 1619 1268 1653 malignitas.
1280 1620 1313 1645 Ut
1326 1618 1405 1645 enim
1417 1618 1457 1645 ait
1471 1617 1696 1652 chrysostomus
1706 1617 1726 1632 ¹⁸
1741 1625 1747 1643 :

980 1676 994 1692 «
1009 1666 1084 1693 Nihil
1098 1665 1329 1693 irrationabilius
1342 1675 1348 1692 :
1361 1665 1444 1699 signo
1456 1665 1485 1691 in
1501 1664 1592 1691 oculis
1603 1664 1636 1699 (b)
1647 1671 1750 1690 eorum

976 1711 1063 1745 facto,
1080 1712 1236 1745 dicebant,
1258 1711 1342 1747 quasi
1364 1711 1446 1738 nullo
1462 1710 1544 1745 prius
1558 1710 1634 1737 facto
1651 1718 1657 1736 :
1675 1709 1751 1742 Quod

977 1760 1082 1792 siquam
1095 1759 1186 1791 facis?
1202 1758 1274 1790 Quid
1289 1759 1409 1792 operaris
1420 1759 1433 1783 ?

1005 1807 1047 1832 31.
1058 1807 1150 1832 Patres
1161 1807 1246 1832 nostri
1254 1813 1352 1831 manna
1361 1804 1602 1831 manducaverunt.
1615 1812 1627 1828 n
1645 1802 1752 1835 Quaerit

977 1852 1209 1887 Chrysostomus.
1223 1852 1278 1878 ²⁹2«
1287 1852 1358 1878 Cum
1364 1850 1457 1877 multa
1467 1849 1550 1884 signa
1561 1848 1636 1876 facta
1644 1848 1751 1876 fuerint

976 1897 1006 1924 in
1022 1899 1156 1933 AEgypto,
1169 1905 1260 1933 quare
1275 1897 1386 1924 nullius
1402 1896 1528 1923 aliorum
1542 1895 1750 1929 meminerunt,

977 1944 1031 1970 nisi
1046 1944 1128 1971 istius
1140 1944 1154 1970 ἱ)
1168 1954 1180 1969 »
1199 1945 1232 1971 Et
1246 1943 1285 1970 ad
1296 1942 1371 1969 illud
1384 1941 1560 1977 respondet,
1574 1940 1657 1976 quod
1671 1949 1685 1965 «
1696 1940 1751 1967 hu-

974 1990 1022 2024 jus
1029 1990 1235 2024 meminerunt,
1243 1988 1438 2017 existimantes
1446 1996 1515 2015 eum
1523 1987 1646 2020 irritare,
1653 1989 1684 2014 ut
1694 1986 1751 2014 tale

976 2035 1063 2062 faciat
1085 2036 1219 2070 signumj,
1247 2035 1329 2070 quod
1344 2042 1394 2061 eos
1409 2034 1518 2061 nutrire
1545 2033 1636 2069 possit
1651 2040 1751 2060 carna-

977 2082 1053 2110 liter.
1077 2082 1143 2110 Tale
1170 2082 1248 2109 enim
1277 2081 1525 2117 concupiscebant
1547 2082 1667 2116 propter
1682 2087 1751 2107 ven-

976 2129 1027 2156 tris
1042 2128 1239 2164 tyrannidem.
1266 2130 1365 2163 Neque
1385 2128 1522 2154 dixerunt
1537 2136 1543 2153 ι
1560 2129 1672 2161 Moyses
1685 2126 1751 2153 fecit

976 2175 1104 2209 signum,
1119 2182 1215 2210 neque
1238 2183 1245 2200 :
1264 2176 1359 2209 Deus3
1377 2173 1430 2201 sed
1455 2173 1556 2200 dicunt
1582 2182 1588 2199 :
1620 2173 1692 2205 Quid
1720 2175 1750 2199 tu

977 2222 1118 2256 operaris?
1139 2222 1231 2248 Patres
1248 2222 1334 2247 nostri
1358 2220 1585 2247 manducaverunt
1612 2226 1746 2245 manna.»

977 2268 1050 2294 Cum
1078 2267 1110 2302 (c)
1135 2267 1213 2294 enim
1233 2266 1346 2293 honore
1370 2266 1395 2293 ei
1417 2265 1626 2300 loquebantur,
1649 2272 1749 2299 expec-

977 2314 1086 2340 tatione
1108 2321 1195 2347 escoe,
1211 2313 1249 2340 ait
1273 2313 1508 2348 Chrysostomus.
1524 2311 1598 2338 Sicut
1619 2312 1749 2346 scriptum

976 2362 1014 2386 est
1031 2369 1038 2385 :
1056 2361 1155 2386 Panem
1170 2359 1202 2386 de
1217 2360 1293 2392 coelo,
1308 2358 1417 2385 scilieet
1431 2365 1531 2385 aereo.

1013 2407 1055 2433 32.
1072 2408 1105 2433 Et
1119 2405 1250 2441 sequitur
1268 2404 1425 2432 salvatoris
1444 2404 1597 2439 responsio
1621 2413 1628 2431 z
1652 2404 1747 2437 Amen,

977 2488 997 2504 *ὅ
1022 2489 1096 2517 Augu,
1122 2486 1165 2510 ubi
1188 2493 1254 2517 sup.,
1281 2493 1307 2509 n.
1337 2488 1374 2510 ¹2.
1399 2499 1429 2503 —
1453 2486 1473 2503 Π
1497 2486 1569 2517 Sup.,
1594 2491 1629 2516 lv,
1655 2486 1693 2509 34.
1719 2497 1748 2502 —

979 2523 995 2536 ¹⁸
1010 2523 1150 2553 Chrysost„
1165 2522 1207 2545 ubi
1222 2529 1277 2552 sup.
1290 2534 1320 2539 —-
1335 2522 1353 2538 ¹⁰
1370 2521 1431 2546 ibid.

1010 2572 1043 2601 (n)
1058 2571 1116 2594 Coet.
1132 2570 1191 2594 edit.
1204 2570 1296 2594 ventri.
1306 2584 1332 2587 —
1346 2570 1382 2601 (b)
1392 2570 1555 2594 manibus.-
1567 2570 1596 2600 (c)
1613 2570 1673 2594 Coet.
1686 2568 1746 2592 edit.

977 2607 1021 2630 sed
1034 2606 1120 2629 ‹lit-unt
1135 2613 1140 2628 :
1158 2606 1243 2629 Patres
1257 2607 1335 2629 nostri
1347 2613 1379 2630 m.
1397 2613 1497 2630 manna.
1510 2606 1554 2630 sed
1568 2605 1655 2630 dieunt
1667 2613 1672 2628 τ
1685 2604 1749 2634 Quid

979 2644 1003 2665 {u
1015 2640 1146 2672 operaris?
1164 2641 1236 2665 Cum.

1767 282 1826 303 natio
1838 283 1861 303 in

1772 313 1847 333 labore

1779 339 1851 359 multi-

1787 370 1845 396 plex.

1782 982 1869 1002 Gastri-

1775 1012 1860 1038 margia

1775 1043 1806 1063 nil
1817 1045 1861 1063 tur-

1791 1073 1848 1098 pius.

1766 1625 1869 1652 Maligni-

1772 1657 1804 1675 tas
1817 1657 1834 1676 H
1838 1663 1849 1676 e
1853 1667 1862 1671 -

1781 1686 1850 1706 hmo-

1792 1723 1849 1737 rum.
