1987 3032
235 243 273 273 50
780 236 994 270 EVANGELII
1017 235 1158 267 SANCTI
1180 235 1292 268 LUCAE

233 307 429 339 occasionem
439 306 554 338 ruinae.
567 306 646 338 Nam
659 306 765 337 Glossa
774 306 847 335 dicit
861 313 867 333 :
883 316 897 333 «
910 303 1004 333 Scan-

233 359 342 391 daJum
359 362 423 397 est,
438 360 492 390 ubi
512 361 594 389 recte
609 358 783 388 ambulanti
803 356 942 396 deceptio
964 355 1002 385 ad

233 414 427 455 peccandum
437 414 613 452 subjicitur,
626 413 706 442 sicut
717 412 785 442 fecit
794 410 919 441 Balaam
933 409 1004 439 ultis

233 466 340 499 Israel.
359 479 373 497 i>
392 467 521 507 Propter
535 466 619 506 quod
634 466 748 496 dicitur
762 466 769 480 ¹
790 476 796 494 :
814 476 827 492 «
841 463 942 493 Habes
957 465 1004 492 te-

233 522 344 551 nentes
357 520 531 550 doctrinam
548 519 687 556 Balaam,
705 518 758 557 qui
771 517 899 547 docebat
912 515 1004 546 Balac

233 573 358 603 mittere
373 573 556 603 scandalum
572 581 678 601 coram
695 571 767 600 tiliis
780 570 887 607 lsrael,
900 569 1002 605 edere,

233 627 264 656 et
278 625 437 663 fornicari,
450 637 464 653 1)
484 628 541 655 010.
560 624 624 654 1100
639 623 822 653 scandalum
839 624 884 652 est
899 620 1005 659 impie-

232 678 306 708 tatis
322 677 504 716 spiritualis,
517 686 589 707 cuni
603 677 674 716 quis
689 676 771 706 malo
782 674 928 713 exemplo
940 672 1005 703 aui-

232 739 319 760 mam
340 730 476 769 proximi
499 729 629 766 occidit,
651 730 681 758 ct
702 728 771 758 ideo
798 728 864 766 ipse
886 726 1006 764 dignus

233 785 335 813 morte
349 783 494 813 efficitur.
513 781 547 811 ln
568 783 660 821 cujus
683 782 822 819 figuram
839 779 954 810 dicitur
969 779 979 794 ²
995 789 1003 808 ι

237 846 253 864 «
267 835 328 866 Cur
340 835 487 866 i'oeminas
502 834 710 865 reservastis?
726 833 835 864 Nonne
850 833 918 862 istae
932 833 1007 861 sunt

233 897 306 928 quae
314 889 504 928 deceperunt
515 888 595 917 filios
609 887 701 917 lsrael
711 886 750 916 ad
761 884 1006 923 suggestionem

233 940 379 979 Balaam,
396 943 426 971 et
443 940 644 980 praevaricari
662 949 718 970 vos
738 940 881 969 fecerunt
898 937 930 966 in
945 936 1004 966 Do-

232 993 369 1031 minum,
387 1004 401 1021 »
420 996 478 1024 etc.
495 993 646 1033 Sequitur
661 1002 668 1022 ε
689 1004 702 1021 (1
717 991 804 1029 Ergo
820 992 949 1021 cunctos
960 990 1007 1019 in-

233 1047 375 1083 terficite,
385 1046 539 1085 quidquid
547 1048 593 1076 est
601 1045 728 1082 generis
738 1044 902 1074 masculini
911 1043 1006 1073 etiam

234 1099 267 1129 in
282 1099 435 1138 parvulis,
450 1101 480 1129 et
495 1099 643 1129 mulieres
657 1107 729 1137 qua:
743 1099 904 1127 noverunt
919 1096 1007 1126 viros

233 1152 268 1182 in
283 1153 378 1190 coitu,
391 1152 552 1191 Jugulate.
569 1162 582 1179 ι)
604 1151 641 1182 Et
654 1151 664 1167 ³
678 1161 685 1181 z
708 1162 722 1179 «
737 1151 848 1180 Hostes
863 1159 920 1180 vos
936 1158 1007 1179 sen-

234 1205 314 1235 tiant
328 1204 518 1240 Madianitce,
533 1206 563 1234 et
574 1203 726 1243 percutite.
740 1212 804 1239 eos⁷
818 1202 893 1241 quia
903 1204 932 1232 et
948 1202 1007 1241 ipsi

234 1258 393 1289 hostiliter
401 1260 539 1297 egerunt
549 1260 658 1288 contra
668 1266 736 1287 vos.
749 1268 762 1284 »
778 1256 914 1286 Maxime
922 1255 1008 1285 enim

234 1312 391 1342 hostiliter
412 1312 496 1350 agit,
519 1311 576 1350 qui
598 1310 745 1349 spiritum
769 1309 843 1339 vitae
866 1309 900 1338 in
923 1308 1008 1337 fonte

235 1364 338 1395 cordis
353 1364 525 1402 extinguit.
542 1363 614 1393 Ideo
629 1362 744 1393 dicitur
758 1361 768 1377 ⁴
787 1371 794 1391 :
817 1373 830 1389 «
846 1360 877 1391 Si
893 1370 1008 1390 manus

234 1420 306 1455 tua⁷
329 1417 379 1447 vel
401 1425 457 1456 pes
482 1418 557 1446 tuus
581 1414 769 1444 scandalizat
790 1416 837 1450 te,
861 1413 1009 1443 abscinde

236 1479 327 1507 eum,
350 1471 381 1499 et
402 1469 518 1508 projice
541 1468 596 1498 abs
616 1470 645 1497 te
672 1478 678 1496 t
704 1469 734 1497 et
758 1467 784 1496 si
804 1466 913 1496 oculus
936 1467 1010 1495 tuus

236 1522 424 1554 scandalizat
439 1524 483 1557 te,
501 1529 577 1551 erue
592 1529 683 1557 eum,
700 1522 729 1550 et
751 1520 868 1559 projice
885 1519 940 1548 abs
956 1520 985 1548 te
1001 1527 1008 1548 :

236 1576 358 1606 bonum
378 1575 436 1605 tibi
450 1576 497 1604 est
510 1582 612 1604 unum
632 1572 761 1603 oculum
784 1572 954 1602 habentem
978 1570 1010 1599 in

236 1629 336 1660 vitam
352 1629 468 1658 intrare
482 1651 489 1663 ‚
506 1636 602 1666 quam
617 1626 696 1656 duos
716 1626 823 1656 oculos
838 1625 1011 1654 habentem

237 1682 321 1712 mitti
340 1681 373 1711 in
395 1680 576 1719 gehennam
592 1679 689 1717 ignis.
711 1689 724 1706 ›)
745 1678 809 1708 Hoc
824 1679 1011 1707 autemnon

237 1733 428 1772 intelligitur
454 1733 491 1763 de
517 1731 736 1771 corporalibus
764 1730 932 1765 membris,
958 1729 1012 1758 sed

239 1786 359 1823 amicis,
372 1785 426 1825 qui
440 1787 592 1823 tauquam
604 1783 748 1813 membra
760 1784 833 1811 suut
848 1781 938 1811 nobis
949 1789 1013 1810 car-

239 1839 353 1869 naliter
368 1837 540 1877 conjuncti,
557 1845 575 1865 a
590 1835 720 1875 quibus,
742 1834 768 1864 si
790 1833 1012 1869 scandalizant,

241 1891 391 1922 debemus
433 1889 572 1929 separari
587 1913 595 1927 ‚
632 1888 806 1918 secuudum
840 1886 916 1915 illud
957 1889 966 1904 ⁵
1004 1896 1010 1915 :

245 1955 260 1973 (ι
276 1943 354 1974 Veni
369 1952 514 1983 separare
535 1942 701 1973 hominem
724 1941 878 1971 adversus
893 1940 1014 1978 patrem

241 2005 349 2034 suum,
365 2007 379 2024 »
399 1999 470 2033 etc,
497 2007 511 2024 «
531 1998 561 2025 et
575 2003 694 2025 nurum
718 1994 870 2023 adversus
887 2000 1014 2021 socrum

242 2058 345 2086 suani,
372 2051 402 2079 et
425 2048 544 2078 inimici
564 2047 702 2078 hominis
722 2045 883 2076 domestici
900 2046 979 2084 ejus.
998 2054 1011 2071 »

243 2101 316 2133 Ideo
331 2101 466 2132 dicitur⁶
485 2112 492 2130 :
515 2112 529 2129 «
551 2100 600 2130 Ab
620 2099 756 2129 inimicis
779 2099 841 2128 tuis
857 2106 1014 2137 separare,

243 2157 274 2186 et
287 2155 326 2185 ab
342 2154 452 2184 amicis
467 2153 602 2183 attende.
621 2164 635 2179 η
654 2152 914 2190 Clirysostomus:
930 2160 944 2177 α
962 2149 1015 2179 Ν1-

243 2207 290 2238 1111
305 2208 348 2238 ita
369 2207 521 2237 nocivum
544 2207 610 2242 est,
635 2204 716 2234 sicut
737 2202 917 2233 conversari
943 2211 1017 2231 cum

245 2260 439 2300 perniciosis.
451 2269 464 2287 1)
479 2258 518 2288 Et
528 2258 598 2288 ideo
608 2257 674 2296 ipse
690 2256 763 2286 dicit
778 2266 785 2285 ι
799 2267 813 2284 (ι
830 2254 861 2285 Si
875 2254 1018 2285 membra

246 2312 477 2348 abscindimus,
506 2319 579 2341 cum
603 2308 818 2339 incurabiliter
841 2317 873 2338 se
896 2307 1018 2337 habue-

245 2366 330 2401 rint,
349 2367 380 2394 et
394 2364 524 2402 reliquis
543 2362 721 2399 obfuerint,
748 2360 849 2391 multo
867 2360 971 2398 magis
986 2359 1019 2389 in

247 2417 355 2447 amicis
370 2417 430 2446 hoc
443 2416 544 2446 facere
557 2415 718 2445 debemus.
735 2425 749 2442 n

289 2469 406 2507 Tertio,
423 2470 578 2508 quantum
593 2467 631 2497 ad
648 2466 890 2497 horribilitatem
905 2466 1020 2505 suppli-

245 2523 305 2562 cii,
322 2522 427 2553 subdit
452 2521 494 2559 (v.
511 2521 540 2559 2)
563 2531 570 2550 ε
598 2520 711 2550 Utilius
736 2523 781 2549 cst
804 2519 868 2557 illl,
892 2522 920 2549 sl
941 2519 1021 2558 lapis

277 2622 282 2635 ¹
302 2621 386 2651 Apoc„
404 2624 432 2648 11,
453 2619 488 2641 14.
505 2629 535 2634 —
549 2617 559 2632 ¹
574 2616 661 2645 Num.⁹
681 2621 753 2645 xxxi,
771 2618 808 2646 15,
828 2618 908 2640 17.—
923 2616 931 2629 ³
948 2615 1020 2645 lbid.‚

250 2661 310 2686 xxv,
330 2656 366 2679 Π,
379 2665 409 2672 -
423 2654 433 2669 ⁸
448 2652 551 2682 Mallh„
568 2657 643 2681 xviii,
657 2653 680 2680 8,
698 2652 721 2674 9.
739 2663 769 2668 -—-
784 2652 792 2664 ⁵
807 2651 880 2681 una„
897 2657 923 2679 x,
939 2652 977 2674 33.
992 2663 1022 2667 -

244 2701 254 2717 0
274 2690 471 2718 Eccli.,v1‚1:;.
485 2700 515 2704 —
535 2688 627 2716 '‘Sap..
647 2692 699 2715 xu,
719 2687 757 2709 27.
778 2699 807 2703 -—
824 2686 834 2702 Β
851 2687 857 2709 1
875 2686 943 2714 Cor„
961 2691 1021 2714 vui,

1059 302 1192 332 molaris
1207 303 1392 342 imponatur
1402 304 1486 334 circa
1501 304 1617 336 collum
1631 306 1710 345 ejus,
1723 310 1753 337 et
1757 315 1833 347 pro-

1056 354 1189 394 jicialm'
1205 355 1237 385 ιή
1252 364 1351 387 marc.
1370 356 1452 386 Beda
1470 368 1476 387 :
1502 368 1516 385 α
1531 357 1712 389 Secundum
1735 359 1834 390 ritum

1059 408 1232 447 provinciae
1248 408 1399 447 loquitur,
1416 409 1470 439 ubi
1487 412 1553 440 erat
1572 411 1632 441 ista
1655 420 1747 450 poena
1772 412 1835 442 cri-

1062 461 1197 498 minum,
1213 464 1247 491 ut
1261 461 1360 499 ligato
1372 471 1449 491 saxo
1463 463 1495 492 in
1508 463 1698 501 profundum
1713 464 1834 495 demer-

1061 516 1202 551 geretur.
1219 524 1232 540 n
1255 513 1328 550 Hoc,
1347 514 1488 552 inquam,
1505 515 1578 546 dicit
1597 516 1717 554 utilius,
1734 526 1835 556 quam

1062 569 1097 595 uc
1116 575 1216 595 mmm
1240 566 1435 596 scandalizet
1453 566 1491 596 (le
1508 568 1632 606 pusillis
1657 569 1739 607 istis,
1761 570 1836 609 quia

1060 617 1156 656 longe
1170 618 1274 648 minor
1285 621 1331 648 est
1342 619 1411 657 ista,
1424 628 1520 658 quani
1532 620 1585 650 illa
1597 629 1694 660 quam
1705 622 1836 653 scanda-

1060 670 1183 701 lizando
1205 671 1390 710 proximum
1420 675 1570 703 meretur.
1602 672 1688 704 Unde
1718 673 1803 705 Beda
1827 685 1834 704 :

1066 734 1080 751 «
1102 723 1181 754 Vere
1203 724 1312 754 utilius
1334 725 1502 754 innoxium
1527 726 1719 764 gravissima
1743 735 1837 766 poena

1061 777 1160 806 vitam
1177 777 1267 806 linire
1279 801 1286 814 ,
1303 786 1400 815 quam
1420 777 1562 809 laedendo
1584 780 1732 817 fratrem,
1751 788 1837 810 mor-

1061 830 1126 859 tem
1144 830 1258 859 mereri
1275 832 1471 868 perpetuam.
1489 841 1503 858 »
1524 830 1560 861 Et
1581 831 1696 862 iterum
1713 843 1720 862 :
1741 844 1756 861 α
1771 831 1837 862 Uti·

1062 882 1124 912 lius
1147 884 1194 912 est
1217 882 1302 912 enim
1328 891 1384 921 pro
1415 883 1507 923 culpa
1537 884 1668 914 brevem
1698 885 1837 925 recipere

1062 944 1210 974 poenam,
1242 944 1338 974 quam
1363 936 1492 966 aeternis
1518 936 1709 968 cruciatibus
1737 946 1839 968 reser-

1062 988 1142 1018 vari.
1165 999 1179 1015 »
1207 987 1296 1018 Ratio
1320 990 1426 1018 autem
1446 998 1544 1028 quare
1569 991 1654 1019 tanta
1675 998 1770 1028 poena
1784 990 1839 1020 de-

1061 1041 1174 1070 beatur
1189 1040 1411 1071 scandalizanti
1427 1043 1490 1078 est,
1507 1041 1583 1081 quia
1597 1041 1700 1072 aufert
1715 1042 1839 1073 Christo

1062 1093 1139 1123 illud
1155 1093 1240 1133 quod
1256 1095 1342 1123 amat
1363 1094 1522 1131 maxime,
1539 1094 1656 1124 scilicet
1676 1095 1817 1125 animam
1829 1119 1837 1133 ‚

1063 1146 1239 1176 secundum
1255 1146 1333 1176 illud
1345 1146 1374 1176 ⁷:
1395 1158 1408 1175 (1
1424 1146 1491 1176 Tua
1505 1149 1590 1183 sunt,
1609 1146 1751 1185 Domine,
1767 1156 1836 1178 om-

1063 1199 1129 1235 nia,
1142 1199 1197 1238 qni
1210 1208 1298 1228 amas
1309 1199 1467 1229 animas.»
1486 1199 1573 1230 Unde
1584 1202 1613 1230 et
1625 1200 1796 1239 Apostolus
1805 1201 1835 1231 ³:

1065 1262 1079 1280 t(
1098 1251 1215 1281 Peribit
1229 1252 1378 1281 infirmus
1393 1252 1423 1281 in
1443 1254 1498 1282 tua
1513 1252 1711 1290 conscientia,
1728 1253 1836 1289 frater,

1064 1307 1192 1344 propter
1207 1313 1302 1343 quem
1315 1304 1456 1334 Christus
1472 1307 1618 1335 mortuus
1633 1308 1690 1336 est.
1708 1317 1723 1333 ι)
1742 1305 1780 1336 Et
1794 1315 1839 1336 se-

1064 1357 1193 1396 quitur:
1217 1368 1231 1385 «
1248 1356 1298 1387 Sic
1316 1359 1422 1387 autem
1440 1360 1602 1396 peccantes
1622 1358 1655 1388 in
1670 1359 1793 1396 fratres,
1809 1360 1840 1389 et

1065 1410 1099 1439 in
1115 1410 1275 1439 Clu-istum
1295 1410 1438 1449 peccatis.
1459 1421 1473 1438 n
1492 1410 1561 1440 Alia
1582 1411 1662 1441 ratio
1684 1413 1748 1448 est,
1764 1411 1840 1451 quia

1066 1462 1146 1491 sicut
1161 1462 1309 1501 operibus
1325 1462 1541 1493 {edificationis
1562 1472 1680 1502 magna
1706 1464 1840 1494 debetur

1065 1523 1201 1552 corona,
1219 1515 1260 1545 ita
1275 1515 1312 1545 de
1327 1515 1557 1546 aedificantibus
1573 1526 1692 1556 magna
1707 1517 1838 1548 debetur

1066 1576 1160 1606 poena
1181 1570 1191 1585 ⁹
1216 1578 1222 1597 :
1251 1579 1266 1595 «
1289 1568 1364 1604 Quae
1387 1568 1472 1607 pacis
1500 1571 1584 1606 sunt,
1609 1571 1786 1607 sectemur;
1811 1572 1842 1600 et

1066 1629 1140 1659 quae
1166 1620 1381 1650 aedificationis
1406 1623 1496 1658 sunt,
1521 1621 1658 1651 invicem
1682 1622 1840 1653 custodia-

1067 1681 1149 1702 mus.
1182 1672 1251 1703 Noli
1284 1675 1413 1711 propter
1441 1682 1545 1703 escam
1573 1674 1734 1705 destruere
1762 1683 1843 1715 opus

1067 1724 1132 1754 Dei.
1150 1735 1164 1752 »
1181 1724 1286 1755 Tertia
1301 1725 1381 1755 ratio
1391 1727 1449 1761 est⁷
1463 1725 1538 1764 quia
1549 1726 1629 1756 sicut
1644 1735 1763 1765 magna
1776 1736 1844 1758 cru-

1067 1778 1178 1807 delitas
1197 1780 1242 1807 cst
1262 1778 1404 1814 asssifxere
1428 1780 1636 1816 aegrotantes,
1661 1779 1706 1809 sic
1725 1789 1844 1819 magna

1068 1831 1259 1870 perversitas
1282 1833 1327 1861 est
1350 1831 1498 1861 seducere
1520 1832 1696 1871 simplices;
1716 1836 1844 1873 propter

1068 1884 1150 1922 quod
1167 1883 1281 1913 dicitur
1296 1884 1317 1899 ¹⁰
1332 1893 1339 1913 :
1354 1895 1368 1912 «
1384 1882 1445 1913 Nec
1460 1893 1566 1913 coram
1582 1893 1665 1915 caeco
1680 1894 1777 1924 pones
1797 1886 1843 1916 of-

1068 1936 1274 1965 fendiculum.
1302 1947 1315 1962 υ
1344 1935 1381 1965 Et
1407 1936 1476 1966 ideo
1499 1937 1666 1974 signanter
1691 1937 1808 1969 dicitur
1836 1950 1843 1968 z

1073 1989 1180 2019 Unum
1195 1988 1233 2017 (lc
1245 1988 1370 2027 pusillis
1386 1988 1461 2018 istis.
1481 1988 1597 2025 Quarta
1614 1989 1704 2028 ratio,
1717 1991 1792 2030 quia
1804 1990 1844 2030 (a)

1071 2041 1283 2071 scandalizans
1298 2040 1459 2080 obligatur
1472 2051 1535 2071 non
1551 2041 1654 2072 solum
1665 2042 1705 2073 ad
1716 2042 1847 2073 redden-

1070 2094 1143 2124 dam
1159 2094 1300 2124 auimani
1325 2103 1434 2132 suam,
1450 2103 1564 2124 verum
1588 2094 1684 2125 etiam
1705 2096 1846 2126 animam

1072 2147 1311 2177 scandalizatam
1329 2149 1347 2165 ¹¹
1367 2158 1373 2176 ε
1391 2158 1404 2175 «
1420 2146 1453 2177 Si
1473 2147 1544 2186 quis
1563 2148 1722 2186 aperuerit
1737 2148 1847 2179 cister-

1072 2210 1158 2239 nam,
1175 2203 1205 2231 et
1220 2209 1284 2231 non
1299 2201 1459 2239 operuerit
1469 2210 1551 2238 eam,
1568 2201 1778 2241 cecideritque
1790 2202 1847 2233 hos

1073 2257 1127 2284 aut
1139 2254 1247 2284 asinus
1262 2253 1294 2283 in
1309 2262 1391 2291 eam,
1415 2253 1523 2283 reddet
1539 2253 1688 2284 dominus
1702 2254 1846 2286 cisternae

1074 2307 1211 2346 pretium
1226 2307 1458 2346 jumentorum.
1475 2317 1489 2333 n
1508 2306 1562 2336 Est
1577 2309 1686 2337 autem
1701 2307 1760 2338 boc
1773 2317 1848 2347 pec-

1074 2362 1178 2389 catum
1202 2368 1302 2397 grave
1327 2359 1358 2388 in
1382 2359 1550 2396 omnibus,
1576 2359 1630 2389 sed
1651 2360 1792 2391 maxime
1815 2360 1848 2390 iu

1073 2412 1135 2449 his,
1151 2421 1288 2451 quorum
1306 2412 1369 2442 vita
1385 2411 1524 2441 trabitur
1542 2411 1575 2441 in
1591 2412 1786 2451 exemplum,
1804 2413 1846 2442 si·

1075 2467 1127 2494 cut
1142 2467 1217 2495 sunt
1233 2464 1372 2504 praelati,
1390 2465 1471 2494 sicut
1495 2464 1604 2502 magni
1627 2464 1750 2501 clerici,
1767 2465 1848 2495 sicut

1076 2518 1171 2548 etiam
1184 2518 1243 2549 viri
1258 2517 1399 2556 religiosi
1410 2520 1440 2547 et
1451 2517 1573 2547 famosi.
1586 2516 1672 2547 Unde
1683 2517 1797 2548 dicitur
1807 2518 1845 2548 ¹³:

1075 2604 1121 2632 11,
1144 2603 1180 2626 12.
1201 2615 1227 2618 —
1243 2602 1253 2618 9
1272 2602 1346 2629 Rom„
1367 2607 1422 2631 xlv,
1438 2602 1478 2631 19,
1495 2602 1534 2624 20.
1549 2613 1579 2617 —
1596 2601 1616 2617 ¹⁰
1630 2600 1719 2629 Levt't„
1733 2602 1846 2631 x1x‚¹4.

1075 2650 1106 2655 -
1123 2638 1141 2654 ¹¹
1157 2637 1247 2668 Exucl„
1263 2643 1321 2667 xxi,
1341 2638 1379 2667 33,
1395 2638 1433 2660 34.
1448 2649 1478 2653 —
1496 2636 1512 2650 ¹²
1526 2635 1626 2665 Malae„
1648 2641 1677 2665 11,
1692 2636 1716 2665 7,
1731 2636 1754 2659 8.

1107 2685 1140 2715 (ιε’,
1159 2685 1219 2709 Caet.
1235 2685 1294 2708 edil.
1310 2685 1374 2715 quis.
