1987 3032
201 168 259 196 37ss

200 231 300 266 tiplici,
313 232 396 267 quod
409 232 512 260 habuit
524 235 551 261 et
563 242 580 262 a
592 235 684 268 Patre,
701 236 727 261 et
742 242 758 261 a
774 234 896 269 Joanne,
913 235 940 262 et
952 241 970 262 a

199 277 363 313 Scripturis,
379 280 407 306 et
420 287 437 306 a
450 280 608 315 Prophetis.

236 326 279 351 19.
292 326 324 351 Et
338 325 470 360 sequitur
484 328 588 361 quarta
607 326 759 361 particula,
771 327 802 353 in
821 334 879 362 qua
894 326 971 362 ipso-

199 377 266 397 rum
290 370 449 406 inquisitio.
476 373 506 398 Et
530 371 571 398 ibi
598 372 652 399 tria
677 381 683 399 z
709 372 816 407 primo,
839 372 971 407 ipsorum

200 416 366 451 inquisiti03
387 417 528 451 secundo,
550 417 706 445 Salvatoris
721 418 884 453 responsio,
900 418 941 446 ibi
963 428 969 446 z

200 463 346 496 Respondit
367 464 449 494 JesuS,
467 465 532 498 etc.;
552 464 647 499 tertio,
667 464 844 500 specificatio
864 464 921 492 loci
941 465 970 492 in

201 517 261 544 quo
276 509 336 536 haec
351 511 418 536 sunt
431 509 518 544 dieta,
534 510 574 537 ibi
590 511 598 526 ¹
616 519 622 537 :
637 512 699 538 lloec
713 511 803 542 verba,
821 512 874 538 ete.

237 555 280 583 Ait
291 563 361 590 ergo
378 564 384 582 :
403 556 531 583 Dicebant
542 564 603 591 crqo
617 559 642 583 ei
656 565 666 584 .·
682 558 730 584 Ubi
745 559 782 585 est
796 561 875 592 pater
888 560 972 585 tuus?

203 612 217 629 «
232 603 367 631 Gamales
386 603 465 631 enim
484 606 576 639 erant,
597 607 624 632 et
644 605 680 633 de
697 607 778 641 patre
803 606 912 633 carnali
934 606 973 633 in-

201 649 368 684 quirebant,
382 660 395 675 »
420 650 459 677 ait
479 651 655 685 Augustinus
670 654 690 678 ².
711 653 743 679 Et
763 652 831 679 ideo
851 660 975 688 respon„

202 695 250 722 det
265 695 306 722 eis
330 705 336 723 ι
357 697 448 730 Neque
470 705 511 724 me
528 699 619 731 scitis,
640 706 723 733 aeque
748 701 852 733 patrem
873 707 972 730 mcum,

202 742 311 769 scilieet
342 742 506 770 seeundum
537 743 728 772 divinitatem.
757 746 787 771 Et
817 744 873 772 hoc
906 744 974 771 ideo

207 797 219 813 «
236 788 306 823 quia
326 789 469 816 secundum
491 798 596 817 carnem
612 791 756 826 judicatis,
779 800 793 817 )>
816 799 905 826 supra
924 799 975 818 eo-

204 834 273 861 dem
284 835 305 868 3,
318 836 349 862 111
363 835 402 863 ait
415 835 637 871 chrysostomus
651 836 670 864 Β.
687 838 718 865 Si
732 845 772 864 me
789 839 907 872 sciretis,
923 837 975 864 sci-

203 882 270 909 licet
289 882 438 910 credendo
459 883 489 910 in
508 891 567 917 mc,
582 885 700 917 forsitan
719 887 743 912 et
758 887 864 912 Patrem
890 894 976 912 rncam

204 930 318 956 sciretis.
338 929 394 956 Sed
416 930 565 965 quaeritur,
590 930 629 958 ad
655 931 728 966 quid
752 931 805 966 ait,
827 932 976 959 Forsitan?

204 981 271 1001 cum
296 975 331 1002 sit
355 978 474 1010 certum,
495 976 576 1012 quod
598 977 622 1004 si
646 977 751 1005 scirent
774 977 889 1011 Filium,
914 986 976 1006 crc-

204 1020 303 1048 dendo
318 1021 348 1048 in
371 1030 449 1056 eum,
470 1022 576 1050 scirent
596 1024 623 1050 et
643 1025 766 1051 Patrem.
787 1026 819 1052 Et
838 1024 877 1052 ad
899 1024 977 1052 istud

203 1070 363 1104 respondet
374 1071 551 1105 Augustinus
566 1073 575 1088 ⁵
597 1081 604 1099 2
624 1082 637 1098 «
652 1072 712 1106 Ille,
729 1073 779 1108 qui
796 1073 897 1100 omnia
914 1073 975 1108 scit,

204 1116 326 1151 quando
342 1116 412 1144 dicit
427 1126 433 1144 :
450 1119 586 1152 Forsitan,
603 1126 664 1145 non
679 1119 802 1153 dubitat,
817 1119 869 1146 sed
881 1119 977 1146 incre-

203 1165 263 1197 pat.
281 1164 328 1190 Est
343 1163 422 1190 enim
436 1164 561 1191 verbum
577 1165 778 1196 dubitationis,
796 1166 917 1200 quando
933 1165 977 1193 di-

205 1208 278 1235 citur
289 1208 326 1235 ab
337 1209 468 1243 homine,
481 1210 588 1238 scilicet
598 1211 758 1246 nesciente-3
771 1212 892 1247 quaudo
906 1220 977 1239 vero

205 1264 222 1283 a
244 1258 312 1289 Deo,
332 1258 374 1284 est
397 1257 523 1284 verbum
545 1257 762 1293 increpationis.
783 1269 795 1283 n
820 1260 851 1285 Et
869 1259 898 1285 in
921 1259 977 1286 hoc

205 1303 329 1330 ostendit
343 1311 372 1330 se
388 1311 449 1331 esse
465 1304 594 1331 Verbum
614 1305 714 1332 Patris.
731 1305 811 1332 Unde
830 1305 915 1337 intra,
933 1305 979 1332 lo-

205 1357 298 1385 quens
310 1349 458 1384 fidelibus,
473 1351 512 1378 ait
527 1351 588 1378 sine
602 1351 658 1378 hac
673 1351 799 1378 dictione
812 1353 938 1379 Forsitan
948 1353 958 1367 ‘³
972 1361 976 1377 :

207 1406 220 1421 (1
237 1396 264 1423 Si
280 1396 489 1431 cognovissetis
503 1405 561 1431 me,
578 1397 679 1432 utique
700 1399 726 1425 et
744 1399 857 1425 Patrem
878 1406 978 1425 meum

205 1443 425 1477 cognovissetis,
451 1454 463 1467 »
490 1443 546 1470 Sed
570 1443 726 1478 quaeritur,
747 1444 873 1479 qualiter
906 1444 945 1471 ait
971 1454 977 1471 :

206 1489 297 1523 Neque
310 1497 350 1515 me
359 1490 444 1522 scitis,
456 1489 526 1524 quia
536 1497 625 1524 supra
636 1489 757 1516 dicitur⁷
769 1492 822 1517 :Et
835 1498 875 1516 mc
890 1492 977 1518 scitis.

206 1535 238 1561 Et
261 1534 299 1561 ad
322 1535 398 1561 istud
425 1535 684 1570 respondendum,
709 1536 871 1563 secundum
897 1536 979 1571 quod

207 1581 318 1607 dietum
341 1582 383 1607 est
402 1580 443 1608 ibi
469 1590 474 1608 :
497 1581 628 1616 loquitur
652 1581 730 1608 enim
753 1582 794 1609 ibi
816 1582 980 1609 secundum

207 1627 434 1661 humanitatem,
451 1627 498 1654 hic
517 1635 589 1655 vero
607 1628 771 1654 secundum
786 1628 978 1655 divinitatem.

208 1674 278 1700 Item
297 1673 436 1708 quaeritur
458 1673 494 1700 de
516 1681 655 1708 processu
680 1681 733 1701 suo
758 1674 788 1700 in
809 1674 863 1701 hac
888 1676 979 1709 parte.

208 1719 328 1746 Videtur
343 1719 422 1746 enim
437 1719 518 1754 quod
533 1719 741 1747 insufficienter
756 1720 863 1755 probat
878 1723 982 1755 etpro-

209 1765 292 1799 cedit,
308 1765 378 1800 quia
392 1765 431 1792 ait
446 1765 521 1792 infra
535 1766 545 1781 S
562 1775 568 1791 :
589 1776 601 1791 (1
616 1767 675 1800 Ego
691 1768 718 1792 et
734 1767 815 1793 Pater
828 1774 920 1793 unum
936 1774 982 1793 su—

210 1820 275 1838 mus
291 1820 298 1838 ;
318 1822 330 1837 »
348 1819 408 1839 non
425 1820 495 1846 ergo
511 1813 577 1839 sunt
592 1812 652 1839 duo
665 1814 759 1839 testes.
777 1813 845 1839 Item
863 1821 929 1839 cum
945 1813 982 1840 de

210 1859 292 1885 Patre
314 1859 387 1885 esset
406 1858 447 1885 eis
466 1858 561 1892 magis
577 1858 721 1892 ignotum,
737 1866 828 1893 quam
848 1858 884 1885 de
907 1858 981 1893 ipso,

211 1904 327 1931 videtur
345 1904 427 1939 quod
450 1904 558 1939 probat
576 1904 708 1939 ignotum
731 1912 783 1939 per
798 1904 936 1939 ignotius.
953 1907 984 1932 Et

212 1950 251 1977 ad
270 1949 347 1977 istud
367 1950 610 1985 respondendum
630 1952 670 1977 est
688 1951 852 1978 secundum
872 1953 983 1985 Augus-

213 1996 308 2023 tinum
321 1997 342 2029 ⁹,
359 1996 440 2031 quod
457 2006 469 2022 «
483 2005 551 2024 cum
566 1997 671 2024 dieitur
689 2006 695 2024 ;
716 2007 728 2022 a
745 1999 775 2025 ln
791 2005 841 2024 ore
857 1997 985 2024 duorum

214 2042 261 2069 vel
276 2042 374 2076 trium,
387 2052 400 2068 ³>
419 2044 484 2076 etc„
500 2043 606 2070 veritas
621 2043 760 2078 quaeritur
773 2051 827 2079 per
842 2043 917 2070 duos
931 2045 986 2070 tes-

216 2092 266 2117 105.
279 2089 335 2117 Sed
349 2091 447 2116 tamen
464 2089 527 2116 fieri
541 2092 645 2125 potest,
661 2089 744 2125 quod
760 2090 820 2117 duo
836 2092 920 2117 testes
932 2090 988 2117 sint

216 2136 292 2170 falsi,
308 2135 381 2163 sicut
394 2136 424 2162 in
438 2136 555 2163 duobus
566 2136 685 2163 senibus
696 2139 796 2163 contra
807 2137 969 2163 Susannam
978 2145 986 2170 ;

218 2183 278 2210 imo
299 2184 375 2209 totus
396 2182 525 2217 populus
545 2182 682 2209 mentitus
707 2185 748 2209 est
771 2186 872 2210 contra
896 2183 989 2210 Chris-

218 2230 291 2255 tum.
308 2230 360 2255 Per
374 2228 546 2264 mysterium
562 2236 631 2263 ergo
646 2229 766 2255 Trinitas
781 2229 990 2256 commendata

220 2276 272 2307 est,
288 2275 316 2301 in
339 2282 398 2309 qua
420 2276 562 2310 perpetua
585 2274 726 2302 stabilitas
746 2275 883 2302 veritatis.
901 2275 927 2302 Si
946 2275 990 2302 vis

220 2320 328 2348 habere
344 2321 454 2347 bonam
469 2322 608 2354 mentem,
624 2321 731 2349 habeto
752 2323 808 2349 tres
828 2323 923 2356 testes,
936 2323 989 2348 Pa-

221 2368 305 2398 trem,
330 2368 356 2393 et
377 2366 490 2401 Filium,
515 2369 542 2394 et
563 2367 701 2402 Spiritum
724 2369 866 2395 sanctum.
888 2378 900 2391 »
928 2369 991 2394 11100

222 2411 281 2439 ille.
296 2413 327 2438 Et
341 2412 483 2447 quoniam
500 2413 620 2441 intentio
635 2413 792 2441 salvatoris
811 2415 872 2441 erat
889 2421 991 2441 manu-

254 2499 261 2514 1
282 2498 337 2528 int,
356 2499 394 2521 20.
409 2511 439 2515 -
459 2499 466 2511 ²
482 2499 557 2528 Aug„
575 2499 598 2521 iu
618 2500 699 2528 Joun„
716 2501 788 2523 tract.
806 2505 907 2529 xxxvu¹
923 2506 949 2524 n.
969 2501 990 2523 1.

224 2546 253 2549 —
276 2532 286 2548 ³
308 2534 379 2563 Sup.,
401 2534 440 2556 15.
465 2546 490 2549 -
516 2533 525 2549 Β
547 2534 686 2563 Cbrysost.,
710 2534 751 2557 ubi
775 2541 842 2565 sup.,
864 2541 890 2557 n.
917 2536 939 2558 3.
963 2547 989 2551 —

224 2568 234 2583 5
252 2569 325 2596 Aug..
345 2568 386 2591 ubi
406 2575 472 2597 sup.v
494 2575 520 2591 11.
536 2570 558 2591 H.
579 2582 607 2586 —
625 2569 708 2596 ὓ111Ῡ,,
729 2575 782 2598 xw,
804 2571 825 2593 7.
846 2583 875 2586 —
891 2570 898 2583 ⁷
919 2570 992 2599 Suu,

225 2608 274 2633 111,
301 2606 338 2627 28.
365 2616 395 2620 —-
413 2604 421 2616 ⁸
444 2604 499 2633 lul',
523 2609 552 2633 x,
576 2606 613 2626 tw.
635 2617 665 2621 —
689 2606 697 2617 '¹
719 2607 833 2634 August,
858 2606 881 2627 m
910 2605 990 2633 Josmq

718 166 929 199 EVANGELH
953 167 1091 199 SANCTI
1113 167 1275 200 JOANNlS

1025 234 1132 262 ducere
1158 243 1208 262 eos
1232 235 1271 263 ad
1296 237 1538 271 cognoscendum
1560 239 1744 276 Trinitatem,
1769 245 1797 271 et

1022 289 1219 316 personarum
1243 281 1451 318 differentiam3
1481 284 1548 312 ideo
1577 292 1644 313 eum
1669 294 1797 322 persona

1024 327 1123 360 Patris,
1140 329 1167 354 et
1182 335 1307 363 persona
1321 328 1383 355 Filii
1403 330 1579 358 sufficientes
1593 331 1650 359 sint
1665 333 1700 360 ad
1719 334 1797 361 testi-

1024 373 1185 408 ficandum,
1202 382 1269 401 cum
1287 374 1323 401 sit
1341 375 1370 401 in
1391 375 1431 402 eis
1451 377 1578 404 veritatis
1593 378 1745 414 stabilitas,
1762 379 1798 407 li-

1026 422 1069 446 cet
1089 422 1187 447 tamen
1206 422 1287 447 Pater
1303 423 1330 448 et
1348 421 1436 448 Filius
1451 422 1507 450 sint
1521 431 1613 451 unum
1635 425 1798 453 secundum

1026 466 1190 494 essentiam.
1206 468 1275 494 Item
1291 467 1376 495 Filius
1396 470 1437 496 est
1453 469 1504 497 lux
1527 480 1533 496 z
1555 470 1629 498 lucis
1644 473 1742 499 aulem
1758 474 1801 500 est

1026 520 1056 539 se
1071 512 1266 547 manifestare,
1279 515 1306 541 et
1320 513 1378 541 alia
1384 523 1392 549 3
1409 516 1437 542 et
1450 515 1519 543 ideo
1533 518 1629 551 potest
1643 517 1799 553 perhibere

1027 558 1226 586 testimonium
1248 559 1284 587 de
1304 568 1345 594 se,
1361 563 1388 587 01
1402 568 1455 596 per
1469 563 1593 596 Patrem,
1609 563 1660 598 qui
1685 566 1727 591 est
1748 564 1799 591 lux

1027 604 1169 632 similiter.
1192 605 1246 632 Sed
1269 605 1422 641 homines,
1445 607 1495 643 qui
1519 610 1587 635 sunt
1608 609 1638 636 in
1661 610 1800 644 tenebris,

1028 653 1113 685 egent
1129 651 1250 679 testibus
1269 652 1471 681 differentibus
1485 654 1515 681 in
1536 662 1671 690 numero,
1687 657 1716 683 et
1733 664 1800 692 per—

1028 705 1101 725 sona
1118 706 1124 724 :
1146 698 1213 725 ideo
1228 706 1288 726 non
1303 701 1345 726 est
1359 699 1452 727 simile
1470 700 1506 727 de
1525 700 1707 736 hominibus,
1722 705 1750 730 et
1765 703 1802 731 de

1029 745 1109 771 Patre
1135 745 1162 771 et
1186 744 1268 772 Filio.
1294 745 1337 772 Ad
1367 746 1448 773 aliud
1479 747 1722 782 respondendum
1750 751 1802 781 est,

1030 789 1113 825 quod
1127 798 1180 826 per
1199 790 1341 819 miracula
1359 792 1461 819 Christi
1481 795 1508 820 et
1526 793 1705 822 documenta
1718 797 1802 830 pote-

1029 838 1095 864 rant
1110 844 1288 872 cognoscere
1308 838 1412 865 Filium
1429 847 1489 866 esse
1509 840 1655 875 aequalem
1674 842 1760 876 Patri,
1776 843 1804 870 et

1030 883 1071 909 sic
1090 891 1268 918 cognoscere
1292 885 1452 920 potentiam
1471 886 1569 914 Patris.
1585 886 1665 914 Unde
1685 887 1715 914 in
1735 887 1804 921 1100,

1031 929 1114 965 quod
1129 929 1168 957 ait
1186 930 1233 957 hic
1249 938 1256 958 t
1273 931 1304 958 Si
1322 939 1362 958 me
1376 933 1490 966 sciretis,
1506 935 1531 959 et
1546 934 1664 967 Patrem,
1679 933 1806 961 ostendit

1030 975 1152 1003 honoris
1166 976 1371 1011 aequalitatem,
1386 979 1418 1005 ut
1432 978 1471 1005 ait
1485 978 1710 1014 Chrysostomus
1726 981 1757 1007 ¹⁰.
1774 981 1807 1007 Et

1031 1021 1099 1049 ideo
1122 1022 1329 1050 convenienter
1350 1023 1470 1051 adducit
1493 1026 1605 1052 Patrem
1625 1025 1656 1052 in
1676 1025 1806 1054 testimo-

1032 1068 1125 1096 nium.

1067 1116 1112 1142 20.
1133 1117 1163 1142 Et
1183 1116 1315 1151 sequitur
1333 1117 1510 1152 specificatio
1532 1117 1590 1146 loci
1613 1127 1619 1145 :
1642 1119 1704 1146 Hoec
1725 1119 1806 1146 verba

1033 1162 1134 1189 locutus
1150 1165 1189 1189 cst
1202 1164 1277 1190 ,lesus
1297 1165 1325 1190 in
1344 1166 1544 1199 gazophylacio.
1561 1166 1592 1192 Ut
1611 1165 1691 1192 enim
1705 1165 1745 1192 ait
1758 1165 1806 1192 hic

1033 1208 1197 1242 Anselmus,
1217 1217 1287 1244 gaza
1310 1210 1424 1245 persica
1446 1211 1558 1245 lingua,
1580 1211 1689 1239 divitiae
1713 1211 1742 1238 in
1765 1211 1807 1239 la-

1033 1254 1107 1288 tina;
1123 1255 1248 1290 phylace
1264 1256 1299 1291 (a)
1319 1256 1399 1284 idem
1421 1257 1503 1292 quod
1523 1265 1650 1285 servare.
1674 1258 1740 1284 Erat
1755 1264 1808 1284 au-

1035 1302 1092 1327 tem
1107 1301 1188 1328 locus
1204 1301 1234 1328 in
1249 1303 1370 1338 templo,
1382 1303 1433 1330 ubi
1448 1303 1676 1331 asservabantur
1689 1303 1807 1331 divitiae.

1034 1347 1088 1374 Sed
1109 1348 1247 1382 quaeritur
1266 1348 1305 1375 ad
1319 1349 1392 1384 quid
1407 1349 1485 1377 istud
1501 1350 1647 1385 apposuit,
1665 1358 1733 1377 cum
1750 1350 1808 1377 hoc

1033 1393 1168 1421 videatur
1197 1402 1257 1421 esse
1291 1394 1413 1423 inutile?
1442 1398 1473 1423 Et
1505 1396 1544 1423 ad
1577 1396 1653 1424 istud
1685 1387 1808 1432 respon-

1035 1439 1167 1467 dendum
1183 1441 1346 1468 secundum
1359 1442 1599 1477 Chrysostomum
1615 1442 1644 1476 ¹¹,
1660 1442 1742 1478 quod
1753 1451 1767 1467 «
1779 1442 1809 1469 in

1034 1486 1145 1520 templo
1161 1486 1349 1521 loquebatur,
1365 1489 1392 1514 et
1412 1488 1442 1514 in
1462 1488 1566 1515 ordine
1587 1488 1728 1522 magistri.
1744 1498 1758 1513 »
1776 1489 1809 1515 Et

1035 1531 1104 1558 talia
1114 1532 1303 1567 loquebatur,
1315 1541 1402 1568 super
1415 1534 1522 1569 quibus
1536 1534 1713 1561 accusabant
1727 1542 1806 1568 eum,

1035 1585 1089 1604 nec
1108 1577 1215 1605 licebat
1234 1578 1315 1614 loqui
1336 1580 1365 1606 in
1384 1580 1503 1615 templo,
1524 1580 1579 1608 nisi
1598 1581 1748 1615 magistro.
1765 1581 1808 1608 Ad

1036 1625 1233 1652 ostensionem
1246 1633 1315 1660 ergo
1330 1634 1388 1653 suae
1403 1626 1580 1653 auctoritatis
1595 1628 1622 1653 ot
1637 1635 1696 1654 suoe
1711 1628 1808 1662 potes-

1036 1670 1111 1704 tatis,
1125 1673 1152 1698 et
1168 1671 1295 1698 veritatis
1309 1672 1457 1706 doctrinae,
1472 1673 1528 1700 hoc
1544 1673 1593 1700 ait.
1611 1673 1690 1700 Unde
1708 1673 1809 1701 Ansel-

1037 1725 1103 1744 mus
1117 1726 1123 1744 ε
1144 1727 1157 1742 «
1172 1719 1273 1752 Magna
1288 1720 1385 1746 autem
1400 1721 1461 1746 erat
1471 1719 1650 1747 confidentia
1661 1719 1810 1758 loquentis

1038 1765 1066 1790 et
1086 1764 1258 1798 constantia,
1274 1765 1324 1800 qui
1345 1765 1375 1792 in
1399 1765 1468 1800 ipsis
1486 1765 1587 1801 templi
1611 1765 1810 1801 penetralibus

1039 1818 1140 1837 coram
1162 1810 1287 1837 inimicis
1311 1811 1470 1839 divinitatis
1498 1820 1557 1839 suae
1584 1812 1675 1839 verba
1703 1812 1812 1847 imper-

1039 1856 1153 1883 territus
1168 1857 1355 1892 loquebatur.
1371 1868 1384 1883 »
1406 1859 1440 1885 Et
1459 1866 1532 1885 nemo
1547 1858 1722 1893 apprehendit
1740 1866 1808 1890 eum,

1040 1904 1105 1937 quia
1121 1904 1231 1930 necdum
1250 1907 1356 1931 renerat
1372 1905 1436 1932 hora
1451 1905 1517 1939 ejus,
1532 1905 1641 1932 scilicet
1654 1905 1809 1941 passionis,

1041 1958 1106 1985 quae
1121 1951 1182 1977 erat
1201 1949 1230 1976 in
1245 1959 1298 1977 sua
1316 1950 1476 1978 voluntate.
1493 1952 1525 1978 Ut
1544 1951 1623 1978 enim
1641 1951 1681 1978 ait
1701 1953 1811 1986 Augus-

1041 1996 1118 2023 tinus
1138 1996 1158 2011 ’Ξ
1174 2006 1180 2024 :
1200 2007 1213 2022 «
1234 1997 1383 2031 Dominus,
1397 1998 1514 2032 quando
1528 1997 1632 2031 voluit,
1651 2005 1769 2025 carnem
1781 1998 1812 2025 in

1042 2045 1124 2070 utero
1140 2043 1275 2078 virginali
1300 2043 1426 2079 accepit3
1447 2044 1568 2079 quando
1583 2043 1687 2078 voluit,
1703 2043 1741 2071 ad
1759 2043 1812 2071 ho-

1042 2089 1136 2116 mines
1151 2090 1305 2125 processit;
1320 2090 1464 2125 quamdiu
1474 2090 1577 2124 voluit,
1591 2090 1665 2117 inter
1678 2089 1812 2118 homines

1042 2136 1130 2169 vixit,
1155 2136 1276 2171 quando
1299 2135 1401 2167 voluit,
1426 2144 1443 2163 a
1468 2143 1554 2163 carne
1582 2136 1720 2163 discessit.
1749 2137 1812 2163 Haec

1044 2184 1110 2209 sunt
1131 2182 1290 2217 potestatis,
1311 2189 1372 2209 non
1397 2182 1584 2209 necessitatis
1607 2183 1684 2211 lianc
1708 2182 1813 2210 horam

1045 2228 1228 2263 expectabat,
1240 2235 1300 2255 non
1312 2227 1440 2261 fatalem,
1451 2228 1503 2255 sed
1517 2230 1714 2263 opportunam
1726 2230 1754 2256 et
1761 2236 1814 2256 vo-

1045 2275 1212 2302 luntariam.
1235 2285 1248 2301 »
1276 2276 1338 2302 l-laec
1359 2275 1418 2302 ille.
1444 2274 1520 2302 Infra
1542 2276 1563 2292 ¹³
1589 2283 1596 2301 :
1615 2284 1629 2300 «
1643 2276 1814 2303 Potestatem

1045 2321 1142 2349 habeo
1168 2321 1300 2356 ponendi
1328 2321 1458 2349 animam
1482 2329 1588 2348 meam.
1612 2331 1626 2347 11
1648 2321 1814 2348 Secundum

1046 2368 1230 2401 Anselmum,
1256 2368 1378 2403 mystice
1406 2367 1650 2403 gazophylacium
1677 2366 1815 2402 mysteria

1047 2415 1260 2450 Scripturarum
1274 2414 1417 2450 designat,
1437 2422 1503 2450 quae
1518 2414 1617 2442 omnia
1631 2415 1713 2441 erant
1730 2420 1813 2440 reve-

1047 2490 1108 2512 trac.
1124 2493 1213 2518 xxxw,
1229 2494 1254 2511 n.
1273 2490 1310 2511 10,
1328 2500 1353 2504 -
1370 2488 1390 2503 ¹⁰
1405 2487 1545 2518 Chrysost„
1558 2486 1601 2510 ubi
1618 2493 1685 2516 sup„
1700 2493 1726 2509 11.
1744 2488 1766 2509 3.
1787 2499 1812 2502 —

1050 2524 1067 2539 ¹1
1084 2523 1240 2551 lbitl.,l10m.
1256 2529 1302 2553 Lu,
1317 2523 1350 2546 al.
1369 2528 1424 2552 1,111,
1439 2529 1464 2545 n.
1486 2524 1508 2545 1.
1522 2534 1553 2539 —
1567 2521 1587 2537 ¹¹
1602 2522 1675 2551 Aug,
1693 2521 1716 2543 in
1731 2521 1814 2549 Joan..

1047 2560 1119 2582 tract.
1135 2564 1234 2588 xxxvii,
1251 2565 1277 2581 n.
1294 2559 1317 2582 9.
1332 2571 1362 2575 —-
1381 2557 1398 2572 ¹¹
1416 2557 1472 2586 tuf„
1487 2562 1512 2586 Χ,
1529 2557 1565 2580 18.

1081 2605 1112 2632 (τι)
1129 2604 1228 2631 Φὺλακὴ
1238 2622 1243 2632 ,
1259 2602 1380 2626 custodia,
