1987 3032
82 2117 183 2142 Quinque

103 2149 170 2168 panes

101 2173 160 2202 quid.

189 188 246 217 342

187 251 371 286 denariorum,
388 254 453 285 etc„
467 252 551 287 quasi
566 251 644 279 dicat
660 259 666 277 :
682 251 786 284 Magna
800 251 842 277 est
855 249 955 277 multi-

189 298 276 331 tudo,
291 300 318 325 et
328 298 454 333 pretium
467 300 508 325 tot
523 297 713 325 denariorum
724 304 785 324 non
799 296 954 324 sufficeret.

187 344 243 371 Sed
265 343 419 379 quaeritur,
431 344 558 379 'qualiter
577 343 615 370 ait
638 343 710 376 hoc,
730 343 800 378 quia
819 342 958 370 denarios

187 397 248 417 non
262 390 421 418 habebant.
437 389 702 425 Respondendum,
718 388 800 424 quod
819 389 957 416 mulieres

187 438 292 464 sanctae
313 436 475 463 circuibant
495 444 562 462 cum
586 435 709 462 Domino
731 437 759 462 et
782 443 849 462 cum
873 435 958 462 disci-

188 482 276 518 pulis,
288 484 315 510 et
324 482 528 509 ministrabant
539 481 580 509 eis
593 481 628 509 de
641 481 700 508 suis
710 481 906 509 facultatibus.
920 482 958 508 De

187 529 244 556 hoc
260 528 336 555 infra
349 547 370 562 ς,
394 528 445 554 ubi
466 527 571 555 dicitur
586 527 622 555 do
640 528 731 561 Juda,
748 527 831 563 quod
845 527 959 555 loculos

188 574 325 602 habebat.
341 574 392 601 vel
406 574 479 601 sorte
490 574 547 602 hoc
562 574 617 608 ait,
636 581 697 601 non
716 574 786 609 quia
801 574 855 609 ipsi
871 574 959 601 debe-

188 620 260 648 bant
279 627 374 647 emere
398 627 505 655 paneS,
534 620 585 647 sed
600 628 691 655 panes
706 620 796 655 empti
811 621 852 647 tot
867 619 958 647 dena-

188 667 239 694 riis
254 674 315 694 non
337 666 522 694 sufficiebant
538 668 548 684 ²
570 675 576 693 :
604 676 617 691 «
640 666 752 694 Dimitte
781 666 899 700 turbaS,
928 668 959 694 ut

191 714 290 740 euntes
303 713 332 740 in
348 713 481 747 castella,
493 715 592 740 emant
604 712 659 740 sibi
674 720 777 748 panes.
792 723 805 738 »

225 760 251 786 8.
268 760 300 786 Et
314 759 445 795 sequitur
458 759 610 794 responsio
628 759 760 786 Andreae.
777 760 854 785 Dixit
872 761 960 786 autem

189 814 258 833 unus
282 813 314 832 eoe
337 806 488 840 discipulis,
505 808 557 833 etc.
577 814 583 832 z
603 807 649 832 Est
671 806 712 832 hic
725 813 792 840 puer
805 813 890 839 unus,
905 807 959 832 etc.

190 853 223 879 Ut
247 852 286 879 ait
300 852 523 887 Chrysostomus
539 851 576 887 (a)
591 853 601 868 ³
618 861 624 879 :
644 853 721 879 «Iste
738 852 880 879 excelsior
896 851 960 879 Phi-

190 898 289 934 lippo,
305 906 365 926 non
382 901 479 926 tamen
503 898 542 925 ad
555 906 658 930 omne,
673 898 704 924 id
720 899 777 931 est,
798 898 836 925 ad
854 897 962 933 persee-

190 946 253 971 tum
267 944 364 972 venit:
382 944 514 972 existimo
530 945 628 972 autem
643 952 711 971 eum
726 944 893 972 audientem
909 944 963 971 mi-

190 991 292 1018 racula
317 991 544 1026 prophetarum,
574 990 648 1017 sicut
675 990 851 1018 miraculum
880 990 962 1026 quod

190 1037 257 1065 fecit
272 1037 388 1065 Elisaeus
409 1038 419 1054 ¹·
439 1037 476 1064 dc
496 1036 739 1073 multiplicatione
756 1045 885 1072 panum,
905 1037 962 1064 hoc

192 1083 309 1111 dixisse.
324 1094 338 1109 ))

227 1134 253 1159 9.
269 1132 391 1166 Quinque
404 1139 485 1166 panes
501 1132 670 1165 hordeaceos,
692 1132 745 1158 etc.
766 1132 798 1158 Ut
818 1130 857 1158 ait
871 1130 961 1166 Chry-

192 1179 338 1206 sostomus
357 1178 366 1193 ⁵
391 1187 397 1204 ε
418 1188 431 1203 «
452 1178 658 1211 Attendamus,
681 1185 746 1213 quae
768 1176 964 1204 comedebant

193 1224 343 1251 mirabiles
370 1223 425 1251 viri
449 1223 492 1250 illi
520 1225 548 1251 et
575 1224 689 1258 magni,
717 1225 745 1250 et
772 1223 963 1258 quantitatem

193 1278 311 1304 eorum,
338 1278 404 1305 quae
431 1269 612 1303 inserebant,
639 1271 666 1296 et
691 1269 832 1296 'vilitatem
857 1277 965 1296 mensae

194 1325 297 1344 eorum
310 1316 480 1350 videamus,
492 1326 506 1341 ι)
521 1317 574 1343 etc.
591 1318 654 1343 Non
669 1316 747 1342 enim
760 1315 816 1342 nisi
832 1315 964 1350 quinque

193 1371 301 1399 panes,
317 1364 344 1390 et
354 1362 396 1390 illi
412 1364 493 1390 erant
506 1362 677 1395 hordeacei,
699 1363 725 1389 et
739 1369 816 1389 unus
830 1369 904 1397 puer
915 1369 965 1388 eos

194 1410 341 1445 portabat.
358 1410 409 1437 Sed
424 1410 477 1436 hoec
492 1409 559 1443 quid
580 1411 642 1436 sunt
659 1410 730 1435 inter
745 1410 832 1435 tantos
846 1409 859 1434 ?
874 1409 907 1434 Ut
928 1407 966 1435 ait

195 1457 419 1492 Chrysostomus
434 1456 444 1472 ⁶
461 1465 467 1482 :
487 1465 501 1481 ι(
515 1457 574 1482 Hoc
586 1455 638 1482 fuit
652 1454 859 1482 imbecillitatis
873 1463 879 1481 :
895 1454 966 1481 aesti-

195 1503 311 1535 mahat,
332 1502 474 1537 quoniam
495 1509 513 1528 a
534 1501 724 1537 paucioribus
752 1500 909 1535 pauciora,
939 1502 966 1526 et

196 1556 213 1576 a
228 1548 364 1583 pluribus
381 1548 467 1583 plura
484 1547 606 1574 decebat
626 1547 736 1579 lacere,
763 1546 814 1581 qui
831 1545 967 1573 mirifica-

195 1595 261 1628 bat,
273 1596 300 1622 et
315 1594 396 1630 quod
411 1602 471 1622 non
485 1593 538 1621 fuit
551 1602 634 1629 aeque
651 1593 735 1620 facile
749 1592 843 1619 facere
859 1600 875 1620 a
890 1600 966 1627 pau-

197 1641 325 1669 cioribus
340 1643 427 1675 atque
442 1648 459 1667 a
472 1640 617 1675 pluribus.
634 1649 647 1665 u
660 1641 723 1666 Haec
738 1639 798 1666 ille.
815 1639 870 1666 Sed
885 1647 966 1674 qute-

197 1688 279 1720 ritur,
296 1686 420 1722 qualiter
435 1686 475 1713 ait
488 1686 550 1720 hie,
576 1685 658 1721 quod
673 1685 821 1720 Philippus
837 1684 894 1712 ait:
913 1686 968 1711 Du-

198 1737 331 1761 centorum
348 1733 588 1766 denariorum,etc.
605 1733 677 1759 Cum
685 1731 808 1765 dicatur,
815 1731 899 1766 quod
911 1730 968 1757 dis-

199 1780 289 1816 cipuli
304 1779 431 1806 dixerint
443 1780 452 1795 ⁷
468 1787 475 1805 :
492 1780 596 1806 Euntes
611 1786 743 1805 emamus
757 1785 866 1813 panes,
876 1787 889 1802 n
913 1779 966 1805 etc.

199 1828 232 1854 Et
246 1826 281 1853 ad
294 1826 369 1852 istud
384 1825 640 1861 respondendum,
656 1824 704 1852 vel
715 1823 799 1860 quod
813 1831 874 1851 non
884 1823 970 1851 fucrit

199 1873 280 1900 idem
294 1872 470 1899 miraculum
491 1871 552 1906 hic,
570 1874 597 1899 et
611 1871 653 1898 ibi
664 1891 673 1905 ‚
695 1873 725 1898 ut
740 1870 857 1898 videtur
871 1878 970 1898 secun-

201 1919 273 1946 dum
293 1919 551 1954 Chrysostomum3
571 1918 634 1951 vel,
655 1917 678 1944 si
692 1917 747 1944 fuit
761 1917 855 1951 idem,
870 1925 971 1944 seeun-

202 1965 273 1992 dum
293 1965 426 1999 rcgulam
449 1964 602 1999 Augustini
616 1963 626 1978 ³
654 1965 681 1991 et
700 1963 864 1990 secundum
883 1964 970 1999 Chry-

202 2013 365 2038 sostomum
379 2012 400 2045 ⁹,
417 2011 499 2046 quod
520 2018 596 2038 unus
611 2010 794 2045 Evangelista
809 2010 970 2045 aliquando

202 2057 324 2090 omittit,
338 2057 412 2084 alius
428 2059 542 2091 narrat,
559 2058 585 2084 et
601 2064 616 2084 e
632 2056 788 2084 contrario.
803 2056 971 2084 Secundum

202 2104 396 2138 Augustinum
411 2103 430 2119 ¹⁰
445 2111 533 2137 vero,
562 2103 608 2130 isti
637 2102 768 2138 quinque
791 2110 882 2137 panes
906 2105 973 2130 sunt

204 2151 335 2185 quinque
363 2150 429 2177 libri
456 2149 580 2184 Moysis,
603 2151 630 2176 et
654 2149 685 2175 hi
709 2149 867 2176 hordeacei
892 2159 897 2176 :
922 2149 972 2176 vix

203 2197 282 2224 enim
300 2196 466 2231 pervenitur
490 2196 529 2223 ad
548 2195 710 2222 medullam
733 2195 852 2229 hordei,
877 2195 973 2230 qualis

204 2245 245 2269 est
266 2242 360 2270 littera
383 2242 492 2270 Veteris
511 2242 700 2275 Testamenti,
723 2242 825 2269 vestita
839 2242 973 2276 tegmini-

203 2289 259 2316 bus
273 2289 441 2316 carnalibus
454 2289 714 2316 sacramentorum.
727 2290 800 2315 Puer
812 2289 909 2315 autem
920 2288 973 2316 suit

204 2335 234 2362 in
249 2335 343 2369 figura
354 2335 490 2370 judaicus
508 2335 646 2370 populus
668 2336 730 2362 Duo
754 2334 847 2369 pisces
862 2334 972 2369 signifi-

205 2381 310 2408 cabant
325 2381 400 2408 duos
422 2381 602 2416 principatus
625 2380 783 2415 sublimes,
805 2380 911 2408 scilicet
930 2389 973 2408 re-

236 2443 242 2458 ¹
258 2442 315 2471 lnf.,
328 2448 386 2472 xiii,
400 2444 439 2466 29.
452 2455 482 2460 —
495 2443 506 2458 ²
522 2441 621 2471 Matm„
639 2447 690 2471 xiv,
709 2443 743 2466 15.
762 2454 787 2458 —
803 2441 813 2458 ³
832 2441 972 2472 Chrysost„

204 2477 248 2502 ubi
265 2484 333 2508 sup.,
347 2484 373 2501 n.
392 2479 414 2500 2.
430 2490 461 2494 —
477 2477 486 2493 ⁴
504 2477 535 2501 lV
554 2477 620 2507 Κεφ,
644 2482 678 2507 ιν,
697 2477 736 2500 42.
756 2490 786 2494 —
807 2477 815 2490 ²
831 2477 972 2507 Chryso-st„

204 2513 247 2537 ubi
267 2520 323 2543 sup.
339 2525 368 2530 —
389 2513 398 2527 ⁶
415 2512 476 2535 ibid.
495 2525 520 2529 --
540 2513 550 2529 '¹
566 2513 655 2542 Marc„
673 2518 708 2542 vx,
727 2513 765 2535 37.
781 2525 810 2530 —
825 2512 835 2528 ⁸
853 2514 928 2543 Aug„
943 2513 973 2536 <Ie

206 2549 278 2572 Cone.
296 2548 399 2578 Lz‘vanq..
419 2547 461 2570 lib.
479 2548 513 2576 lt,
531 2554 553 2570 c.
575 2553 644 2577 Χωί,
659 2554 684 2572 n.
708 2549 745 2572 06.
763 2561 793 2565 —
808 2548 817 2564 ⁹
832 2548 973 2579 Chrysost.‚

207 2586 232 2607 ιἰι
264 2583 360 2610 ΛΙ(ιΙίΙι,,
388 2583 458 2606 bom.
489 2589 514 2612 i,
540 2589 566 2605 n.
590 2584 613 2605 2.
637 2596 666 2600 —
697 2583 717 2599 ³⁰
740 2584 815 2613 Aug„
841 2584 867 2606 in
893 2584 973 2613 joan„

206 2621 278 2644 tract.
295 2625 365 2648 xxiv,
384 2625 410 2642 n.
428 2619 456 2648 5,
476 2618 558 2649 quoad
578 2624 688 2642 sensum.
706 2631 736 2636 —-
757 2620 776 2635 ¹¹
793 2620 878 2649 Prona,
898 2625 972 2650 xxiii,

705 182 916 215 EVANGELII
939 181 1078 214 SANCTI
1100 181 1264 213 JOANNIS

1011 256 1061 283 ges
1080 249 1108 276 et
1130 248 1305 276 sacerdotes.
1322 259 1336 274 ι»
1361 250 1394 276 Et
1413 248 1450 276 de
1470 247 1516 275 his
1538 248 1569 275 in
1590 247 1700 276 Glossa.
1726 250 1778 276 Per

1011 295 1152 323 ducentos
1178 295 1315 324 denarios
1343 297 1454 333 duplex
1485 295 1639 332 perfectio,
1672 295 1781 323 scilieet

1011 342 1137 370 scientioe
1153 343 1180 369 et
1198 343 1391 378 operationis,
1411 342 1520 379 quibus
1540 343 1676 370 emuntur
1689 348 1781 377 panes

1011 388 1150 416 veritatis.
1167 389 1186 406 ¹¹
1205 399 1217 413 υ
1234 389 1388 416 Veritatem
1402 396 1476 416 eme.
1493 399 1506 415 n

1047 436 1091 461 10.
1106 436 1138 462 Et
1157 435 1289 470 sequitur
1308 437 1412 469 quarta
1426 442 1509 470 pars,
1528 435 1559 462 in
1581 442 1640 470 qua
1653 441 1782 470 praecep-

1012 480 1051 507 tio
1066 480 1239 514 Salvatoris,
1255 480 1295 508 ibi
1313 489 1318 507 :
1343 482 1417 507 Dicit
1437 482 1512 508 Jesus
1528 489 1535 508 ε
1561 482 1650 508 Facite
1665 481 1782 508 homines

1013 527 1184 554 discumbere.
1197 529 1229 554 Et
1245 537 1258 553 α
1272 527 1302 554 in
1317 527 1374 555 hoc
1392 527 1538 555 suscitavit
1553 530 1681 556 mentem
1695 527 1782 555 disci·

1012 573 1169 608 pulorum,
1193 576 1220 601 et
1241 573 1272 600 in
1293 581 1376 609 spem
1394 573 1498 606 erexit,
1511 583 1524 600 n
1550 574 1590 602 ait
1613 575 1782 610 Chrysosto-

1011 627 1079 648 mus
1090 619 1123 646 ¹².
1136 620 1202 646 Erat
1216 622 1301 647 autem
1315 622 1432 653 soenum;
1449 620 1533 655 quod
1548 620 1648 648 subdit
1661 621 1700 648 ad
1713 621 1783 648 insi·

1013 666 1165 693 nuandam
1185 666 1242 693 loci
1264 666 1464 693 idoneitatem.
1490 667 1685 694 Discubuerunt
1697 675 1782 702 erqo:

1015 712 1189 740 obedierunt
1205 713 1282 740 enim
1296 714 1323 740 et
1339 720 1423 739 «non
1435 712 1632 746 tumultuati,»
1645 712 1684 740 ait
1695 712 1784 748 Chry-

1014 761 1158 786 sostomus
1173 758 1203 785 ¹³.
1221 758 1276 786 Sed
1292 766 1360 785 cum
1376 758 1490 785 dicatur
1504 758 1534 793 ¹⁵,
1551 758 1634 794 quod
1649 758 1786 786 dixerunt

1015 803 1162 840 discipuli,
1174 805 1300 840 qualiter
1309 805 1347 832 ait
1356 805 1413 838 hic,
1425 804 1507 840 quod
1517 813 1594 832 unus
1602 804 1784 838 tantum,sci-

1014 849 1081 878 licet
1101 851 1263 887 Philippus,
1285 851 1462 886 respondit?
1484 851 1528 878 Ad
1548 851 1605 879 hoc
1628 851 1787 887 respondet

1015 898 1240 933 chrysostomus
1253 898 1284 932 ¹⁵,
1298 898 1380 934 quod
1395 898 1425 925 in
1439 898 1522 926 initio
1537 898 1785 934 discrediderunt,

1015 944 1063 971 hic
1081 953 1148 971 cum
1175 944 1321 972 desiderio
1341 944 1512 972 recumbere
1536 944 1675 972 fecerunt.
1698 946 1731 972 Et
1745 945 1787 973 sic

1016 990 1130 1017 videtur
1145 990 1275 1025 innuere,
1289 990 1370 1026 quod
1385 990 1462 1018 istud
1477 991 1653 1019 miraculum
1662 999 1725 1019 non
1734 991 1788 1020 fuit

1016 1036 1096 1063 idem
1105 1045 1172 1064 cum
1183 1037 1234 1065 illo
1242 1059 1250 1072 ,
1262 1037 1345 1073 quod
1357 1039 1478 1065 narrant
1489 1037 1537 1065 alii
1545 1037 1745 1073 Evangelistae‚
1759 1038 1788 1065 et

1017 1084 1084 1110 tunc
1094 1083 1243 1118 Philippus
1252 1086 1279 1111 et
1289 1083 1419 1111 Andreas
1430 1084 1518 1111 locuti
1529 1085 1606 1112 sunt.
1615 1085 1666 1111 Per
1675 1083 1786 1112 foenum

1020 1129 1098 1156 enim
1118 1129 1248 1164 signatur
1263 1130 1298 1166 (b)
1318 1130 1448 1157 litteralis
1466 1130 1628 1158 secundnm
1645 1130 1786 1158 Glossam.

1018 1176 1138 1202 Foenum
1149 1176 1227 1203 enim
1238 1176 1342 1203 dicitur
1355 1176 1554 1212 multipliciter
1565 1185 1572 1203 z
1587 1176 1633 1204 vel
1643 1184 1788 1213 apparens

1017 1221 1158 1256 fragilitas
1184 1222 1279 1249 carnis
1302 1222 1322 1238 ¹⁶
1346 1230 1353 1249 ε
1383 1222 1510 1249 «Omnis
1537 1230 1606 1249 caro
1629 1222 1756 1258 foenum3
1772 1232 1786 1248 ι

1017 1267 1065 1294 vel
1087 1267 1192 1295 dieitur
1212 1267 1323 1295 foenum
1337 1268 1474 1304 voluptas
1495 1268 1620 1296 carnalis
1631 1268 1670 1296 ¹⁷:
1687 1277 1701 1294 ι)
1727 1269 1788 1296 Foe-

1019 1322 1089 1340 num
1104 1314 1187 1349 quasi
1198 1314 1253 1341 bos
1267 1314 1413 1348 comedet,
1421 1325 1433 1340 »
1453 1314 1562 1342 scilicet
1576 1314 1730 1348 Behemot;
1741 1314 1790 1342 vel

1018 1360 1129 1387 foenum
1145 1360 1249 1388 dicitnr
1264 1361 1381 1388 infectio
1403 1361 1496 1396 culpae
1514 1361 1639 1388 venialis
1650 1361 1671 1379 ¹⁸
1686 1371 1694 1388 :
1712 1370 1725 1387 α
1739 1361 1790 1389 Su-

1019 1406 1197 1442 peraedifieat
1219 1407 1316 1442 ligna,
1335 1407 1447 1435 foenum
1472 1409 1500 1434 et
1527 1407 1682 1443 stipulam3
1706 1417 1720 1433 ι»
1743 1407 1791 1435 vel

1019 1452 1130 1480 foenum
1156 1454 1261 1481 dicitur
1283 1454 1416 1482 doctrina
1431 1454 1548 1489 legaliS,
1573 1454 1609 1481 de
1625 1462 1685 1489 qua
1698 1453 1746 1482 hie
1760 1454 1792 1482 in

1019 1500 1128 1533 figura,
1142 1502 1169 1526 et
1183 1500 1212 1526 in
1230 1501 1334 1527 Psalmo
1351 1501 1372 1517 ¹⁹
1395 1509 1400 1528 ι
1417 1510 1430 1525 «
1440 1500 1605 1528 producens
1619 1500 1731 1528 foenum
1743 1501 1790 1535 Ju-

1020 1546 1133 1573 mentis.
1150 1556 1163 1571 ι)
1189 1546 1239 1573 Vel
1262 1546 1373 1574 frenum
1394 1547 1499 1574 dicitur
1520 1547 1634 1574 noviter
1647 1547 1791 1583 poenitens

1021 1594 1049 1619 et
1067 1592 1177 1627 fragilis
1192 1593 1222 1619 in
1236 1592 1295 1619 fide
1309 1594 1331 1610 2⁰
1348 1602 1354 1619 z
1369 1602 1383 1618 α
1397 1594 1575 1628 Praeceptum
1598 1595 1640 1621 est
1658 1593 1730 1627 illis,
1755 1600 1792 1621 ne

1021 1638 1159 1666 laederent
1179 1639 1290 1666 foenum
1313 1641 1404 1666 terrae.
1429 1650 1442 1665 »
1469 1639 1520 1667 Vel
1544 1639 1658 1667 foenum
1686 1639 1792 1668 dicitur

1022 1685 1170 1712 odorifera
1184 1685 1318 1720 cogitatio
1330 1685 1438 1719 cordis,
1451 1685 1499 1713 vel
1514 1685 1628 1714 affectio
1638 1685 1659 1704 ²²
1677 1695 1683 1713 :
1702 1695 1716 1712 (ι
1728 1686 1792 1714 Col-

1021 1731 1097 1759 lecta
1111 1734 1177 1759 sunt
1190 1732 1269 1759 fceria
1284 1732 1320 1760 de
1335 1733 1494 1760 montibus.
1511 1742 1525 1757 »
1701 1764 1705 1765 ⁷

1058 1779 1102 1806 1¹.
1116 1780 1148 1805 Et
1161 1779 1291 1814 sequitur
1302 1786 1337 1806 ea
1352 1786 1431 1814 parS,
1446 1779 1476 1806 in
1493 1786 1553 1814 qua
1565 1779 1662 1815 ipsum
1671 1779 1795 1808 miracu-

1023 1824 1097 1859 lum,
1107 1827 1133 1852 et
1148 1825 1352 1861 multiplicatio
1363 1833 1489 1860 panum3
1505 1827 1533 1852 ct
1542 1825 1583 1852 ibi
1594 1825 1654 1853 duo
1667 1834 1674 1852 :
1685 1825 1793 1861 primo,

1024 1872 1088 1908 ipsa
1102 1872 1321 1908 multiplicati0;
1338 1872 1479 1905 secundo,
1492 1871 1722 1906 fragmentorum
1737 1873 1797 1900 col-

1023 1918 1125 1952 lectio,
1141 1921 1168 1945 et
1186 1918 1216 1945 in
1231 1919 1288 1946 hoc
1308 1918 1443 1945 miraculi
1457 1917 1664 1953 manifestatio,
1680 1918 1722 1946 ibi
1741 1917 1764 1936 ²¹
1786 1928 1792 1946 :

1024 1966 1103 1991 Dixit
1118 1965 1259 1999 discipulis
1273 1966 1339 1998 suis,
1354 1966 1407 1991 etc.

1060 2011 1105 2038 Ait
1115 2018 1186 2046 ergo
1204 2019 1210 2037 :
1227 2011 1337 2045 Accepit
1352 2018 1412 2044 erqo
1427 2011 1502 2037 Jesus
1516 2018 1608 2045 panes,
1625 2012 1650 2037 ee
1661 2018 1720 2038 cum
1734 2019 1796 2046 qra-

1026 2059 1080 2084 tias
1095 2058 1224 2091 eqisset...
1240 2056 1297 2084 Sed
1313 2056 1465 2092 quaeritur,
1477 2064 1544 2083 cum
1560 2059 1634 2084 esset
1647 2056 1726 2084 filius
1736 2057 1796 2091 Dei,

1026 2103 1065 2130 ad
1084 2103 1156 2139 quid
1175 2103 1214 2130 sic
1234 2103 1340 2138 gratias
1355 2102 1435 2136 egit?
1455 2104 1524 2130 ltem
1544 2102 1665 2138 quando
1683 2103 1797 2131 sanavit

1025 2149 1232 2186 paralyticum,
1247 2157 1308 2176 non
1327 2148 1436 2182 oravit,
1452 2156 1541 2184 supra
1560 2147 1592 2175 ²³.
1612 2149 1706 2181 Quare
1726 2157 1796 2184 ergo

1026 2197 1073 2223 hie
1089 2196 1130 2224 sic
1144 2196 1201 2231 egit
1217 2195 1344 2230 gratias?
1363 2196 1394 2221 Et
1408 2194 1446 2221 ad
1461 2195 1517 2221 hoc
1535 2194 1693 2229 respondet
1706 2195 1796 2231 Chry-

1027 2244 1172 2270 sostomus
1190 2242 1212 2258 ²⁴
1227 2240 1310 2276 quod
1331 2240 1361 2267 in
1382 2240 1511 2275 panibus
1527 2239 1585 2267 hoc
1606 2239 1683 2274 facit,
1700 2243 1796 2268 osten·

1027 2289 1110 2323 dens,
1125 2289 1267 2325 quoniam
1281 2295 1341 2319 θος,
1353 2287 1403 2322 qui
1419 2286 1630 2314 comestionem
1643 2286 1795 2322 incipiunt,

1027 2336 1134 2369 gratias
1155 2342 1241 2370 agere
1264 2335 1320 2361 Deo
1341 2334 1464 2368 oportet.
1482 2332 1560 2360 Unde
1581 2332 1736 2368 Apostolus
1749 2332 1794 2360 ²⁵:

1027 2401 1065 2424 23.
1082 2413 1112 2417 —
1126 2400 1145 2416 ¹¹
1164 2399 1304 2430 Cbrysost.,
1320 2397 1364 2421 ubi
1380 2404 1436 2427 sup.
1450 2409 1481 2415 -
1500 2396 1520 2412 ¹³
1534 2396 1598 2420 ibid.
1614 2409 1640 2413 —
1661 2396 1681 2412 ¹⁶
1694 2396 1795 2426 Mami„

1027 2441 1081 2463 xxv,
1102 2436 1138 2459 17.
1157 2447 1188 2452 —
1207 2435 1226 2451 ¹⁵
1247 2434 1387 2465 Chrysost„
1408 2432 1450 2456 ubi
1469 2439 1537 2462 sup„
1558 2439 1584 2456 n.
1604 2433 1624 2455 ¹.
1647 2444 1674 2449 -
1696 2432 1717 2448 ²⁰
1737 2432 1796 2462 Im..

1027 2476 1075 2499 n,
1097 2471 1119 2494 (3.
1141 2483 1167 2487 -—
1193 2469 1210 2485 ¹⁷
1232 2469 1285 2499 lob,
1305 2474 1352 2497 xL,
1376 2470 1412 2491 ιο.
1433 2481 1463 2485 -
1486 2468 1505 2483 ¹¹
1527 2469 1534 2491 ι
1555 2467 1622 2493 Cor..
1645 2472 1689 2496 ιιι,
1710 2468 1747 2490 12.
1768 2480 1795 2484 —

1028 2505 1047 2521 ¹⁹
1063 2505 1130 2529 Psal.
1148 2511 1204 2536 cru,
1221 2506 1256 2529 14.
1270 2518 1300 2522 —
1313 2504 1336 2520 ²⁰
1352 2504 1435 2534 Apoc„
1453 2509 1488 2533 ix,
1503 2504 1525 2526 4.
1541 2515 1572 2520 —
1585 2503 1604 2518 ¹¹
1618 2502 1700 2531 Pron„
1714 2508 1796 2532 xxvii,

1028 2541 1066 2564 25.
1081 2554 1112 2559 —
1124 2541 1141 2555 ²²
1155 2541 1211 2571 int,
1226 2542 1262 2564 12.
1273 2553 1303 2557 —
1317 2540 1336 2555 ²³
1354 2540 1428 2570 Sup„
1445 2544 1468 2569 V,
1484 2540 1507 2562 8.
1521 2550 1548 2555 ·-—
1564 2537 1585 2553 ¹⁴
1599 2537 1738 2568 Chrysost„
1754 2538 1797 2562 ubi

1028 2583 1093 2607 sup„
1109 2583 1134 2600 n.
1150 2578 1173 2600 2.
1189 2589 1218 2594 —
1233 2577 1252 2592 ²⁵
1271 2576 1278 2599 Ι
1294 2576 1362 2605 Corn,
1377 2581 1403 2601 x,
1418 2575 1456 2598 31.

1061 2619 1097 2649 (a)
1112 2619 1171 2643 Coet.
1189 2618 1248 2642 edit.
1266 2617 1356 2648 Chrys,
1373 2617 1423 2640 Ast.
1441 2628 1466 2632 ——
1480 2614 1515 2645 (b)
1530 2614 1616 2646 Suppl.
1633 2621 1733 2640 sensus.

1813 1086 1906 1106 Poenum

1803 1115 1864 1142 quid.
