1987 3032
718 191 922 224 EXPOSITIO
945 192 984 223 ΙΝ
1006 192 1091 224 CAP.
1114 192 1192 225 XIV.

155 259 220 286 via:
232 260 267 286 Et
281 261 304 287 si
317 259 500 293 cognovissetis
514 265 554 285 me
565 278 574 292 ,
585 259 610 285 et
623 260 727 292 patrem
742 267 845 292 meum,
857 262 922 292 etc„

155 305 263 332 scilicet
283 307 403 341 propter
428 306 567 331 unitatem
592 305 721 331 essentiae
739 326 746 339 ,
772 312 860 340 supra
880 306 888 321 ¹
913 313 919 330 :

157 361 170 376 «
187 353 246 386 Ego
262 353 290 378 et
303 353 384 378 Pater
399 358 493 377 unum
507 358 623 383 sumus3
636 362 648 376 n
676 351 723 377 vel
746 353 866 386 propter
886 349 922 376 si-

154 397 350 424 militudinem
373 395 539 431 splendoris
560 399 587 423 et
609 396 725 431 glorioe,
751 396 820 432 quia
837 396 898 431 ipse
913 396 923 411 a»

156 443 317 478 «splendor
327 444 353 469 et
363 442 459 476 figura
467 442 574 476 gloriae.
584 453 596 467 n
607 444 641 469 Et
649 443 743 469 amodo
754 443 921 476 cognoscetis,

153 493 178 516 et
186 489 295 515 vidistis
305 496 372 514 eum.
384 488 439 515 Sed
451 488 574 523 qualiter
582 489 637 515 hoe
645 489 658 515 ⁹?
670 489 763 523 Supra
773 489 783 504 ³
796 496 822 514 z«
833 489 923 514 Deum

153 542 240 561 nemo
256 534 328 561 vidit
342 542 485 569 unquam.
499 545 512 559 »
532 537 562 561 Et
584 534 622 561 ad
642 534 721 561 istud
742 533 923 569 responden-

153 580 225 607 dum
238 580 273 607 iis
286 580 447 607 secundum
462 581 655 615 Augustinum
663 579 684 614 ²,
699 582 727 607 et
741 582 782 607 est
796 579 826 607 in
843 579 922 608 Glos-

152 634 198 660 sa,
215 626 296 661 quod
309 626 447 653 viderunt
462 627 566 653 Filium
586 627 770 654 simillimum
785 626 856 653 Patri
869 647 878 659 ,
896 628 923 653 et

152 672 192 699 ita
208 672 345 699 viderunt
366 674 479 700 Patrem
498 673 528 700 in
552 673 623 700 Filio
637 693 645 706 ,
666 672 774 700 scilicet
795 673 824 699 iu
847 679 922 707 prae-

152 718 235 745 senti.
255 718 323 745 Ideo
340 718 400 745 ait:
422 719 550 752 Vidistis,
569 723 594 746 ec
615 721 789 753 coqnoscett's,
813 717 923 745 scilicet

151 764 181 792 in
195 764 303 792 futuro.
320 765 371 792 Vel
385 766 544 793 secundum
561 766 801 801 Chrysostomum
811 765 820 781 ⁵
838 773 868 790 :«
878 764 923 790 Vi-

152 810 233 838 distis
249 819 331 845 euni,
344 814 374 839 ut
388 811 465 838 visus
480 814 521 838 est
532 812 672 846 angelus,
689 811 798 838 scilicet
812 811 841 837 in
856 818 921 845 spe-

152 857 194 884 cie
216 859 347 891 ostensa,
374 865 434 885 non
455 859 555 885 tamen
578 857 739 885 substantia
763 856 825 883 visa
841 858 891 883 est.
906 865 919 882 »

152 903 201 930 Vel
216 903 346 938 loquitur
360 903 397 930 de
412 903 524 931 visione
540 904 620 937 Filii,
639 903 675 931 de
690 911 750 938 qua
763 904 773 919 ⁶
790 912 796 930 :
815 912 829 927 «
845 903 921 929 Beati

150 950 264 977 mundo
280 950 386 984 eorde,
407 950 550 985 quoniam
563 949 619 985 ipsi
635 951 725 976 Deum
740 950 891 977 videbunt.
906 959 919 974 »

151 996 244 1030 Supra
259 997 268 1012 3
285 1005 289 1022 ;
303 1007 315 1020 (ι
331 998 420 1023 Deun]
435 1004 523 1023 nemo
540 996 610 1023 vidit
624 1004 773 1031 unquam,
789 996 844 1022 nisi
859 996 923 1023 uni-

151 1042 286 1076 genitus,
315 1042 365 1077 qui
387 1044 429 1069 est
451 1042 481 1068 in
508 1043 574 1069 sinu
598 1042 686 1070 Patris
705 1064 712 1073 ,
738 1042 799 1077 ipse
822 1050 923 1069 narra-

151 1088 208 1122 vit,
225 1098 238 1113 ι)
256 1090 309 1115 etc.

185 1136 211 1161 8.
222 1136 253 1161 Et
264 1134 394 1169 sequitur
408 1133 560 1169 inquisitio
574 1134 693 1161 alterius
703 1133 849 1169 discipuli,
867 1134 920 1160 sci-

149 1181 216 1208 licet
230 1180 372 1215 Philippi,
389 1179 430 1206 ibi
442 1189 448 1206 z
462 1182 534 1206 Dicit
550 1181 575 1206 et*
588 1181 730 1215 Philippus
741 1201 750 1214 ,
766 1182 818 1207 etc.
834 1182 865 1207 Et
878 1180 920 1207 ibi

149 1227 203 1254 tria
219 1236 224 1254 :
242 1226 355 1262 primo,
377 1226 442 1261 ipsa
460 1226 628 1261 inquisitio‚·
649 1227 796 1261 secundo,
821 1227 920 1262 inqui-

148 1273 237 1302 rentis
252 1272 428 1307 increpatio,
444 1272 485 1299 ibi
496 1272 505 1287 ⁷
523 1281 528 1298 :
547 1274 620 1299 Dicit
636 1275 660 1299 ei
674 1274 762 1306 Jesus,
778 1275 849 1305 etc.;
867 1275 920 1300 ter.

130 1309 189 1348 ‘tio
200 1340 209 1354 ,
224 1318 352 1347 veritatis
368 1318 558 1352 doctrinatio,
575 1318 615 1345 ibi
632 1319 641 1333 Β
659 1327 664 1345 :
682 1319 822 1353 Philippe,
839 1321 893 1346 cte.

183 1366 228 1393 Ait
253 1373 322 1399 ergo
349 1374 355 1391 ε
381 1366 453 1391 Dicit
477 1366 502 1391 et·
523 1365 668 1398 Philippus
691 1374 700 1392 .·
728 1365 851 1398 Domine,
876 1372 919 1391 os-

150 1412 241 1445 tende,
257 1414 310 1439 etc.
326 1412 359 1438 L‘t
374 1411 452 1437 enirn
467 1410 507 1437 ait
521 1411 698 1444 Augustinus
713 1410 722 1425 ⁹
740 1420 746 1437 ε
767 1420 780 1436 ι(
795 1413 857 1438 Non
872 1411 918 1437 in-

149 1458 280 1493 telligens
303 1457 467 1492 Philippus,
491 1457 608 1491 quierit,
631 1457 714 1491 quasi
731 1456 860 1484 diceret:
877 1457 919 1484 Si—

148 1505 249 1531 milem
265 1504 353 1536 novi,
376 1503 425 1530 sed
442 1510 502 1529 non
522 1502 644 1536 sufficit,
664 1502 719 1529 nisi
735 1504 763 1529 et
782 1503 866 1529 illum
882 1502 918 1536 (α)

146 1550 313 1578 noverim.»
331 1551 363 1577 Et
376 1548 443 1576 ideo
459 1549 498 1576 ait
513 1558 518 1575 :
538 1548 652 1576 Ostende
664 1550 739 1575 nobis
752 1550 857 1576 Putrem
868 1570 876 1583 ,
894 1551 919 1576 et

147 1598 252 1631 sufficit.

182 1644 208 1670 9.
225 1644 258 1670 Et
271 1642 338 1670 ideo
353 1642 483 1677 sequitur
502 1642 673 1676 increpatio.
698 1641 778 1669 Unde
802 1644 917 1676 Augus<

146 1689 224 1717 tinus
240 1690 260 1706 ¹⁰
277 1698 283 1716 :
302 1700 315 1714 «
330 1688 462 1723 Magister
480 1688 658 1723 discipulum
673 1688 831 1722 arguebat,
848 1688 917 1723 quia

148 1744 198 1763 cor
211 1735 385 1771 postulantis
397 1735 516 1761 videbat
530 1743 535 1760 :
553 1736 664 1761 Patrem
683 1734 761 1761 enim
771 1742 857 1761 nosse
868 1741 917 1760 eu-

147 1782 264 1817 piebat,
279 1784 418 1816 tanquam
434 1783 508 1807 esset
521 1780 624 1806 melius
641 1780 675 1815 (b)
692 1788 782 1815 quam
797 1780 885 1807 filius.
900 1790 913 1805 »

147 1829 211 1854 Haec
219 1827 403 1862 Augustinus.
416 1828 445 1853 Et
457 1825 527 1860 quia
542 1825 646 1853 merito
661 1826 830 1860 arguendus
841 1826 916 1859 erat,

148 1874 280 1909 sequitur
293 1872 444 1900 instructio
457 1882 463 1898 ;
483 1873 616 1906 Plu'lsppe,
632 1874 679 1906 qni
692 1872 765 1899 videt
776 1880 827 1906 me,
842 1872 916 1899 videt

148 1924 173 1948 et
190 1922 295 1947 Patrem
317 1927 418 1953 meum,
439 1919 508 1954 quia
524 1921 541 1935 ¹¹
560 1929 574 1944 «
594 1927 648 1953 ego
672 1921 699 1946 et
718 1920 799 1946 Pater
823 1926 915 1946 unum

147 1975 260 1995 sumus
276 1976 290 1992 >³

183 2015 226 2040 10.
244 2014 275 2040 Et
288 2012 356 2039 ideo
371 2012 503 2047 sequitur
514 2021 522 2037 .·
537 2013 596 2039 Non
611 2011 720 2038 creditis
733 2010 777 2046 (c),
793 2013 858 2045 quia
871 2019 915 2046 eqo

149 2061 178 2087 in
188 2060 290 2086 Patre?
301 2066 334 2086 ac
349 2058 371 2085 si
385 2058 508 2091 diceret,
525 2058 564 2085 ait
577 2057 754 2092 Augustinus
771 2058 790 2074 ¹2
807 2067 813 2084 :
833 2067 846 2083 «
860 2058 916 2085 Cur

148 2107 177 2133 in
192 2105 337 2133 similibus
352 2105 519 2132 distantiam
540 2104 621 2139 cupis
637 2105 778 2131 eernere?
796 2104 851 2130 Cur
870 2105 915 2131 in-

147 2151 325 2187 separabiles
336 2150 492 2186 separatim
503 2150 652 2177 desideras
664 2158 748 2177 nosse
757 2151 790 2176 27»
804 2151 835 2177 Et
847 2149 914 2178 ideo

147 2198 204 2226 hoe
221 2197 410 2225 manifestans
425 2196 570 2232 ampliuS,
590 2195 674 2231 quod
694 2196 754 2231 ipse
770 2196 799 2222 in
815 2197 895 2223 Patre
907 2217 915 2230 ,

148 2247 175 2272 et
189 2246 270 2272 Pater
289 2244 320 2270 in
337 2251 371 2271 eo
382 2264 390 2277 ,
411 2243 451 2270 ait
466 2252 472 2270 2
492 2243 578 2270 Verba
594 2251 652 2277 quae
670 2250 714 2276 eqo
730 2244 831 2277 loquor,
847 2251 863 2269 a
875 2250 916 2270 me

149 2292 206 2325 ipso
223 2298 275 2317 non
298 2291 401 2323 loquor,
425 2299 438 2314 «
453 2289 521 2324 quia
537 2297 554 2316 a
578 2297 626 2316 me
646 2289 710 2324 ipso
731 2296 791 2315 non
807 2296 911 2323 sum,›>

135 2337 187 2372 ¹ait
201 2335 377 2371 Augustinus
390 2336 420 2362 ¹³.
433 2337 464 2362 Et
477 2335 515 2362 ob
529 2335 664 2362 camdem
679 2342 797 2362 causam
813 2343 820 2362 ε
836 2336 915 2362 Pater

146 2384 176 2410 in
191 2391 230 2409 me
246 2390 353 2409 manens
365 2382 433 2415 facit
449 2389 538 2416 opera.
555 2382 648 2417 Supra
663 2381 682 2397 ¹¹·
697 2390 702 2407 :
717 2390 731 2405 (ι
743 2380 820 2408 Sicut
833 2382 915 2409 Pater

179 2444 274 2473 ¹Sup.,
290 2448 316 2472 x,
331 2444 371 2465 30.
386 2454 416 2459 -
431 2442 439 2455 '³
454 2440 538 2471 Hebr„
555 2446 572 2470 Ι,
590 2442 614 2464 3.
631 2453 661 2457 —-
678 2440 688 2456 ³
703 2441 773 2470 Sup.‚
796 2446 814 2470 1,
833 2441 870 2464 18.
885 2454 911 2458 -

147 2478 158 2493 ⁴
171 2479 245 2509 Aug„
261 2479 286 2501 in
303 2478 385 2505 loun„
402 2478 475 2500 tract.
491 2482 552 2506 Lxx,
569 2483 594 2499 n.
614 2477 636 2500 2.
649 2489 680 2493 —
694 2475 704 2491 ⁵
718 2475 856 2505 Chrysost„
871 2476 913 2499 ubi

148 2519 202 2543 sup.
221 2526 248 2530 --
271 2514 280 2527 ⁶
297 2512 398 2541 Matth„
422 2517 449 2541 v,
474 2512 495 2534 8.
518 2523 548 2528 —
568 2511 578 2527 ⁷
602 2511 659 2541 lus„
682 2511 704 2534 9,
723 2523 753 2528 —-
776 2510 784 2524 ⁸
803 2510 866 2534 lbid.
882 2523 913 2528 ——

148 2548 157 2561 ⁰
173 2549 286 2577 August,
304 2547 348 2571 ubi
367 2554 433 2577 sup„
453 2554 478 2570 n.
497 2548 510 2569 2
529 2548 552 2570 et
573 2546 595 2569 3.
614 2558 643 2563 —-
663 2545 683 2562 ¹⁰
701 2545 774 2575 thid„
793 2551 819 2568 n.
839 2546 862 2570 3.
884 2557 910 2562 -·

150 2583 165 2596 ¹¹
180 2583 252 2613 Sup.,
265 2588 291 2612 x,
303 2584 341 2606 30.
351 2595 379 2599 —
392 2583 410 2599 ¹²
422 2583 496 2613 Aug„
506 2581 550 2605 ubi
562 2588 617 2612 sup.
629 2594 655 2598 —
668 2581 743 2611 ¹³1d.,
756 2582 826 2605 tract.
840 2586 911 2610 LXXI,

148 2624 174 2641 n.
199 2619 218 2642 Ι.
233 2630 264 2635 -
280 2617 297 2633 ¹¹·
311 2618 382 2647 Sup.,
398 2623 422 2647 v,
440 2619 478 2640 21.
491 2629 521 2634 —
541 2617 556 2630 ¹³
573 2618 646 2647 Aug„
663 2615 704 2639 nbi
719 2622 785 2646 sup„
799 2623 825 2640 n.
841 2617 864 2640 2.
883 2629 909 2633 —

968 1780 1052 1815 ‘pra‘ffl
1071 1788 1076 1806 ε

1692 196 1750 225 447.

978 258 1096 286 suscitat
1111 261 1261 294 mortuos,
1278 259 1318 286 sic
1332 261 1360 287 et
1373 259 1470 286 Filius.
1486 268 1498 285 >›
1516 260 1549 286 Et
1564 259 1634 294 quia
1648 267 1750 294 argue-

978 306 1021 331 rat
1041 305 1225 340 Philippum,
1250 305 1375 333 ostendit
1399 313 1460 332 non
1483 312 1552 332 eum
1569 305 1667 332 solum
1688 313 1749 333 esse

979 351 1181 385 arguendum,
1198 362 1210 376 n
1228 351 1301 378 sicut
1316 351 1465 378 continuat
1479 351 1654 385 Augustinus
1665 351 1695 378 ¹⁵.

1017 398 1057 423 11.
1075 398 1194 432 Propter
1210 398 1292 433 quod
1308 398 1438 433 sequitur
1454 406 1461 424 z
1480 399 1541 425 Non
1556 397 1667 424 creditis
1681 399 1747 432 quia

978 450 1023 475 eqo
1039 444 1067 468 m
1078 444 1166 477 Patre,
1183 447 1210 471 et
1223 444 1262 471 ita
1276 444 1356 471 idem
1371 444 1402 470 in
1425 443 1563 477 essentia,
1585 444 1612 470 et
1632 443 1751 478 insepa-

978 488 1078 515 rabilis
1088 490 1101 516 ⁸?
1115 490 1200 522 Quod
1224 490 1247 517 si
1262 498 1322 517 non
1337 490 1454 517 creditis
1468 490 1508 517 ita
1530 497 1601 524 esse,
1623 489 1696 517 sicut
1710 492 1751 517 est

977 533 1008 560 in
1018 542 1048 561 re
1068 535 1104 570 (v.
1125 536 1178 570 12),
1203 538 1325 571 alioquin
1348 540 1459 571 propter
1481 544 1563 571 opera
1587 536 1693 564 credite.
1718 536 1750 563 Ut

978 580 1057 607 enim
1072 582 1112 608 ait
1130 583 1305 617 Augustinus
1322 582 1341 600 ¹⁶
1359 593 1365 610 :
1386 593 1398 608 «
1413 583 1441 610 Si
1462 582 1589 618 separati
1608 590 1749 616 essemus,

977 626 1211 662 inseparabiliter
1222 629 1337 664 operari
1348 629 1431 656 nulla
1443 629 1553 656 ratione
1561 636 1746 664 possemus.»

977 673 1064 705 Quasi
1079 674 1185 701 eodem
1200 674 1290 701 modo
1306 675 1376 709 legit
1390 675 1640 710 Chrysostomus²⁷
1658 684 1664 702 :
1678 684 1690 700 «
1704 675 1749 701 Vi-

978 719 1040 752 dcs,
1055 719 1157 754 inquit,
1175 720 1371 755 proximitatis
1390 720 1703 756 superabundantiam,
1721 722 1749 747 et

976 764 1007 791 in
1022 765 1062 792 eis
1078 766 1245 794 substantias
1260 767 1568 794 submonstrationem.
1590 777 1602 792 »
1622 766 1749 802 Opponit

977 814 1075 839 autem
1094 812 1270 847 Augustinus
1284 813 1315 846 ¹3,
1336 813 1460 848 qualiter
1484 812 1523 839 ait
1541 820 1619 839 nune
1635 821 1642 838 z
1658 813 1689 839 Si
1707 820 1748 839 co—

977 859 1134 891 gnovissetts
1148 867 1196 892 mc,
1222 867 1289 886 cum
1312 859 1416 886 dixerit
1436 858 1598 894 superius¹⁹
1615 867 1620 885 :
1641 860 1678 885 Et
1697 867 1747 893 quo

977 905 1045 931 υαιίο
1065 906 1151 936 scitis,
1173 907 1197 932 et
1210 907 1282 932 viam
1305 907 1379 932 scitis
1399 914 1405 931 :
1430 912 1539 932 vocans
1559 904 1747 940 semetipsum

977 950 1056 977 viam
1064 960 1072 985 3
1097 953 1124 978 et
1146 951 1185 978 ita
1209 959 1278 978 euni
1299 951 1539 986 cognoscebant:
1562 953 1589 978 et
1608 950 1648 978 ita
1665 950 1748 978 vide-

977 998 1022 1023 tur
1037 997 1132 1024 dicere
1148 997 1302 1025 contraria.
1319 999 1351 1024 Et
1362 997 1401 1024 ad
1414 997 1492 1024 istud
1512 997 1673 1032 respondet
1691 999 1747 1024 Au-

978 1043 1120 1077 gustinus,
1135 1044 1217 1079 quod
1242 1043 1363 1079 quidam
1389 1043 1464 1071 inter
1486 1051 1536 1070 eos
1551 1043 1649 1078 ipsum
1673 1043 1746 1070 scie-

976 1088 1058 1122 bant,
1075 1091 1102 1116 et
1118 1097 1170 1124 pro
1185 1089 1292 1117 talibus
1307 1089 1486 1124 loquebatur
1504 1089 1638 1124 superius
1655 1099 1661 1116 ι
1679 1089 1745 1124 qui-

977 1135 1047 1162 dam
1070 1138 1168 1162 autem
1190 1136 1287 1170 ipsum
1302 1135 1485 1169 nesciebant,
1508 1136 1582 1163 inter
1598 1143 1672 1171 quos
1687 1138 1748 1163 erat

976 1181 1137 1216 Philippus,
1156 1183 1183 1209 et
1197 1190 1252 1217 pro
1276 1182 1392 1217 talibus,
1409 1184 1436 1209 et
1461 1182 1500 1209 ad
1521 1182 1593 1210 tales
1616 1182 1748 1217 loquitur

976 1227 1032 1254 hic.
1060 1229 1091 1255 ln
1118 1222 1162 1254 liis
1188 1230 1286 1256 autem
1311 1228 1449 1256 omnibus
1474 1228 1744 1264 propositionibus,

977 1281 1050 1308 quas
1064 1273 1190 1306 induxit,
1205 1274 1313 1301 scilieet
1328 1275 1410 1310 quod
1424 1283 1441 1302 a
1457 1283 1486 1302 se
1501 1275 1565 1310 ipso
1578 1282 1639 1302 non
1652 1274 1747 1310 loqui·

977 1322 1032 1353 tur,
1049 1321 1076 1346 et
1090 1319 1171 1354 quod
1187 1320 1247 1355 ipse
1263 1321 1292 1347 in
1307 1322 1398 1354 Patre,
1416 1323 1443 1348 et
1461 1322 1542 1348 Pater
1559 1321 1589 1348 in
1603 1321 1679 1356 ipso,
1701 1321 1746 1347 iu-

976 1365 1115 1392 tendebat
1129 1365 1269 1394 instruere
1284 1374 1334 1394 eos
1358 1367 1394 1393 de
1408 1366 1537 1402 perfecta
1551 1367 1610 1394 fide
1623 1366 1745 1394 unitatis

976 1411 1105 1438 essentiae
1132 1411 1255 1446 divinae,
1280 1414 1307 1440 et
1331 1413 1515 1441 distinctione
1540 1421 1744 1448 personarum.

976 1457 1055 1485 Unde
1068 1458 1137 1492 quia
1153 1458 1225 1485 dixit
1243 1467 1249 1485 :
1266 1459 1291 1485 A
1315 1467 1355 1486 me
1375 1461 1433 1493 ipso
1453 1468 1506 1487 71072
1532 1460 1633 1494 loquor,
1658 1459 1746 1494 hujus

975 1503 1127 1530 occasione
1142 1504 1242 1531 recitat
1253 1504 1300 1531 hic
1314 1505 1490 1539 Augustinus
1500 1504 1523 1522 2⁰
1539 1513 1667 1533 errorem
1676 1505 1744 1539 Arii,

975 1549 1098 1576 dicentis
1111 1550 1216 1577 Filium
1230 1558 1291 1577 non
1311 1558 1372 1578 esse
1397 1551 1542 1586 aequalem
1562 1551 1645 1578 Patri.
1673 1551 1746 1584 Quia

974 1603 1044 1623 vero
1060 1595 1132 1623 dixit
1147 1606 1155 1623 .-
1172 1597 1253 1623 Pater
1267 1599 1297 1624 in
1311 1605 1351 1624 me
1375 1605 1482 1624 manens
1497 1599 1576 1632 facit,
1591 1597 1678 1632 hujus
1694 1606 1744 1625 oc-

974 1641 1091 1668 casione
1115 1642 1216 1669 recitat
1242 1650 1371 1670 errorem
1395 1643 1530 1677 Sabellii,
1557 1643 1607 1678 qui
1627 1644 1743 1679 posuit,

974 1687 1058 1722 quod
1072 1688 1123 1723 qui
1138 1689 1220 1715 Pater
1235 1690 1287 1722 est,
1303 1688 1364 1723 ipse
1380 1691 1421 1716 est
1435 1689 1533 1717 Filius.
1550 1690 1744 1726 Etutriusque

974 1733 1080 1760 erroris
1105 1733 1260 1761 salsitatem
1283 1735 1461 1769 Augustinus
1489 1735 1664 1763 manifestat.
1693 1737 1744 1763 Su-

1097 1789 1110 1804 «
1125 1780 1202 1807 Sicut
1216 1776 1297 1808 Pater
1315 1780 1404 1808 habet
1421 1781 1512 1809 vitam
1530 1781 1560 1809 in
1575 1782 1741 1818 semetipso,

973 1826 1013 1853 sic
1029 1828 1055 1853 et
1076 1826 1173 1854 Filius.
1191 1837 1203 1852 >i
1228 1829 1259 1854 Et
1277 1827 1318 1854 ibi
1342 1830 1408 1863 post
1430 1828 1464 1863 (d)
1483 1837 1490 1855 ε
1510 1838 1523 1854 «
1546 1829 1742 1865 Quaecumque

973 1875 1054 1900 Pater
1068 1872 1146 1907 facit,
1165 1873 1226 1901 haec
1252 1875 1279 1900 et
1302 1873 1390 1901 Filius
1414 1874 1546 1901 similiter
1568 1874 1646 1903 facit.
1671 1886 1683 1902 »
1702 1878 1741 1903 Ex

973 1919 1082 1955 quibus
1104 1921 1182 1954 patet
1197 1920 1224 1946 et
1247 1919 1377 1947 essentiae
1403 1919 1509 1947 divinae
1535 1920 1687 1956 identitaS,
1714 1923 1742 1949 et

971 1973 1165 2000 personarum
1187 1965 1432 2000 distinguibilitas.
1449 1968 1480 1994 Et
1498 1967 1559 1994 haec
1574 1975 1652 1995 nuno
1673 1970 1740 1996 sunt

971 2011 1096 2046 perfecte
1112 2011 1260 2038 credenda
1274 2012 1353 2038 recta
1368 2012 1438 2039 fide.
1463 2012 1532 2040 Ideo
1548 2013 1588 2040 ait
1600 2013 1647 2041 hic
1663 2023 1670 2042 :
1687 2015 1740 2047 Qui

971 2058 1044 2084 videt
1058 2066 1106 2092 me,
1121 2057 1228 2084 seilicet
1248 2057 1361 2085 visione
1383 2058 1469 2092 fidei,
1494 2059 1568 2086 videt
1589 2062 1614 2087 et
1636 2061 1739 2088 Patrem

971 2112 1065 2131 meum.
1087 2105 1116 2130 ln
1140 2105 1221 2130 Patre
1245 2105 1342 2131 autem
1366 2103 1423 2131 hoc
1450 2104 1600 2132 videbitur
1627 2106 1738 2134 visione

971 2149 1125 2183 fruitionis,
1142 2148 1245 2176 infra²²
1261 2158 1287 2176 :«
1301 2149 1400 2177 Veniet
1413 2150 1487 2178 hora
1502 2151 1623 2186 quando
1636 2159 1695 2179 non
1708 2152 1738 2180 in

971 2194 1136 2229 proverbiis
1157 2194 1263 2230 loquar
1285 2195 1382 2230 vobis,
1406 2195 1458 2222 sed
1477 2196 1578 2232 palam
1602 2197 1638 2224 de
1658 2198 1738 2226 Patre

971 2240 1153 2268 annuntiabo
1174 2240 1269 2268 vobis.
1296 2251 1310 2267 »
1339 2243 1371 2268 Et
1398 2241 1435 2269 de
1461 2242 1517 2269 hoe
1536 2242 1587 2270 ibi.
1612 2244 1644 2271 Et
1668 2245 1738 2272 nota

972 2287 1054 2322 quod
1069 2287 1108 2314 ait
1124 2296 1130 2313 :
1149 2287 1262 2314 Ostende
1276 2288 1352 2314 nobis
1368 2289 1488 2322 Patrem,
1503 2290 1528 2315 et
1541 2291 1638 2323 sufficit
1652 2292 1735 2319 nobis.

971 2333 1046 2360 Licet
1070 2333 1148 2360 enim
1174 2333 1231 2360 hoc
1252 2333 1338 2360 fuerit
1358 2333 1507 2368 prolatum
1531 2342 1567 2362 ex
1585 2335 1737 2371 imperfec-

971 2423 991 2438 ¹⁰
1019 2422 1080 2446 ibid.
1105 2434 1135 2439 -
1162 2422 1180 2437 ¹⁷
1205 2421 1346 2452 chrysost„
1377 2422 1402 2445 in
1429 2423 1509 2454 Joan„
1537 2423 1606 2450 hom.
1635 2431 1735 2458 Lxxtu,

970 2457 1002 2480 al.
1018 2462 1105 2486 Lxx1v,
1117 2463 1141 2480 ιι.
1158 2458 1179 2480 2.
1191 2469 1222 2473 -
1237 2458 1256 2473 ¹⁸
1267 2458 1341 2488 Aug,
1355 2459 1426 2481 tract.
1441 2464 1501 2488 Lxx,
1514 2466 1541 2482 n.
1554 2461 1575 2484 2.
1589 2475 1619 2478 —
1630 2462 1650 2478 ¹⁹
1663 2463 1735 2493 Sup.,

969 2494 992 2516 4.
1010 2506 1035 2509 -
1053 2492 1075 2508 2⁰
1092 2493 1166 2521 Aug„
1182 2493 1254 2516 tract.
1271 2498 1343 2523 Lxxi,
1359 2499 1385 2516 n.
1398 2494 1421 2516 2.
1436 2507 1467 2511 —
1482 2494 1499 2510 ²¹
1515 2495 1587 2526 Sup.‚
1603 2502 1626 2527 v,
1641 2498 1680 2527 26,
1698 2498 1735 2521 19.

968 2541 999 2545 -
1014 2528 1033 2543 ²²
1049 2527 1105 2557 int,
1121 2532 1175 2557 xvi,
1189 2528 1227 2551 25.

1001 2580 1034 2610 (a)
1054 2579 1140 2610 Sztppl.
1159 2579 1232 2610 cujus
1251 2582 1289 2604 est
1305 2580 1352 2605 iste
1370 2581 1465 2607 similis.
1482 2596 1511 2601 —-
1524 2583 1555 2614 (b)
1574 2585 1628 2615 Leq.
1644 2585 1734 2611 melior

969 2617 1035 2639 esset
1047 2615 1131 2639 Pamin
1145 2627 1176 2632 —
1192 2615 1221 2645 (c)
1237 2615 1298 2639 Caet.
1311 2615 1372 2640 edit.
1387 2617 1477 2643 credis.
1492 2631 1522 2636 —
1537 2619 1577 2649 (d)
1593 2620 1647 2650 Leq.
1666 2623 1733 2648 ante.

1781 1650 1846 1669 Error

1759 1680 1856 1701 sabellii.

1778 1929 1859 1948 Essen-

1754 1961 1790 1980 tiae
1803 1960 1858 1980 divi-

1756 1997 1789 2011 nae
1800 1991 1859 2011 iden-

1755 2021 1812 2042 titas.
