1987 3032
65 1577 151 1603 Capilli.

63 1854 151 1875 {scario-

164 211 222 239 420

162 274 271 307 adjutus
286 281 302 300 α
321 273 441 306 Domino,
464 271 572 298 scilicet
593 269 684 304 pietas
711 266 905 295 miserationis
921 275 928 293 ;

163 319 240 347 111105
259 319 337 347 enim
360 320 402 346 est
422 318 563 353 adjuvare
586 315 714 347 0011005,
738 315 765 340 01
788 311 930 346 misereri,

163 366 212 401 qui
227 367 268 393 est
283 373 299 392 a
311 366 368 392 Deo
384 364 518 399 adjutus¹
537 372 561 389 x«
578 363 678 388 Nonne
694 360 823 395 oportuit
839 360 865 385 te
879 357 931 384 mi-

161 413 260 445 sereri,
275 411 348 439 sicut
363 412 390 438 et
404 418 458 444 ego
476 409 515 436 tui
532 408 665 435 misertus
680 414 755 439 sum,
771 416 783 430 »
804 406 857 431 etc.
881 404 930 431 Vel

161 458 221 486 istae
236 460 291 486 tres
312 464 443 492 personae
466 454 631 489 significant
649 452 790 487 triplicem
807 450 930 478 modum

161 503 289 537 vivendi,
307 506 337 530 01
350 502 483 529 habitum
497 501 540 528 cst
554 507 652 535 supra,
670 498 806 534 proximo
816 498 835 523 Ξ.

197 552 222 577 3.
236 552 267 576 Et
281 548 411 584 sequitur
426 546 588 574 secundum
599 555 604 573 :
617 546 708 572 Marta
718 552 778 577 erqo
791 544 891 578 accepit
901 543 931 568 li-

161 597 246 627 bram,
257 596 287 622 in
302 602 362 630 quo
378 596 493 621 notatur
508 599 645 619 mensura
658 601 663 617 :
688 590 821 624 &iuuenci
838 588 930 620 nardi,

161 643 190 670 id
206 644 257 674 est,
274 641 310 668 de
328 640 406 667 foliis
429 638 528 672 nardi,
550 646 615 673 quae
632 639 674 664 est
696 635 790 663 herba
813 642 930 662 aroma-

160 689 216 715 tica
234 697 239 715 :
258 687 368 720 Piscici,
380 686 419 713 sic
434 685 502 712 dicti
522 692 539 712 a
552 685 629 717 loco,
642 684 729 719 prout
743 681 783 708 ait
797 679 931 715 Augusti-

161 742 216 761 nus
230 735 259 761 ³:
278 734 402 766 I'rett'osi,
415 734 442 759 et
461 732 490 759 in
506 731 563 758 hoc
584 729 697 757 Domini
717 726 932 755 honorabilitas

161 789 178 808 a
193 780 289 808 Maria.
307 782 417 807 Marcus
432 786 502 805 vero
521 776 610 804 dicits·
629 784 635 802 ε
654 785 667 800 «
687 774 775 802 Nardi
790 772 901 809 spicati.
917 782 928 796 n

162 828 195 853 Ec
211 828 291 853 unaeit
302 826 393 860 pedes,
405 827 471 858 etc„
486 826 513 851 et
526 823 555 850 in
570 823 626 850 hoc
642 821 734 849 effusa
754 819 882 854 largitas.
897 819 933 845 Et

162 873 254 900 domus
270 873 380 906 impleta
396 874 433 898 est
456 871 534 897 odore
551 879 556 896 :
581 871 608 895 et
628 868 657 894 in
673 867 728 894 hoc
741 865 860 901 patebat
878 872 932 891 un-

162 919 259 953 guenti
280 917 452 945 virtuositas.
481 915 537 943 Sed
562 913 686 950 qualiter
706 912 746 940 ait
770 911 829 945 hic,
850 909 932 945 quod

162 964 245 991 unxit
259 964 349 999 pedes
363 965 389 990 et
404 964 502 997 eaput,
526 969 595 987 eum
613 959 755 992 dicatur⁵,
771 956 854 992 quod
878 964 933 983 un-

162 1013 302 1046 guentum
317 1009 419 1037 effudit
440 1016 527 1044 super
543 1008 629 1042 eaput
645 1006 705 1040 ejus
716 1006 729 1031 ’1
750 1006 781 1031 Et
801 1003 839 1031 ad
856 1001 933 1029 istud

162 1055 414 1092 respondendum,
425 1054 519 1090 quod,
528 1054 601 1080 sieut
609 1054 687 1088 patet
697 1051 735 1078 ab
744 1048 931 1084 Augustiuoss,

163 1112 237 1139 saepe
261 1102 343 1138 quod
358 1110 434 1128 unus
454 1099 633 1134 evangelista
651 1099 750 1125 narrat
770 1095 934 1123 secundum

163 1150 266 1176 seriem
282 1148 420 1181 historiae,
436 1147 510 1174 alius
525 1148 621 1173 narrat
644 1153 697 1180 per
719 1141 934 1178 recapitulatio-

162 1204 242 1229 nem,
255 1195 404 1223 utdictum
416 1197 457 1221 est
467 1201 566 1229 supra,
576 1191 692 1220 eodem.
710 1191 753 1218 810
767 1189 849 1225 quod
861 1196 934 1215 unus

164 1242 283 1276 omittit,
300 1242 374 1269 alius
393 1243 505 1274 narrat,
531 1239 601 1274 quia
627 1240 653 1264 ct
674 1237 779 1272 001105,
801 1237 828 1262 ct
849 1236 936 1269 caput

164 1289 257 1322 unxit,
273 1290 361 1323 prout
379 1287 427 1314 hic
445 1288 588 1314 narratur.
611 1284 756 1312 Matthaeus
777 1290 846 1309 vero
866 1288 934 1307 nar-

164 1337 218 1369 rat,
234 1335 316 1370 quod
334 1333 437 1361 effudit
456 1340 543 1368 super
567 1332 664 1366 caput,
686 1330 759 1356 t'orle
779 1328 848 1364 quia
867 1334 935 1362 pars

164 1381 355 1418 principalior
368 1381 419 1407 est.
436 1378 602 1415 Mysterium
617 1377 704 1411 hujus
724 1377 803 1411 patet
818 1373 855 1401 ab
879 1376 934 1400 Au-

165 1428 281 1463 gustino
291 1429 311 1455 ⁷.
330 1429 380 1455 Per
391 1426 499 1454 libram
514 1424 654 1459 unguenti
669 1422 789 1458 justitia,
806 1428 865 1456 qua
877 1420 935 1454 jus-

166 1474 226 1502 titia
240 1476 390 1509 unguntur
405 1473 496 1508 pedes
515 1471 639 1503 Domini,
656 1469 794 1497 sectando
815 1466 937 1500 vestigia

166 1522 228 1556 ejus
245 1530 251 1548 ι
266 1521 342 1549 πίστις
359 1519 563 1554 interpretatur
574 1517 638 1551 fivles
649 1515 658 1529 ⁸
670 1525 696 1543 2«
712 1517 808 1542 Justus
825 1522 859 1540 rx
877 1511 936 1538 fide

166 1567 246 1595 vivit.
263 1578 276 1593 »
294 1569 345 1594 Per
360 1566 483 1601 capillos
497 1565 649 1598 signantur
664 1560 847 1597 temporalia,
871 1568 937 1595 quai

166 1617 233 1641 sunt
251 1612 443 1640 ministranda
467 1610 593 1646 pedibus
609 1608 734 1641 Domini,
750 1607 780 1634 id
798 1609 849 1640 est,
866 1614 937 1641 pau-

166 1660 293 1695 peribus.
311 1661 342 1686 Et
353 1659 388 1686 de
401 1658 457 1685 hoe
472 1656 596 1692 amplius
612 1655 642 1682 in
657 1653 818 1682 Collatione
832 1652 939 1688 praedi-

167 1706 265 1740 cabili,
279 1705 355 1733 infra
364 1706 383 1731 9.

202 1754 228 1779 4.
251 1754 282 1779 Et
305 1751 436 1786 sequitur
461 1749 593 1782 tertium,
613 1747 721 1775 seilicet
743 1745 938 1773 murmuratio

167 1798 314 1835 discipuli,
331 1797 371 1825 ibi
386 1806 392 1824 :
413 1798 489 1823 uiaett
506 1804 564 1830 (ξι-90
579 1803 647 1822 uuus
667 1803 700 1821 ez
716 1794 857 1827 discipulis
871 1792 938 1826 ejus,

166 1848 250 1875 Judas
264 1847 414 1878 Iscart'otes,
427 1852 444 1871 a
459 1843 525 1870 loeo
547 1842 586 1869 sie
600 1842 704 1874 dictus,
719 1842 747 1867 et
763 1839 793 1866 in
812 1840 868 1866 hoc
883 1847 937 1866 no—

168 1896 243 1921 tatur
258 1901 275 1920 a
293 1892 404 1920 Christo
419 1888 632 1918 honorabilitas
651 1888 727 1922 ejus3
744 1888 791 1921 qui
807 1889 863 1913 erat
883 1894 940 1912 eum

168 1941 329 1972 traditurus,
346 1937 415 1965 etin
429 1937 486 1964 hoc
500 1938 617 1962 notatur
632 1934 693 1968 ejus
708 1932 896 1967 ingratitudo,
913 1934 940 1958 01

168 1985 335 2020 malignitas
362 1985 399 2018 (v.
425 1983 448 2017 5)
477 1991 482 2008 :
507 1982 595 2014 Quare
617 1981 663 2007 hoc
686 1982 861 2013 torquentum,
885 1981 937 2005 etc.

169 2032 319 2066 Quaeritur,
336 2030 408 2057 sicut
422 2028 523 2063 objicit
537 2027 762 2062 chrysostomus
776 2025 807 2059 ²⁰,
815 2032 882 2052 eum
898 2024 941 2051 di-

170 2081 251 2106 catur
266 2077 299 2110 ¹¹,
310 2075 392 2112 quod
408 2085 420 2100 (ι
430 2075 487 2101 hoc
500 2073 631 2100 videntes
647 2071 783 2107 discipuli
798 2070 941 2105 indignati

170 2127 272 2158 sunt,»
293 2122 417 2158 qualiter
436 2121 475 2148 ait
494 2120 551 2153 hic,
567 2119 650 2155 quod
668 2118 757 2145 Judas
773 2120 885 2145 tantum
901 2116 941 2143 sic

170 2171 283 2198 loeutus
293 2169 353 2197 est?
366 2170 397 2196 Et
407 2167 446 2195 ad
455 2167 511 2194 hoc
520 2165 688 2200 respondet,
700 2163 783 2199 quod
793 2166 820 2191 et
828 2171 941 2197 omnes,

172 2219 199 2244 et
213 2217 262 2243 ille
283 2215 371 2242 locuti
387 2215 467 2247 sunt3
484 2212 536 2239 sed
555 2219 615 2238 non
637 2211 742 2238 eadem
766 2211 895 2245 optione,
911 2209 942 2236 id

172 2264 214 2290 est
228 2261 386 2294 voluntate,
399 2261 468 2295 quia
483 2258 572 2286 Judas
586 2257 679 2292 magis
696 2256 826 2290 maligna
839 2255 942 2283 volun-

173 2311 238 2336 tate.
260 2308 328 2335 Ideo
344 2306 475 2342 sequitur
492 2306 529 2340 (v.
547 2304 573 2339 6)
594 2313 600 2330 :
620 2305 698 2330 Dilaett
713 2306 801 2329 autem
820 2303 874 2333 hoc,
892 2309 943 2328 non

173 2357 238 2390 quia
260 2354 291 2381 de
310 2355 397 2388 egenis
418 2353 565 2387 pertinebat
589 2351 624 2377 acl
645 2358 714 2383 eum,
728 2351 781 2376 etc.
798 2348 854 2376 Sed
869 2355 942 2383 qua-

173 2401 237 2428 liter
258 2400 313 2427 hoc
323 2402 336 2426 ἱ)
350 2401 390 2426 Ex
405 2406 465 2434 quo
477 2399 541 2425 erat
555 2396 639 2432 quasi
654 2396 847 2431 dispensator,
862 2393 943 2420 vide—

207 2459 329 2490 Ι11101110,
344 2464 424 2488 xvm,
440 2460 520 2481 31-
536 2458 545 2472 Β
559 2458 631 2486 Sup.‚
652 2461 687 2485 xi,
706 2457 728 2479 5.
746 2468 771 2471 -
789 2455 798 2470 ³
811 2456 885 2484 Aug„
901 2452 943 2476 uhi

174 2503 241 2526 sup„
255 2502 279 2518 n.
297 2496 319 2518 6.
331 2507 362 2511 —
376 2494 386 2510 ὁ
401 2494 489 2521 Marc„
504 2497 555 2521 xw,
569 2494 591 2515 3.
608 2505 639 2508 —
653 2491 662 2507 ⁵
675 2490 775 2519 Matth„
790 2495 862 2518 xxvt,
877 2490 900 2512 7.
913 2501 943 2505 -

175 2533 184 2545 ⁶
199 2533 274 2561 Aug,
288 2530 317 2553 de
333 2530 405 2553 Cone.
422 2528 528 2557 Eumzy„
544 2527 587 2550 lib.
604 2527 639 2555 ll,
655 2533 676 2549 0.
694 2531 786 2555 Lxxux',
801 2532 828 2548 n.
847 2525 900 2547 155,
913 2536 943 2540 —

177 2568 184 2581 ⁷
204 2567 249 2594 ld.¹
269 2566 294 2588 [n
316 2565 396 2591 .Ιοαη.,
415 2564 488 2586 tract.
511 2568 539 2590 L,
559 2568 585 2584 u.
604 2563 626 2585 G.
643 2574 672 2578 -
690 2562 698 2574 ⁶
718 2561 794 2588 Rom„
814 2566 836 2590 1,
860 2560 896 2583 17.
916 2572 942 2575 -

171 2602 185 2620 Β
198 2601 252 2626 Vid.
268 2599 371 2629 collat„
385 2605 425 2623 LV.
437 2611 466 2615 —
480 2599 496 2611 ¹⁰
506 2597 647 2627 Chrysost„
660 2597 684 2619 ιἰι
694 2597 776 2625 Joan„
788 2595 859 2618 hom.
873 2600 943 2624 wa,

176 2637 207 2661 al.
225 2642 283 2664 mr,
299 2642 323 2659 0.
345 2636 367 2658 9.
388 2647 416 2651 —
435 2635 452 2649 ¹¹
472 2632 575 2661 Mami„
594 2637 668 2660 xxvr,
689 2634 710 2654 8.
731 2644 759 2648 —
776 2631 797 2646 ¹2
812 2633 886 2660 Aug„
902 2629 943 2653 ubi

680 199 889 232 EVANGELII
912 198 1050 230 SANCTI
1074 198 1236 230 JoANle

988 270 1032 293 tur
1047 265 1128 300 quod
1144 264 1183 292 ad
1197 271 1266 291 eum
1280 263 1454 299 pertinebat.
1470 265 1501 291 Et
1521 263 1560 291 ad
1573 263 1630 292 hoc
1644 265 1687 291 est
1699 269 1759 290 res-

986 310 1191 347 pondendum,
1207 309 1289 346 quod
1307 310 1438 346 loquitur
1456 312 1601 346 quantum
1615 309 1654 337 ad
1673 308 1759 337 affec-

986 360 1048 385 tum
1069 365 1165 390 suum,
1180 356 1251 392 quia
1265 364 1326 384 non
1347 357 1528 384 afficiebatur
1544 356 1582 384 ad
1603 362 1757 392 paupereS,

987 412 1046 431 non
1062 405 1205 439 quantum
1222 403 1260 430 ad
1276 402 1406 430 officium
1423 413 1428 430 :
1446 404 1498 431 Sed
1513 405 1579 438 quia
1592 404 1638 435 fur
1653 405 1722 433 erat,
1733 404 1758 429 et

987 452 1083 478 loculos
1098 451 1206 484 habens,
1221 452 1275 477 ete.
1293 450 1324 476 Et
1339 458 1375 476 ex
1389 449 1446 477 hoc
1460 452 1548 486 patet,
1563 450 1636 477 sieut
1651 449 1689 476 ait
1703 450 1759 476 Au·

987 497 1118 531 gustinus
1133 497 1166 529 ¹²,
1180 496 1262 531 quod
1280 506 1293 520 α
1303 503 1364 523 000
1379 498 1446 523 tunc
1461 496 1556 531 periit,
1572 494 1696 532 quando
1711 501 1758 522 ac-

986 543 1062 578 cepit
1076 543 1232 578 pecuniam
1252 545 1283 569 ut
1301 541 1427 569 traderet
1446 542 1615 576 Dominum3
1631 541 1682 568 sed
1694 541 1756 575 jam

986 589 1032 616 fur
1047 591 1118 623 erat,
1134 591 1161 616 et
1174 588 1350 624 sequebatur
1369 587 1500 624 perditus
1516 587 1682 620 Dominum,
1698 593 1758 613 non

987 635 1088 668 corde,
1103 635 1154 662 sed
1172 642 1305 670 corpore.
1316 645 1329 660 »
1343 635 1409 661 Erat
1421 634 1499 661 enim
1512 641 1588 660 unus
1597 641 1633 661 ex
1648 633 1688 660 eis
1699 631 1760 660 dia-

986 681 1084 716 bolus,
1096 690 1185 717 supra
1196 682 1225 708 ¹³.
1234 682 1268 708 Ec
1281 683 1338 715 ipse
1352 681 1479 715 portabat
1492 689 1534 714 ea,
1546 687 1605 714 quoe
1615 678 1759 706 mitteban-

987 732 1042 762 tur,
1057 728 1165 756 scilicet
1178 738 1191 753 (ι
1203 727 1379 761 ministerio;
1393 727 1445 754 sed
1457 726 1632 762 exportabat
1644 725 1732 759 furto,
1743 735 1756 750 »

987 775 1027 802 ait
1041 775 1216 809 Augustinus
1232 775 1262 801 ¹2.
1285 773 1341 801 Sed
1363 773 1513 808 quaeritur,
1529 772 1656 809 qualiter
1673 771 1730 798 hoc
1751 779 1757 797 :

988 821 1055 848 Erat
1094 829 1162 847 unus
1196 828 1228 847 επ
1262 820 1406 854 discipulis
1435 820 1531 846 habens
1565 818 1662 845 loculos
1682 818 1696 843 ?
1725 824 1759 844 ex

988 874 1048 902 quo
1067 866 1218 902 prohibuit
1239 866 1378 894 Dominus
1401 865 1552 901 discipulis
1568 865 1590 882 ¹⁵
1615 873 1620 891 :
1642 862 1760 891 «Nolite

988 915 1104 948 portare
1119 913 1280 946 sacculum,
1292 924 1305 938 »
1324 914 1377 940 etc.
1392 914 1422 940 Et
1434 911 1454 929 ¹⁶
1468 921 1494 939 :«
1506 911 1598 939 Nolite
1610 909 1760 946 possidere

988 968 1104 995 aurum,
1122 968 1218 996 neque
1234 962 1396 994 argentum.
1414 971 1426 984 »
1446 961 1486 986 Ex
1509 958 1618 994 quibus
1633 957 1760 989 videtur,

990 1007 1071 1042 quod
1090 1014 1149 1034 non
1165 1006 1265 1033 debuit
1282 1006 1420 1033 Dominus
1437 1005 1590 1039 sustinere,
1608 1002 1690 1039 quod
1705 1002 1762 1030 dis-

989 1053 1077 1088 cipuli
1093 1054 1242 1088 portarent
1256 1052 1369 1080 loculos
1386 1062 1391 1079 ;
1420 1063 1432 1076 «
1452 1054 1512 1088 lpse
1528 1051 1606 1079 enim
1629 1058 1690 1078 non
1705 1058 1761 1085 po·-

990 1100 1042 1126 tuit
1063 1099 1182 1132 habere,
1199 1099 1281 1134 quod
1301 1098 1462 1134 prohibuit,
1478 1110 1490 1123 »
1517 1098 1590 1125 sieut
1611 1096 1762 1124 011111οΓ0-

989 1155 1096 1182 113'111115
1111 1147 1144 1180 ¹7,
1161 1146 1287 1181 loquens
1301 1146 1337 1172 de
1358 1144 1571 1172 calceamentis.
1588 1145 1618 1171 Et
1632 1143 1670 1170 ad
1685 1142 1762 1170 istud

989 1192 1146 1227 respondet
1156 1192 1332 1226 Augustinus
1341 1191 1374 1225 ³⁸,
1383 1190 1505 1218 homilia
1515 1190 1604 1223 dicta,
1613 1196 1760 1224 quaerens:

992 1249 1005 1264 u
1020 1240 1113 1271 Quare
1123 1238 1227 1264 habuit
1238 1237 1364 1270 loculos,
1376 1237 1422 1264 eui
1436 1236 1530 1271 angeli
1543 1234 1758 1266 ministrabant,

990 1284 1044 1311 nisi
1060 1284 1130 1319 quia
1145 1283 1271 1311 Ecclesia
1281 1283 1371 1318 ipsius
1383 1282 1497 1310 loculos
1507 1281 1644 1309 habitura
1656 1279 1734 1308 erat?
1745 1290 1758 1305 »

991 1332 1021 1357 Et
1036 1330 1137 1357 Glossa
1151 1330 1197 1357 hic
1210 1340 1218 1357 .-
1236 1340 1249 1355 u
1265 1329 1387 1357 Loculos
1400 1329 1489 1356 habet
1505 1328 1534 1355 in
1547 1329 1680 1363 sumptus
1690 1334 1762 1362 pau-

991 1384 1105 1411 perum,
1119 1376 1357 1403 condescendens
1365 1375 1498 1402 infirmis.
1509 1384 1522 1399 »
1534 1374 1575 1402 Ob
1585 1381 1655 1408 ergo
1665 1380 1763 1400 exem-

991 1423 1072 1458 plum
1097 1422 1229 1449 Ecclesiae
1239 1444 1247 1456 ,
1269 1422 1309 1449 sic
1334 1421 1480 1448 constituit
1506 1419 1646 1448 Dominus
1670 1428 1676 1446 :
1701 1418 1763 1454 ipse

992 1469 1071 1496 enim
1086 1469 1139 1496 suit
1149 1468 1233 1504 quasi
1244 1467 1394 1502 exemplar
1407 1467 1471 1494 vitae
1484 1466 1626 1494 omnium.
1639 1467 1671 1492 Et
1682 1465 1762 1499 ideo,

991 1515 1057 1542 iicet
1070 1514 1253 1550 prohibuerit
1268 1513 1413 1548 Apostolis
1433 1512 1584 1548 possidere
1604 1519 1720 1545 aurum,
1735 1513 1764 1538 et

991 1564 1107 1596 portare
1123 1560 1271 1587 sacculum
1283 1562 1311 1586 et
1324 1566 1425 1594 peram
1433 1568 1440 1593 3
1458 1558 1653 1594 dispensative
1664 1559 1762 1584 tamen

992 1608 1123 1642 permisit
1138 1610 1254 1643 portare
1266 1607 1391 1641 loculos,
1404 1606 1434 1633 in
1448 1606 1556 1642 quibus
1570 1605 1763 1641 portabantur

993 1662 1058 1689 quae
1070 1654 1268 1687 mittebantur,
1286 1661 1346 1680 non
1357 1661 1422 1688 qum
1433 1652 1668 1688 possidebantur.
1683 1649 1763 1677 Unde

993 1708 1053 1727 non
1068 1700 1106 1727 ad
1122 1708 1208 1727 suum
1229 1707 1324 1733 usum,
1348 1699 1400 1726 sed
1418 1698 1456 1726 ad
1476 1705 1652 1734 pauperum,
1674 1698 1702 1724 et.
1724 1695 1764 1724 ad

993 1747 1099 1774 horum
1122 1754 1233 1773 curam.
1256 1747 1288 1772 Et
1312 1745 1348 1772 de
1371 1745 1427 1772 hac
1451 1744 1610 1780 quaestione
1636 1742 1764 1778 amplius

994 1793 1078 1827 infra,
1092 1792 1238 1828 proximo.
1256 1793 1294 1819 De
1305 1792 1410 1819 eadem
1424 1792 1504 1827 patet
1518 1798 1535 1818 a
1546 1790 1722 1825 Hieronymo
1731 1789 1762 1823 ¹⁹,

993 1839 1045 1866 ubi
1067 1839 1140 1866 solvi
1160 1838 1244 1873 jussit
1263 1837 1448 1871 didrachma,
1468 1839 1496 1864 et
1515 1836 1642 1872 pretium
1659 1835 1713 1862 fuit
1733 1834 1765 1861 in

994 1894 1044 1913 ore
1068 1885 1164 1920 piscis
1192 1886 1224 1911 Et
1252 1884 1288 1911 de
1309 1884 1366 1911 hoc
1394 1883 1425 1910 in
1446 1883 1546 1910 Glossa
1572 1881 1704 1909 similiter
1721 1881 1741 1897 ²⁰
1757 1889 1764 1907 :

994 1932 1106 1964 Quaado
1121 1932 1184 1958 misi
1207 1938 1252 1958 vos
1273 1932 1330 1957 sine
1349 1931 1461 1963 sacculo,
1489 1930 1542 1956 010.
1569 1930 1640 1956 ltem
1663 1927 1767 1963 quaerit

994 1978 1218 2013 chrysostomus
1226 1979 1245 1993 ²¹
1257 1978 1322 2003 :uUt
1332 1976 1406 2011 quid
1418 1974 1685 2003 commisitloculos
1693 1981 1766 2009 pau-

995 2032 1098 2060 perum
1112 2024 1184 2057 luri,
1208 2026 1236 2050 et
1258 2031 1326 2050 eum
1346 2022 1514 2057 dispensare
1535 2021 1623 2049 fecit?
1642 2030 1656 2047 »
1678 2021 1710 2048 Et
1728 2019 1767 2047 ad

994 2070 1051 2097 hoc
1065 2069 1232 2105 respondet,
1249 2069 1331 2105 quod
1345 2078 1359 2093 α
1373 2068 1440 2095 ideo
1453 2067 1494 2095 sic
1508 2067 1585 2101 fecit,
1600 2068 1632 2094 ut
1646 2073 1766 2094 omnem

995 2116 1196 2150 occasionem,
1220 2116 1330 2142 seilicet
1350 2113 1561 2147 excusationis,
1581 2113 1607 2140 ei
1631 2112 1767 2146 auferret,

995 2162 1066 2198 quia
1084 2170 1119 2189 ex
1135 2161 1239 2189 loculis
1253 2160 1383 2188 habebat
1397 2159 1639 2195 concupiscentiae
1653 2157 1766 2193 mitiga-

996 2209 1116 2236 tionem.
1140 2218 1153 2233 »
1171 2209 1201 2235 Et
1222 2207 1276 2234 fuit
1297 2209 1408 2242 patens,
1431 2205 1514 2242 quod
1534 2207 1654 2241 propter
1673 2203 1768 2231 solam

995 2254 1157 2290 nequitiam
1179 2253 1299 2281 tradidit
1327 2252 1492 2280 Dominum.
1524 2251 1575 2279 Vel
1603 2250 1768 2279 secundum

996 2301 1190 2335 Augustiuum
1199 2300 1220 2316 ²²
1234 2301 1261 2327 et
1274 2299 1330 2326 hoc
1345 2298 1412 2326 fecit
1425 2298 1565 2326 Dominus
1581 2297 1656 2326 dans
1666 2304 1766 2325 exem-

996 2347 1081 2382 plum
1095 2346 1238 2380 Ecclesiae,
1257 2356 1270 2371 (ι
1286 2346 1322 2380 (α)
1337 2345 1416 2373 fures
1431 2353 1500 2372 cum
1520 2344 1638 2380 patitur,
1654 2343 1764 2372 toleret.

997 2418 1063 2442 sup„
1085 2418 1111 2434 n.
1129 2412 1165 2434 10.
1185 2423 1215 2427 —
1231 2410 1250 2426 ¹³
1264 2410 1337 2440 Sup.,
1354 2415 1389 2439 v1,
1407 2410 1445 2434 Ἡ.
1462 2422 1493 2426 -
1510 2409 1530 2425 ¹¹·
1548 2410 1622 2439 Aug„
1639 2407 1683 2430 ubi
1698 2412 1766 2436 sup„

997 2454 1023 2470 u.
1039 2450 1101 2470 ἱ).-
1118 2448 1133 2461 ¹⁵
1149 2446 1217 2475 Luc„
1233 2451 1257 2475 X,
1274 2447 1297 2468 4.
1309 2445 1371 2462 -16
1384 2445 1484 2473 Matth„
1501 2450 1526 2474 x,
1541 2445 1564 2468 9.
1576 2456 1602 2460 -
1619 2443 1638 2459 ¹⁷
1652 2441 1766 2471 Hieron„

996 2482 1030 2505 ad
1047 2481 1173 2511 Eustoclz.,
1195 2481 1267 2512 epist.
1291 2487 1363 2510 xxn,
1381 2482 1439 2504 ante
1459 2480 1526 2504 med.
1545 2491 1575 2496 -
1595 2478 1612 2492 '¹³
1630 2478 1704 2507 Aug„
1724 2476 1767 2500 ubi

997 2524 1064 2547 sup„
1090 2526 1115 2540 ii.
1145 2520 1180 2541 11.
1205 2530 1235 2534 —
1260 2517 1278 2532 ¹²*
1305 2516 1396 2539 Hieron
1410 2534 1418 2545 ,
1445 2516 1587 2539 Comment.
1615 2513 1639 2536 in
1666 2512 1766 2540 itlalth„

999 2553 1040 2576 til».
1064 2553 1110 2582 lll,
1128 2560 1149 2576 0.
1172 2558 1234 2581 xvu,
1255 2558 1333 2582 prope
1346 2551 1464 2574 110010-
1482 2551 1502 2566 ²⁰
1516 2550 1582 2578 Lmen,
1600 2553 1669 2578 xxii,
1685 2549 1723 2571 3ὺ.
1736 2560 1767 2565 -

997 2588 1013 2601 ²¹*
1031 2588 1172 2618 Chrysen„
1186 2587 1231 2610 ubi
1245 2594 1300 2617 sup.
1315 2599 1344 2603 —
1359 2586 1378 2601 2²
1393 2587 1467 2616 Aug„
1485 2583 1527 2608 ubi
1542 2591 1598 2614 sup.

1030 2630 1064 2658 (a)
1083 2629 1171 2659 suppl.
1191 2631 1226 2652 ut.
