<?xml version="1.0" encoding="UTF-8"?>
<!DOCTYPE html PUBLIC "-//W3C//DTD XHTML 1.0 Transitional//EN"
    "http://www.w3.org/TR/xhtml1/DTD/xhtml1-transitional.dtd">
<html xmlns="http://www.w3.org/1999/xhtml" xml:lang="en" lang="en">
 <head>
  <title>
</title>
<meta http-equiv="Content-Type" content="text/html;charset=utf-8" />
  <meta name='ocr-system' content='tesseract 3.04.00' />
  <meta name='ocr-capabilities' content='ocr_page ocr_carea ocr_par ocr_line ocrx_word'/>
</head>
<body>
  <div class='ocr_page' id='page_1' title='image "./operaomniasixtiv11bonauoft/operaomniasixtiv11bonauoft_0551.png"; bbox 0 0 1987 3032; ppageno 0'>
   <div class='ocr_carea' id='block_1_1' title="bbox 371 223 1515 258">
    <p class='ocr_par' dir='ltr' id='par_1_1' title="bbox 371 223 1515 258">
     <span class='ocr_line' id='line_1_1' title="bbox 371 223 1515 258; baseline 0.002 -2"><span class='ocrx_word' id='word_1_1' title='bbox 371 223 635 256; x_wconf 85' lang='lat' dir='ltr'><strong>COLLATIONES</strong></span> <span class='ocrx_word' id='word_1_2' title='bbox 655 224 952 257; x_wconf 77' lang='lat' dir='ltr'><strong>PRAEDICABILES</strong></span> <span class='ocrx_word' id='word_1_3' title='bbox 976 225 1013 256; x_wconf 87' lang='grc' dir='ltr'>ΙΝ</span> <span class='ocrx_word' id='word_1_4' title='bbox 1036 225 1121 256; x_wconf 87' lang='lat' dir='ltr'>CAP.</span> <span class='ocrx_word' id='word_1_5' title='bbox 1146 226 1157 256; x_wconf 93' lang='lat' dir='ltr'>I</span> <span class='ocrx_word' id='word_1_6' title='bbox 1180 225 1320 257; x_wconf 88' lang='lat' dir='ltr'><strong>SANCTI</strong></span> <span class='ocrx_word' id='word_1_7' title='bbox 1342 226 1515 258; x_wconf 84' lang='lat' dir='ltr'><strong>JOANNIS.</strong></span> 
     </span>
    </p>
   </div>
   <div class='ocr_carea' id='block_1_2' title="bbox 150 290 923 786">
    <p class='ocr_par' dir='ltr' id='par_1_2' title="bbox 150 290 923 786">
     <span class='ocr_line' id='line_1_2' title="bbox 151 290 919 327; baseline 0 -8"><span class='ocrx_word' id='word_1_8' title='bbox 151 291 263 327; x_wconf 85' lang='lat' dir='ltr'>repetit.</span> <span class='ocrx_word' id='word_1_9' title='bbox 279 301 293 318; x_wconf 65' lang='lat' dir='ltr'>&gt;v</span> <span class='ocrx_word' id='word_1_10' title='bbox 310 290 352 319; x_wconf 91' lang='lat' dir='ltr'>Ibi</span> <span class='ocrx_word' id='word_1_11' title='bbox 367 291 521 326; x_wconf 85' lang='lat' dir='ltr'>Gregorius</span> <span class='ocrx_word' id='word_1_12' title='bbox 536 291 544 307; x_wconf 93' lang='lat'><strong>¹</strong></span> <span class='ocrx_word' id='word_1_13' title='bbox 562 300 568 318; x_wconf 90' lang='lat'>:</span> <span class='ocrx_word' id='word_1_14' title='bbox 583 300 596 316; x_wconf 89' lang='lat'>«</span> <span class='ocrx_word' id='word_1_15' title='bbox 611 292 704 327; x_wconf 86' lang='lat' dir='ltr'>Loqui</span> <span class='ocrx_word' id='word_1_16' title='bbox 719 292 782 327; x_wconf 87' lang='lat' dir='ltr'>Dei,</span> <span class='ocrx_word' id='word_1_17' title='bbox 798 294 838 320; x_wconf 89' lang='lat' dir='ltr'>est</span> <span class='ocrx_word' id='word_1_18' title='bbox 852 294 919 319; x_wconf 88' lang='lat' dir='ltr'>Ver-</span> 
     </span>
     <span class='ocr_line' id='line_1_3' title="bbox 150 336 920 372; baseline 0.001 -8"><span class='ocrx_word' id='word_1_19' title='bbox 150 338 224 365; x_wconf 86' lang='lat' dir='ltr'>bum</span> <span class='ocrx_word' id='word_1_20' title='bbox 241 338 393 372; x_wconf 73' lang='lat' dir='ltr'>genuisse,</span> <span class='ocrx_word' id='word_1_21' title='bbox 410 337 500 364; x_wconf 89' lang='lat' dir='ltr'>semel</span> <span class='ocrx_word' id='word_1_22' title='bbox 520 336 603 372; x_wconf 84' lang='lat' dir='ltr'>loqui</span> <span class='ocrx_word' id='word_1_23' title='bbox 623 340 665 364; x_wconf 88' lang='lat' dir='ltr'>est</span> <span class='ocrx_word' id='word_1_24' title='bbox 688 338 770 365; x_wconf 84' lang='lat' dir='ltr'>aliud</span> <span class='ocrx_word' id='word_1_25' title='bbox 795 338 920 365; x_wconf 88' lang='lat' dir='ltr'>verbum</span> 
     </span>
     <span class='ocr_line' id='line_1_4' title="bbox 151 383 920 418; baseline 0.001 -8"><span class='ocrx_word' id='word_1_26' title='bbox 151 385 254 418; x_wconf 81' lang='lat' dir='ltr'>praeter</span> <span class='ocrx_word' id='word_1_27' title='bbox 273 383 456 418; x_wconf 83' lang='lat' dir='ltr'>Unigenitum</span> <span class='ocrx_word' id='word_1_28' title='bbox 479 391 540 410; x_wconf 89' lang='lat' dir='ltr'>non</span> <span class='ocrx_word' id='word_1_29' title='bbox 563 383 682 411; x_wconf 83' lang='lat' dir='ltr'>habere.</span> <span class='ocrx_word' id='word_1_30' title='bbox 703 395 716 410; x_wconf 71' lang='lat' dir='ltr'>n</span> <span class='ocrx_word' id='word_1_31' title='bbox 739 386 771 411; x_wconf 87' lang='lat' dir='ltr'>Et</span> <span class='ocrx_word' id='word_1_32' title='bbox 786 384 826 411; x_wconf 89' lang='lat' dir='ltr'>ibi</span> <span class='ocrx_word' id='word_1_33' title='bbox 845 384 920 411; x_wconf 89' lang='lat' dir='ltr'>bene</span> 
     </span>
     <span class='ocr_line' id='line_1_5' title="bbox 153 429 920 465; baseline 0.001 -9"><span class='ocrx_word' id='word_1_34' title='bbox 153 429 189 456; x_wconf 89' lang='lat' dir='ltr'>de</span> <span class='ocrx_word' id='word_1_35' title='bbox 203 429 270 456; x_wconf 87' lang='lat' dir='ltr'>hoc.</span> <span class='ocrx_word' id='word_1_36' title='bbox 288 431 328 456; x_wconf 82' lang='lat' dir='ltr'>Ex</span> <span class='ocrx_word' id='word_1_37' title='bbox 343 437 403 464; x_wconf 85' lang='lat' dir='ltr'>quo</span> <span class='ocrx_word' id='word_1_38' title='bbox 419 437 490 463; x_wconf 83' lang='lat' dir='ltr'>ergo</span> <span class='ocrx_word' id='word_1_39' title='bbox 508 430 581 456; x_wconf 88' lang='lat' dir='ltr'>Deus</span> <span class='ocrx_word' id='word_1_40' title='bbox 599 433 640 457; x_wconf 87' lang='lat' dir='ltr'>est</span> <span class='ocrx_word' id='word_1_41' title='bbox 654 430 831 465; x_wconf 87' lang='lat' dir='ltr'>principium</span> <span class='ocrx_word' id='word_1_42' title='bbox 846 430 920 464; x_wconf 80' lang='lat' dir='ltr'>tale,</span> 
     </span>
     <span class='ocr_line' id='line_1_6' title="bbox 153 474 921 509; baseline 0.001 -8"><span class='ocrx_word' id='word_1_43' title='bbox 153 475 179 502; x_wconf 91' lang='lat' dir='ltr'>ei</span> <span class='ocrx_word' id='word_1_44' title='bbox 193 474 412 508; x_wconf 66' lang='lat' dir='ltr'>adh-rreamus,</span> <span class='ocrx_word' id='word_1_45' title='bbox 428 477 459 502; x_wconf 88' lang='lat' dir='ltr'>ut</span> <span class='ocrx_word' id='word_1_46' title='bbox 473 475 504 502; x_wconf 87' lang='lat' dir='ltr'>in</span> <span class='ocrx_word' id='word_1_47' title='bbox 518 483 579 502; x_wconf 85' lang='lat' dir='ltr'>esse</span> <span class='ocrx_word' id='word_1_48' title='bbox 595 483 813 509; x_wconf 79' lang='lat' dir='ltr'>conservemur,</span> <span class='ocrx_word' id='word_1_49' title='bbox 831 478 858 502; x_wconf 85' lang='lat' dir='ltr'>et</span> <span class='ocrx_word' id='word_1_50' title='bbox 871 484 921 503; x_wconf 82' lang='lat' dir='ltr'>ve-</span> 
     </span>
     <span class='ocr_line' id='line_1_7' title="bbox 152 520 920 555; baseline 0.001 -8"><span class='ocrx_word' id='word_1_51' title='bbox 152 520 236 547; x_wconf 88' lang='lat' dir='ltr'>ritate</span> <span class='ocrx_word' id='word_1_52' title='bbox 258 520 473 555; x_wconf 72' lang='lat' dir='ltr'>illuminemur,</span> <span class='ocrx_word' id='word_1_53' title='bbox 500 523 527 548; x_wconf 87' lang='lat' dir='ltr'>et</span> <span class='ocrx_word' id='word_1_54' title='bbox 549 521 684 548; x_wconf 81' lang='lat' dir='ltr'>felicitate</span> <span class='ocrx_word' id='word_1_55' title='bbox 709 521 920 548; x_wconf 86' lang='lat' dir='ltr'>beatificemur.</span> 
     </span>
     <span class='ocr_line' id='line_1_8' title="bbox 152 566 923 602; baseline 0.003 -10"><span class='ocrx_word' id='word_1_56' title='bbox 152 566 163 581; x_wconf 82' lang='lat'><strong>²</strong></span> <span class='ocrx_word' id='word_1_57' title='bbox 181 576 193 591; x_wconf 88' lang='lat'>«</span> <span class='ocrx_word' id='word_1_58' title='bbox 207 567 238 593; x_wconf 89' lang='lat' dir='ltr'>In</span> <span class='ocrx_word' id='word_1_59' title='bbox 253 566 317 602; x_wconf 90' lang='lat' dir='ltr'>ipso</span> <span class='ocrx_word' id='word_1_60' title='bbox 333 566 478 600; x_wconf 85' lang='lat' dir='ltr'>vivimus,</span> <span class='ocrx_word' id='word_1_61' title='bbox 495 575 667 601; x_wconf 84' lang='lat' dir='ltr'>movemur,</span> <span class='ocrx_word' id='word_1_62' title='bbox 687 569 713 594; x_wconf 91' lang='lat' dir='ltr'>et</span> <span class='ocrx_word' id='word_1_63' title='bbox 734 575 844 594; x_wconf 85' lang='lat' dir='ltr'>sumus.</span> <span class='ocrx_word' id='word_1_64' title='bbox 861 578 873 593; x_wconf 69' lang='lat' dir='ltr'>u</span> <span class='ocrx_word' id='word_1_65' title='bbox 892 569 923 594; x_wconf 88' lang='lat' dir='ltr'>Et</span> 
     </span>
     <span class='ocr_line' id='line_1_9' title="bbox 153 613 923 647; baseline 0.001 -8"><span class='ocrx_word' id='word_1_66' title='bbox 153 620 189 639; x_wconf 76' lang='lat' dir='ltr'>ex</span> <span class='ocrx_word' id='word_1_67' title='bbox 204 620 264 647; x_wconf 90' lang='lat' dir='ltr'>quo</span> <span class='ocrx_word' id='word_1_68' title='bbox 280 613 366 639; x_wconf 85' lang='lat' dir='ltr'>Filius</span> <span class='ocrx_word' id='word_1_69' title='bbox 382 615 423 640; x_wconf 88' lang='lat' dir='ltr'>est</span> <span class='ocrx_word' id='word_1_70' title='bbox 438 613 565 640; x_wconf 87' lang='lat' dir='ltr'>Verbum</span> <span class='ocrx_word' id='word_1_71' title='bbox 576 633 585 647; x_wconf 86' lang='lat'><em>‚</em></span> <span class='ocrx_word' id='word_1_72' title='bbox 596 613 652 640; x_wconf 87' lang='lat' dir='ltr'>tale</span> <span class='ocrx_word' id='word_1_73' title='bbox 665 613 700 640; x_wconf 88' lang='lat' dir='ltr'>sit</span> <span class='ocrx_word' id='word_1_74' title='bbox 714 613 744 640; x_wconf 93' lang='lat' dir='ltr'>in</span> <span class='ocrx_word' id='word_1_75' title='bbox 756 614 845 640; x_wconf 86' lang='lat' dir='ltr'>corde</span> <span class='ocrx_word' id='word_1_76' title='bbox 855 621 923 640; x_wconf 84' lang='lat' dir='ltr'>nos—</span> 
     </span>
     <span class='ocr_line' id='line_1_10' title="bbox 154 659 920 695; baseline 0.001 -10"><span class='ocrx_word' id='word_1_77' title='bbox 154 660 216 692; x_wconf 84' lang='lat' dir='ltr'>tro,</span> <span class='ocrx_word' id='word_1_78' title='bbox 234 661 260 686; x_wconf 89' lang='lat' dir='ltr'>et</span> <span class='ocrx_word' id='word_1_79' title='bbox 274 660 305 686; x_wconf 94' lang='lat' dir='ltr'>in</span> <span class='ocrx_word' id='word_1_80' title='bbox 320 667 386 692; x_wconf 88' lang='lat' dir='ltr'>ore,</span> <span class='ocrx_word' id='word_1_81' title='bbox 402 659 564 686; x_wconf 87' lang='lat' dir='ltr'>secundum</span> <span class='ocrx_word' id='word_1_82' title='bbox 579 659 653 686; x_wconf 92' lang='lat' dir='ltr'>illud</span> <span class='ocrx_word' id='word_1_83' title='bbox 664 660 673 676; x_wconf 70' lang='lat'><strong>3</strong></span> <span class='ocrx_word' id='word_1_84' title='bbox 690 668 695 686; x_wconf 84' lang='lat' dir='ltr'>z</span> <span class='ocrx_word' id='word_1_85' title='bbox 709 669 722 684; x_wconf 92' lang='lat'>«</span> <span class='ocrx_word' id='word_1_86' title='bbox 735 661 827 695; x_wconf 83' lang='lat' dir='ltr'>Prope</span> <span class='ocrx_word' id='word_1_87' title='bbox 842 660 877 686; x_wconf 89' lang='lat' dir='ltr'>sit</span> <span class='ocrx_word' id='word_1_88' title='bbox 889 661 920 695; x_wconf 74' lang='lat' dir='ltr'>(a)</span> 
     </span>
     <span class='ocr_line' id='line_1_11' title="bbox 153 704 923 739; baseline 0.001 -8"><span class='ocrx_word' id='word_1_89' title='bbox 153 704 282 731; x_wconf 80' lang='lat' dir='ltr'>Verbum</span> <span class='ocrx_word' id='word_1_90' title='bbox 297 704 328 731; x_wconf 92' lang='lat' dir='ltr'>in</span> <span class='ocrx_word' id='word_1_91' title='bbox 344 704 433 732; x_wconf 84' lang='lat' dir='ltr'>corde</span> <span class='ocrx_word' id='word_1_92' title='bbox 449 707 515 739; x_wconf 77' lang='lat' dir='ltr'>tuo,</span> <span class='ocrx_word' id='word_1_93' title='bbox 528 707 555 732; x_wconf 90' lang='lat' dir='ltr'>et</span> <span class='ocrx_word' id='word_1_94' title='bbox 571 705 601 731; x_wconf 89' lang='lat' dir='ltr'>in</span> <span class='ocrx_word' id='word_1_95' title='bbox 620 713 681 732; x_wconf 92' lang='lat' dir='ltr'>ore.</span> <span class='ocrx_word' id='word_1_96' title='bbox 698 716 710 731; x_wconf 83' lang='lat'>»</span> <span class='ocrx_word' id='word_1_97' title='bbox 728 707 759 732; x_wconf 86' lang='lat' dir='ltr'>Et</span> <span class='ocrx_word' id='word_1_98' title='bbox 774 706 782 721; x_wconf 71' lang='lat'>&#39;⁴</span> <span class='ocrx_word' id='word_1_99' title='bbox 799 715 805 732; x_wconf 91' lang='lat'>:</span> <span class='ocrx_word' id='word_1_100' title='bbox 825 716 838 730; x_wconf 87' lang='lat'>«</span> <span class='ocrx_word' id='word_1_101' title='bbox 853 708 923 733; x_wconf 82' lang='lat' dir='ltr'>Ante</span> 
     </span>
     <span class='ocr_line' id='line_1_12' title="bbox 155 750 738 786; baseline 0 -9"><span class='ocrx_word' id='word_1_102' title='bbox 155 750 254 778; x_wconf 85' lang='lat' dir='ltr'>omnia</span> <span class='ocrx_word' id='word_1_103' title='bbox 270 750 394 778; x_wconf 90' lang='lat' dir='ltr'>verbum</span> <span class='ocrx_word' id='word_1_104' title='bbox 409 759 500 779; x_wconf 73' lang='lat' dir='ltr'>verax</span> <span class='ocrx_word' id='word_1_105' title='bbox 513 751 659 786; x_wconf 52' lang='lat' dir='ltr'>praecedat</span> <span class='ocrx_word' id='word_1_106' title='bbox 674 753 710 778; x_wconf 87' lang='lat' dir='ltr'>te.</span> <span class='ocrx_word' id='word_1_107' title='bbox 726 762 738 777; x_wconf 84' lang='grc'>»</span> 
     </span>
    </p>
   </div>
   <div class='ocr_carea' id='block_1_3' title="bbox 363 852 716 886">
    <p class='ocr_par' dir='ltr' id='par_1_3' title="bbox 363 852 716 886">
     <span class='ocr_line' id='line_1_13' title="bbox 363 852 716 886; baseline -0.006 -7"><span class='ocrx_word' id='word_1_108' title='bbox 363 852 477 879; x_wconf 72' lang='lat' dir='ltr'>collatio</span> <span class='ocrx_word' id='word_1_109' title='bbox 497 852 625 886; x_wconf 74' lang='lat' dir='ltr'>secunda,</span> <span class='ocrx_word' id='word_1_110' title='bbox 646 861 669 886; x_wconf 86' lang='lat'>1,</span> <span class='ocrx_word' id='word_1_111' title='bbox 692 855 716 878; x_wconf 67' lang='lat' dir='ltr'>ti.</span> 
     </span>
    </p>
   </div>
   <div class='ocr_carea' id='block_1_4' title="bbox 117 936 931 2405">
    <p class='ocr_par' dir='ltr' id='par_1_4' title="bbox 158 936 929 1249">
     <span class='ocr_line' id='line_1_14' title="bbox 194 936 926 970; baseline 0 -8"><span class='ocrx_word' id='word_1_112' title='bbox 194 936 253 962; x_wconf 73' lang='lat' dir='ltr'>Lu-z:</span> <span class='ocrx_word' id='word_1_113' title='bbox 267 937 296 962; x_wconf 85' lang='lat' dir='ltr'>z&#39;n</span> <span class='ocrx_word' id='word_1_114' title='bbox 312 936 426 962; x_wconf 75' lang='lat' dir='ltr'>tenebris</span> <span class='ocrx_word' id='word_1_115' title='bbox 443 937 525 970; x_wconf 79' lang='lat' dir='ltr'>lucet,</span> <span class='ocrx_word' id='word_1_116' title='bbox 541 938 566 963; x_wconf 82' lang='lat' dir='ltr'>et</span> <span class='ocrx_word' id='word_1_117' title='bbox 586 937 696 963; x_wconf 76' lang='lat' dir='ltr'>tenebrae</span> <span class='ocrx_word' id='word_1_118' title='bbox 714 943 770 962; x_wconf 84' lang='lat' dir='ltr'>eam</span> <span class='ocrx_word' id='word_1_119' title='bbox 791 943 842 963; x_wconf 74' lang='lat' dir='ltr'>non</span> <span class='ocrx_word' id='word_1_120' title='bbox 858 943 926 962; x_wconf 86' lang='lat' dir='ltr'>com-</span> 
     </span>
     <span class='ocr_line' id='line_1_15' title="bbox 158 984 925 1019; baseline 0 -9"><span class='ocrx_word' id='word_1_121' title='bbox 158 984 363 1018; x_wconf 76' lang='lat' dir='ltr'>prehenderunt.</span> <span class='ocrx_word' id='word_1_122' title='bbox 377 984 407 1011; x_wconf 89' lang='lat' dir='ltr'>ln</span> <span class='ocrx_word' id='word_1_123' title='bbox 421 984 466 1011; x_wconf 90' lang='lat' dir='ltr'>his</span> <span class='ocrx_word' id='word_1_124' title='bbox 476 984 575 1011; x_wconf 85' lang='lat' dir='ltr'>verbis</span> <span class='ocrx_word' id='word_1_125' title='bbox 588 984 642 1011; x_wconf 86' lang='lat' dir='ltr'>tria</span> <span class='ocrx_word' id='word_1_126' title='bbox 652 984 836 1011; x_wconf 76' lang='lat' dir='ltr'>insinuantur</span> <span class='ocrx_word' id='word_1_127' title='bbox 848 993 853 1010; x_wconf 90' lang='lat'>:</span> <span class='ocrx_word' id='word_1_128' title='bbox 866 984 925 1019; x_wconf 90' lang='lat' dir='ltr'>pri-</span> 
     </span>
     <span class='ocr_line' id='line_1_16' title="bbox 159 1030 924 1064; baseline 0 -8"><span class='ocrx_word' id='word_1_129' title='bbox 159 1037 209 1057; x_wconf 91' lang='lat' dir='ltr'>mo</span> <span class='ocrx_word' id='word_1_130' title='bbox 230 1030 337 1057; x_wconf 83' lang='lat' dir='ltr'>divinae</span> <span class='ocrx_word' id='word_1_131' title='bbox 358 1030 431 1058; x_wconf 86' lang='lat' dir='ltr'>lucis</span> <span class='ocrx_word' id='word_1_132' title='bbox 449 1031 597 1058; x_wconf 78' lang='lat' dir='ltr'>excessiva</span> <span class='ocrx_word' id='word_1_133' title='bbox 612 1030 741 1064; x_wconf 80' lang='lat' dir='ltr'>claritas,</span> <span class='ocrx_word' id='word_1_134' title='bbox 757 1030 798 1057; x_wconf 89' lang='lat' dir='ltr'>ibi</span> <span class='ocrx_word' id='word_1_135' title='bbox 820 1039 827 1057; x_wconf 90' lang='lat'>:</span> <span class='ocrx_word' id='word_1_136' title='bbox 843 1031 902 1057; x_wconf 73' lang='lat' dir='ltr'>Luoe</span> <span class='ocrx_word' id='word_1_137' title='bbox 917 1039 924 1063; x_wconf 85' lang='lat'>;</span> 
     </span>
     <span class='ocr_line' id='line_1_17' title="bbox 158 1075 928 1111; baseline 0 -8"><span class='ocrx_word' id='word_1_138' title='bbox 158 1076 308 1111; x_wconf 83' lang='lat' dir='ltr'>seeundo,</span> <span class='ocrx_word' id='word_1_139' title='bbox 328 1077 461 1111; x_wconf 88' lang='lat' dir='ltr'>ejusdem</span> <span class='ocrx_word' id='word_1_140' title='bbox 481 1075 655 1104; x_wconf 87' lang='lat' dir='ltr'>illustrativa</span> <span class='ocrx_word' id='word_1_141' title='bbox 677 1076 928 1104; x_wconf 83' lang='lat' dir='ltr'>communicabili-</span> 
     </span>
     <span class='ocr_line' id='line_1_18' title="bbox 161 1122 929 1157; baseline 0.003 -9"><span class='ocrx_word' id='word_1_142' title='bbox 161 1123 220 1156; x_wconf 81' lang='lat' dir='ltr'>tas,</span> <span class='ocrx_word' id='word_1_143' title='bbox 236 1122 278 1149; x_wconf 88' lang='lat' dir='ltr'>ibi</span> <span class='ocrx_word' id='word_1_144' title='bbox 295 1131 301 1149; x_wconf 77' lang='lat'>2</span> <span class='ocrx_word' id='word_1_145' title='bbox 319 1123 415 1155; x_wconf 80' lang='lat' dir='ltr'>Lucet3</span> <span class='ocrx_word' id='word_1_146' title='bbox 431 1123 529 1156; x_wconf 90' lang='lat' dir='ltr'>tertio,</span> <span class='ocrx_word' id='word_1_147' title='bbox 546 1122 726 1155; x_wconf 85' lang='lat' dir='ltr'>infidelium,</span> <span class='ocrx_word' id='word_1_148' title='bbox 743 1122 803 1149; x_wconf 89' lang='lat' dir='ltr'>sive</span> <span class='ocrx_word' id='word_1_149' title='bbox 826 1130 929 1157; x_wconf 80' lang='lat' dir='ltr'>pecea-</span> 
     </span>
     <span class='ocr_line' id='line_1_19' title="bbox 160 1168 928 1203; baseline 0 -8"><span class='ocrx_word' id='word_1_150' title='bbox 160 1170 256 1195; x_wconf 89' lang='lat' dir='ltr'>torum</span> <span class='ocrx_word' id='word_1_151' title='bbox 272 1168 433 1203; x_wconf 85' lang='lat' dir='ltr'>caliginosa</span> <span class='ocrx_word' id='word_1_152' title='bbox 444 1169 573 1202; x_wconf 75' lang='lat' dir='ltr'>caecitas,</span> <span class='ocrx_word' id='word_1_153' title='bbox 590 1168 631 1195; x_wconf 88' lang='lat' dir='ltr'>ibi</span> <span class='ocrx_word' id='word_1_154' title='bbox 649 1177 655 1195; x_wconf 73' lang='grc' dir='ltr'>ε</span> <span class='ocrx_word' id='word_1_155' title='bbox 669 1169 790 1195; x_wconf 70' lang='lat' dir='ltr'>Tenebrae</span> <span class='ocrx_word' id='word_1_156' title='bbox 805 1176 860 1195; x_wconf 81' lang='lat' dir='ltr'>eam</span> <span class='ocrx_word' id='word_1_157' title='bbox 876 1177 928 1195; x_wconf 74' lang='lat' dir='ltr'>non</span> 
     </span>
     <span class='ocr_line' id='line_1_20' title="bbox 159 1215 418 1249; baseline 0.004 -8"><span class='ocrx_word' id='word_1_158' title='bbox 159 1215 418 1249; x_wconf 72' lang='lat' dir='ltr'>comprehenderunt.</span> 
     </span>
    </p>

    <p class='ocr_par' dir='ltr' id='par_1_5' title="bbox 117 1260 931 2405">
     <span class='ocr_line' id='line_1_21' title="bbox 195 1260 929 1296; baseline -0.001 -8"><span class='ocrx_word' id='word_1_159' title='bbox 195 1260 240 1287; x_wconf 82' lang='lat' dir='ltr'>Ait</span> <span class='ocrx_word' id='word_1_160' title='bbox 255 1269 324 1295; x_wconf 79' lang='lat' dir='ltr'>ergo</span> <span class='ocrx_word' id='word_1_161' title='bbox 342 1270 348 1288; x_wconf 86' lang='grc'>;</span> <span class='ocrx_word' id='word_1_162' title='bbox 363 1262 437 1295; x_wconf 70' lang='lat' dir='ltr'>Luoe,</span> <span class='ocrx_word' id='word_1_163' title='bbox 453 1269 518 1296; x_wconf 78' lang='lat' dir='ltr'>quae</span> <span class='ocrx_word' id='word_1_164' title='bbox 533 1263 575 1288; x_wconf 89' lang='lat' dir='ltr'>est</span> <span class='ocrx_word' id='word_1_165' title='bbox 586 1260 687 1287; x_wconf 87' lang='lat' dir='ltr'>divina</span> <span class='ocrx_word' id='word_1_166' title='bbox 701 1260 853 1295; x_wconf 78' lang='lat' dir='ltr'>sapientia,</span> <span class='ocrx_word' id='word_1_167' title='bbox 869 1261 929 1287; x_wconf 81' lang='lat' dir='ltr'>sive</span> 
     </span>
     <span class='ocr_line' id='line_1_22' title="bbox 162 1306 931 1341; baseline -0.001 -7"><span class='ocrx_word' id='word_1_168' title='bbox 162 1307 250 1334; x_wconf 86' lang='lat' dir='ltr'>Filius</span> <span class='ocrx_word' id='word_1_169' title='bbox 272 1307 320 1333; x_wconf 82' lang='lat' dir='ltr'>Dei</span> <span class='ocrx_word' id='word_1_170' title='bbox 343 1307 494 1341; x_wconf 84' lang='lat' dir='ltr'>majestate</span> <span class='ocrx_word' id='word_1_171' title='bbox 513 1306 723 1334; x_wconf 87' lang='lat' dir='ltr'>inaccessibilis</span> <span class='ocrx_word' id='word_1_172' title='bbox 737 1307 746 1322; x_wconf 77' lang='lat'>²³</span> <span class='ocrx_word' id='word_1_173' title='bbox 764 1315 770 1333; x_wconf 88' lang='lat'><strong>:</strong></span> <span class='ocrx_word' id='word_1_174' title='bbox 787 1316 800 1331; x_wconf 83' lang='lat'>«</span> <span class='ocrx_word' id='word_1_175' title='bbox 818 1306 931 1333; x_wconf 75' lang='lat' dir='ltr'>Habitat</span> 
     </span>
     <span class='ocr_line' id='line_1_23' title="bbox 160 1352 929 1380; baseline -0.001 0"><span class='ocrx_word' id='word_1_176' title='bbox 160 1353 257 1380; x_wconf 92' lang='lat' dir='ltr'>lucem</span> <span class='ocrx_word' id='word_1_177' title='bbox 271 1352 515 1380; x_wconf 78' lang='lat' dir='ltr'>inaccessibilem.</span> <span class='ocrx_word' id='word_1_178' title='bbox 532 1363 545 1378; x_wconf 71' lang='lat' dir='ltr'>n</span> <span class='ocrx_word' id='word_1_179' title='bbox 563 1354 633 1380; x_wconf 84' lang='lat' dir='ltr'>Item</span> <span class='ocrx_word' id='word_1_180' title='bbox 648 1353 697 1380; x_wconf 85' lang='lat' dir='ltr'>lux</span> <span class='ocrx_word' id='word_1_181' title='bbox 711 1352 822 1379; x_wconf 82' lang='lat' dir='ltr'>sincera</span> <span class='ocrx_word' id='word_1_182' title='bbox 837 1355 864 1380; x_wconf 90' lang='lat' dir='ltr'>et</span> <span class='ocrx_word' id='word_1_183' title='bbox 878 1352 929 1380; x_wconf 86' lang='lat' dir='ltr'>im-</span> 
     </span>
     <span class='ocr_line' id='line_1_24' title="bbox 159 1398 931 1432; baseline 0 -6"><span class='ocrx_word' id='word_1_184' title='bbox 159 1398 252 1426; x_wconf 75' lang='lat' dir='ltr'>mixta</span> <span class='ocrx_word' id='word_1_185' title='bbox 264 1399 410 1432; x_wconf 83' lang='lat' dir='ltr'>tenebris,</span> <span class='ocrx_word' id='word_1_186' title='bbox 432 1399 490 1427; x_wconf 87' lang='lat' dir='ltr'>sive</span> <span class='ocrx_word' id='word_1_187' title='bbox 511 1399 696 1426; x_wconf 87' lang='lat' dir='ltr'>inirascihilis</span> <span class='ocrx_word' id='word_1_188' title='bbox 712 1400 721 1414; x_wconf 67' lang='lat'><strong>⁶</strong></span> <span class='ocrx_word' id='word_1_189' title='bbox 735 1408 741 1426; x_wconf 80' lang='lat' dir='ltr'>z</span> <span class='ocrx_word' id='word_1_190' title='bbox 761 1410 775 1425; x_wconf 84' lang='lat'>«</span> <span class='ocrx_word' id='word_1_191' title='bbox 791 1401 864 1426; x_wconf 87' lang='lat' dir='ltr'>Deus</span> <span class='ocrx_word' id='word_1_192' title='bbox 879 1399 931 1426; x_wconf 77' lang='lat' dir='ltr'>lux</span> 
     </span>
     <span class='ocr_line' id='line_1_25' title="bbox 160 1445 930 1481; baseline -0.001 -8"><span class='ocrx_word' id='word_1_193' title='bbox 160 1448 218 1480; x_wconf 89' lang='lat' dir='ltr'>est,</span> <span class='ocrx_word' id='word_1_194' title='bbox 234 1446 265 1473; x_wconf 89' lang='lat' dir='ltr'>in</span> <span class='ocrx_word' id='word_1_195' title='bbox 280 1453 340 1481; x_wconf 89' lang='lat' dir='ltr'>quo</span> <span class='ocrx_word' id='word_1_196' title='bbox 355 1445 482 1473; x_wconf 80' lang='lat' dir='ltr'>tenebrae</span> <span class='ocrx_word' id='word_1_197' title='bbox 504 1453 565 1473; x_wconf 89' lang='lat' dir='ltr'>non</span> <span class='ocrx_word' id='word_1_198' title='bbox 586 1447 653 1473; x_wconf 83' lang='lat' dir='ltr'>sunt</span> <span class='ocrx_word' id='word_1_199' title='bbox 670 1445 747 1472; x_wconf 76' lang='lat' dir='ltr'>ullae.</span> <span class='ocrx_word' id='word_1_200' title='bbox 764 1456 777 1471; x_wconf 85' lang='grc'>»</span> <span class='ocrx_word' id='word_1_201' title='bbox 795 1447 864 1473; x_wconf 78' lang='lat' dir='ltr'>Item</span> <span class='ocrx_word' id='word_1_202' title='bbox 879 1445 930 1472; x_wconf 74' lang='lat' dir='ltr'>lux</span> 
     </span>
     <span class='ocr_line' id='line_1_26' title="bbox 161 1491 928 1527; baseline 0 -9"><span class='ocrx_word' id='word_1_203' title='bbox 161 1491 300 1518; x_wconf 90' lang='lat' dir='ltr'>omnibus</span> <span class='ocrx_word' id='word_1_204' title='bbox 328 1491 409 1520; x_wconf 91' lang='lat' dir='ltr'>illius</span> <span class='ocrx_word' id='word_1_205' title='bbox 438 1491 622 1527; x_wconf 86' lang='lat' dir='ltr'>capabilibus</span> <span class='ocrx_word' id='word_1_206' title='bbox 650 1491 905 1518; x_wconf 82' lang='lat' dir='ltr'>communicabilis</span> <span class='ocrx_word' id='word_1_207' title='bbox 921 1501 928 1525; x_wconf 64' lang='grc' dir='ltr'><strong><em>ς</em></strong></span> 
     </span>
     <span class='ocr_line' id='line_1_27' title="bbox 160 1537 930 1571; baseline -0.001 -6"><span class='ocrx_word' id='word_1_208' title='bbox 160 1537 237 1565; x_wconf 87' lang='lat' dir='ltr'>infra</span> <span class='ocrx_word' id='word_1_209' title='bbox 252 1537 357 1565; x_wconf 86' lang='lat' dir='ltr'>eodem</span> <span class='ocrx_word' id='word_1_210' title='bbox 374 1547 380 1565; x_wconf 90' lang='lat'>:</span> <span class='ocrx_word' id='word_1_211' title='bbox 396 1539 463 1565; x_wconf 84' lang='lat' dir='ltr'>Erat</span> <span class='ocrx_word' id='word_1_212' title='bbox 485 1539 533 1565; x_wconf 71' lang='lat' dir='ltr'>lux</span> <span class='ocrx_word' id='word_1_213' title='bbox 551 1546 631 1571; x_wconf 82' lang='lat' dir='ltr'>vera,</span> <span class='ocrx_word' id='word_1_214' title='bbox 646 1546 704 1571; x_wconf 79' lang='lat' dir='ltr'>quae</span> <span class='ocrx_word' id='word_1_215' title='bbox 722 1539 860 1564; x_wconf 74' lang='lat' dir='ltr'>illuminat</span> <span class='ocrx_word' id='word_1_216' title='bbox 875 1546 930 1564; x_wconf 85' lang='lat' dir='ltr'>om-</span> 
     </span>
     <span class='ocr_line' id='line_1_28' title="bbox 160 1583 931 1618; baseline -0.001 -7"><span class='ocrx_word' id='word_1_217' title='bbox 160 1592 219 1611; x_wconf 75' lang='lat' dir='ltr'>nem</span> <span class='ocrx_word' id='word_1_218' title='bbox 241 1584 371 1611; x_wconf 82' lang='lat' dir='ltr'>hominem</span> <span class='ocrx_word' id='word_1_219' title='bbox 393 1586 554 1618; x_wconf 78' lang='lat' dir='ltr'>venientem,</span> <span class='ocrx_word' id='word_1_220' title='bbox 571 1586 624 1611; x_wconf 86' lang='lat' dir='ltr'>etc.</span> <span class='ocrx_word' id='word_1_221' title='bbox 650 1586 681 1611; x_wconf 89' lang='lat' dir='ltr'>Et</span> <span class='ocrx_word' id='word_1_222' title='bbox 702 1584 767 1610; x_wconf 76' lang='lat' dir='ltr'>haec</span> <span class='ocrx_word' id='word_1_223' title='bbox 785 1583 835 1611; x_wconf 82' lang='lat' dir='ltr'>lux</span> <span class='ocrx_word' id='word_1_224' title='bbox 855 1583 931 1610; x_wconf 87' lang='lat' dir='ltr'>lucet</span> 
     </span>
     <span class='ocr_line' id='line_1_29' title="bbox 161 1630 928 1665; baseline -0.001 -8"><span class='ocrx_word' id='word_1_225' title='bbox 161 1630 244 1665; x_wconf 84' lang='lat' dir='ltr'>quasi</span> <span class='ocrx_word' id='word_1_226' title='bbox 258 1630 365 1665; x_wconf 88' lang='lat' dir='ltr'>triplici</span> <span class='ocrx_word' id='word_1_227' title='bbox 379 1630 481 1664; x_wconf 85' lang='lat' dir='ltr'>radio,</span> <span class='ocrx_word' id='word_1_228' title='bbox 496 1632 641 1665; x_wconf 84' lang='lat' dir='ltr'>quantum</span> <span class='ocrx_word' id='word_1_229' title='bbox 660 1631 702 1657; x_wconf 87' lang='lat' dir='ltr'>est</span> <span class='ocrx_word' id='word_1_230' title='bbox 716 1637 734 1656; x_wconf 86' lang='lat' dir='ltr'>a</span> <span class='ocrx_word' id='word_1_231' title='bbox 751 1631 834 1665; x_wconf 86' lang='lat' dir='ltr'>parte</span> <span class='ocrx_word' id='word_1_232' title='bbox 853 1637 906 1656; x_wconf 87' lang='lat' dir='ltr'>sua</span> <span class='ocrx_word' id='word_1_233' title='bbox 922 1638 928 1655; x_wconf 91' lang='lat'>:</span> 
     </span>
     <span class='ocr_line' id='line_1_30' title="bbox 161 1675 930 1703; baseline -0.001 0"><span class='ocrx_word' id='word_1_234' title='bbox 161 1676 269 1703; x_wconf 84' lang='lat' dir='ltr'>seilicet</span> <span class='ocrx_word' id='word_1_235' title='bbox 289 1676 374 1703; x_wconf 87' lang='lat' dir='ltr'>radio</span> <span class='ocrx_word' id='word_1_236' title='bbox 394 1676 596 1703; x_wconf 65' lang='lat' dir='ltr'>illuminativae</span> <span class='ocrx_word' id='word_1_237' title='bbox 618 1675 818 1703; x_wconf 83' lang='lat' dir='ltr'>illustrationis</span> <span class='ocrx_word' id='word_1_238' title='bbox 834 1676 863 1702; x_wconf 87' lang='lat' dir='ltr'>in</span> <span class='ocrx_word' id='word_1_239' title='bbox 887 1676 930 1702; x_wconf 90' lang='lat' dir='ltr'>in-</span> 
     </span>
     <span class='ocr_line' id='line_1_31' title="bbox 161 1721 930 1756; baseline -0.001 -7"><span class='ocrx_word' id='word_1_240' title='bbox 161 1722 278 1749; x_wconf 89' lang='lat' dir='ltr'>tellectu</span> <span class='ocrx_word' id='word_1_241' title='bbox 293 1744 301 1756; x_wconf 85' lang='lat'>,</span> <span class='ocrx_word' id='word_1_242' title='bbox 324 1724 352 1749; x_wconf 91' lang='lat' dir='ltr'>et</span> <span class='ocrx_word' id='word_1_243' title='bbox 373 1722 458 1750; x_wconf 82' lang='lat' dir='ltr'>radio</span> <span class='ocrx_word' id='word_1_244' title='bbox 486 1722 681 1749; x_wconf 67' lang='lat' dir='ltr'>clarificativee</span> <span class='ocrx_word' id='word_1_245' title='bbox 710 1721 874 1749; x_wconf 87' lang='lat' dir='ltr'>dilectionis</span> <span class='ocrx_word' id='word_1_246' title='bbox 901 1722 930 1749; x_wconf 91' lang='lat' dir='ltr'>in</span> 
     </span>
     <span class='ocr_line' id='line_1_32' title="bbox 161 1768 928 1803; baseline 0 -7"><span class='ocrx_word' id='word_1_247' title='bbox 161 1768 281 1803; x_wconf 85' lang='lat' dir='ltr'>affectu,</span> <span class='ocrx_word' id='word_1_248' title='bbox 298 1771 325 1796; x_wconf 86' lang='lat' dir='ltr'>et</span> <span class='ocrx_word' id='word_1_249' title='bbox 338 1768 423 1796; x_wconf 87' lang='lat' dir='ltr'>radio</span> <span class='ocrx_word' id='word_1_250' title='bbox 439 1768 599 1796; x_wconf 60' lang='lat' dir='ltr'>discretivae</span> <span class='ocrx_word' id='word_1_251' title='bbox 612 1768 755 1803; x_wconf 80' lang='lat' dir='ltr'>aequitatis</span> <span class='ocrx_word' id='word_1_252' title='bbox 771 1768 800 1795; x_wconf 93' lang='lat' dir='ltr'>in</span> <span class='ocrx_word' id='word_1_253' title='bbox 816 1768 928 1796; x_wconf 85' lang='lat' dir='ltr'>effectu.</span> 
     </span>
     <span class='ocr_line' id='line_1_33' title="bbox 162 1815 931 1851; baseline -0.001 -8"><span class='ocrx_word' id='word_1_254' title='bbox 162 1818 200 1843; x_wconf 91' lang='lat' dir='ltr'>De</span> <span class='ocrx_word' id='word_1_255' title='bbox 216 1823 276 1851; x_wconf 90' lang='lat' dir='ltr'>quo</span> <span class='ocrx_word' id='word_1_256' title='bbox 290 1815 375 1843; x_wconf 88' lang='lat' dir='ltr'>radio</span> <span class='ocrx_word' id='word_1_257' title='bbox 392 1815 499 1850; x_wconf 88' lang='lat' dir='ltr'>triplici</span> <span class='ocrx_word' id='word_1_258' title='bbox 513 1816 523 1831; x_wconf 95' lang='lat'><strong>⁷</strong></span> <span class='ocrx_word' id='word_1_259' title='bbox 540 1824 546 1841; x_wconf 92' lang='lat'>:</span> <span class='ocrx_word' id='word_1_260' title='bbox 565 1826 578 1839; x_wconf 92' lang='lat'>«</span> <span class='ocrx_word' id='word_1_261' title='bbox 600 1816 719 1841; x_wconf 78' lang='lat' dir='ltr'>Fructus</span> <span class='ocrx_word' id='word_1_262' title='bbox 740 1816 838 1842; x_wconf 83' lang='lat' dir='ltr'>autem</span> <span class='ocrx_word' id='word_1_263' title='bbox 859 1815 931 1842; x_wconf 88' lang='lat' dir='ltr'>lucis</span> 
     </span>
     <span class='ocr_line' id='line_1_34' title="bbox 161 1860 931 1894; baseline 0 -6"><span class='ocrx_word' id='word_1_264' title='bbox 161 1861 192 1888; x_wconf 89' lang='lat' dir='ltr'>in</span> <span class='ocrx_word' id='word_1_265' title='bbox 205 1861 286 1888; x_wconf 89' lang='lat' dir='ltr'>omni</span> <span class='ocrx_word' id='word_1_266' title='bbox 299 1861 429 1888; x_wconf 87' lang='lat' dir='ltr'>bonitate</span> <span class='ocrx_word' id='word_1_267' title='bbox 444 1862 472 1888; x_wconf 86' lang='lat' dir='ltr'>et</span> <span class='ocrx_word' id='word_1_268' title='bbox 487 1861 517 1888; x_wconf 90' lang='lat' dir='ltr'>in</span> <span class='ocrx_word' id='word_1_269' title='bbox 535 1860 646 1894; x_wconf 85' lang='lat' dir='ltr'>justitia</span> <span class='ocrx_word' id='word_1_270' title='bbox 660 1862 687 1887; x_wconf 88' lang='lat' dir='ltr'>et</span> <span class='ocrx_word' id='word_1_271' title='bbox 702 1860 830 1887; x_wconf 86' lang='lat' dir='ltr'>veritate.</span> <span class='ocrx_word' id='word_1_272' title='bbox 846 1871 858 1886; x_wconf 74' lang='lat' dir='ltr'>i)</span> <span class='ocrx_word' id='word_1_273' title='bbox 878 1863 931 1888; x_wconf 87' lang='lat' dir='ltr'>Bo-</span> 
     </span>
     <span class='ocr_line' id='line_1_35' title="bbox 161 1907 928 1942; baseline 0.001 -8"><span class='ocrx_word' id='word_1_274' title='bbox 161 1907 236 1934; x_wconf 87' lang='lat' dir='ltr'>nitas</span> <span class='ocrx_word' id='word_1_275' title='bbox 251 1915 318 1942; x_wconf 84' lang='lat' dir='ltr'>quae</span> <span class='ocrx_word' id='word_1_276' title='bbox 334 1909 376 1935; x_wconf 90' lang='lat' dir='ltr'>est</span> <span class='ocrx_word' id='word_1_277' title='bbox 386 1907 451 1942; x_wconf 89' lang='lat' dir='ltr'>ipsa</span> <span class='ocrx_word' id='word_1_278' title='bbox 466 1907 582 1934; x_wconf 81' lang='lat' dir='ltr'>claritas</span> <span class='ocrx_word' id='word_1_279' title='bbox 594 1907 627 1942; x_wconf 78' lang='lat' dir='ltr'>(b)</span> <span class='ocrx_word' id='word_1_280' title='bbox 638 1908 733 1942; x_wconf 83' lang='lat' dir='ltr'>signat</span> <span class='ocrx_word' id='word_1_281' title='bbox 747 1908 882 1935; x_wconf 81' lang='lat' dir='ltr'>affectum</span> <span class='ocrx_word' id='word_1_282' title='bbox 897 1910 907 1924; x_wconf 74' lang='lat'>⁸</span> <span class='ocrx_word' id='word_1_283' title='bbox 923 1918 928 1934; x_wconf 83' lang='lat' dir='ltr'>z</span> 
     </span>
     <span class='ocr_line' id='line_1_36' title="bbox 165 1953 930 1988; baseline 0 -8"><span class='ocrx_word' id='word_1_284' title='bbox 165 1963 179 1979; x_wconf 74' lang='grc' dir='ltr'>(ι</span> <span class='ocrx_word' id='word_1_285' title='bbox 192 1954 246 1986; x_wconf 86' lang='lat' dir='ltr'>Qui</span> <span class='ocrx_word' id='word_1_286' title='bbox 265 1953 362 1988; x_wconf 84' lang='lat' dir='ltr'>diligit</span> <span class='ocrx_word' id='word_1_287' title='bbox 384 1956 482 1981; x_wconf 87' lang='lat' dir='ltr'>manet</span> <span class='ocrx_word' id='word_1_288' title='bbox 503 1953 533 1980; x_wconf 87' lang='lat' dir='ltr'>in</span> <span class='ocrx_word' id='word_1_289' title='bbox 552 1953 617 1981; x_wconf 88' lang='lat' dir='ltr'>luce</span> <span class='ocrx_word' id='word_1_290' title='bbox 637 1954 680 1988; x_wconf 85' lang='lat' dir='ltr'>(c).</span> <span class='ocrx_word' id='word_1_291' title='bbox 697 1963 709 1979; x_wconf 86' lang='lat'>»</span> <span class='ocrx_word' id='word_1_292' title='bbox 728 1954 835 1981; x_wconf 86' lang='lat' dir='ltr'>Veritas</span> <span class='ocrx_word' id='word_1_293' title='bbox 850 1954 930 1981; x_wconf 86' lang='lat' dir='ltr'>illus-</span> 
     </span>
     <span class='ocr_line' id='line_1_37' title="bbox 162 1999 928 2035; baseline 0.001 -8"><span class='ocrx_word' id='word_1_294' title='bbox 162 2001 218 2027; x_wconf 86' lang='lat' dir='ltr'>trat</span> <span class='ocrx_word' id='word_1_295' title='bbox 238 1999 432 2031; x_wconf 86' lang='lat' dir='ltr'>intellectum,</span> <span class='ocrx_word' id='word_1_296' title='bbox 452 2000 523 2035; x_wconf 86' lang='lat' dir='ltr'>quia</span> <span class='ocrx_word' id='word_1_297' title='bbox 547 2000 599 2027; x_wconf 89' lang='lat' dir='ltr'>lux</span> <span class='ocrx_word' id='word_1_298' title='bbox 622 2001 681 2034; x_wconf 81' lang='lat' dir='ltr'>est,</span> <span class='ocrx_word' id='word_1_299' title='bbox 697 2008 785 2035; x_wconf 86' lang='lat' dir='ltr'>supra</span> <span class='ocrx_word' id='word_1_300' title='bbox 800 2000 928 2028; x_wconf 90' lang='lat' dir='ltr'>eodem:</span> 
     </span>
     <span class='ocr_line' id='line_1_38' title="bbox 117 2044 931 2081; baseline 0 -8"><span class='ocrx_word' id='word_1_301' title='bbox 117 2044 120 2047; x_wconf 80' lang='grc'>’</span> <span class='ocrx_word' id='word_1_302' title='bbox 166 2047 231 2073; x_wconf 75' lang='lat' dir='ltr'>Vita</span> <span class='ocrx_word' id='word_1_303' title='bbox 243 2049 300 2073; x_wconf 81' lang='lat' dir='ltr'>erat</span> <span class='ocrx_word' id='word_1_304' title='bbox 315 2047 363 2073; x_wconf 74' lang='lat' dir='ltr'>Iuoe</span> <span class='ocrx_word' id='word_1_305' title='bbox 377 2047 522 2073; x_wconf 74' lang='lat' dir='ltr'>hominum.</span> <span class='ocrx_word' id='word_1_306' title='bbox 538 2045 650 2073; x_wconf 81' lang='lat' dir='ltr'>Justitia</span> <span class='ocrx_word' id='word_1_307' title='bbox 665 2046 850 2081; x_wconf 82' lang='lat' dir='ltr'>splendificat</span> <span class='ocrx_word' id='word_1_308' title='bbox 864 2054 931 2074; x_wconf 92' lang='lat' dir='ltr'>con-</span> 
     </span>
     <span class='ocr_line' id='line_1_39' title="bbox 161 2091 929 2127; baseline 0.001 -8"><span class='ocrx_word' id='word_1_309' title='bbox 161 2091 334 2119; x_wconf 86' lang='lat' dir='ltr'>versationis</span> <span class='ocrx_word' id='word_1_310' title='bbox 348 2094 454 2120; x_wconf 85' lang='lat' dir='ltr'>statum</span> <span class='ocrx_word' id='word_1_311' title='bbox 469 2094 497 2119; x_wconf 89' lang='lat' dir='ltr'>et</span> <span class='ocrx_word' id='word_1_312' title='bbox 516 2093 615 2119; x_wconf 88' lang='lat' dir='ltr'>actum</span> <span class='ocrx_word' id='word_1_313' title='bbox 625 2101 634 2127; x_wconf 78' lang='lat'>3</span> <span class='ocrx_word' id='word_1_314' title='bbox 648 2092 727 2119; x_wconf 86' lang='lat' dir='ltr'>unde</span> <span class='ocrx_word' id='word_1_315' title='bbox 743 2092 885 2127; x_wconf 81' lang='lat' dir='ltr'>Propheta</span> <span class='ocrx_word' id='word_1_316' title='bbox 899 2094 909 2109; x_wconf 71' lang='lat'>⁹</span> <span class='ocrx_word' id='word_1_317' title='bbox 923 2102 929 2120; x_wconf 78' lang='lat' dir='ltr'><em>z</em></span> 
     </span>
     <span class='ocr_line' id='line_1_40' title="bbox 164 2137 931 2174; baseline 0.004 -10"><span class='ocrx_word' id='word_1_318' title='bbox 164 2147 178 2164; x_wconf 75' lang='grc' dir='ltr'>ιι</span> <span class='ocrx_word' id='word_1_319' title='bbox 195 2137 305 2166; x_wconf 81' lang='lat' dir='ltr'>Educet</span> <span class='ocrx_word' id='word_1_320' title='bbox 319 2138 358 2174; x_wconf 84' lang='lat' dir='ltr'>(d)</span> <span class='ocrx_word' id='word_1_321' title='bbox 382 2139 465 2174; x_wconf 84' lang='lat' dir='ltr'>quasi</span> <span class='ocrx_word' id='word_1_322' title='bbox 486 2138 587 2165; x_wconf 88' lang='lat' dir='ltr'>lumen</span> <span class='ocrx_word' id='word_1_323' title='bbox 605 2138 745 2173; x_wconf 87' lang='lat' dir='ltr'>justitiam</span> <span class='ocrx_word' id='word_1_324' title='bbox 762 2140 851 2166; x_wconf 88' lang='lat' dir='ltr'>tuam.</span> <span class='ocrx_word' id='word_1_325' title='bbox 869 2150 881 2163; x_wconf 88' lang='lat'>»</span> <span class='ocrx_word' id='word_1_326' title='bbox 899 2141 931 2166; x_wconf 83' lang='lat' dir='ltr'>Et</span> 
     </span>
     <span class='ocr_line' id='line_1_41' title="bbox 162 2184 931 2220; baseline 0.001 -8"><span class='ocrx_word' id='word_1_327' title='bbox 162 2184 216 2212; x_wconf 84' lang='lat' dir='ltr'>ista</span> <span class='ocrx_word' id='word_1_328' title='bbox 230 2184 282 2212; x_wconf 83' lang='lat' dir='ltr'>lux</span> <span class='ocrx_word' id='word_1_329' title='bbox 301 2187 343 2212; x_wconf 86' lang='lat' dir='ltr'>est</span> <span class='ocrx_word' id='word_1_330' title='bbox 358 2185 379 2202; x_wconf 85' lang='lat'>¹⁰</span> <span class='ocrx_word' id='word_1_331' title='bbox 393 2185 438 2212; x_wconf 91' lang='lat' dir='ltr'>sol</span> <span class='ocrx_word' id='word_1_332' title='bbox 454 2185 486 2220; x_wconf 87' lang='lat' dir='ltr'>(e)</span> <span class='ocrx_word' id='word_1_333' title='bbox 506 2196 519 2209; x_wconf 95' lang='lat'>«</span> <span class='ocrx_word' id='word_1_334' title='bbox 533 2185 684 2220; x_wconf 85' lang='lat' dir='ltr'>tripliciter</span> <span class='ocrx_word' id='word_1_335' title='bbox 699 2193 824 2212; x_wconf 80' lang='lat' dir='ltr'>exurens</span> <span class='ocrx_word' id='word_1_336' title='bbox 846 2194 931 2213; x_wconf 89' lang='lat' dir='ltr'>mon-</span> 
     </span>
     <span class='ocr_line' id='line_1_42' title="bbox 162 2231 929 2266; baseline 0 -8"><span class='ocrx_word' id='word_1_337' title='bbox 162 2232 214 2258; x_wconf 85' lang='lat' dir='ltr'>tes.</span> <span class='ocrx_word' id='word_1_338' title='bbox 230 2242 243 2257; x_wconf 87' lang='lat'>»</span> <span class='ocrx_word' id='word_1_339' title='bbox 261 2231 318 2258; x_wconf 91' lang='lat' dir='ltr'>Sed</span> <span class='ocrx_word' id='word_1_340' title='bbox 332 2231 399 2258; x_wconf 88' lang='lat' dir='ltr'>lieet</span> <span class='ocrx_word' id='word_1_341' title='bbox 413 2231 454 2258; x_wconf 91' lang='lat' dir='ltr'>sic</span> <span class='ocrx_word' id='word_1_342' title='bbox 467 2231 563 2259; x_wconf 87' lang='lat' dir='ltr'>luceat</span> <span class='ocrx_word' id='word_1_343' title='bbox 576 2231 612 2258; x_wconf 91' lang='lat' dir='ltr'>de</span> <span class='ocrx_word' id='word_1_344' title='bbox 628 2239 657 2259; x_wconf 87' lang='lat' dir='ltr'>se</span> <span class='ocrx_word' id='word_1_345' title='bbox 666 2252 675 2266; x_wconf 89' lang='lat'>,</span> <span class='ocrx_word' id='word_1_346' title='bbox 691 2233 789 2258; x_wconf 87' lang='lat' dir='ltr'>tamen</span> <span class='ocrx_word' id='word_1_347' title='bbox 803 2232 929 2266; x_wconf 70' lang='lat' dir='ltr'>tenebras,</span> 
     </span>
     <span class='ocr_line' id='line_1_43' title="bbox 162 2276 931 2312; baseline 0.003 -9"><span class='ocrx_word' id='word_1_348' title='bbox 162 2276 194 2303; x_wconf 89' lang='lat' dir='ltr'>id</span> <span class='ocrx_word' id='word_1_349' title='bbox 219 2279 276 2311; x_wconf 92' lang='lat' dir='ltr'>est,</span> <span class='ocrx_word' id='word_1_350' title='bbox 301 2280 484 2312; x_wconf 84' lang='lat' dir='ltr'>peccatores,</span> <span class='ocrx_word' id='word_1_351' title='bbox 508 2286 560 2305; x_wconf 79' lang='lat' dir='ltr'>non</span> <span class='ocrx_word' id='word_1_352' title='bbox 585 2278 854 2312; x_wconf 72' lang='lat' dir='ltr'>comprehenderunt,</span> <span class='ocrx_word' id='word_1_353' title='bbox 869 2285 931 2305; x_wconf 88' lang='lat' dir='ltr'>cre-</span> 
     </span>
     <span class='ocr_line' id='line_1_44' title="bbox 163 2322 926 2357; baseline 0 -7"><span class='ocrx_word' id='word_1_354' title='bbox 163 2322 262 2350; x_wconf 88' lang='lat' dir='ltr'>dendo</span> <span class='ocrx_word' id='word_1_355' title='bbox 279 2323 402 2357; x_wconf 83' lang='lat' dir='ltr'>seilicet,</span> <span class='ocrx_word' id='word_1_356' title='bbox 417 2323 595 2351; x_wconf 64' lang='lat' dir='ltr'>adhaerendo</span> <span class='ocrx_word' id='word_1_357' title='bbox 616 2325 644 2350; x_wconf 89' lang='lat' dir='ltr'>et</span> <span class='ocrx_word' id='word_1_358' title='bbox 663 2323 826 2357; x_wconf 85' lang='lat' dir='ltr'>diligendo.</span> <span class='ocrx_word' id='word_1_359' title='bbox 842 2325 926 2351; x_wconf 83' lang='lat' dir='ltr'>&#39;sene-</span> 
     </span>
     <span class='ocr_line' id='line_1_45' title="bbox 162 2369 930 2405; baseline 0 -9"><span class='ocrx_word' id='word_1_360' title='bbox 162 2369 223 2397; x_wconf 71' lang='lat' dir='ltr'>brze</span> <span class='ocrx_word' id='word_1_361' title='bbox 249 2369 328 2396; x_wconf 87' lang='lat' dir='ltr'>enim</span> <span class='ocrx_word' id='word_1_362' title='bbox 352 2372 420 2397; x_wconf 90' lang='lat' dir='ltr'>sunt</span> <span class='ocrx_word' id='word_1_363' title='bbox 442 2369 566 2405; x_wconf 85' lang='lat' dir='ltr'>privatio</span> <span class='ocrx_word' id='word_1_364' title='bbox 589 2369 676 2403; x_wconf 86' lang='lat' dir='ltr'>lucis,</span> <span class='ocrx_word' id='word_1_365' title='bbox 693 2369 855 2396; x_wconf 83' lang='lat' dir='ltr'>secundum</span> <span class='ocrx_word' id='word_1_366' title='bbox 878 2371 930 2396; x_wconf 82' lang='lat' dir='ltr'>Da-</span> 
     </span>
    </p>
   </div>
   <div class='ocr_carea' id='block_1_5' title="bbox 163 2442 931 2682">
    <p class='ocr_par' dir='ltr' id='par_1_6' title="bbox 163 2442 931 2682">
     <span class='ocr_line' id='line_1_46' title="bbox 195 2442 931 2473; baseline -0.001 -6"><span class='ocrx_word' id='word_1_367' title='bbox 195 2444 201 2459; x_wconf 89' lang='lat'><strong>¹</strong></span> <span class='ocrx_word' id='word_1_368' title='bbox 219 2444 305 2473; x_wconf 62' lang='lat' dir='ltr'>Greg,</span> <span class='ocrx_word' id='word_1_369' title='bbox 326 2442 428 2471; x_wconf 56' lang='grc' dir='ltr'>[βίοι-αλ,</span> <span class='ocrx_word' id='word_1_370' title='bbox 444 2442 487 2466; x_wconf 92' lang='lat' dir='ltr'>lib.</span> <span class='ocrx_word' id='word_1_371' title='bbox 503 2443 592 2471; x_wconf 77' lang='lat' dir='ltr'>xxm,</span> <span class='ocrx_word' id='word_1_372' title='bbox 607 2449 629 2465; x_wconf 87' lang='lat' dir='ltr'>c.</span> <span class='ocrx_word' id='word_1_373' title='bbox 645 2442 889 2471; x_wconf 64' lang='lat' dir='ltr'>x1‚.&lt;11.x1x‚n,:÷5.</span> <span class='ocrx_word' id='word_1_374' title='bbox 901 2456 931 2460; x_wconf 94' lang='grc'><strong>-</strong></span> 
     </span>
     <span class='ocr_line' id='line_1_47' title="bbox 163 2477 931 2509; baseline -0.003 -7"><span class='ocrx_word' id='word_1_375' title='bbox 163 2479 173 2494; x_wconf 75' lang='lat'><em>²</em></span> <span class='ocrx_word' id='word_1_376' title='bbox 190 2480 255 2509; x_wconf 62' lang='lat' dir='ltr'>Act„</span> <span class='ocrx_word' id='word_1_377' title='bbox 269 2485 336 2508; x_wconf 67' lang='lat' dir='ltr'>xvii,</span> <span class='ocrx_word' id='word_1_378' title='bbox 352 2480 390 2501; x_wconf 69' lang='lat'>228.</span> <span class='ocrx_word' id='word_1_379' title='bbox 410 2489 440 2494; x_wconf 87' lang='lat'>--</span> <span class='ocrx_word' id='word_1_380' title='bbox 457 2478 466 2494; x_wconf 81' lang='lat'><strong>³</strong></span> <span class='ocrx_word' id='word_1_381' title='bbox 484 2478 560 2507; x_wconf 60' lang='lat' dir='ltr'>Rom„</span> <span class='ocrx_word' id='word_1_382' title='bbox 575 2484 606 2507; x_wconf 81' lang='lat' dir='ltr'>x,</span> <span class='ocrx_word' id='word_1_383' title='bbox 622 2479 644 2500; x_wconf 83' lang='lat'>8.</span> <span class='ocrx_word' id='word_1_384' title='bbox 661 2490 690 2495; x_wconf 83' lang='lat'>—</span> <span class='ocrx_word' id='word_1_385' title='bbox 706 2478 712 2491; x_wconf 70' lang='lat'><strong>¹</strong></span> <span class='ocrx_word' id='word_1_386' title='bbox 731 2477 818 2505; x_wconf 62' lang='lat' dir='ltr'>E«.&gt;cl1·.,</span> <span class='ocrx_word' id='word_1_387' title='bbox 833 2484 931 2508; x_wconf 77' lang='lat' dir='ltr'>xxxvn,</span> 
     </span>
     <span class='ocr_line' id='line_1_48' title="bbox 164 2512 931 2543; baseline -0.003 -6"><span class='ocrx_word' id='word_1_388' title='bbox 164 2515 203 2537; x_wconf 82' lang='lat'>20.</span> <span class='ocrx_word' id='word_1_389' title='bbox 217 2527 247 2530; x_wconf 97' lang='lat'><strong>—</strong></span> <span class='ocrx_word' id='word_1_390' title='bbox 261 2514 291 2536; x_wconf 73' lang='lat'>⁸1</span> <span class='ocrx_word' id='word_1_391' title='bbox 309 2513 378 2538; x_wconf 83' lang='lat' dir='ltr'>Tim..</span> <span class='ocrx_word' id='word_1_392' title='bbox 396 2518 436 2543; x_wconf 80' lang='lat' dir='ltr'>vt,</span> <span class='ocrx_word' id='word_1_393' title='bbox 453 2514 487 2536; x_wconf 80' lang='lat' dir='ltr'>lG.</span> <span class='ocrx_word' id='word_1_394' title='bbox 505 2526 531 2529; x_wconf 89' lang='lat'><strong>—</strong></span> <span class='ocrx_word' id='word_1_395' title='bbox 548 2513 557 2526; x_wconf 71' lang='lat'>¹⁵</span> <span class='ocrx_word' id='word_1_396' title='bbox 572 2513 673 2539; x_wconf 78' lang='lat' dir='ltr'>1Joan..</span> <span class='ocrx_word' id='word_1_397' title='bbox 690 2518 712 2541; x_wconf 74' lang='grc' dir='ltr'>Ι,</span> <span class='ocrx_word' id='word_1_398' title='bbox 725 2514 748 2536; x_wconf 90' lang='lat'>5.</span> <span class='ocrx_word' id='word_1_399' title='bbox 764 2525 794 2530; x_wconf 92' lang='lat'>·-</span> <span class='ocrx_word' id='word_1_400' title='bbox 807 2512 817 2528; x_wconf 81' lang='lat'>&#39;¹</span> <span class='ocrx_word' id='word_1_401' title='bbox 831 2512 931 2542; x_wconf 60' lang='lat' dir='ltr'>Ephes„</span> 
     </span>
     <span class='ocr_line' id='line_1_49' title="bbox 165 2546 931 2577; baseline 0 -6"><span class='ocrx_word' id='word_1_402' title='bbox 165 2553 190 2577; x_wconf 77' lang='grc' dir='ltr'>ν,</span> <span class='ocrx_word' id='word_1_403' title='bbox 215 2549 238 2571; x_wconf 80' lang='grc'>9.</span> <span class='ocrx_word' id='word_1_404' title='bbox 257 2561 286 2566; x_wconf 92' lang='grc'>-</span> <span class='ocrx_word' id='word_1_405' title='bbox 310 2550 318 2562; x_wconf 83' lang='grc'><em>“</em></span> <span class='ocrx_word' id='word_1_406' title='bbox 339 2549 344 2571; x_wconf 99' lang='grc' dir='ltr'>Ι</span> <span class='ocrx_word' id='word_1_407' title='bbox 367 2548 447 2577; x_wconf 80' lang='grc' dir='ltr'>.Ιοιιη.,</span> <span class='ocrx_word' id='word_1_408' title='bbox 470 2553 502 2577; x_wconf 84' lang='grc' dir='ltr'>ιι,</span> <span class='ocrx_word' id='word_1_409' title='bbox 528 2549 564 2570; x_wconf 73' lang='lat'>10.</span> <span class='ocrx_word' id='word_1_410' title='bbox 578 2548 610 2564; x_wconf 79' lang='lat'>&#39;—-</span> <span class='ocrx_word' id='word_1_411' title='bbox 633 2548 642 2561; x_wconf 63' lang='lat'>³</span> <span class='ocrx_word' id='word_1_412' title='bbox 662 2546 729 2570; x_wconf 80' lang='lat' dir='ltr'>Psal.</span> <span class='ocrx_word' id='word_1_413' title='bbox 750 2553 842 2576; x_wconf 79' lang='lat' dir='ltr'>xxxvl,</span> <span class='ocrx_word' id='word_1_414' title='bbox 863 2549 885 2571; x_wconf 80' lang='grc'>6.</span> <span class='ocrx_word' id='word_1_415' title='bbox 901 2561 931 2564; x_wconf 95' lang='grc'><strong>-</strong></span> 
     </span>
     <span class='ocr_line' id='line_1_50' title="bbox 164 2582 929 2613; baseline -0.001 -7"><span class='ocrx_word' id='word_1_416' title='bbox 164 2582 184 2597; x_wconf 79' lang='lat'>¹·</span> <span class='ocrx_word' id='word_1_417' title='bbox 198 2582 284 2611; x_wconf 62' lang='lat' dir='ltr'>Eccli„</span> <span class='ocrx_word' id='word_1_418' title='bbox 306 2588 385 2613; x_wconf 84' lang='lat' dir='ltr'>x1.111‚</span> <span class='ocrx_word' id='word_1_419' title='bbox 408 2584 429 2606; x_wconf 73' lang='lat'>4.</span> <span class='ocrx_word' id='word_1_420' title='bbox 451 2596 481 2600; x_wconf 88' lang='lat'>—</span> <span class='ocrx_word' id='word_1_421' title='bbox 504 2583 521 2598; x_wconf 91' lang='lat'>¹¹</span> <span class='ocrx_word' id='word_1_422' title='bbox 546 2583 672 2612; x_wconf 67' lang='lat' dir='ltr'>Damaso„</span> <span class='ocrx_word' id='word_1_423' title='bbox 690 2582 719 2605; x_wconf 74' lang='lat' dir='ltr'>tle</span> <span class='ocrx_word' id='word_1_424' title='bbox 738 2582 796 2605; x_wconf 82' lang='lat' dir='ltr'>Fid.</span> <span class='ocrx_word' id='word_1_425' title='bbox 817 2582 929 2613; x_wconf 67' lang='lat' dir='ltr'>orthod„</span> 
     </span>
     <span class='ocr_line' id='line_1_51' title="bbox 165 2616 931 2648; baseline 0.001 -8"><span class='ocrx_word' id='word_1_426' title='bbox 165 2616 208 2646; x_wconf 84' lang='lat' dir='ltr'>lib,</span> <span class='ocrx_word' id='word_1_427' title='bbox 230 2618 259 2646; x_wconf 78' lang='grc' dir='ltr'>Η,</span> <span class='ocrx_word' id='word_1_428' title='bbox 282 2625 304 2641; x_wconf 92' lang='lat' dir='ltr'>c.</span> <span class='ocrx_word' id='word_1_429' title='bbox 325 2623 374 2648; x_wconf 73' lang='lat' dir='ltr'>vii,</span> <span class='ocrx_word' id='word_1_430' title='bbox 392 2620 448 2642; x_wconf 83' lang='lat' dir='ltr'>aute</span> <span class='ocrx_word' id='word_1_431' title='bbox 468 2618 533 2642; x_wconf 80' lang='lat' dir='ltr'>med.</span> <span class='ocrx_word' id='word_1_432' title='bbox 553 2631 579 2634; x_wconf 58' lang='lat'>-«</span> <span class='ocrx_word' id='word_1_433' title='bbox 600 2618 618 2633; x_wconf 87' lang='lat'>¹²</span> <span class='ocrx_word' id='word_1_434' title='bbox 639 2617 772 2643; x_wconf 64' lang='lat' dir='ltr'>Aviceuu„</span> <span class='ocrx_word' id='word_1_435' title='bbox 790 2617 819 2639; x_wconf 73' lang='lat' dir='ltr'>(Ie</span> <span class='ocrx_word' id='word_1_436' title='bbox 838 2617 931 2647; x_wconf 63' lang='lat' dir='ltr'>Arnim„</span> 
     </span>
     <span class='ocr_line' id='line_1_52' title="bbox 165 2651 929 2682; baseline 0 -8"><span class='ocrx_word' id='word_1_437' title='bbox 165 2653 229 2680; x_wconf 78' lang='lat' dir='ltr'>part.</span> <span class='ocrx_word' id='word_1_438' title='bbox 243 2651 284 2675; x_wconf 89' lang='lat' dir='ltr'>lV.</span> <span class='ocrx_word' id='word_1_439' title='bbox 297 2664 324 2669; x_wconf 87' lang='lat'><em>-</em></span> <span class='ocrx_word' id='word_1_440' title='bbox 338 2652 357 2668; x_wconf 80' lang='lat'>¹³</span> <span class='ocrx_word' id='word_1_441' title='bbox 369 2652 511 2682; x_wconf 30' lang='lat' dir='ltr'>Chrysostt,</span> <span class='ocrx_word' id='word_1_442' title='bbox 523 2653 548 2675; x_wconf 83' lang='lat' dir='ltr'>in</span> <span class='ocrx_word' id='word_1_443' title='bbox 560 2653 640 2681; x_wconf 68' lang='lat' dir='ltr'>soum,</span> <span class='ocrx_word' id='word_1_444' title='bbox 653 2652 722 2676; x_wconf 86' lang='lat' dir='ltr'>hom.</span> <span class='ocrx_word' id='word_1_445' title='bbox 737 2657 770 2681; x_wconf 82' lang='lat' dir='ltr'>iv,</span> <span class='ocrx_word' id='word_1_446' title='bbox 784 2651 815 2675; x_wconf 78' lang='lat' dir='ltr'>al.</span> <span class='ocrx_word' id='word_1_447' title='bbox 831 2657 854 2681; x_wconf 86' lang='lat'>·:,</span> <span class='ocrx_word' id='word_1_448' title='bbox 867 2658 892 2676; x_wconf 86' lang='lat' dir='ltr'>u.</span> <span class='ocrx_word' id='word_1_449' title='bbox 907 2654 929 2675; x_wconf 73' lang='lat'>4.</span> 
     </span>
    </p>
   </div>
   <div class='ocr_carea' id='block_1_6' title="bbox 1683 230 1737 258">
    <p class='ocr_par' dir='ltr' id='par_1_7' title="bbox 1683 230 1737 258">
     <span class='ocr_line' id='line_1_53' title="bbox 1683 230 1737 258; baseline 0 0"><span class='ocrx_word' id='word_1_450' title='bbox 1683 230 1737 258; x_wconf 80' lang='lat'>531</span> 
     </span>
    </p>
   </div>
   <div class='ocr_carea' id='block_1_7' title="bbox 974 292 1748 918">
    <p class='ocr_par' dir='ltr' id='par_1_8' title="bbox 974 292 1748 918">
     <span class='ocr_line' id='line_1_54' title="bbox 974 292 1740 326; baseline 0.004 -8"><span class='ocrx_word' id='word_1_451' title='bbox 974 300 1143 319; x_wconf 83' lang='lat' dir='ltr'>mascenum</span> <span class='ocrx_word' id='word_1_452' title='bbox 1155 292 1184 326; x_wconf 80' lang='lat'>¹¹,</span> <span class='ocrx_word' id='word_1_453' title='bbox 1201 295 1228 320; x_wconf 89' lang='lat' dir='ltr'>et</span> <span class='ocrx_word' id='word_1_454' title='bbox 1242 294 1308 320; x_wconf 86' lang='lat' dir='ltr'>sunt</span> <span class='ocrx_word' id='word_1_455' title='bbox 1323 293 1360 320; x_wconf 89' lang='lat' dir='ltr'>de</span> <span class='ocrx_word' id='word_1_456' title='bbox 1380 301 1410 321; x_wconf 89' lang='lat' dir='ltr'>se</span> <span class='ocrx_word' id='word_1_457' title='bbox 1430 293 1558 321; x_wconf 83' lang='lat' dir='ltr'>horridae</span> <span class='ocrx_word' id='word_1_458' title='bbox 1578 296 1604 321; x_wconf 89' lang='lat' dir='ltr'>et</span> <span class='ocrx_word' id='word_1_459' title='bbox 1623 294 1740 322; x_wconf 88' lang='lat' dir='ltr'>contris-</span> 
     </span>
     <span class='ocr_line' id='line_1_55' title="bbox 974 339 1738 374; baseline 0.001 -9"><span class='ocrx_word' id='word_1_460' title='bbox 974 339 1078 365; x_wconf 75' lang='lat' dir='ltr'>tativae.</span> <span class='ocrx_word' id='word_1_461' title='bbox 1096 339 1176 367; x_wconf 88' lang='lat' dir='ltr'>Unde</span> <span class='ocrx_word' id='word_1_462' title='bbox 1193 350 1205 364; x_wconf 89' lang='lat'>«</span> <span class='ocrx_word' id='word_1_463' title='bbox 1221 340 1251 366; x_wconf 93' lang='lat' dir='ltr'>in</span> <span class='ocrx_word' id='word_1_464' title='bbox 1264 340 1389 367; x_wconf 86' lang='lat' dir='ltr'>tenebris</span> <span class='ocrx_word' id='word_1_465' title='bbox 1402 340 1501 367; x_wconf 87' lang='lat' dir='ltr'>anima</span> <span class='ocrx_word' id='word_1_466' title='bbox 1519 340 1690 368; x_wconf 76' lang='lat' dir='ltr'>molestatur</span> <span class='ocrx_word' id='word_1_467' title='bbox 1701 361 1709 374; x_wconf 91' lang='lat'>,</span> <span class='ocrx_word' id='word_1_468' title='bbox 1725 351 1738 367; x_wconf 78' lang='grc'>»</span> 
     </span>
     <span class='ocr_line' id='line_1_56' title="bbox 976 384 1742 421; baseline 0.001 -10"><span class='ocrx_word' id='word_1_469' title='bbox 976 384 1014 411; x_wconf 79' lang='lat' dir='ltr'>ait</span> <span class='ocrx_word' id='word_1_470' title='bbox 1027 385 1174 412; x_wconf 78' lang='lat' dir='ltr'>Avicenna</span> <span class='ocrx_word' id='word_1_471' title='bbox 1188 385 1218 412; x_wconf 75' lang='lat'>¹2.</span> <span class='ocrx_word' id='word_1_472' title='bbox 1235 387 1267 412; x_wconf 89' lang='lat' dir='ltr'>Et</span> <span class='ocrx_word' id='word_1_473' title='bbox 1280 386 1392 413; x_wconf 88' lang='lat' dir='ltr'>timoris</span> <span class='ocrx_word' id='word_1_474' title='bbox 1411 388 1478 413; x_wconf 87' lang='lat' dir='ltr'>sunt</span> <span class='ocrx_word' id='word_1_475' title='bbox 1495 386 1651 413; x_wconf 62' lang='lat' dir='ltr'>inductivas</span> <span class='ocrx_word' id='word_1_476' title='bbox 1667 395 1673 412; x_wconf 92' lang='lat'><strong>:</strong></span> <span class='ocrx_word' id='word_1_477' title='bbox 1691 387 1742 421; x_wconf 83' lang='lat' dir='ltr'>qui</span> 
     </span>
     <span class='ocr_line' id='line_1_57' title="bbox 976 431 1743 468; baseline 0.003 -11"><span class='ocrx_word' id='word_1_478' title='bbox 976 431 1054 457; x_wconf 81' lang='lat' dir='ltr'>enim</span> <span class='ocrx_word' id='word_1_479' title='bbox 1078 434 1143 458; x_wconf 86' lang='lat' dir='ltr'>sunt</span> <span class='ocrx_word' id='word_1_480' title='bbox 1166 432 1196 458; x_wconf 90' lang='lat' dir='ltr'>in</span> <span class='ocrx_word' id='word_1_481' title='bbox 1219 432 1361 466; x_wconf 78' lang='lat' dir='ltr'>tenebris,</span> <span class='ocrx_word' id='word_1_482' title='bbox 1378 433 1495 466; x_wconf 87' lang='lat' dir='ltr'>timent,</span> <span class='ocrx_word' id='word_1_483' title='bbox 1510 432 1549 459; x_wconf 87' lang='lat' dir='ltr'>ait</span> <span class='ocrx_word' id='word_1_484' title='bbox 1572 433 1743 468; x_wconf 87' lang='lat' dir='ltr'>Chrysosto-</span> 
     </span>
     <span class='ocr_line' id='line_1_58' title="bbox 976 477 1744 514; baseline 0.004 -11"><span class='ocrx_word' id='word_1_485' title='bbox 976 484 1042 503; x_wconf 82' lang='lat' dir='ltr'>mus</span> <span class='ocrx_word' id='word_1_486' title='bbox 1054 478 1083 504; x_wconf 75' lang='lat'>¹3.</span> <span class='ocrx_word' id='word_1_487' title='bbox 1097 477 1176 504; x_wconf 87' lang='lat' dir='ltr'>Talia</span> <span class='ocrx_word' id='word_1_488' title='bbox 1187 480 1254 505; x_wconf 89' lang='lat' dir='ltr'>sunt</span> <span class='ocrx_word' id='word_1_489' title='bbox 1263 480 1382 513; x_wconf 87' lang='lat' dir='ltr'>peccata</span> <span class='ocrx_word' id='word_1_490' title='bbox 1394 479 1591 514; x_wconf 84' lang='lat' dir='ltr'>spiritualiter,</span> <span class='ocrx_word' id='word_1_491' title='bbox 1607 481 1634 505; x_wconf 92' lang='lat' dir='ltr'>et</span> <span class='ocrx_word' id='word_1_492' title='bbox 1644 486 1744 513; x_wconf 86' lang='lat' dir='ltr'>pecca-</span> 
     </span>
     <span class='ocr_line' id='line_1_59' title="bbox 976 524 1743 559; baseline 0.003 -10"><span class='ocrx_word' id='word_1_493' title='bbox 976 525 1053 549; x_wconf 90' lang='lat' dir='ltr'>tores</span> <span class='ocrx_word' id='word_1_494' title='bbox 1078 524 1117 551; x_wconf 87' lang='lat' dir='ltr'>ob</span> <span class='ocrx_word' id='word_1_495' title='bbox 1145 524 1209 558; x_wconf 78' lang='lat' dir='ltr'>ipsa</span> <span class='ocrx_word' id='word_1_496' title='bbox 1236 526 1363 559; x_wconf 85' lang='lat' dir='ltr'>peccata.</span> <span class='ocrx_word' id='word_1_497' title='bbox 1394 525 1474 552; x_wconf 91' lang='lat' dir='ltr'>Unde</span> <span class='ocrx_word' id='word_1_498' title='bbox 1495 525 1670 559; x_wconf 83' lang='lat' dir='ltr'>Augustinus</span> <span class='ocrx_word' id='word_1_499' title='bbox 1693 525 1713 541; x_wconf 53' lang='grc' dir='ltr'>Ἢ*</span> <span class='ocrx_word' id='word_1_500' title='bbox 1737 534 1743 552; x_wconf 89' lang='lat'>:</span> 
     </span>
     <span class='ocr_line' id='line_1_60' title="bbox 980 569 1745 606; baseline 0.004 -11"><span class='ocrx_word' id='word_1_501' title='bbox 980 579 992 593; x_wconf 70' lang='grc' dir='ltr'>ι(</span> <span class='ocrx_word' id='word_1_502' title='bbox 1008 569 1163 596; x_wconf 76' lang='lat' dir='ltr'>Dilectores</span> <span class='ocrx_word' id='word_1_503' title='bbox 1178 570 1282 597; x_wconf 87' lang='lat' dir='ltr'>mundi</span> <span class='ocrx_word' id='word_1_504' title='bbox 1301 573 1368 598; x_wconf 89' lang='lat' dir='ltr'>sunt</span> <span class='ocrx_word' id='word_1_505' title='bbox 1387 571 1514 598; x_wconf 85' lang='lat' dir='ltr'>tenebrae</span> <span class='ocrx_word' id='word_1_506' title='bbox 1529 580 1534 597; x_wconf 94' lang='lat'><strong>:</strong></span> <span class='ocrx_word' id='word_1_507' title='bbox 1549 581 1562 597; x_wconf 82' lang='lat'>»</span> <span class='ocrx_word' id='word_1_508' title='bbox 1581 571 1617 598; x_wconf 83' lang='lat' dir='ltr'>de</span> <span class='ocrx_word' id='word_1_509' title='bbox 1637 571 1745 606; x_wconf 88' lang='lat' dir='ltr'>quibus</span> 
     </span>
     <span class='ocr_line' id='line_1_61' title="bbox 978 614 1746 651; baseline 0.005 -10"><span class='ocrx_word' id='word_1_510' title='bbox 978 614 1083 642; x_wconf 83' lang='lat' dir='ltr'>dicitur</span> <span class='ocrx_word' id='word_1_511' title='bbox 1095 616 1114 631; x_wconf 75' lang='lat'>¹⁵</span> <span class='ocrx_word' id='word_1_512' title='bbox 1131 625 1137 642; x_wconf 91' lang='lat'>:</span> <span class='ocrx_word' id='word_1_513' title='bbox 1151 626 1164 641; x_wconf 84' lang='lat'>«</span> <span class='ocrx_word' id='word_1_514' title='bbox 1179 616 1280 642; x_wconf 84' lang='lat' dir='ltr'>Fuistis</span> <span class='ocrx_word' id='word_1_515' title='bbox 1295 616 1457 651; x_wconf 79' lang='lat' dir='ltr'>aliquando</span> <span class='ocrx_word' id='word_1_516' title='bbox 1472 617 1610 644; x_wconf 79' lang='lat' dir='ltr'>tenebrae.</span> <span class='ocrx_word' id='word_1_517' title='bbox 1626 628 1639 642; x_wconf 90' lang='lat'>»</span> <span class='ocrx_word' id='word_1_518' title='bbox 1656 618 1688 644; x_wconf 86' lang='lat' dir='ltr'>Et</span> <span class='ocrx_word' id='word_1_519' title='bbox 1700 618 1721 634; x_wconf 76' lang='lat'>¹⁶</span> <span class='ocrx_word' id='word_1_520' title='bbox 1739 626 1746 644; x_wconf 77' lang='lat' dir='ltr'><em>z</em></span> 
     </span>
     <span class='ocr_line' id='line_1_62' title="bbox 981 662 1744 698; baseline 0.004 -12"><span class='ocrx_word' id='word_1_521' title='bbox 981 671 994 685; x_wconf 89' lang='lat'>«</span> <span class='ocrx_word' id='word_1_522' title='bbox 1008 662 1070 687; x_wconf 86' lang='lat' dir='ltr'>Non</span> <span class='ocrx_word' id='word_1_523' title='bbox 1085 662 1174 688; x_wconf 89' lang='lat' dir='ltr'>simus</span> <span class='ocrx_word' id='word_1_524' title='bbox 1190 662 1223 696; x_wconf 81' lang='lat' dir='ltr'>(f)</span> <span class='ocrx_word' id='word_1_525' title='bbox 1236 662 1287 688; x_wconf 83' lang='lat' dir='ltr'>filii</span> <span class='ocrx_word' id='word_1_526' title='bbox 1302 663 1395 689; x_wconf 88' lang='lat' dir='ltr'>noctis</span> <span class='ocrx_word' id='word_1_527' title='bbox 1409 671 1506 698; x_wconf 85' lang='lat' dir='ltr'>neque</span> <span class='ocrx_word' id='word_1_528' title='bbox 1521 663 1719 697; x_wconf 84' lang='lat' dir='ltr'>tenebrarum,</span> <span class='ocrx_word' id='word_1_529' title='bbox 1731 673 1744 689; x_wconf 62' lang='grc' dir='ltr'>ν,</span> 
     </span>
     <span class='ocr_line' id='line_1_63' title="bbox 978 707 1746 745; baseline 0.005 -12"><span class='ocrx_word' id='word_1_530' title='bbox 978 707 1087 734; x_wconf 86' lang='lat' dir='ltr'>seilicet</span> <span class='ocrx_word' id='word_1_531' title='bbox 1100 707 1161 734; x_wconf 86' lang='lat' dir='ltr'>filii.</span> <span class='ocrx_word' id='word_1_532' title='bbox 1180 709 1210 734; x_wconf 85' lang='lat' dir='ltr'>Et</span> <span class='ocrx_word' id='word_1_533' title='bbox 1225 707 1246 734; x_wconf 93' lang='lat' dir='ltr'>si</span> <span class='ocrx_word' id='word_1_534' title='bbox 1263 708 1298 743; x_wconf 70' lang='lat'>(9)</span> <span class='ocrx_word' id='word_1_535' title='bbox 1313 711 1464 736; x_wconf 86' lang='lat' dir='ltr'>manentes</span> <span class='ocrx_word' id='word_1_536' title='bbox 1485 709 1556 736; x_wconf 88' lang='lat' dir='ltr'>tales</span> <span class='ocrx_word' id='word_1_537' title='bbox 1567 730 1574 743; x_wconf 91' lang='lat'>,</span> <span class='ocrx_word' id='word_1_538' title='bbox 1597 717 1657 736; x_wconf 91' lang='lat' dir='ltr'>non</span> <span class='ocrx_word' id='word_1_539' title='bbox 1677 718 1746 745; x_wconf 85' lang='lat' dir='ltr'>pos-</span> 
     </span>
     <span class='ocr_line' id='line_1_64' title="bbox 979 754 1746 794; baseline 0.005 -15"><span class='ocrx_word' id='word_1_540' title='bbox 979 755 1045 780; x_wconf 87' lang='lat' dir='ltr'>sunt</span> <span class='ocrx_word' id='word_1_541' title='bbox 1057 754 1307 788; x_wconf 85' lang='lat' dir='ltr'>comprehendere</span> <span class='ocrx_word' id='word_1_542' title='bbox 1319 754 1415 782; x_wconf 85' lang='lat' dir='ltr'>lueem</span> <span class='ocrx_word' id='word_1_543' title='bbox 1431 755 1590 790; x_wconf 78' lang='lat' dir='ltr'>eredendo,</span> <span class='ocrx_word' id='word_1_544' title='bbox 1601 756 1746 794; x_wconf 71' lang='lat' dir='ltr'>amando,</span> 
     </span>
     <span class='ocr_line' id='line_1_65' title="bbox 979 799 1745 833; baseline 0.004 -7"><span class='ocrx_word' id='word_1_545' title='bbox 979 801 1007 826; x_wconf 85' lang='lat' dir='ltr'>et</span> <span class='ocrx_word' id='word_1_546' title='bbox 1034 799 1230 833; x_wconf 76' lang='lat' dir='ltr'>adhaerendo,</span> <span class='ocrx_word' id='word_1_547' title='bbox 1255 800 1315 827; x_wconf 89' lang='lat' dir='ltr'>imo</span> <span class='ocrx_word' id='word_1_548' title='bbox 1344 800 1449 828; x_wconf 87' lang='lat' dir='ltr'>odiunt</span> <span class='ocrx_word' id='word_1_549' title='bbox 1477 801 1583 829; x_wconf 87' lang='lat' dir='ltr'>lucem.</span> <span class='ocrx_word' id='word_1_550' title='bbox 1614 802 1690 829; x_wconf 85' lang='lat' dir='ltr'>Infra</span> <span class='ocrx_word' id='word_1_551' title='bbox 1702 802 1722 819; x_wconf 93' lang='lat'>¹⁷</span> <span class='ocrx_word' id='word_1_552' title='bbox 1740 811 1745 829; x_wconf 87' lang='grc'>;</span> 
     </span>
     <span class='ocr_line' id='line_1_66' title="bbox 984 845 1748 883; baseline 0.005 -12"><span class='ocrx_word' id='word_1_553' title='bbox 984 855 996 870; x_wconf 73' lang='grc' dir='ltr'>ι(</span> <span class='ocrx_word' id='word_1_554' title='bbox 1023 845 1187 873; x_wconf 83' lang='lat' dir='ltr'>Dilexerunt</span> <span class='ocrx_word' id='word_1_555' title='bbox 1209 846 1344 874; x_wconf 79' lang='lat' dir='ltr'>homines</span> <span class='ocrx_word' id='word_1_556' title='bbox 1368 847 1502 875; x_wconf 81' lang='lat' dir='ltr'>tenebras</span> <span class='ocrx_word' id='word_1_557' title='bbox 1535 848 1629 883; x_wconf 79' lang='lat' dir='ltr'>magis</span> <span class='ocrx_word' id='word_1_558' title='bbox 1658 856 1748 883; x_wconf 87' lang='lat' dir='ltr'>quam</span> 
     </span>
     <span class='ocr_line' id='line_1_67' title="bbox 979 891 1114 918; baseline -0.007 0"><span class='ocrx_word' id='word_1_559' title='bbox 979 891 1085 918; x_wconf 60' lang='lat' dir='ltr'>lucem,</span> <span class='ocrx_word' id='word_1_560' title='bbox 1102 902 1114 918; x_wconf 87' lang='lat'>»</span> 
     </span>
    </p>
   </div>
   <div class='ocr_carea' id='block_1_8' title="bbox 1205 944 1524 1037">
    <p class='ocr_par' dir='ltr' id='par_1_9' title="bbox 1205 944 1524 1037">
     <span class='ocr_line' id='line_1_68' title="bbox 1205 944 1524 979; baseline 0.006 -9"><span class='ocrx_word' id='word_1_561' title='bbox 1205 944 1317 971; x_wconf 73' lang='lat' dir='ltr'>collatio</span> <span class='ocrx_word' id='word_1_562' title='bbox 1338 947 1433 977; x_wconf 76' lang='lat' dir='ltr'>tertia,</span> <span class='ocrx_word' id='word_1_563' title='bbox 1454 946 1524 979; x_wconf 86' lang='grc' dir='ltr'>ι,“6.</span> 
     </span>
     <span class='ocr_line' id='line_1_69' title="bbox 1261 1013 1467 1037; baseline 0 -2"><span class='ocrx_word' id='word_1_564' title='bbox 1261 1013 1297 1035; x_wconf 90' lang='lat' dir='ltr'>De</span> <span class='ocrx_word' id='word_1_565' title='bbox 1315 1013 1343 1036; x_wconf 93' lang='lat' dir='ltr'>B.</span> <span class='ocrx_word' id='word_1_566' title='bbox 1361 1014 1467 1037; x_wconf 74' lang='lat' dir='ltr'>Joannc.</span> 
     </span>
    </p>
   </div>
   <div class='ocr_carea' id='block_1_9' title="bbox 983 1076 1752 1296">
    <p class='ocr_par' dir='ltr' id='par_1_10' title="bbox 983 1076 1752 1296">
     <span class='ocr_line' id='line_1_70' title="bbox 1018 1076 1752 1111; baseline 0.005 -10"><span class='ocrx_word' id='word_1_567' title='bbox 1018 1076 1082 1102; x_wconf 64' lang='lat' dir='ltr'>Fuit</span> <span class='ocrx_word' id='word_1_568' title='bbox 1097 1076 1171 1102; x_wconf 80' lang='lat' dir='ltr'>homo</span> <span class='ocrx_word' id='word_1_569' title='bbox 1192 1078 1288 1103; x_wconf 74' lang='lat' dir='ltr'>missus</span> <span class='ocrx_word' id='word_1_570' title='bbox 1303 1085 1319 1103; x_wconf 90' lang='grc' dir='ltr'><em>α</em></span> <span class='ocrx_word' id='word_1_571' title='bbox 1337 1078 1400 1111; x_wconf 86' lang='lat' dir='ltr'>Deo,</span> <span class='ocrx_word' id='word_1_572' title='bbox 1422 1079 1466 1104; x_wconf 75' lang='lat' dir='ltr'>cui</span> <span class='ocrx_word' id='word_1_573' title='bbox 1482 1086 1575 1105; x_wconf 66' lang='lat' dir='ltr'>women</span> <span class='ocrx_word' id='word_1_574' title='bbox 1596 1081 1653 1105; x_wconf 72' lang='lat' dir='ltr'>erat</span> <span class='ocrx_word' id='word_1_575' title='bbox 1671 1080 1752 1105; x_wconf 80' lang='lat' dir='ltr'>Joan-</span> 
     </span>
     <span class='ocr_line' id='line_1_71' title="bbox 984 1121 1749 1156; baseline 0.005 -9"><span class='ocrx_word' id='word_1_576' title='bbox 984 1129 1037 1147; x_wconf 80' lang='lat' dir='ltr'>nes.</span> <span class='ocrx_word' id='word_1_577' title='bbox 1054 1121 1097 1148; x_wconf 77' lang='lat' dir='ltr'>Ad</span> <span class='ocrx_word' id='word_1_578' title='bbox 1118 1122 1297 1156; x_wconf 71' lang='lat' dir='ltr'>praeconium</span> <span class='ocrx_word' id='word_1_579' title='bbox 1314 1124 1341 1149; x_wconf 88' lang='lat' dir='ltr'>et</span> <span class='ocrx_word' id='word_1_580' title='bbox 1356 1123 1475 1150; x_wconf 82' lang='lat' dir='ltr'>laudem</span> <span class='ocrx_word' id='word_1_581' title='bbox 1490 1123 1679 1151; x_wconf 65' lang='lat' dir='ltr'>przeeursoris</span> <span class='ocrx_word' id='word_1_582' title='bbox 1695 1125 1749 1151; x_wconf 90' lang='lat' dir='ltr'>Do-</span> 
     </span>
     <span class='ocr_line' id='line_1_72' title="bbox 983 1167 1751 1205; baseline 0.005 -12"><span class='ocrx_word' id='word_1_583' title='bbox 983 1167 1070 1200; x_wconf 86' lang='lat' dir='ltr'>mini,</span> <span class='ocrx_word' id='word_1_584' title='bbox 1086 1169 1213 1202; x_wconf 85' lang='lat' dir='ltr'>quatuor</span> <span class='ocrx_word' id='word_1_585' title='bbox 1236 1168 1283 1195; x_wconf 88' lang='lat' dir='ltr'>hic</span> <span class='ocrx_word' id='word_1_586' title='bbox 1309 1169 1514 1196; x_wconf 78' lang='lat' dir='ltr'>insinuantur:</span> <span class='ocrx_word' id='word_1_587' title='bbox 1541 1178 1669 1205; x_wconf 84' lang='lat' dir='ltr'>quorum</span> <span class='ocrx_word' id='word_1_588' title='bbox 1692 1170 1751 1205; x_wconf 89' lang='lat' dir='ltr'>pri-</span> 
     </span>
     <span class='ocr_line' id='line_1_73' title="bbox 983 1214 1750 1250; baseline 0.005 -11"><span class='ocrx_word' id='word_1_589' title='bbox 983 1221 1065 1240; x_wconf 86' lang='lat' dir='ltr'>mum</span> <span class='ocrx_word' id='word_1_590' title='bbox 1081 1216 1122 1240; x_wconf 81' lang='lat' dir='ltr'>est</span> <span class='ocrx_word' id='word_1_591' title='bbox 1137 1214 1249 1241; x_wconf 76' lang='lat' dir='ltr'>elevata</span> <span class='ocrx_word' id='word_1_592' title='bbox 1271 1215 1414 1242; x_wconf 84' lang='lat' dir='ltr'>subtilitas</span> <span class='ocrx_word' id='word_1_593' title='bbox 1437 1217 1464 1242; x_wconf 91' lang='lat' dir='ltr'>et</span> <span class='ocrx_word' id='word_1_594' title='bbox 1485 1215 1650 1243; x_wconf 84' lang='lat' dir='ltr'>sublimitas</span> <span class='ocrx_word' id='word_1_595' title='bbox 1661 1237 1670 1250; x_wconf 92' lang='lat'>,</span> <span class='ocrx_word' id='word_1_596' title='bbox 1684 1216 1725 1243; x_wconf 88' lang='lat' dir='ltr'>ibi</span> <span class='ocrx_word' id='word_1_597' title='bbox 1743 1225 1750 1243; x_wconf 73' lang='lat' dir='ltr'>t</span> 
     </span>
     <span class='ocr_line' id='line_1_74' title="bbox 984 1260 1750 1296; baseline 0.004 -10"><span class='ocrx_word' id='word_1_598' title='bbox 984 1261 1084 1294; x_wconf 76' lang='lat'>11017103</span> <span class='ocrx_word' id='word_1_599' title='bbox 1102 1260 1263 1287; x_wconf 85' lang='lat' dir='ltr'>secundum</span> <span class='ocrx_word' id='word_1_600' title='bbox 1279 1263 1320 1287; x_wconf 84' lang='lat' dir='ltr'>est</span> <span class='ocrx_word' id='word_1_601' title='bbox 1340 1261 1505 1289; x_wconf 84' lang='lat' dir='ltr'>authentica</span> <span class='ocrx_word' id='word_1_602' title='bbox 1525 1263 1669 1296; x_wconf 85' lang='lat' dir='ltr'>potestas,</span> <span class='ocrx_word' id='word_1_603' title='bbox 1685 1262 1726 1289; x_wconf 87' lang='lat' dir='ltr'>ibi</span> <span class='ocrx_word' id='word_1_604' title='bbox 1744 1271 1750 1289; x_wconf 83' lang='lat' dir='ltr'><strong><em>z</em></strong></span> 
     </span>
    </p>
   </div>
   <div class='ocr_carea' id='block_1_10' title="bbox 964 1307 1753 1346">
    <p class='ocr_par' dir='ltr' id='par_1_11' title="bbox 964 1307 1753 1346">
     <span class='ocr_line' id='line_1_75' title="bbox 964 1307 1753 1346; baseline 0.005 -14"><span class='ocrx_word' id='word_1_605' title='bbox 964 1343 967 1346; x_wconf 13' lang='grc' dir='ltr'><em>ἦ</em></span> <span class='ocrx_word' id='word_1_606' title='bbox 985 1307 1082 1333; x_wconf 69' lang='lat' dir='ltr'>Missus</span> <span class='ocrx_word' id='word_1_607' title='bbox 1094 1315 1109 1333; x_wconf 85' lang='grc' dir='ltr'><em>α</em></span> <span class='ocrx_word' id='word_1_608' title='bbox 1123 1307 1188 1337; x_wconf 80' lang='lat' dir='ltr'>Deo,-</span> <span class='ocrx_word' id='word_1_609' title='bbox 1206 1307 1321 1334; x_wconf 85' lang='lat' dir='ltr'>tertium</span> <span class='ocrx_word' id='word_1_610' title='bbox 1336 1310 1378 1334; x_wconf 87' lang='lat' dir='ltr'>est</span> <span class='ocrx_word' id='word_1_611' title='bbox 1398 1308 1520 1335; x_wconf 85' lang='lat' dir='ltr'>coelestis</span> <span class='ocrx_word' id='word_1_612' title='bbox 1540 1308 1696 1336; x_wconf 75' lang='lat' dir='ltr'>influentiae</span> <span class='ocrx_word' id='word_1_613' title='bbox 1711 1308 1753 1336; x_wconf 81' lang='lat' dir='ltr'>af-</span> 
     </span>
    </p>
   </div>
   <div class='ocr_carea' id='block_1_11' title="bbox 984 1352 1791 2408">
    <p class='ocr_par' dir='ltr' id='par_1_12' title="bbox 984 1352 1791 2408">
     <span class='ocr_line' id='line_1_76' title="bbox 984 1352 1754 1390; baseline 0.006 -12"><span class='ocrx_word' id='word_1_614' title='bbox 984 1352 1077 1379; x_wconf 86' lang='lat' dir='ltr'>fluens</span> <span class='ocrx_word' id='word_1_615' title='bbox 1103 1353 1259 1388; x_wconf 81' lang='lat' dir='ltr'>copiositas</span> <span class='ocrx_word' id='word_1_616' title='bbox 1277 1374 1285 1387; x_wconf 91' lang='lat'>‚</span> <span class='ocrx_word' id='word_1_617' title='bbox 1310 1354 1350 1381; x_wconf 79' lang='lat' dir='ltr'>ibi</span> <span class='ocrx_word' id='word_1_618' title='bbox 1367 1363 1374 1380; x_wconf 90' lang='lat'>:</span> <span class='ocrx_word' id='word_1_619' title='bbox 1394 1356 1529 1389; x_wconf 76' lang='lat' dir='ltr'>Jocmnes3</span> <span class='ocrx_word' id='word_1_620' title='bbox 1553 1357 1690 1390; x_wconf 86' lang='lat' dir='ltr'>quartum</span> <span class='ocrx_word' id='word_1_621' title='bbox 1712 1358 1754 1383; x_wconf 89' lang='lat' dir='ltr'>est</span> 
     </span>
     <span class='ocr_line' id='line_1_77' title="bbox 986 1398 1753 1434; baseline 0.007 -10"><span class='ocrx_word' id='word_1_622' title='bbox 986 1398 1074 1425; x_wconf 81' lang='lat' dir='ltr'>officii</span> <span class='ocrx_word' id='word_1_623' title='bbox 1089 1399 1220 1425; x_wconf 86' lang='lat' dir='ltr'>eminens</span> <span class='ocrx_word' id='word_1_624' title='bbox 1233 1399 1359 1434; x_wconf 80' lang='lat' dir='ltr'>dignitas</span> <span class='ocrx_word' id='word_1_625' title='bbox 1373 1421 1381 1434; x_wconf 91' lang='lat'>,</span> <span class='ocrx_word' id='word_1_626' title='bbox 1398 1401 1437 1427; x_wconf 85' lang='lat' dir='ltr'>ibi</span> <span class='ocrx_word' id='word_1_627' title='bbox 1457 1410 1463 1427; x_wconf 89' lang='lat'>:</span> <span class='ocrx_word' id='word_1_628' title='bbox 1480 1402 1531 1428; x_wconf 80' lang='grc' dir='ltr'>11ιό</span> <span class='ocrx_word' id='word_1_629' title='bbox 1546 1403 1618 1429; x_wconf 74' lang='lat' dir='ltr'>venit</span> <span class='ocrx_word' id='word_1_630' title='bbox 1633 1403 1662 1429; x_wconf 83' lang='lat' dir='ltr'>in</span> <span class='ocrx_word' id='word_1_631' title='bbox 1678 1403 1753 1429; x_wconf 74' lang='lat' dir='ltr'>testi—</span> 
     </span>
     <span class='ocr_line' id='line_1_78' title="bbox 984 1445 1755 1481; baseline 0.005 -10"><span class='ocrx_word' id='word_1_632' title='bbox 984 1446 1112 1472; x_wconf 74' lang='lat' dir='ltr'>monium.</span> <span class='ocrx_word' id='word_1_633' title='bbox 1138 1445 1264 1472; x_wconf 84' lang='lat' dir='ltr'>Primum</span> <span class='ocrx_word' id='word_1_634' title='bbox 1286 1446 1338 1473; x_wconf 77' lang='lat' dir='ltr'>fuit</span> <span class='ocrx_word' id='word_1_635' title='bbox 1358 1446 1388 1473; x_wconf 88' lang='lat' dir='ltr'>in</span> <span class='ocrx_word' id='word_1_636' title='bbox 1411 1448 1502 1481; x_wconf 76' lang='lat' dir='ltr'>statu3</span> <span class='ocrx_word' id='word_1_637' title='bbox 1519 1448 1682 1475; x_wconf 85' lang='lat' dir='ltr'>secundum</span> <span class='ocrx_word' id='word_1_638' title='bbox 1701 1447 1755 1475; x_wconf 86' lang='lat' dir='ltr'>fuit</span> 
     </span>
     <span class='ocr_line' id='line_1_79' title="bbox 984 1491 1754 1530; baseline 0.006 -13"><span class='ocrx_word' id='word_1_639' title='bbox 984 1491 1015 1517; x_wconf 91' lang='lat' dir='ltr'>in</span> <span class='ocrx_word' id='word_1_640' title='bbox 1038 1491 1186 1526; x_wconf 79' lang='lat' dir='ltr'>dignitatis</span> <span class='ocrx_word' id='word_1_641' title='bbox 1210 1492 1324 1526; x_wconf 78' lang='lat' dir='ltr'>gradu3</span> <span class='ocrx_word' id='word_1_642' title='bbox 1342 1493 1456 1520; x_wconf 85' lang='lat' dir='ltr'>tertium</span> <span class='ocrx_word' id='word_1_643' title='bbox 1477 1493 1508 1520; x_wconf 87' lang='lat' dir='ltr'>in</span> <span class='ocrx_word' id='word_1_644' title='bbox 1528 1494 1648 1529; x_wconf 76' lang='lat' dir='ltr'>affectu3</span> <span class='ocrx_word' id='word_1_645' title='bbox 1666 1502 1754 1530; x_wconf 84' lang='lat' dir='ltr'>quar—</span> 
     </span>
     <span class='ocr_line' id='line_1_80' title="bbox 985 1537 1791 1577; baseline 0.01 -14"><span class='ocrx_word' id='word_1_646' title='bbox 985 1539 1046 1563; x_wconf 87' lang='lat' dir='ltr'>tum</span> <span class='ocrx_word' id='word_1_647' title='bbox 1061 1537 1092 1564; x_wconf 91' lang='lat' dir='ltr'>in</span> <span class='ocrx_word' id='word_1_648' title='bbox 1108 1538 1223 1565; x_wconf 82' lang='lat' dir='ltr'>effectu.</span> <span class='ocrx_word' id='word_1_649' title='bbox 1784 1572 1791 1577; x_wconf 65' lang='grc'><em>,</em></span> 
     </span>
     <span class='ocr_line' id='line_1_81' title="bbox 1021 1583 1754 1619; baseline 0.007 -10"><span class='ocrx_word' id='word_1_650' title='bbox 1021 1583 1065 1610; x_wconf 83' lang='lat' dir='ltr'>Ait</span> <span class='ocrx_word' id='word_1_651' title='bbox 1098 1591 1168 1618; x_wconf 87' lang='lat' dir='ltr'>ergo</span> <span class='ocrx_word' id='word_1_652' title='bbox 1197 1593 1202 1610; x_wconf 91' lang='lat'><strong>:</strong></span> <span class='ocrx_word' id='word_1_653' title='bbox 1220 1585 1284 1611; x_wconf 70' lang='lat' dir='ltr'>Fuz&#39;t</span> <span class='ocrx_word' id='word_1_654' title='bbox 1313 1585 1404 1619; x_wconf 87' lang='lat' dir='ltr'>homo,</span> <span class='ocrx_word' id='word_1_655' title='bbox 1427 1585 1535 1612; x_wconf 86' lang='lat' dir='ltr'>scilieet</span> <span class='ocrx_word' id='word_1_656' title='bbox 1566 1586 1667 1614; x_wconf 90' lang='lat' dir='ltr'>vivens</span> <span class='ocrx_word' id='word_1_657' title='bbox 1695 1587 1754 1615; x_wconf 84' lang='lat' dir='ltr'>vita</span> 
     </span>
     <span class='ocr_line' id='line_1_82' title="bbox 985 1629 1756 1668; baseline 0.005 -12"><span class='ocrx_word' id='word_1_658' title='bbox 985 1629 1172 1657; x_wconf 83' lang='lat' dir='ltr'>intellectuali</span> <span class='ocrx_word' id='word_1_659' title='bbox 1193 1633 1220 1658; x_wconf 88' lang='lat' dir='ltr'>et</span> <span class='ocrx_word' id='word_1_660' title='bbox 1238 1631 1392 1666; x_wconf 83' lang='lat' dir='ltr'>spirituali.</span> <span class='ocrx_word' id='word_1_661' title='bbox 1414 1633 1445 1658; x_wconf 87' lang='lat' dir='ltr'>Ut</span> <span class='ocrx_word' id='word_1_662' title='bbox 1466 1632 1544 1659; x_wconf 88' lang='lat' dir='ltr'>enim</span> <span class='ocrx_word' id='word_1_663' title='bbox 1563 1633 1602 1660; x_wconf 90' lang='lat' dir='ltr'>ait</span> <span class='ocrx_word' id='word_1_664' title='bbox 1624 1634 1756 1668; x_wconf 83' lang='lat' dir='ltr'>Augusti-</span> 
     </span>
     <span class='ocr_line' id='line_1_83' title="bbox 985 1677 1754 1714; baseline 0.007 -12"><span class='ocrx_word' id='word_1_665' title='bbox 985 1684 1041 1703; x_wconf 85' lang='lat' dir='ltr'>nus</span> <span class='ocrx_word' id='word_1_666' title='bbox 1057 1677 1076 1693; x_wconf 61' lang='grc' dir='ltr'>’ὃ</span> <span class='ocrx_word' id='word_1_667' title='bbox 1092 1686 1098 1703; x_wconf 87' lang='lat'>:</span> <span class='ocrx_word' id='word_1_668' title='bbox 1120 1687 1132 1702; x_wconf 85' lang='lat'>«</span> <span class='ocrx_word' id='word_1_669' title='bbox 1146 1678 1282 1705; x_wconf 80' lang='lat' dir='ltr'>Homines</span> <span class='ocrx_word' id='word_1_670' title='bbox 1295 1685 1357 1704; x_wconf 90' lang='lat' dir='ltr'>non</span> <span class='ocrx_word' id='word_1_671' title='bbox 1372 1678 1479 1705; x_wconf 87' lang='lat' dir='ltr'>distant</span> <span class='ocrx_word' id='word_1_672' title='bbox 1494 1687 1511 1706; x_wconf 83' lang='lat' dir='ltr'>a</span> <span class='ocrx_word' id='word_1_673' title='bbox 1524 1687 1628 1714; x_wconf 90' lang='lat' dir='ltr'>pecore</span> <span class='ocrx_word' id='word_1_674' title='bbox 1642 1680 1697 1707; x_wconf 88' lang='lat' dir='ltr'>nisi</span> <span class='ocrx_word' id='word_1_675' title='bbox 1709 1680 1754 1707; x_wconf 91' lang='lat' dir='ltr'>in-</span> 
     </span>
     <span class='ocr_line' id='line_1_84' title="bbox 985 1722 1753 1758; baseline 0.005 -9"><span class='ocrx_word' id='word_1_676' title='bbox 985 1722 1101 1750; x_wconf 87' lang='lat' dir='ltr'>tellectu</span> <span class='ocrx_word' id='word_1_677' title='bbox 1118 1732 1124 1750; x_wconf 76' lang='lat' dir='ltr'>z</span> <span class='ocrx_word' id='word_1_678' title='bbox 1142 1734 1155 1749; x_wconf 91' lang='lat'>»</span> <span class='ocrx_word' id='word_1_679' title='bbox 1168 1723 1252 1758; x_wconf 86' lang='lat' dir='ltr'>quasi</span> <span class='ocrx_word' id='word_1_680' title='bbox 1275 1723 1383 1752; x_wconf 80' lang='lat' dir='ltr'>diceret</span> <span class='ocrx_word' id='word_1_681' title='bbox 1399 1733 1405 1751; x_wconf 78' lang='lat' dir='ltr'><em>z</em></span> <span class='ocrx_word' id='word_1_682' title='bbox 1423 1726 1531 1752; x_wconf 85' lang='lat' dir='ltr'>Pecora</span> <span class='ocrx_word' id='word_1_683' title='bbox 1543 1727 1610 1752; x_wconf 88' lang='lat' dir='ltr'>suut</span> <span class='ocrx_word' id='word_1_684' title='bbox 1626 1726 1671 1753; x_wconf 91' lang='lat' dir='ltr'>vel</span> <span class='ocrx_word' id='word_1_685' title='bbox 1687 1726 1753 1754; x_wconf 87' lang='lat' dir='ltr'>bes-</span> 
     </span>
     <span class='ocr_line' id='line_1_85' title="bbox 986 1768 1755 1806; baseline 0.005 -11"><span class='ocrx_word' id='word_1_686' title='bbox 986 1768 1045 1803; x_wconf 63' lang='lat' dir='ltr'>tize,</span> <span class='ocrx_word' id='word_1_687' title='bbox 1059 1769 1109 1804; x_wconf 84' lang='lat' dir='ltr'>qui</span> <span class='ocrx_word' id='word_1_688' title='bbox 1128 1769 1231 1796; x_wconf 82' lang='lat' dir='ltr'>vivunt</span> <span class='ocrx_word' id='word_1_689' title='bbox 1249 1770 1411 1797; x_wconf 88' lang='lat' dir='ltr'>seeundum</span> <span class='ocrx_word' id='word_1_690' title='bbox 1430 1771 1699 1806; x_wconf 80' lang='lat' dir='ltr'>concupiscentias3</span> <span class='ocrx_word' id='word_1_691' title='bbox 1715 1772 1755 1799; x_wconf 88' lang='lat' dir='ltr'>vi-</span> 
     </span>
     <span class='ocr_line' id='line_1_86' title="bbox 986 1816 1757 1853; baseline 0.005 -12"><span class='ocrx_word' id='word_1_692' title='bbox 986 1823 1058 1842; x_wconf 82' lang='lat' dir='ltr'>vens</span> <span class='ocrx_word' id='word_1_693' title='bbox 1073 1817 1169 1842; x_wconf 84' lang='lat' dir='ltr'>antem</span> <span class='ocrx_word' id='word_1_694' title='bbox 1192 1816 1355 1843; x_wconf 89' lang='lat' dir='ltr'>secundum</span> <span class='ocrx_word' id='word_1_695' title='bbox 1369 1817 1512 1844; x_wconf 84' lang='lat' dir='ltr'>rationem</span> <span class='ocrx_word' id='word_1_696' title='bbox 1528 1819 1555 1845; x_wconf 90' lang='lat' dir='ltr'>et</span> <span class='ocrx_word' id='word_1_697' title='bbox 1568 1818 1659 1845; x_wconf 82' lang='lat' dir='ltr'>vitam</span> <span class='ocrx_word' id='word_1_698' title='bbox 1673 1818 1757 1853; x_wconf 90' lang='lat' dir='ltr'>spiri-</span> 
     </span>
     <span class='ocr_line' id='line_1_87' title="bbox 986 1861 1756 1898; baseline 0.005 -10"><span class='ocrx_word' id='word_1_699' title='bbox 986 1861 1109 1895; x_wconf 89' lang='lat' dir='ltr'>tualem,</span> <span class='ocrx_word' id='word_1_700' title='bbox 1126 1861 1216 1889; x_wconf 90' lang='lat' dir='ltr'>homo</span> <span class='ocrx_word' id='word_1_701' title='bbox 1232 1864 1273 1888; x_wconf 79' lang='lat' dir='ltr'>est</span> <span class='ocrx_word' id='word_1_702' title='bbox 1290 1871 1297 1889; x_wconf 76' lang='lat' dir='ltr'><em>z</em></span> <span class='ocrx_word' id='word_1_703' title='bbox 1315 1862 1410 1897; x_wconf 87' lang='lat' dir='ltr'>qualis</span> <span class='ocrx_word' id='word_1_704' title='bbox 1427 1862 1480 1890; x_wconf 74' lang='lat' dir='ltr'>suit</span> <span class='ocrx_word' id='word_1_705' title='bbox 1494 1863 1596 1891; x_wconf 87' lang='lat' dir='ltr'>beatus</span> <span class='ocrx_word' id='word_1_706' title='bbox 1610 1865 1736 1891; x_wconf 85' lang='lat' dir='ltr'>Joannes</span> <span class='ocrx_word' id='word_1_707' title='bbox 1747 1885 1756 1898; x_wconf 96' lang='lat'>,</span> 
     </span>
     <span class='ocr_line' id='line_1_88' title="bbox 987 1908 1757 1945; baseline 0.006 -12"><span class='ocrx_word' id='word_1_708' title='bbox 987 1909 1018 1934; x_wconf 84' lang='lat' dir='ltr'>ut</span> <span class='ocrx_word' id='word_1_709' title='bbox 1032 1910 1110 1942; x_wconf 87' lang='lat' dir='ltr'>patet</span> <span class='ocrx_word' id='word_1_710' title='bbox 1127 1908 1325 1935; x_wconf 81' lang='lat' dir='ltr'>consideranti</span> <span class='ocrx_word' id='word_1_711' title='bbox 1339 1909 1445 1936; x_wconf 86' lang='lat' dir='ltr'>seriem</span> <span class='ocrx_word' id='word_1_712' title='bbox 1460 1910 1523 1937; x_wconf 76' lang='lat' dir='ltr'>vitae</span> <span class='ocrx_word' id='word_1_713' title='bbox 1537 1918 1605 1945; x_wconf 84' lang='lat' dir='ltr'>suae,</span> <span class='ocrx_word' id='word_1_714' title='bbox 1618 1911 1657 1937; x_wconf 91' lang='lat' dir='ltr'>ob</span> <span class='ocrx_word' id='word_1_715' title='bbox 1673 1911 1757 1945; x_wconf 88' lang='lat' dir='ltr'>cujus</span> 
     </span>
     <span class='ocr_line' id='line_1_89' title="bbox 987 1953 1756 1992; baseline 0.005 -12"><span class='ocrx_word' id='word_1_716' title='bbox 987 1953 1178 1981; x_wconf 85' lang='lat' dir='ltr'>eminentiam</span> <span class='ocrx_word' id='word_1_717' title='bbox 1202 1954 1358 1983; x_wconf 83' lang='lat' dir='ltr'>videbatur</span> <span class='ocrx_word' id='word_1_718' title='bbox 1379 1963 1441 1983; x_wconf 88' lang='lat' dir='ltr'>esse</span> <span class='ocrx_word' id='word_1_719' title='bbox 1462 1957 1547 1991; x_wconf 81' lang='lat' dir='ltr'>quasi</span> <span class='ocrx_word' id='word_1_720' title='bbox 1567 1956 1690 1992; x_wconf 84' lang='lat' dir='ltr'>quidam</span> <span class='ocrx_word' id='word_1_721' title='bbox 1704 1964 1756 1984; x_wconf 86' lang='lat' dir='ltr'>an-</span> 
     </span>
     <span class='ocr_line' id='line_1_90' title="bbox 987 2000 1757 2036; baseline 0.006 -10"><span class='ocrx_word' id='word_1_722' title='bbox 987 2000 1079 2034; x_wconf 80' lang='lat' dir='ltr'>gelus.</span> <span class='ocrx_word' id='word_1_723' title='bbox 1106 2000 1185 2027; x_wconf 89' lang='lat' dir='ltr'>Unde</span> <span class='ocrx_word' id='word_1_724' title='bbox 1209 2000 1433 2036; x_wconf 80' lang='lat' dir='ltr'>chrysostomus</span> <span class='ocrx_word' id='word_1_725' title='bbox 1448 2002 1467 2018; x_wconf 85' lang='lat'>¹⁹</span> <span class='ocrx_word' id='word_1_726' title='bbox 1486 2011 1492 2029; x_wconf 91' lang='lat'>:</span> <span class='ocrx_word' id='word_1_727' title='bbox 1512 2012 1524 2028; x_wconf 89' lang='lat'>«</span> <span class='ocrx_word' id='word_1_728' title='bbox 1538 2004 1663 2031; x_wconf 85' lang='lat' dir='ltr'>Joannes</span> <span class='ocrx_word' id='word_1_729' title='bbox 1677 2004 1757 2031; x_wconf 88' lang='lat' dir='ltr'>velut</span> 
     </span>
     <span class='ocr_line' id='line_1_91' title="bbox 987 2046 1757 2084; baseline 0.005 -12"><span class='ocrx_word' id='word_1_730' title='bbox 987 2046 1093 2073; x_wconf 74' lang='lat' dir='ltr'>coelum</span> <span class='ocrx_word' id='word_1_731' title='bbox 1109 2054 1241 2073; x_wconf 86' lang='lat' dir='ltr'>eremum</span> <span class='ocrx_word' id='word_1_732' title='bbox 1256 2047 1414 2081; x_wconf 83' lang='lat' dir='ltr'>habitavit,</span> <span class='ocrx_word' id='word_1_733' title='bbox 1434 2047 1605 2076; x_wconf 79' lang='lat' dir='ltr'>altissimam</span> <span class='ocrx_word' id='word_1_734' title='bbox 1628 2049 1757 2084; x_wconf 84' lang='lat' dir='ltr'>philoso-</span> 
     </span>
     <span class='ocr_line' id='line_1_92' title="bbox 986 2092 1756 2130; baseline 0.005 -12"><span class='ocrx_word' id='word_1_735' title='bbox 986 2092 1087 2127; x_wconf 86' lang='lat' dir='ltr'>phiam</span> <span class='ocrx_word' id='word_1_736' title='bbox 1111 2092 1326 2120; x_wconf 57' lang='lat' dir='ltr'>demonstrans</span> <span class='ocrx_word' id='word_1_737' title='bbox 1342 2095 1375 2120; x_wconf 89' lang='lat' dir='ltr'>Et</span> <span class='ocrx_word' id='word_1_738' title='bbox 1398 2094 1481 2128; x_wconf 87' lang='lat' dir='ltr'>quasi</span> <span class='ocrx_word' id='word_1_739' title='bbox 1505 2095 1626 2129; x_wconf 82' lang='lat' dir='ltr'>angelus</span> <span class='ocrx_word' id='word_1_740' title='bbox 1650 2095 1756 2130; x_wconf 85' lang='lat' dir='ltr'>aliquis</span> 
     </span>
     <span class='ocr_line' id='line_1_93' title="bbox 987 2138 1756 2169; baseline 0.005 -5"><span class='ocrx_word' id='word_1_741' title='bbox 987 2146 1022 2165; x_wconf 81' lang='lat' dir='ltr'>ex</span> <span class='ocrx_word' id='word_1_742' title='bbox 1039 2138 1112 2165; x_wconf 89' lang='lat' dir='ltr'>coelo</span> <span class='ocrx_word' id='word_1_743' title='bbox 1124 2160 1131 2169; x_wconf 82' lang='lat'><em>‚</em></span> <span class='ocrx_word' id='word_1_744' title='bbox 1146 2139 1185 2165; x_wconf 89' lang='lat' dir='ltr'>ita</span> <span class='ocrx_word' id='word_1_745' title='bbox 1208 2139 1246 2166; x_wconf 75' lang='lat' dir='ltr'>ad</span> <span class='ocrx_word' id='word_1_746' title='bbox 1271 2139 1399 2167; x_wconf 81' lang='lat' dir='ltr'>civitates</span> <span class='ocrx_word' id='word_1_747' title='bbox 1413 2148 1430 2168; x_wconf 88' lang='lat' dir='ltr'>a</span> <span class='ocrx_word' id='word_1_748' title='bbox 1444 2140 1610 2168; x_wconf 85' lang='lat' dir='ltr'>solitudinis</span> <span class='ocrx_word' id='word_1_749' title='bbox 1626 2142 1756 2169; x_wconf 82' lang='lat' dir='ltr'>vastitate</span> 
     </span>
     <span class='ocr_line' id='line_1_94' title="bbox 988 2185 1757 2221; baseline 0.007 -11"><span class='ocrx_word' id='word_1_750' title='bbox 988 2185 1194 2212; x_wconf 83' lang='lat' dir='ltr'>descendebat.</span> <span class='ocrx_word' id='word_1_751' title='bbox 1212 2195 1224 2210; x_wconf 77' lang='lat' dir='ltr'>n</span> <span class='ocrx_word' id='word_1_752' title='bbox 1242 2187 1273 2212; x_wconf 71' lang='lat' dir='ltr'>ht</span> <span class='ocrx_word' id='word_1_753' title='bbox 1287 2186 1418 2221; x_wconf 76' lang='lat' dir='ltr'>sequitur</span> <span class='ocrx_word' id='word_1_754' title='bbox 1435 2196 1441 2212; x_wconf 97' lang='lat'><strong>:</strong></span> <span class='ocrx_word' id='word_1_755' title='bbox 1461 2196 1473 2212; x_wconf 76' lang='grc' dir='ltr'>ιι</span> <span class='ocrx_word' id='word_1_756' title='bbox 1485 2187 1638 2221; x_wconf 79' lang='lat' dir='ltr'>Angelicus</span> <span class='ocrx_word' id='word_1_757' title='bbox 1653 2187 1683 2214; x_wconf 90' lang='lat' dir='ltr'>in</span> <span class='ocrx_word' id='word_1_758' title='bbox 1698 2188 1757 2215; x_wconf 83' lang='lat' dir='ltr'>vita</span> 
     </span>
     <span class='ocr_line' id='line_1_95' title="bbox 986 2230 1757 2265; baseline 0.005 -8"><span class='ocrx_word' id='word_1_759' title='bbox 986 2230 1213 2258; x_wconf 83' lang='lat' dir='ltr'>monstrabatur.</span> <span class='ocrx_word' id='word_1_760' title='bbox 1228 2233 1383 2265; x_wconf 82' lang='lat' dir='ltr'>Propterea</span> <span class='ocrx_word' id='word_1_761' title='bbox 1393 2232 1541 2260; x_wconf 87' lang='lat' dir='ltr'>cilicinum</span> <span class='ocrx_word' id='word_1_762' title='bbox 1553 2233 1757 2261; x_wconf 88' lang='lat' dir='ltr'>vestimentum</span> 
     </span>
     <span class='ocr_line' id='line_1_96' title="bbox 986 2278 1757 2313; baseline 0.004 -9"><span class='ocrx_word' id='word_1_763' title='bbox 986 2278 1042 2313; x_wconf 90' lang='lat' dir='ltr'>ipsi</span> <span class='ocrx_word' id='word_1_764' title='bbox 1060 2280 1135 2311; x_wconf 84' lang='lat' dir='ltr'>erat,</span> <span class='ocrx_word' id='word_1_765' title='bbox 1150 2280 1182 2304; x_wconf 90' lang='lat' dir='ltr'>ut</span> <span class='ocrx_word' id='word_1_766' title='bbox 1200 2285 1252 2313; x_wconf 78' lang='lat' dir='ltr'>per</span> <span class='ocrx_word' id='word_1_767' title='bbox 1274 2278 1400 2313; x_wconf 71' lang='lat' dir='ltr'>figuram</span> <span class='ocrx_word' id='word_1_768' title='bbox 1425 2280 1539 2307; x_wconf 87' lang='lat' dir='ltr'>erudiat</span> <span class='ocrx_word' id='word_1_769' title='bbox 1562 2280 1599 2307; x_wconf 89' lang='lat' dir='ltr'>ab</span> <span class='ocrx_word' id='word_1_770' title='bbox 1620 2280 1757 2308; x_wconf 84' lang='lat' dir='ltr'>humanis</span> 
     </span>
     <span class='ocr_line' id='line_1_97' title="bbox 989 2323 1753 2356; baseline 0.003 -6"><span class='ocrx_word' id='word_1_771' title='bbox 989 2324 1138 2356; x_wconf 77' lang='lat' dir='ltr'>desistere,</span> <span class='ocrx_word' id='word_1_772' title='bbox 1155 2323 1228 2351; x_wconf 84' lang='lat' dir='ltr'>nihil</span> <span class='ocrx_word' id='word_1_773' title='bbox 1242 2324 1351 2352; x_wconf 86' lang='lat' dir='ltr'>habere</span> <span class='ocrx_word' id='word_1_774' title='bbox 1367 2333 1524 2353; x_wconf 89' lang='lat' dir='ltr'>commune</span> <span class='ocrx_word' id='word_1_775' title='bbox 1547 2326 1586 2353; x_wconf 88' lang='lat' dir='ltr'>ad</span> <span class='ocrx_word' id='word_1_776' title='bbox 1608 2329 1724 2354; x_wconf 86' lang='lat' dir='ltr'>terram.</span> <span class='ocrx_word' id='word_1_777' title='bbox 1740 2336 1753 2352; x_wconf 86' lang='lat'>»</span> 
     </span>
     <span class='ocr_line' id='line_1_98' title="bbox 987 2369 1756 2408; baseline 0.003 -11"><span class='ocrx_word' id='word_1_778' title='bbox 987 2369 1059 2402; x_wconf 79' lang='lat' dir='ltr'>Quia</span> <span class='ocrx_word' id='word_1_779' title='bbox 1076 2377 1146 2403; x_wconf 71' lang='lat' dir='ltr'>ergo</span> <span class='ocrx_word' id='word_1_780' title='bbox 1162 2369 1215 2396; x_wconf 79' lang='lat' dir='ltr'>fuit</span> <span class='ocrx_word' id='word_1_781' title='bbox 1235 2370 1363 2397; x_wconf 76' lang='lat' dir='ltr'>elevatus</span> <span class='ocrx_word' id='word_1_782' title='bbox 1385 2379 1471 2406; x_wconf 80' lang='lat' dir='ltr'>super</span> <span class='ocrx_word' id='word_1_783' title='bbox 1487 2380 1588 2399; x_wconf 90' lang='lat' dir='ltr'>omnes</span> <span class='ocrx_word' id='word_1_784' title='bbox 1603 2373 1756 2408; x_wconf 88' lang='lat' dir='ltr'>concupis-</span> 
     </span>
    </p>
   </div>
   <div class='ocr_carea' id='block_1_12' title="bbox 987 2434 1755 2566">
    <p class='ocr_par' dir='ltr' id='par_1_13' title="bbox 987 2434 1755 2566">
     <span class='ocr_line' id='line_1_99' title="bbox 989 2434 1755 2467; baseline 0.007 -12"><span class='ocrx_word' id='word_1_785' title='bbox 989 2447 1019 2451; x_wconf 91' lang='lat'>--</span> <span class='ocrx_word' id='word_1_786' title='bbox 1036 2434 1053 2449; x_wconf 77' lang='lat'>¹¹·</span> <span class='ocrx_word' id='word_1_787' title='bbox 1071 2435 1144 2463; x_wconf 53' lang='lat' dir='ltr'>Aug.r</span> <span class='ocrx_word' id='word_1_788' title='bbox 1161 2434 1185 2456; x_wconf 77' lang='lat' dir='ltr'>in</span> <span class='ocrx_word' id='word_1_789' title='bbox 1203 2434 1285 2463; x_wconf 65' lang='lat' dir='ltr'>scau„</span> <span class='ocrx_word' id='word_1_790' title='bbox 1304 2436 1375 2458; x_wconf 79' lang='lat' dir='ltr'>tract.</span> <span class='ocrx_word' id='word_1_791' title='bbox 1397 2441 1440 2462; x_wconf 88' lang='grc' dir='ltr'>ιιι,</span> <span class='ocrx_word' id='word_1_792' title='bbox 1457 2443 1480 2459; x_wconf 91' lang='grc' dir='ltr'>ιι.</span> <span class='ocrx_word' id='word_1_793' title='bbox 1495 2437 1518 2459; x_wconf 71' lang='lat'>5.</span> <span class='ocrx_word' id='word_1_794' title='bbox 1534 2449 1564 2453; x_wconf 89' lang='lat'><strong>—</strong></span> <span class='ocrx_word' id='word_1_795' title='bbox 1583 2437 1604 2453; x_wconf 79' lang='lat'>¹⁵</span> <span class='ocrx_word' id='word_1_796' title='bbox 1617 2437 1716 2467; x_wconf 61' lang='lat' dir='ltr'>EploeS„</span> <span class='ocrx_word' id='word_1_797' title='bbox 1732 2443 1755 2466; x_wconf 73' lang='lat' dir='ltr'>v,</span> 
     </span>
     <span class='ocr_line' id='line_1_100' title="bbox 988 2468 1753 2501; baseline 0.001 -8"><span class='ocrx_word' id='word_1_798' title='bbox 988 2471 1010 2493; x_wconf 83' lang='lat'>8.</span> <span class='ocrx_word' id='word_1_799' title='bbox 1027 2482 1050 2485; x_wconf 84' lang='lat'>-—</span> <span class='ocrx_word' id='word_1_800' title='bbox 1071 2469 1110 2491; x_wconf 69' lang='grc' dir='ltr'>16Ι</span> <span class='ocrx_word' id='word_1_801' title='bbox 1132 2468 1221 2497; x_wconf 52' lang='lat' dir='ltr'>Iliam,</span> <span class='ocrx_word' id='word_1_802' title='bbox 1243 2474 1265 2498; x_wconf 73' lang='grc' dir='ltr'>ν,</span> <span class='ocrx_word' id='word_1_803' title='bbox 1289 2470 1311 2492; x_wconf 73' lang='grc'>5.</span> <span class='ocrx_word' id='word_1_804' title='bbox 1327 2482 1357 2486; x_wconf 80' lang='lat'>-—</span> <span class='ocrx_word' id='word_1_805' title='bbox 1372 2470 1390 2485; x_wconf 81' lang='lat'>¹⁷</span> <span class='ocrx_word' id='word_1_806' title='bbox 1411 2471 1467 2500; x_wconf 88' lang='lat' dir='ltr'>lnt&#39;.,</span> <span class='ocrx_word' id='word_1_807' title='bbox 1486 2476 1525 2501; x_wconf 69' lang='grc' dir='ltr'>ιιι,</span> <span class='ocrx_word' id='word_1_808' title='bbox 1545 2474 1580 2494; x_wconf 72' lang='grc'>19.</span> <span class='ocrx_word' id='word_1_809' title='bbox 1597 2485 1621 2488; x_wconf 78' lang='lat'>--</span> <span class='ocrx_word' id='word_1_810' title='bbox 1644 2472 1662 2487; x_wconf 55' lang='grc' dir='ltr'>μ’</span> <span class='ocrx_word' id='word_1_811' title='bbox 1681 2475 1753 2501; x_wconf 63' lang='lat' dir='ltr'>Aug„</span> 
     </span>
     <span class='ocr_line' id='line_1_101' title="bbox 987 2504 1753 2535; baseline 0.003 -8"><span class='ocrx_word' id='word_1_812' title='bbox 987 2504 1029 2527; x_wconf 87' lang='lat' dir='ltr'>ubi</span> <span class='ocrx_word' id='word_1_813' title='bbox 1050 2510 1115 2533; x_wconf 75' lang='lat' dir='ltr'>sup„</span> <span class='ocrx_word' id='word_1_814' title='bbox 1136 2510 1160 2526; x_wconf 87' lang='lat' dir='ltr'>u.</span> <span class='ocrx_word' id='word_1_815' title='bbox 1182 2504 1204 2526; x_wconf 80' lang='grc' dir='ltr'>Ιι.</span> <span class='ocrx_word' id='word_1_816' title='bbox 1223 2516 1253 2520; x_wconf 90' lang='lat'>—</span> <span class='ocrx_word' id='word_1_817' title='bbox 1276 2505 1292 2517; x_wconf 67' lang='lat'>¹³¹</span> <span class='ocrx_word' id='word_1_818' title='bbox 1312 2504 1451 2535; x_wconf 61' lang='lat' dir='ltr'>Clirysost„</span> <span class='ocrx_word' id='word_1_819' title='bbox 1471 2506 1496 2529; x_wconf 83' lang='lat' dir='ltr'>in</span> <span class='ocrx_word' id='word_1_820' title='bbox 1515 2507 1615 2535; x_wconf 57' lang='lat' dir='ltr'>Mami„</span> <span class='ocrx_word' id='word_1_821' title='bbox 1634 2506 1703 2530; x_wconf 80' lang='lat' dir='ltr'>honi.</span> <span class='ocrx_word' id='word_1_822' title='bbox 1725 2513 1753 2535; x_wconf 79' lang='lat' dir='ltr'>x,</span> 
     </span>
     <span class='ocr_line' id='line_1_102' title="bbox 988 2547 1089 2566; baseline -0.01 -4"><span class='ocrx_word' id='word_1_823' title='bbox 988 2547 1013 2563; x_wconf 81' lang='lat'>11.</span> <span class='ocrx_word' id='word_1_824' title='bbox 1029 2550 1052 2566; x_wconf 71' lang='grc' dir='ltr'>ἕ),</span> <span class='ocrx_word' id='word_1_825' title='bbox 1068 2549 1089 2561; x_wconf 55' lang='grc' dir='ltr'>Ὶι.</span> 
     </span>
    </p>
   </div>
   <div class='ocr_carea' id='block_1_13' title="bbox 988 2579 1754 2683">
    <p class='ocr_par' dir='ltr' id='par_1_14' title="bbox 988 2579 1754 2683">
     <span class='ocr_line' id='line_1_103' title="bbox 1022 2579 1752 2613; baseline 0.005 -11"><span class='ocrx_word' id='word_1_826' title='bbox 1022 2581 1053 2610; x_wconf 78' lang='grc' dir='ltr'>(ιι)</span> <span class='ocrx_word' id='word_1_827' title='bbox 1071 2579 1142 2610; x_wconf 73' lang='lat' dir='ltr'>Vulq.</span> <span class='ocrx_word' id='word_1_828' title='bbox 1158 2581 1203 2603; x_wconf 82' lang='lat' dir='ltr'>est.</span> <span class='ocrx_word' id='word_1_829' title='bbox 1224 2592 1250 2596; x_wconf 83' lang='lat'>—-</span> <span class='ocrx_word' id='word_1_830' title='bbox 1269 2580 1299 2609; x_wconf 79' lang='lat' dir='ltr'>(b)</span> <span class='ocrx_word' id='word_1_831' title='bbox 1316 2581 1389 2604; x_wconf 68' lang='lat' dir='ltr'>Forte</span> <span class='ocrx_word' id='word_1_832' title='bbox 1404 2582 1452 2612; x_wconf 69' lang='lat' dir='ltr'>leq.</span> <span class='ocrx_word' id='word_1_833' title='bbox 1466 2583 1621 2606; x_wconf 81' lang='lat' dir='ltr'>cliaritas.—</span> <span class='ocrx_word' id='word_1_834' title='bbox 1632 2583 1662 2612; x_wconf 72' lang='lat' dir='ltr'>(c)</span> <span class='ocrx_word' id='word_1_835' title='bbox 1684 2582 1752 2613; x_wconf 77' lang='lat' dir='ltr'>Vulq.</span> 
     </span>
     <span class='ocr_line' id='line_1_104' title="bbox 988 2615 1754 2647; baseline 0 -7"><span class='ocrx_word' id='word_1_836' title='bbox 988 2617 1011 2640; x_wconf 84' lang='lat' dir='ltr'>in</span> <span class='ocrx_word' id='word_1_837' title='bbox 1029 2615 1122 2639; x_wconf 76' lang='lat' dir='ltr'>lumine</span> <span class='ocrx_word' id='word_1_838' title='bbox 1141 2617 1264 2637; x_wconf 62' lang='lat' dir='ltr'>munct-</span> <span class='ocrx_word' id='word_1_839' title='bbox 1280 2615 1314 2645; x_wconf 76' lang='lat' dir='ltr'>(tl)</span> <span class='ocrx_word' id='word_1_840' title='bbox 1336 2618 1395 2639; x_wconf 62' lang='lat' dir='ltr'>(fal.</span> <span class='ocrx_word' id='word_1_841' title='bbox 1415 2618 1473 2639; x_wconf 68' lang='lat' dir='ltr'>mlae&#39;t.</span> <span class='ocrx_word' id='word_1_842' title='bbox 1491 2618 1585 2641; x_wconf 73' lang='lat' dir='ltr'>Eclucit.</span> <span class='ocrx_word' id='word_1_843' title='bbox 1601 2631 1631 2636; x_wconf 92' lang='lat'><strong>—</strong></span> <span class='ocrx_word' id='word_1_844' title='bbox 1648 2618 1677 2647; x_wconf 86' lang='lat' dir='ltr'>(e)</span> <span class='ocrx_word' id='word_1_845' title='bbox 1693 2618 1754 2641; x_wconf 78' lang='lat' dir='ltr'>Item</span> 
     </span>
     <span class='ocr_line' id='line_1_105' title="bbox 988 2650 1608 2683; baseline 0.003 -9"><span class='ocrx_word' id='word_1_846' title='bbox 988 2652 1078 2675; x_wconf 78' lang='lat' dir='ltr'>solum.</span> <span class='ocrx_word' id='word_1_847' title='bbox 1101 2663 1119 2667; x_wconf 51' lang='grc' dir='ltr'><strong>ν</strong></span> <span class='ocrx_word' id='word_1_848' title='bbox 1141 2652 1174 2680; x_wconf 55' lang='lat' dir='ltr'>ts)</span> <span class='ocrx_word' id='word_1_849' title='bbox 1195 2650 1262 2680; x_wconf 71' lang='lat' dir='ltr'>tuly.</span> <span class='ocrx_word' id='word_1_850' title='bbox 1278 2658 1375 2674; x_wconf 73' lang='lat' dir='ltr'>sumus.</span> <span class='ocrx_word' id='word_1_851' title='bbox 1391 2665 1421 2670; x_wconf 96' lang='lat'><strong>—</strong></span> <span class='ocrx_word' id='word_1_852' title='bbox 1440 2653 1472 2683; x_wconf 72' lang='lat' dir='ltr'>(y)</span> <span class='ocrx_word' id='word_1_853' title='bbox 1492 2654 1548 2683; x_wconf 57' lang='grc' dir='ltr'>ιαμ.</span> <span class='ocrx_word' id='word_1_854' title='bbox 1564 2653 1608 2676; x_wconf 87' lang='lat' dir='ltr'>sic.</span> 
     </span>
    </p>
   </div>
  </div>
 </body>
</html>
