1987 3032
145 205 203 234 306

142 271 246 305 quitur,
262 271 315 297 etc.
332 270 364 297 Ut
377 269 416 298 ait
430 268 606 304 Augustinus
622 269 629 285 ¹
649 276 655 294 :
673 276 685 292 t<
696 266 749 300 Qui
760 266 915 298 noverant,

142 324 202 351 qua
216 316 325 343 saevitia
345 316 543 352 quaerebatur,
566 314 750 342 mirabantur
761 334 770 348 ,
787 320 846 348 qua
862 319 915 348 po-

142 363 231 390 tentia
252 370 312 390 non
336 362 499 390 tenebatur.
517 372 530 386 n
546 360 723 394 Ignorabant
738 359 817 386 enim
831 358 915 394 quod

143 409 183 436 ait
197 409 341 442 Salvator,
354 409 429 435 inira
444 408 454 424 '²
470 417 476 434 ε
492 417 505 432 «
521 409 610 435 Nemo
625 406 701 434 tollit
716 414 781 433 eam
797 414 813 432 a
827 413 885 439 me,
898 415 911 430 ι)

143 455 174 483 id
190 457 242 488 est,
257 455 397 482 unimam.
413 454 491 481 «Sed
505 462 560 486 ego
573 461 653 488 pono
671 452 705 487 (a)
722 460 787 479 cam
799 460 883 479 ame.
899 462 911 477 »

143 502 282 537 Numquid
297 509 356 528 vere
375 503 551 535 manaverunt
566 501 701 535 principes
712 520 720 533 ,
737 501 790 526 ete.
807 508 820 524 κ
833 500 916 526 Puta-

142 550 247 576 verunt
261 548 356 582 enim,
375 547 458 583 quod
479 547 627 583 principes
653 547 855 580 cognoverunt
871 545 915 580 ip-

143 603 209 622 sum
224 602 285 621 esse
306 593 462 627 Christum,
484 595 511 620 et
533 592 602 619 ideo
625 592 651 619 ei
676 593 884 627 pepercerunt,
899 601 912 616 »

143 641 183 669 ait
197 640 372 676 Augustinus
385 641 404 666 ³.
422 641 453 666 Et
469 639 490 666 si
506 639 545 666 ita
560 638 614 666 fuit
631 638 667 665 de
683 638 771 673 ipsis,
786 638 794 672 (
810 646 840 664 v.
861 637 914 672 27)

144 694 190 714 nos
213 687 311 713 scimus
329 707 338 720 ,
362 686 432 712 unde
459 686 511 712 scit
532 705 540 719 ‚
562 684 704 720 quoniam
724 692 741 711 a
766 683 913 710 Nazareth.

143 732 236 768 Supra
262 731 271 746 ’”
293 741 299 758 ;
327 742 340 757 (ι
367 731 534 759 invenimus
565 731 662 766 ipsum
685 738 702 758 a
726 730 875 758 Nazareth.
899 739 912 755 n

146 779 267 805 Christus
289 780 377 805 autem
391 786 447 804 cum
462 779 564 804 venerit
575 797 584 809 ,
599 784 671 804 nemo
690 778 741 803 scit
754 797 761 810 ‚
781 776 852 803 uncle
866 777 912 802 sit.

143 824 249 858 Quaerit
259 824 437 858 Augustinus
447 824 456 840 Β
469 833 476 851 :
495 823 574 850 Unde
588 823 642 850 fuit
656 824 724 850 nata
738 822 798 849 haec
813 821 914 857 opinio

142 871 223 906 apud
237 870 371 904 Judaeos,
387 870 470 905 quod
494 877 582 896 nemo
600 869 671 902 seit,
693 869 772 896 unde
787 868 915 896 Christus

141 917 177 944 sit
192 917 206 944 ?
220 918 254 944 Et
276 917 314 944 ad
329 917 386 944 hoe
400 916 575 952 respondet,
592 915 674 951 quod
699 915 824 942 inaniter
846 917 915 942 nata

142 965 198 998 est,
213 964 355 1000 quoniam
367 964 397 991 in
411 963 557 999 Scriptura
573 962 678 990 dicitur
692 962 701 977 θ
717 971 723 989 z
741 972 753 987 «
768 961 913 994 Quoniam

141 1012 284 1038 Nazareus
306 1010 471 1043 vocabitur,
499 1019 512 1034 n
537 1009 701 1036 secundum
724 1008 814 1035 aliam
837 1007 914 1034 litte-

141 1064 221 1091 ram,
237 1056 278 1083 ibi
289 1057 299 1073 '¹
314 1065 320 1083 :
338 1066 352 1082 ι(
368 1058 400 1083 Et
414 1056 468 1083 ssos
488 1056 525 1083 de
544 1055 642 1083 radice
658 1055 720 1090 ejus
734 1053 881 1087 ascendet,
898 1064 911 1079 »

141 1104 229 1138 prout
243 1102 363 1138 exponit
375 1102 570 1137 Hieronymus
583 1102 604 1129 ⁸.
622 1101 685 1128 Alia
701 1108 773 1128 vero
788 1099 915 1135 Scriptu-

141 1156 184 1183 ra,
201 1149 343 1184 quoniam
358 1149 389 1175 in
403 1148 580 1175 Bethlehem.
603 1149 635 1174 Et
656 1147 713 1174 hoc
738 1147 824 1180 ideo,
845 1146 914 1181 quia

141 1195 172 1222 in
187 1195 353 1222 Bethlehem
368 1197 466 1228 natus,
483 1194 552 1229 quia
565 1194 595 1220 in
610 1193 749 1221 Nazareth
764 1192 912 1219 educatus.

142 1241 221 1275 ideo,
240 1251 253 1266 «
268 1241 430 1268 secundum
450 1240 613 1274 hominem,
634 1239 786 1274 Scripturae
809 1238 915 1274 praedi-

142 1286 263 1315 xerunt⁹
274 1287 353 1314 unde
369 1289 457 1321 esset,
469 1286 632 1313 secuudum
647 1287 737 1312 Deum
751 1293 832 1319 vero,
845 1285 915 1312 late-

142 1334 192 1361 bat
214 1334 338 1369 impios,
358 1335 386 1360 et
411 1332 561 1368 quaerebat
579 1332 654 1367 pios.
673 1334 694 1349 ²⁰
714 1332 915 1359 Generationem

142 1381 198 1414 ejus
214 1381 276 1414 quis
291 1380 451 1407 enarrabit?
467 1380 531 1406 Haec
546 1378 722 1413 Augustinus
737 1377 766 1405 ¹¹.
783 1379 815 1405 Et
830 1377 914 1413 quasi

144 1426 224 1453 idem
239 1426 472 1461 Chrysostomus.

176 1474 220 1499 ⁶28.
243 1472 379 1507 Sequitur
401 1471 530 1499 secunda
552 1470 712 1506 particula,
734 1469 844 1497 scilicet
866 1477 915 1497 co-

141 1526 208 1546 rum
231 1518 408 1552 confutatio,
424 1518 484 1544 sive
509 1517 672 1550 convictio,
693 1516 734 1543 ibi
751 1525 757 1543 :
775 1517 914 1544 Clamabat

142 1572 202 1599 erqo
216 1565 302 1598 Iesus,
317 1566 370 1591 etc.
387 1563 443 1591 Sed
458 1563 581 1599 qualiter
597 1563 664 1596 hoc,
676 1562 746 1598 quia
758 1562 863 1589 dicitur
875 1561 912 1589 ¹²:

144 1620 158 1636 «
183 1613 246 1638 Non
275 1610 414 1637 clamabit
428 1631 436 1644 ,
465 1617 561 1644 neque
598 1609 734 1636 audietur
759 1608 830 1635 foris
857 1616 914 1635 vox

143 1657 215 1691 ejus.
231 1666 243 1682 n
258 1657 290 1683 Et
313 1656 352 1683 ad
374 1655 453 1682 istud
475 1655 719 1690 respondendum
733 1675 742 1688 ,
766 1655 848 1689 quod
873 1654 913 1681 ibi

143 1703 274 1738 loquitur
289 1702 325 1729 de
341 1702 470 1729 clamore
486 1701 689 1729 contentionis.
713 1701 792 1728 Unde
815 1700 915 1728 Glossa

144 1749 185 1776 ibi
202 1758 208 1776 :
228 1758 241 1774 «
255 1750 318 1776 Non
333 1748 472 1776 clamabit
489 1748 567 1775 mitis
588 1750 615 1775 et
638 1748 818 1774 mansuetus.
835 1757 848 1771 »
866 1746 915 1773 liic

145 1803 213 1823 vero
225 1795 356 1831 loquitur
371 1795 407 1822 de
421 1795 550 1822 clamore
569 1793 786 1829 praedicationis
804 1795 831 1820 et
846 1793 916 1820 doc-

146 1841 226 1869 trinae
242 1842 262 1859 ¹³
285 1851 291 1868 :
314 1851 328 1867 (ι
342 1841 487 1876 Sapientia
510 1840 580 1868 foris
604 1839 742 1867 clamitat.
760 1850 773 1865 »
791 1841 825 1866 Et
837 1840 917 1873 patet

145 1888 234 1923 ipsius
249 1888 288 1915 ad
300 1887 524 1923 praedicandum
538 1886 749 1919 affectuositas,
767 1885 837 1921 quia
855 1885 915 1912 cla-

144 1934 263 1969 mabat3
285 1936 313 1961 et
333 1933 506 1961 eruditionis
530 1933 637 1960 veritas
658 1953 667 1966 ,
685 1932 755 1968 quia
779 1933 840 1958 erat
863 1931 915 1958 do-

145 1988 212 2008 cens
221 1990 229 2015 3
245 1982 273 2008 et
287 1981 365 2015 patet
381 1979 439 2007 loci
459 1979 596 2006 doctrinae
612 1978 829 2011 ordinabilitas,
844 1977 916 2012 quia

145 2027 175 2054 in
186 2026 307 2062 templo.
322 2027 357 2052 Et
371 2034 411 2053 me
431 2028 524 2059 scitis,
540 2025 649 2052 scilicet
668 2024 831 2052 seeundum
854 2031 915 2051 car-

145 2081 213 2100 nem
241 2075 268 2100 et
294 2072 422 2107 effigiem
446 2071 575 2098 hominis
604 2079 695 2106 quam
721 2070 842 2105 gerebat
857 2079 865 2105 ς
892 2072 916 2097 et

144 2120 215 2146 uude
229 2121 296 2151 sim,
320 2120 413 2152 scz'tz's,
429 2118 538 2145 seilicet
552 2119 697 2153 quantum
713 2117 752 2144 ad
767 2116 916 2144 educatio-

145 2173 223 2200 nem,
243 2165 314 2200 quia
336 2173 353 2192 a
371 2164 519 2192 Nazareth.
537 2163 593 2191 Sed
616 2163 765 2198 qualiter?
790 2162 829 2190 ait
853 2163 916 2197 lpse

145 2213 223 2239 enim
241 2214 300 2240 erat
316 2211 393 2238 filius
408 2210 544 2245 Virginis,
559 2209 642 2245 quod
657 2208 712 2243 ipsi
727 2208 915 2243 ignorabant.

146 2261 177 2286 Et
191 2260 229 2287 ad
245 2259 321 2287 istud
334 2258 578 2294 respondendum
592 2256 756 2285 seeundum
780 2255 915 2290 Augusti—

145 2314 217 2333 num
235 2306 255 2323 Γ*
265 2327 273 2339 ,
297 2305 379 2341 quod
393 2305 473 2333 solus
491 2307 592 2340 partus
606 2303 730 2338 Virginis
745 2302 873 2336 latebat,
889 2304 917 2329 et

146 2352 197 2380 illo
224 2354 345 2387 excepto
371 2354 466 2379 totum
491 2352 654 2385 noverant,
678 2349 788 2376 scilicet
815 2348 916 2375 locum

178 2424 186 2440 ¹
201 2424 276 2453 Aug„
294 2423 319 2445 in
335 2422 417 2450 Ιοαη..
434 2423 506 2446 tract.
523 2427 597 2449 XXXI,
612 2427 636 2445 u.
655 2422 675 2445 1.
691 2433 721 2437 —
736 2419 820 2448 ²1nf.,
836 2418 915 2447 x,18.

149 2473 175 2476 —
191 2459 200 2473 ³
217 2460 290 2488 Aug„
306 2457 349 2480 ubi
363 2464 419 2487 sup.
435 2470 463 2474 —
484 2457 493 2473 ⁴
505 2457 577 2486 Sup.‚
591 2462 614 2486 x,
630 2457 705 2479 45.—
721 2456 730 2471 ⁵
746 2455 819 2484 Aug,
841 2453 914 2483 ibid„

147 2501 172 2518 n.
189 2496 212 2518 2.
227 2507 257 2510 —
273 2494 281 2507 θ
296 2491 398 2519 Mutth.,
416 2497 450 2520 ιι,
465 2493 502 2514 23.
518 2504 547 2508 —-
563 2492 570 2505 ⁷
587 2492 645 2520 Im„
664 2496 700 2519 xr,
718 2493 740 2514 1,
760 2498 772 2511 ‹<
788 2490 836 2512 Pro
854 2488 916 2518 flore

147 2528 265 2552 hebraice
280 2529 317 2551 est
331 2526 393 2560 '332
412 2526 522 2556 (netser)
541 2533 546 2548 :
563 2526 630 2549 unde
646 2525 814 2554 Maldanatus,
829 2524 917 2547 ,lause—

147 2564 212 2594 nius,
227 2566 252 2586 et
266 2562 307 2586 alii
321 2562 388 2592 apud
404 2561 601 2590 Hieronymum,
616 2560 743 2584 Christum
761 2560 857 2583 dictum
871 2565 916 2588 pu-

148 2602 201 2624 tant
218 2601 366 2624 Nazarieum
388 2597 427 2621 vel
451 2597 642 2620 Nazarenum.»
668 2597 744 2620 Corn.
770 2603 784 2619 a
807 2596 866 2625 Lap.
892 2595 917 2617 in

148 2636 249 2660 lsuiam.
265 2647 295 2652 —
309 2634 319 2650 ⁸
335 2633 451 2663 Hieron„
466 2632 491 2655 in
507 2631 608 2661 Mansa„
623 2631 668 2655 lib.
687 2632 712 2661 1,
726 2638 748 2654 c.
765 2637 799 2660 11,
815 2631 841 2654 in
857 2630 915 2652 line.

664 198 877 230 EVANGELII
902 196 1040 229 SANCTI
1062 197 1227 229 JOANNIS

971 264 1170 298 educationis,
1183 266 1211 292 et
1222 264 1349 300 effigiem
1364 265 1446 293 faciei
1461 265 1621 293 exterioris
1639 265 1742 294 Secun-

971 311 1043 338 dum
1058 313 1156 338 tamen
1181 311 1362 340 divinitatem
1384 312 1571 346 nesciebant:
1595 311 1663 339 ideo
1678 312 1718 339 ait
1734 321 1741 339 z

970 358 995 385 Α
1010 366 1050 385 me
1064 360 1122 393 ipso
1137 366 1189 385 non
1207 360 1287 391 veni,
1303 359 1412 387 scilicet
1426 359 1589 386 secundum
1605 358 1743 386 divinita-

970 406 1028 432 tem
1041 415 1048 437 ;
1064 405 1109 432 sed
1131 407 1169 432 est
1183 413 1260 432 verus
1273 427 1281 437 ,
1294 407 1342 439 qui
1360 407 1436 433 misit
1450 414 1490 432 me
1502 427 1509 439 ,
1530 414 1605 440 quern
1620 413 1664 432 tos
1684 413 1742 432 nes-

970 453 1054 485 citis,
1071 451 1204 478 excaecati
1226 451 1335 478 scilicet
1363 451 1533 479 infidelitate
1557 461 1563 479 ε
1585 461 1598 476 (ι
1620 451 1744 478 Mundus

970 498 1049 526 enirn
1065 506 1133 525 eum
1148 505 1209 525 non
1224 497 1374 532 cognovit,
1387 509 1400 524 »
1416 506 1504 534 supra
1519 499 1549 526 ¹⁵.
1565 500 1597 526 Et
1612 497 1684 526 alibi
1701 498 1721 515 ¹⁸
1735 507 1741 524 :

972 555 985 570 (t
999 546 1097 580 Neque
1123 546 1237 571 Patrem
1253 544 1318 579 quis
1340 544 1432 578 novit,
1456 545 1614 572 nisi-Filius
1625 566 1634 579 ‚
1650 546 1677 572 ct
1695 544 1742 572 cui

970 591 1096 618 volucrit
1118 590 1205 618 Filius
1231 590 1373 618 revelare.
1392 600 1405 616 n
1422 592 1454 618 Et
1468 590 1498 617 in
1519 590 1576 618 hoc
1596 591 1743 618 convincit

971 645 1031 671 eos,
1041 639 1073 664 ut
1084 637 1125 664 ait
1133 637 1357 673 Chrysostomus
1368 637 1396 662 ¹⁷.
1409 636 1546 664 Dixerant
1557 637 1636 664 enim
1649 637 1741 672 prius,

970 683 1053 719 quod
1077 683 1226 717 sciebant,
1249 683 1329 710 unde
1354 683 1415 718 ipse
1442 684 1519 717 erat;
1539 682 1631 710 modo
1653 683 1692 710 ait
1712 691 1743 711 se

970 738 1031 757 csse
1044 730 1203 764 Christum,
1220 731 1248 757 et
1262 732 1360 757 tamen
1378 729 1555 764 ignorabant
1576 728 1655 757 unde
1671 731 1742 757 erat.

970 777 1002 804 Et
1015 777 1086 812 quia
1105 776 1292 803 desiderabat
1307 776 1430 803 salutem
1447 775 1596 810 omnium,
1616 785 1629 801 «
1644 776 1742 811 subje-

970 822 1022 855 eit,
1036 822 1116 849 unde
1136 824 1271 858 poterant
1292 822 1365 849 scire
1378 822 1462 858 quod
1476 822 1661 856 nesciebant,
1676 833 1689 847 υ
1706 822 1744 849 si-

970 870 1018 896 cut
1033 868 1186 895 continuat
1197 869 1375 903 Augustinus
1390 868 1421 896 ¹⁸.

1003 916 1048 942 29.
1064 916 1120 949 1390
1132 916 1186 942 scz'o
1201 923 1268 942 eum.
1280 917 1311 942 Et
1323 915 1363 942 sic
1374 915 1493 950 quaerite
1505 923 1522 943 a
1537 923 1595 950 me,
1606 917 1637 943 ut
1647 915 1743 943 sciatis

969 969 1048 988 eum.
1065 963 1097 988 Et
1110 962 1176 988 idco
1192 962 1252 989 scio
1273 970 1352 995 eum,
1368 963 1434 996 qnia
1450 970 1466 988 a
1482 963 1590 997 meipso
1605 970 1656 989 non
1672 969 1739 988 sum.

969 1008 1062 1043 Supra
1072 1008 1092 1024 ¹⁹
1104 1017 1129 1034 :a
1140 1009 1230 1035 Deum
1241 1016 1329 1035 nemo
1338 1007 1411 1035 vidit
1421 1016 1563 1043 unquam,
1573 1007 1628 1035 nisi
1638 1008 1741 1043 unige-

969 1054 1046 1081 nitus
1060 1054 1110 1090 qui
1122 1054 1203 1082 estin
1212 1055 1276 1081 sinu
1285 1055 1384 1088 Patris,
1395 1055 1455 1090 ipse
1465 1055 1621 1082 enarravit.
1631 1065 1644 1080 »
1652 1055 1674 1072 ²⁰
1685 1064 1698 1080 a
1712 1056 1743 1082 Et

969 1100 992 1127 si
999 1100 1110 1134 dixero,
1119 1100 1294 1136 quianescio
1301 1108 1379 1134 eum,
1387 1110 1401 1126 »
1410 1101 1492 1136 quod
1501 1100 1741 1136 estimpossibile,

969 1147 1009 1173 ait
1024 1146 1140 1180 Glossa,
1158 1156 1170 1171 ‹<
1186 1155 1235 1174 ero
1251 1146 1354 1173 similis
1368 1147 1468 1181 vobiS,
1485 1147 1648 1174 mendax.»
1661 1148 1742 1180 Quae-

969 1192 1052 1226 ritur,
1068 1192 1194 1228 qualiter
1209 1193 1249 1219 ait
1263 1192 1377 1226 Glossa,
1393 1193 1476 1228 quod
1490 1192 1673 1228 impossibile
1683 1195 1740 1227 est,

969 1240 1052 1274 quod
1075 1239 1183 1267 diceret
1206 1239 1294 1266 Filius
1318 1250 1326 1266 .·
1350 1242 1406 1274 1390
1427 1242 1512 1267 nescio
1537 1248 1604 1267 eum.
1622 1239 1742 1267 Videtur

970 1286 1048 1313 enim
1070 1285 1152 1321 quod
1172 1288 1269 1321 posset
1289 1286 1479 1321 pronuntiare
1500 1286 1554 1313 has
1577 1285 1739 1313 dictiones:

969 1333 1064 1360 Nescio
1093 1340 1161 1359 eam.
1193 1333 1224 1359 Et
1249 1331 1288 1359 ad
1316 1331 1395 1359 istud
1422 1332 1664 1367 respondendum
1679 1334 1740 1366 est,

969 1378 1052 1414 quod
1067 1379 1109 1405 est
1120 1378 1203 1413 loqui
1217 1377 1438 1413 pronuntiando
1453 1378 1598 1413 praedictis
1613 1378 1742 1406 vocabu-

969 1424 1004 1451 lis
1019 1433 1086 1451 cum
1099 1424 1239 1451 assertiva
1253 1424 1434 1452 affimatione
1444 1445 1452 1458 ,
1468 1426 1496 1451 et
1519 1424 1559 1451 sic
1579 1432 1640 1452 non
1659 1427 1741 1460 pote-

968 1473 1013 1498 rat
1027 1471 1123 1498 dicere
1141 1481 1146 1498 :
1164 1472 1259 1499 Nescio
1274 1479 1341 1504 eum,
1357 1471 1427 1506 quia
1445 1479 1507 1498 non
1526 1473 1640 1506 poterat
1659 1478 1740 1498 men-

969 1516 1029 1550 tiri,
1047 1525 1115 1544 cum
1138 1517 1194 1544 hoc
1218 1525 1278 1544 non
1302 1517 1336 1544 sit
1351 1525 1456 1552 posse;
1472 1517 1519 1544 vel
1540 1519 1581 1544 est
1604 1517 1687 1552 loqui
1703 1517 1739 1544 dc

968 1562 1161 1590 fornicatione
1168 1563 1382 1590 vocabulorum
1391 1565 1513 1597 tantum,
1521 1562 1739 1598 circumscripto

969 1617 1056 1635 sensu
1086 1609 1218 1636 interiori
1233 1630 1242 1643 ‚
1266 1611 1293 1636 et
1320 1609 1361 1636 sic
1387 1611 1501 1644 poterat
1528 1609 1659 1644 proferre
1687 1609 1740 1637 illa

969 1655 1070 1682 verba.
1093 1655 1244 1689 Quaeritur,
1266 1655 1391 1690 qualiter
1411 1655 1451 1682 ait
1468 1664 1474 1682 :
1490 1656 1524 1682 Ει
1539 1663 1579 1682 me
1600 1657 1695 1690 scitis3
1711 1657 1740 1683 et

969 1703 1035 1736 post
1049 1701 1067 1718 2¹
1082 1702 1228 1730 :Nesciunt
1243 1709 1300 1728 eum
1310 1702 1355 1737 (b),
1368 1704 1415 1736 qui
1426 1711 1465 1729 me
1476 1703 1567 1736 misit,
1579 1710 1647 1729 cum
1662 1701 1739 1730 dica-

968 1749 1016 1774 tur
1037 1747 1112 1775 infra
1127 1747 1147 1763 ²2
1163 1756 1169 1774 :
1189 1757 1202 1772 «
1217 1747 1244 1775 Si
1259 1748 1368 1775 sciretis
1382 1756 1444 1782 mc,
1463 1751 1490 1776 et
1502 1751 1616 1784 patrem
1637 1756 1738 1776 meum

969 1794 1088 1821 sciretis.
1114 1805 1126 1820 n
1141 1795 1173 1822 Et
1197 1794 1235 1822 ad
1262 1794 1339 1821 istud
1367 1794 1609 1830 respondendum
1625 1816 1634 1829 ,
1659 1795 1742 1830 quod

970 1842 1032 1868 erat
1055 1840 1183 1875 cognitio
1208 1840 1310 1868 Christi
1335 1840 1445 1876 duplex
1468 1850 1474 1868 :
1498 1848 1557 1868 una
1580 1840 1742 1868 secundum

969 1887 1197 1921 humanitatem,
1212 1886 1321 1914 seilicet
1341 1889 1484 1922 quantum
1508 1887 1546 1914 ad
1571 1895 1655 1914 suam
1670 1887 1742 1914 edu-

970 1933 1116 1960 cationem
1131 1935 1159 1960 et
1172 1932 1254 1960 faciei
1275 1933 1404 1967 effigiem
1417 1942 1423 1960 :
1440 1933 1491 1961 illa
1506 1932 1742 1968 cognoscebant,

969 1978 1138 2013 ignorantes
1152 1980 1251 2006 tamen
1272 1981 1396 2007 Patrem.
1412 1981 1446 2007 Et
1460 1981 1520 2007 erat
1541 1979 1599 2007 alia
1613 1979 1742 2014 cognitio

969 2025 1134 2052 secundum
1155 2025 1324 2053 interiorem
1346 2025 1558 2053 revelationem
1574 2035 1581 2053 z
1597 2027 1626 2054 et
1646 2025 1670 2052 si
1690 2025 1743 2053 illa

970 2073 1181 2105 cognoscerent
1201 2071 1320 2106 Filium,
1337 2073 1365 2099 et
1386 2073 1515 2106 Patrem,
1530 2074 1619 2107 prout
1637 2071 1677 2099 ait
1697 2071 1741 2098 in-

969 2117 1013 2144 fra
1024 2117 1055 2144 ⁴³².
1073 2117 1197 2151 Quando
1211 2125 1283 2145 vero
1299 2118 1339 2145 ait
1353 2118 1400 2145 hic
1417 2127 1424 2145 ε
1441 2119 1493 2151 Qui
1506 2126 1547 2145 me
1560 2119 1645 2151 misit,
1657 2119 1690 2144 ut
1703 2117 1743 2145 ait

972 2164 1148 2198 Augustinus
1163 2164 1184 2180 ²³
1198 2173 1204 2191 :
1224 2174 1238 2189 (ι
1252 2164 1305 2191 Ubi
1319 2164 1375 2191 hoe
1391 2164 1486 2198 audis,
1502 2163 1563 2191 noli
1577 2163 1740 2198 intelligere

969 2212 1079 2237 naturae
1091 2210 1358 2237 dissimilitudinem
1367 2231 1376 2245 ,
1392 2210 1444 2237 sed
1459 2209 1625 2244 generantis
1639 2211 1740 2237 aueto-

969 2256 1084 2284 ritatem
1100 2266 1107 2284 ;
1123 2256 1272 2292 quidquid
1287 2256 1366 2283 enim
1383 2258 1425 2283 est
1439 2256 1544 2290 Filius,
1561 2256 1597 2284 de
1612 2256 1663 2284 illo
1681 2257 1740 2289 est,

971 2303 1053 2337 cujus
1069 2305 1111 2330 est
1131 2302 1219 2330 Filius
1235 2311 1241 2330 ε
1259 2305 1301 2330 est
1323 2303 1402 2330 enim
1416 2302 1518 2330 lumen
1533 2302 1570 2330 de
1585 2302 1708 2329 lumine.
1724 2311 1738 2327 »

1007 2351 1050 2376 30.
1068 2351 1100 2377 Et
1114 2349 1245 2384 sequitur
1263 2348 1347 2377 tertia
1364 2349 1525 2384 particula,
1543 2349 1574 2376 in
1593 2356 1654 2384 qua
1672 2355 1740 2375 nar-

969 2424 1000 2429 —
1016 2412 1025 2425 '³
1045 2411 1130 2441 Mich„
1151 2417 1176 2442 v,
1194 2413 1217 2435 2.
1235 2424 1264 2429 —
1284 2412 1305 2428 ¹⁰
1324 2412 1382 2441 Im„
1403 2417 1467 2442 Lm,
1484 2411 1509 2435 S.
1525 2424 1552 2428 —
1573 2411 1592 2427 ¹¹
1607 2411 1682 2440 Aug„
1696 2409 1740 2432 uhi

971 2453 1038 2477 sup.‚
1057 2454 1083 2470 n.
1103 2449 1126 2470 2.
1145 2461 1176 2465 —
1198 2447 1214 2460 ¹²
1229 2447 1288 2476 Im„
1311 2453 1382 2476 xmr,
1401 2448 1424 2470 2.
1440 2460 1470 2464 —-
1487 2447 1504 2462 ¹³
1518 2447 1602 2476 prov„
1619 2451 1641 2471 1,
1656 2446 1695 2468 21.
1709 2457 1740 2461 —

971 2482 990 2497 ¹⁶
1006 2483 1080 2512 Aug,
1096 2482 1140 2505 ubi
1154 2489 1222 2512 sup,
1237 2488 1262 2505 n.
1279 2483 1302 2505 3.
1315 2495 1345 2499 —
1362 2482 1380 2498 ¹⁵
1395 2483 1468 2512 sup„
1482 2487 1499 2510 1,
1516 2483 1552 2505 to.
1565 2494 1594 2498 —-
1607 2481 1626 2496 ¹⁶
1638 2479 1739 2507 Mamm

971 2522 1007 2546 XI,
1023 2518 1060 2539 27.
1079 2530 1103 2534 —
1121 2518 1139 2533 ¹⁷
1154 2517 1295 2547 Chrysost„
1311 2516 1355 2540 ubi
1369 2524 1424 2547 sup.
1439 2529 1468 2534 —
1486 2517 1504 2532 ¹⁶
1523 2517 1598 2546 Aug„
1616 2515 1657 2538 ubi
1673 2521 1739 2544 sup„

971 2558 998 2574 n.
1013 2553 1036 2575 4.
1052 2564 1081 2569 ·—-
1100 2552 1119 2568 ¹⁹
1137 2552 1208 2582 Sap„
1224 2558 1241 2582 1,
1258 2553 1297 2575 18.
1312 2564 1342 2569 —-
1358 2552 1378 2567 ²⁰
1394 2551 1450 2581 lus„
1467 2557 1528 2581 viii,
1548 2552 1586 2574 55.
1601 2563 1627 2567 —
1646 2550 1664 2565 ²¹
1683 2549 1740 2579 lnL,

971 2593 1013 2618 xv,
1029 2589 1067 2610 2¹.
1084 2601 1108 2604 -
1125 2587 1144 2603 2²
1162 2588 1296 2617 luf.,V111‚
1315 2589 1350 2611 19.
1366 2600 1391 2604 —-
1409 2586 1428 2602 ²³
1447 2587 1522 2616 Aug„
1537 2585 1580 2609 ubi
1594 2592 1661 2615 sup.y
1675 2591 1702 2607 n.
1715 2585 1738 2608 4.

1004 2629 1035 2659 (a)
1053 2628 1112 2652 Coet.
1127 2629 1187 2653 edit.
1201 2629 1261 2653 licet
1274 2634 1323 2660 ego
1338 2634 1474 2659 ponam.—
1485 2627 1520 2658 (b)
1536 2627 1642 2651 Nescitis
1655 2625 1739 2649 illum.

1761 1840 1862 1865 Cognitio

1769 1870 1849 1891 Christi

1763 1900 1851 1928 duplex.
