1987 3032
197 174 209 201 <1
216 171 255 201 84

201 247 217 266 (ι
230 235 429 268 Vocaverunt
449 238 579 268 nomina
604 247 662 267 sua
686 238 717 267 in
741 236 832 267 terris
853 236 930 267 suis.
947 245 962 264 n

198 289 235 320 Et
257 290 362 320 statim
382 290 528 321 subditur
547 301 553 320 2
577 301 591 318 «
610 290 647 320 Et
666 291 762 320 homo
777 298 850 320 cum
865 289 897 319 in
912 288 966 319 ho-

197 351 274 373 nore
288 345 379 380 esset,
396 352 459 373 non
476 343 638 380 intellexit,
653 353 668 370 »
687 345 744 373 etc.

237 397 287 426 ⁶26.
318 396 376 427 Vos
388 400 494 427 (tutem
508 405 572 426 mm
586 397 629 426 sic
638 406 647 429 ,·
662 396 719 426 secl
733 396 791 436 qul
804 395 909 434 major
923 399 968 425 est

199 449 232 478 ιή
246 449 342 486 vohis,
361 450 420 487 fiat
442 450 523 480 sicut
542 449 660 488 major,
680 458 736 488 per
755 447 966 478 humilitatem

197 501 230 531 in
245 501 354 539 corde,
377 502 550 532 secundum
569 501 648 532 illud
666 503 673 518 ¹
696 513 703 531 ι
729 501 883 538 «Quanto
899 509 967 531 ma-

200 563 285 592 gnus
307 563 350 592 es,
371 554 504 584 humilia
530 556 560 584 te
582 554 615 584 in
637 554 796 592 omnibus,
816 556 847 584 et
861 562 966 584 coram

198 605 261 636 Deo
276 607 418 637 invenies
434 607 582 645 gratiam.
593 619 607 635 »
621 607 700 638 Nam
710 607 824 637 dicitur
834 607 845 623 ²
859 615 865 636 :
880 619 894 634 «
907 606 968 636 Ma-

197 667 282 698 gnus
296 662 343 689 est
354 660 466 699 judex,
483 663 514 691 et
530 663 641 700 potens
655 663 702 691 est
717 661 749 691 in
763 661 899 698 honore3
915 660 967 690 sed

197 721 260 742 non
272 714 432 752 estmaj0r
444 713 508 751 illo,
525 714 579 753 qui
596 714 685 744 timet
698 714 808 744 Deum.
824 724 839 741 2)
858 714 902 744 Et
912 714 970 753 qui

195 774 367 805 praecessor
383 771 444 804 est,
466 770 548 797 sicut
565 767 774 805 numism-ator,
791 776 847 806 per
861 767 966 797 humi-

197 818 358 850 liationem
374 820 406 849 in
415 820 565 850 exteriori
574 820 813 850 conversatione
822 821 833 836 ³
844 829 850 850 :
863 831 877 848 (1
891 819 968 856 Qui-

197 881 334 912 cumque
357 873 493 903 voluerit
517 873 600 903 inter
621 882 677 904 vos
699 874 800 912 major
827 873 910 912 fleri,
929 873 968 904 sit

197 927 301 955 vester
316 926 474 963 minister3
492 926 588 965 etqui
604 926 741 956 voluerit
751 926 834 956 inter
841 935 899 956 vos
907 926 968 966 pri-

197 985 269 1007 mus
281 986 360 1015 esse,
375 978 434 1008 erit
448 981 550 1008 vester
564 987 687 1009 servuS.
702 989 715 1006 n
731 978 767 1009 Et
780 979 850 1009 ideo
868 979 901 1009 in
916 988 968 1018 pa-

197 1029 305 1059 rabola
319 1039 415 1069 supra
427 1033 437 1049 ¹·
449 1030 563 1060 dicitur
580 1041 586 1061 :
604 1042 618 1059 «
634 1030 710 1061 Cum
726 1033 858 1061 vocatus
870 1032 967 1062 fueris

197 1082 235 1112 ad
252 1083 387 1122 nuptias⁷
405 1084 554 1113 recumbe
565 1084 597 1113 in
612 1084 787 1114 novissimo
799 1084 878 1114 loco.
896 1095 910 1113 n
930 1084 967 1115 Et

196 1135 351 1165 rationem
376 1136 493 1166 ibidem
516 1136 617 1166 reddit
640 1147 646 1166 ε
664 1147 678 1164 α
700 1136 778 1172 Quia
793 1137 897 1167 omnis
911 1138 965 1176 qui

196 1197 228 1218 se
243 1188 370 1225 exaltat,
383 1188 604 1219 humiliabitur
620 1198 627 1218 :
644 1189 741 1228 etqui
758 1198 790 1219 se
805 1189 963 1229 humiliat,

196 1240 397 1271 exaltabitur.
410 1251 423 1269 n
442 1240 506 1271 Hoc
519 1244 625 1271 autem
638 1241 756 1272 dicitur
768 1251 832 1272 non
847 1245 882 1273 ut
896 1252 966 1281 gra-

195 1294 255 1324 dus
267 1294 441 1331 deseratur,
459 1294 510 1324 vel
524 1294 602 1325 ordo
617 1295 830 1333 perturbetur,
840 1296 891 1326 vel
898 1297 966 1334 Jus—

196 1345 263 1375 titia
282 1346 456 1382 omittatur,
476 1346 530 1376 sed
552 1349 587 1376 ut
606 1347 749 1386 privatus
773 1348 966 1379 excellentia}

195 1407 286 1428 amor
308 1399 529 1438 suspendatur.
547 1399 557 1415 ⁵
578 1411 592 1428 «
617 1399 780 1430 Rectorem
800 1402 830 1430 te
851 1410 964 1439 posuc-

196 1452 292 1481 runt‘?
308 1451 371 1481 noli
383 1451 489 1481 extolli
503 1462 509 1481 ι
523 1454 588 1481 esto
602 1452 634 1481 in
650 1452 709 1482 illis
722 1453 811 1491 quasi
828 1462 910 1483 uuus
927 1462 966 1483 ex

196 1503 272 1542 ipsis
285 1513 291 1541 ;
305 1513 414 1534 curam
430 1504 558 1534 illorum
569 1504 661 1535 habe.
675 1515 688 1532 n
705 1505 741 1535 Et
755 1506 813 1535 1100
828 1506 966 1536 maxime

197 1556 315 1586 clericis
330 1556 492 1595 competit,
508 1556 683 1587 secundum
694 1557 771 1587 illud
782 1558 811 1588 ⁸:
831 1570 844 1585 «
859 1558 966 1598 Neque

197 1610 234 1638 ut
247 1608 446 1639 dominantes
461 1608 492 1638 in
508 1608 609 1646 cleris,
627 1609 680 1639 sed
697 1609 799 1640 forma
812 1610 881 1641 sacti
898 1621 968 1649 gre-

197 1661 247 1700 gis
264 1670 304 1691 ex
319 1661 461 1691 animo.»
477 1661 564 1692 Unde
580 1661 687 1692 Glossa
703 1662 712 1678 ⁷
731 1673 760 1692 2«
775 1663 906 1694 Necesse
921 1667 967 1694 est

197 1716 235 1744 ut
262 1716 417 1744 rectorem
447 1715 483 1752 [a]
520 1714 652 1744 subditis
686 1717 716 1745 et
748 1718 881 1746 matrem
900 1717 965 1756 pie-

196 1768 256 1805 tas,
272 1768 303 1797 et
315 1770 435 1806 patrem
448 1767 594 1798 exhibeat
611 1767 785 1807 disciplina.
802 1769 905 1809 Atque.
920 1770 966 1800 in-

199 1823 246 1850 ter
264 1820 332 1851 haec
352 1820 484 1850 sollicita
500 1820 780 1860 circumspectione
796 1822 967 1861 providen-

199 1873 288 1910 dum,
309 1882 349 1903 ne
369 1875 424 1903 aut
444 1873 596 1903 districtio
615 1873 728 1912 rigida,
745 1877 799 1904 aut
815 1875 915 1913 pietas
929 1876 969 1906 sit.

199 1926 341 1956 remissa.
363 1937 377 1954 »
398 1926 435 1956 Et
455 1926 493 1956 de
513 1925 573 1955 hoe
596 1926 630 1955 in
651 1925 749 1956 Paulo
773 1928 966 1966 exemplum,

199 1976 255 2015 qui
270 1976 391 2006 dicebat
400 1976 491 2006 bonis
506 1978 516 1993 ⁸
534 1985 540 2006 :
558 1987 572 2004 «
584 1975 670 2006 Facti
682 1986 793 2007 sumus
802 1978 926 2016 parvuli
937 1979 969 2008 in

200 2029 303 2059 medio
316 2029 423 2066 vestri,
436 2031 587 2068 tanquam
596 2029 620 2058 si
629 2030 738 2059 nutrix
749 2030 861 2068 foveat,
871 2041 885 2058 ›)
896 2034 967 2069 etc.;

201 2086 288 2122 pater
303 2082 397 2112 etiam
413 2090 542 2112 severus
558 2082 615 2111 fuit
628 2081 815 2112 Corinthiis⁹
833 2093 839 2112 ;
861 2095 874 2112 α
890 2083 970 2114 Prae-

201 2136 267 2167 dixi
282 2135 366 2165 enim
390 2137 420 2164 et
438 2134 585 2173 praedico⁷
606 2136 641 2164 ut
663 2143 801 2172 praeseus
813 2136 924 2177 robis,
941 2139 971 2167 et

201 2196 285 2219 0000
301 2188 412 2218 absens
424 2187 472 2225 iis,
486 2187 538 2226 qui
551 2189 622 2217 ante
636 2190 856 2226 peccaverunt,
871 2191 900 2219 et
915 2198 971 2220 cae-

202 2241 275 2270 teris
296 2240 456 2277 omnibus,
482 2239 633 2278 quoniam
659 2239 683 2269 si
702 2249 819 2271 venero
842 2241 967 2280 iterum,

201 2301 265 2322 non
292 2301 430 2330 parcam.
462 2292 511 2322 An
543 2291 796 2331 experimentum
830 2295 971 2331 quaeritis

203 2345 284 2383 ejus,
301 2345 354 2383 qui
369 2344 401 2374 in
418 2353 467 2375 me
481 2344 621 2383 loquitur
634 2344 798 2375 Christus?
812 2357 826 2374 »

243 2396 359 2433 Tertio,
375 2399 530 2435 quantum
549 2397 589 2427 ad
608 2397 791 2437 exemplum
806 2399 970 2430 humilita-

205 2453 267 2480 tem
283 2449 430 2486 suadens,
456 2450 624 2488 subjungit
642 2452 683 2487 (v.
701 2450 749 2490 27)
770 2461 776 2481 :
798 2452 885 2484 Nam
901 2453 971 2492 quis

236 2512 241 2527 ¹
258 2510 347 2539 Eccli.,
365 2516 408 2540 111,
423 2512 460 2533 20.
477 2523 505 2527 —-
520 2512 528 2524 ’·’
547 2511 620 2541 thid,
640 2517 667 2540 x,
689 2513 726 2535 :7-
743 2525 771 2529 —
788 2512 798 2528 ³
817 2513 915 2539 illaleh..
929 2521 970 2545 xx,

204 2548 241 2570 26.
265 2559 297 2564 -
314 2546 324 2562 ⁴
340 2546 411 2575 Sup.,
433 2551 486 2574 xiv,
506 2548 541 2574 10,
560 2548 596 2569 lt.
614 2558 644 2564 -
659 2547 669 2562 ⁶
686 2546 774 2576 Iit-cli.y
794 2553 876 2578 xxxlt,
900 2551 919 2573 1.
941 2563 971 2567 —

204 2581 213 2595 c
231 2581 236 2603 Ι
255 2582 331 2608 [1003
347 2586 370 2608 v,
385 2582 407 2603 (5,
423 2593 453 2598 .-
468 2581 475 2593 ⁷
491 2580 560 2609 Bed„
579 2580 602 2602 in
619 2581 684 2609 Luc„
704 2581 745 2603 lib.
764 2582 805 2611 Vl,
823 2590 845 2606 e.
868 2590 970 2608 Reli.—

207 2617 236 2639 “l
256 2616 346 2646 Thess„
361 2622 388 2646 11,
402 2617 466 2638 7.-
479 2617 487 2629 ⁸
507 2616 524 2638 11
543 2615 610 2645 (ἰοπ-Ἰ
625 2621 683 2645 xm,
699 2618 721 2639 2.
737 2629 766 2633 —
783 2618 800 2633 ¹⁰
817 2619 889 2649 Sup„
908 2626 970 2651 ⁸xvii,

746 168 954 200 EVANGELU
977 167 1116 199 SANC'I'I
1139 166 1250 198 LUCAE

1023 234 1129 273 masor
1146 238 1200 272 est,
1217 235 1275 275 qui
1287 237 1453 274 recumbit,
1474 244 1517 266 αη
1540 235 1598 275 qui
1611 232 1794 264 ministrat?

1023 287 1088 318 Hoc
1103 287 1219 326 quaerit
1231 287 1312 319 sicut
1336 298 1392 328 per
1409 298 1442 319 se
1457 290 1584 325 notum,
1598 289 1629 318 et
1651 286 1720 317 ideo
1740 294 1795 316 re-

1022 340 1149 380 spondit
1165 352 1172 370 :
1186 341 1300 373 Nonne
1315 343 1373 382 qui
1386 341 1564 373 recumbit?
1579 340 1645 371 Hoc
1661 341 1707 372 est
1722 339 1794 380 qui-

1022 394 1095 424 dem
1107 403 1236 433 verum,
1253 396 1427 426 secundum
1454 396 1567 426 ordine
1617 393 1672 434 qui
1690 395 1794 424 atten-

1023 447 1111 478 ditur
1129 448 1304 479 secundum
1327 457 1468 486 morem,
1490 451 1520 479 et
1540 457 1637 478 usum
1657 446 1792 477 munda-

1022 510 1112 531 num.
1135 500 1222 532 Unde
1237 510 1333 540 supra
1349 501 1369 517 ¹⁰
1387 510 1394 531 :
1409 512 1422 529 a
1441 500 1518 538 Quis
1531 503 1637 538 autem
1652 502 1793 531 vestrum

1023 553 1144 584 babens
1159 562 1305 591 servum,
1332 554 1386 593 qui
1409 563 1536 584 reverso
1552 553 1591 584 ‹le
1604 562 1696 592 agro,
1712 552 1795 584 dicat

1023 606 1068 636 illi
1085 617 1092 636 :
1117 606 1230 637 Statim
1248 606 1357 644 transi,
1375 608 1405 636 et
1419 606 1582 644 recumbe;
1599 608 1629 636 et
1645 615 1710 637 non
1725 599 1795 636 ma'-

1024 659 1075 698 gis
1093 670 1099 690 :
1118 658 1210 696 Veni,
1225 661 1255 689 et
1270 659 1414 689 ministra
1427 659 1524 689 mihi?
1539 670 1554 687 »
1572 658 1633 689 Sed
1647 658 1737 690 aliter
1749 661 1795 689 est

1023 712 1197 743 secundum
1222 711 1368 742 ordinem
1389 711 1554 749 divinum;
1578 710 1647 742 ideo
1662 710 1790 741 subdit:

1023 766 1091 805 qu
1106 769 1213 795 autem
1233 765 1266 794 in
1280 764 1384 794 medlo
1398 768 1537 795 vestrum
1558 773 1630 794 sum
1645 763 1726 794 sicut
1738 764 1797 804 qui

1023 818 1199 855 ministrat,
1233 817 1271 847 ad
1295 817 1435 848 dandum
1465 816 1654 848 humilitatis
1684 825 1792 847 exem-

1022 871 1111 911 plum
1129 882 1136 901 z
1156 871 1241 910 quod
1256 871 1416 910 potissime
1436 871 1505 901 fecit
1524 871 1556 901 in
1574 879 1664 900 coena
1676 869 1730 900 illa
1744 869 1793 900 ul-

1024 925 1114 962 tima,
1129 925 1162 955 in
1177 933 1242 964 qua
1255 923 1332 954 lavit
1346 924 1439 963 pedes
1453 922 1699 963 discipulorum,
1715 923 1796 953 sicut

1022 977 1138 1007 dicitur
1153 977 1208 1014 ibi,
1226 977 1280 1007 ubi
1293 976 1504 1016 subjungitur
1518 976 1536 992 ¹¹
1555 986 1585 1006 2«
1599 975 1661 1006 Vos
1675 975 1795 1006 vocatis

1023 1039 1074 1060 me
1088 1029 1252 1068 Magister,
1263 1032 1294 1059 et
1305 1029 1436 1060 Domine
1446 1041 1454 1067 ;
1466 1032 1496 1060 et
1508 1030 1589 1060 bene
1599 1029 1711 1067 dicitis,
1721 1037 1794 1060 sum

1023 1082 1152 1112 etenim.
1175 1082 1207 1112 Si
1223 1091 1302 1121 ergo
1319 1092 1381 1121 ego
1395 1083 1458 1113 lavi
1474 1082 1568 1122 pedes
1581 1083 1712 1120 vestros,
1729 1081 1793 1112 Do-

1022 1135 1128 1165 minus
1149 1138 1179 1165 et
1193 1135 1353 1174 Magister,
1375 1138 1405 1165 et
1422 1144 1478 1166 vos
1493 1134 1612 1165 debetis
1625 1134 1702 1165 alter
1715 1134 1792 1165 alte-

1022 1187 1089 1217 rius
1104 1187 1210 1218 lavare
1226 1188 1329 1227 pedes.
1348 1199 1363 1216 »
1383 1187 1547 1218 Rationem
1562 1188 1669 1218 autem
1683 1195 1791 1218 conse-

1022 1242 1156 1278 quenter
1170 1240 1236 1279 ipse
1251 1240 1353 1270 reddit
1369 1251 1376 1270 :
1399 1252 1412 1269 (ι
1428 1240 1497 1270 Non
1509 1243 1555 1270 est
1569 1249 1680 1270 servus
1692 1241 1794 1279 major

1022 1291 1154 1322 Domino
1176 1302 1245 1329 suo,
1263 1302 1365 1332 neque
1386 1293 1546 1332 apostolus
1565 1293 1668 1332 major
1688 1294 1736 1323 est
1757 1301 1794 1324 eo

1022 1345 1076 1384 qui
1091 1345 1178 1376 misit
1200 1345 1301 1376 illum.
1322 1357 1336 1374 n
1357 1346 1390 1377 Si
1407 1355 1486 1385 ergo
1501 1355 1573 1377 cum
1589 1345 1730 1377 Christus
1744 1354 1794 1376 es-

1022 1400 1069 1428 set
1085 1399 1240 1438 superior,
1266 1399 1446 1430 humillime
1468 1399 1669 1437 ministravit,
1693 1398 1794 1430 multo

1022 1451 1132 1481 fortius
1143 1453 1174 1481 et
1184 1461 1295 1482 omnes
1311 1452 1427 1482 Christi
1443 1451 1596 1491 discipuli.
1607 1451 1791 1491 Chrysosto-

1022 1512 1093 1533 mus
1110 1504 1130 1519 ¹²
1146 1514 1152 1533 :
1177 1515 1191 1531 ι(
1207 1503 1276 1534 Non
1290 1506 1337 1534 est
1351 1514 1446 1534 verus
1460 1504 1641 1543 discipulus,
1659 1504 1714 1544 qui
1729 1513 1795 1535 nou

1022 1555 1165 1586 imitatur
1190 1556 1400 1595 magistrum3
1418 1566 1475 1587 nec
1491 1565 1566 1587 vera
1588 1557 1706 1596 imago,
1722 1566 1794 1596 quae

1024 1617 1088 1638 000
1098 1610 1144 1639 est
1153 1609 1264 1639 similis
1277 1609 1397 1640 auctori
1410 1609 1459 1648 (b).
1469 1609 1578 1640 »Unde
1588 1609 1661 1640 licet
1671 1618 1796 1649 semper

1022 1662 1116 1692 fuerit
1131 1662 1343 1701 periculosum
1359 1662 1441 1702 erigi
1452 1663 1484 1693 in
1499 1663 1692 1702 superbiam,
1709 1672 1796 1693 nunc

1023 1714 1325 1754 periculosissimum
1346 1717 1392 1745 est
1412 1718 1480 1755 post
1494 1718 1613 1746 tantam
1628 1715 1792 1746 humilita-

1022 1769 1086 1798 tem
1101 1770 1277 1805 ostensam;
1293 1771 1324 1798 et
1337 1768 1406 1799 ideo
1421 1769 1534 1799 dicitur
1550 1768 1570 1784 ¹³
1587 1779 1616 1799 :«
1630 1768 1696 1799 Hoc
1709 1769 1794 1799 enim

1023 1821 1137 1851 sentite
1154 1820 1185 1850 iu
1198 1821 1297 1858 vobis,
1314 1821 1395 1860 quod
1410 1824 1441 1852 et
1454 1822 1487 1851 10
1501 1821 1622 1853 Christo
1635 1821 1722 1860 Jesu,
1738 1822 1794 1862 qui

1023 1882 1096 1902 cum
1112 1873 1145 1903 in
1160 1874 1261 1904 forma
1276 1873 1330 1904 Dei
1351 1877 1446 1912 esset,
1472 1883 1535 1905 non
1550 1875 1695 1915 rapinam
1710 1875 1795 1906 arbi—

1023 1926 1124 1955 tratus
1139 1928 1185 1956 est
1199 1935 1266 1956 esse
1281 1935 1314 1956 se
1329 1927 1486 1966 aequalem
1502 1927 1576 1964 Deo,
1593 1938 1606 1955 »
1624 1930 1682 1958 etc.

1064 1977 1192 2015 Quarto,
1209 1981 1366 2018 quantum
1378 1980 1416 2009 ad
1428 1980 1598 2019 praemium
1609 1981 1648 2011 ad
1663 1981 1793 2011 humili-

1023 2032 1119 2060 tatem
1133 2030 1283 2069 alliciens,
1300 2032 1449 2072 adjungit
1466 2034 1507 2072 (v.
1519 2035 1567 2072 28)
1581 2043 1589 2064 ε
1613 2034 1670 2065 Vos
1685 2038 1793 2066 autem

1024 2083 1095 2113 estis
1111 2084 1169 2123 qui
1182 2086 1403 2123 permansistis
1417 2095 1540 2116 mecum
1562 2087 1596 2117 in
1613 2088 1794 2119 tentatione*-

1025 2137 1080 2167 bus
1108 2137 1206 2174 meis,
1236 2147 1292 2176 per
1318 2138 1538 2169 sustinentiam
1570 2139 1791 2171 tribulationis

1024 2189 1114 2220 Tales
1133 2192 1222 2227 sunt,
1243 2190 1281 2220 de
1295 2191 1410 2230 quibus
1430 2191 1543 2222 dicitur
1558 2192 1578 2207 ¹⁸
1594 2201 1602 2222 :
1626 2203 1640 2221 t(
1654 2191 1693 2222 Hi
1705 2196 1792 2231 sunt,

1025 2243 1080 2282 qui
1097 2244 1255 2273 venerunt
1270 2243 1307 2273 de
1325 2243 1528 2275 tribulatione
1543 2254 1682 2284 magna,
1702 2248 1733 2277 et
1747 2246 1793 2277 la-

1025 2297 1141 2325 verunt
1162 2295 1256 2325 stolas
1275 2304 1366 2334 suas,
1387 2299 1417 2326 et
1435 2297 1663 2329 dealbaverunt
1682 2308 1736 2330 eas
1760 2299 1794 2330 in

1025 2347 1181 2387 sanguine
1207 2348 1294 2386 agni.
1320 2359 1334 2376 »
1361 2348 1398 2378 Et
1422 2349 1608 2389 huiusmodi
1630 2354 1706 2382 sunt
1725 2353 1792 2382 veri

1025 2401 1132 2438 amici3
1159 2401 1233 2440 quia
1248 2401 1269 2418 ¹⁵
1289 2413 1302 2430 (ι
1322 2403 1410 2433 omui
1430 2405 1572 2443 tempore
1590 2405 1714 2444 diligit,
1738 2406 1794 2445 qui

1025 2455 1146 2485 amicus
1160 2457 1226 2492 est,
1251 2457 1282 2486 et
1299 2456 1395 2487 frater
1410 2457 1444 2486 in
1466 2458 1625 2496 angustiis
1648 2467 1793 2498 compro-

1025 2513 1074 2542 7-8,
1090 2512 1173 2542 quoad
1196 2519 1307 2537 sensum.
1330 2527 1360 2531 —
1387 2515 1404 2530 ¹¹
1424 2514 1504 2544 loon„
1527 2520 1590 2544 xm,
1611 2517 1692 2545 13-14,
1708 2518 1746 2540 16.
1765 2529 1795 2534 -

1027 2547 1043 2560 ¹²
1060 2547 1112 2570 lmo
1127 2549 1215 2571 auctor
1228 2548 1299 2578 olm:
1316 2549 1418 2579 imperf.
1435 2550 1461 2573 ιἰι
1475 2550 1575 2578 Maeui..
1591 2550 1660 2574 hom.
1676 2557 1753 2575 xxxv.
1767 2565 1795 2570 —-

1027 2581 1044 2597 ¹³
1057 2581 1161 2611 Plzilfp„
1177 2588 1205 2611 11,
1216 2583 1271 2605 7.—
1288 2583 1302 2597 ¹⁸
1318 2584 1401 2614 Apum,
1418 2590 1464 2614 vn,
1480 2585 1579 2608 14.—¹³
1589 2585 1744 2618 Prov.,xv11,
1758 2589 1793 2612 17.

1058 2621 1090 2651 (a)
1106 2620 1166 2644 Caet.
1181 2621 1239 2644 edit.
1258 2623 1449 2648 correctionem,
1460 2637 1487 2641 —
1502 2624 1535 2654 (b)
1552 2626 1639 2649 actori.
