1987 3032
282 258 340 287 596

281 320 466 353 membrum,
486 318 674 353 congaudent
693 318 721 343 et
739 317 877 343 caetera.»
896 315 928 342 Et
942 314 978 341 de
996 314 1050 341 ista

281 366 419 394 charitate
434 365 474 392 sic
489 364 683 398 conjungente
698 362 728 389 in
742 369 834 388 unum
850 363 877 387 et
895 359 1047 387 vivifican-

280 415 318 447 te,
340 411 516 446 Augustinus
537 410 629 440 bene,
652 408 703 436 ubi
726 408 780 441 ait,
795 407 876 442 quod
902 406 1048 442 «Spiritus

279 458 334 486 fuit
347 458 431 484 datus
447 455 596 491 discipulis
612 453 796 489 congregatis
817 453 847 479 in
868 460 971 479 unum.
988 463 1000 477 »
1018 454 1048 479 Et

280 503 411 540 sequitur
422 512 428 530 ;
439 501 626 536 «Accipimus
638 502 664 527 ct
679 508 733 526 nos
747 499 883 534 Spiritum
903 500 1046 532 sanctum,

280 551 303 577 si
318 556 452 577 amamus
471 547 644 580 Ecclesiam,
661 546 683 572 si
705 545 843 573 charitate
861 544 1048 579 compagina-

279 604 380 623 mur.»
394 596 426 622 Et
439 594 505 629 post
519 602 525 620 :
545 602 558 618 ‹<
571 593 656 620 Livor
670 594 795 627 separat,
812 591 908 617 unitas
926 589 1024 624 jungit
1040 599 1046 616 :

279 641 303 668 si
319 649 400 668 amas
414 640 565 672 unitatem,
575 638 627 666 tibi
642 637 731 665 habet
743 636 876 672 quisquis
891 635 921 662 in
932 635 982 662 illa
998 634 1048 661 ali-

279 687 352 723 quid
366 686 464 714 habet.
480 696 494 711 »
511 687 542 712 Et
556 685 596 712 ibi
617 684 692 711 bene
711 684 748 710 de
767 683 832 710 hoc.
850 684 859 699 ¹
877 692 890 707 <t
905 679 1047 708 Ch'aritate

278 732 463 760 fraternitatis
478 731 604 759 invicem
619 730 781 764 diligentes.
796 729 885 763 »Ipsa
897 727 975 755 enim
990 725 1047 753 051*Ξ

281 778 465 805 «vinculum
487 776 682 812 perfectionis.
708 785 722 801 i>
748 776 780 802 Et
803 774 839 801 de
862 774 916 801 ista
938 772 1046 799 unitate

278 828 482 853 consummata
515 824 691 859 Augustinus
721 832 727 849 z
759 832 771 847 «
801 821 888 848 Unius
916 819 1047 855 corporis

276 872 412 899 membra
434 879 552 904 511111115,
576 877 669 897 unum
691 869 836 896 habemus
859 868 963 902 caput,
987 874 1046 893 una

275 917 480 953 perfundimur
499 916 608 952 gratia3
631 923 690 942 una
711 922 798 942 carne
820 913 968 946 vivamus,
988 919 1047 939 una

275 963 448 991 incedamus
467 963 530 997 via,
552 962 657 990 eadem
680 961 846 988 habitemus
866 959 968 986 domo.
984 968 997 983 >i
1015 959 1047 985 Et

274 1010 404 1045 sequitur
426 1018 432 1036 ε
452 1019 465 1033 «
486 1010 555 1036 Tam
579 1008 609 1035 in
633 1007 735 1043 spiritu
758 1014 850 1042 quam
872 1005 901 1032 in
923 1012 1046 1039 corpore

275 1055 389 1083 Domini
405 1062 498 1082 unum
511 1062 624 1088 sumus,
639 1062 674 1081 ne
690 1052 761 1080 nihil
777 1053 878 1085 simus,
893 1052 917 1078 si
932 1050 970 1078 ab
986 1057 1045 1077 uno

275 1101 448 1129 excidimus
465 1101 475 1118 ³
494 1110 506 1125 a
516 1099 544 1128 Si
556 1100 726 1127 charitatem
740 1106 800 1125 non
816 1097 958 1131 habuero,
973 1095 1046 1123 nihil

275 1156 350 1175 sum.
367 1158 381 1173 »
404 1147 472 1174 Ideo
493 1146 532 1174 ait
550 1145 695 1181 Propheta
708 1145 718 1161 ἢ
735 1153 742 1171 :
765 1154 775 1169 «
790 1146 861 1171 Ecce
881 1150 971 1178 quam
992 1142 1046 1168 bo-

275 1201 364 1227 num,
387 1195 415 1220 et
436 1200 526 1228 quam
548 1191 714 1227 jucundum
736 1190 869 1218 habitare
889 1188 990 1216 tratres
1017 1187 1045 1214 in

275 1248 378 1267 unum.
392 1250 403 1265 1)

361 1342 473 1369 collatio
493 1341 801 1376 septuagesimaoctava,
821 1345 894 1371 xvn,
915 1338 960 1363 24.

310 1427 401 1457 Pater,
416 1432 480 1459 quos
494 1424 595 1451 dedisti
608 1423 685 1457 mihi,
700 1423 757 1449 volo
772 1424 802 1448 ut
817 1421 862 1448 ubi
877 1428 921 1454 eqo
935 1427 1004 1453 sum,
1021 1421 1044 1445 et

275 1473 319 1499 illi
337 1473 392 1498 sint
413 1478 528 1504 mecum,
548 1472 579 1496 ut
596 1470 706 1496 videant
727 1469 877 1494 claritatem
897 1472 991 1493 meam.
1015 1466 1045 1492 ln

274 1517 319 1545 his
340 1517 438 1544 verbis
460 1517 539 1551 patet
566 1514 722 1542 Salvatoris
747 1513 892 1540 immensa
921 1510 1045 1538 charitas

274 1571 345 1598 erga
373 1561 549 1597 discipulos,
571 1562 599 1587 et
627 1559 784 1593 diligentiae
806 1557 944 1584 sedulitas
969 1557 1045 1583 circa

273 1609 355 1642 illos,
369 1610 397 1636 et
412 1607 527 1635 urbana
541 1606 697 1633 curialitas,
714 1606 746 1631 Et
764 1604 949 1631 insinuantur
967 1602 1022 1629 tria
1036 1611 1042 1628 :

274 1662 403 1690 quorum
418 1653 548 1689 primum
567 1654 609 1679 est
625 1653 746 1686 paterna
767 1649 859 1685 pietas
874 1649 904 1675 in
920 1648 1044 1682 gratuita

273 1700 428 1728 vocatione
441 1697 663 1733 discipulorum,
680 1696 720 1723 ibi
738 1704 744 1722 ε
761 1695 831 1727 Quos
847 1694 946 1721 dedisti
958 1694 1042 1725 mihi,-

273 1746 435 1774 secundum
458 1746 499 1772 est
520 1743 620 1778 gloriae
639 1741 772 1776 ejusdem
788 1740 961 1776 postulatio,
983 1739 1042 1766 sivc

274 1791 480 1827 acceptibilitas
495 1798 512 1817 a
527 1789 610 1823 Filio,
627 1788 667 1815 ibi
680 1797 685 1815 :
702 1789 765 1815 Volo
780 1790 810 1814 ut
824 1787 870 1814 ubi
885 1794 929 1820 eqo
940 1794 1008 1817 sum,
1019 1787 1044 1812 et

272 1839 317 1864 illc
338 1839 410 1870 sint;
428 1836 544 1863 tertium
565 1837 608 1862 est
623 1834 767 1869 gaudiosa
779 1832 965 1868 jucunditas,
981 1831 1042 1858 sive

272 1883 369 1910 finalis
384 1882 511 1915 bonitas,
525 1881 565 1908 ibi
583 1890 589 1908 :
610 1881 643 1907 t't
658 1880 766 1907 videant
782 1880 932 1905 claritatem
946 1886 1040 1904 meam.

307 1931 352 1958 Ait
364 1938 433 1964 ergo
450 1938 456 1956 :
472 1929 541 1961 Quos
557 1928 659 1954 dedisti
679 1927 755 1953 mihi.
778 1927 891 1952 Patrem
911 1924 981 1952 dare
1000 1926 1042 1951 est

272 1976 312 2004 ad
326 1976 417 2003 vitam
436 1974 658 2010 praedestinare,
681 1975 708 1999 et
726 1971 852 2006 gratuito
866 1970 1039 2005 justificare,

272 2025 300 2050 et
315 2021 518 2050 conservando
534 2019 724 2055 magnificare
737 2019 747 2034 ⁵
764 2027 770 2045 ε
789 2028 802 2043 1(
821 2019 898 2050 Quos
912 2016 1040 2052 praedes-

271 2069 383 2102 tinavit,
395 2069 449 2095 hos
464 2070 490 2095 et
504 2067 629 2100 vocavit,
642 2076 655 2091 »
672 2067 725 2092 etc.
744 2066 773 2092 Et
789 2064 824 2091 de
840 2056 1039 2096 hac‘datione,

271 2114 381 2150 supra⁶
395 2123 401 2141 z
418 2123 432 2139 «
447 2114 537 2140 Omne
553 2112 635 2147 quod
657 2111 707 2138 dat
727 2110 799 2137 mihi
818 2111 910 2143 Pater,
933 2109 971 2136 ad
993 2116 1039 2135 me

271 2161 376 2188 veniet.
397 2161 428 2187 Et
442 2161 528 2194 post:
548 2168 561 2183 «
574 2160 664 2185 Nemo
682 2158 777 2192 potest
798 2155 898 2183 venire
916 2155 955 2183 ad
976 2163 1038 2188 me,

271 2207 326 2234 nisi
342 2208 423 2234 Pater
436 2204 556 2232 traxerit
570 2212 647 2231 eum.
664 2213 677 2228 »
695 2205 727 2230 Et
741 2202 782 2229 ibi
797 2202 834 2229 de
848 2202 915 2229 hoc.
933 2203 963 2228 Et
977 2201 1038 2228 haec

270 2261 386 2281 summa
399 2252 516 2280 bonitas
532 2250 596 2282 Dei,
613 2251 641 2276 et
659 2249 766 2284 pietas,
785 2256 852 2275 cum
868 2255 969 2275 omnes
984 2247 1039 2274 sint

271 2299 352 2334 digni
373 2300 480 2326 aeterna
504 2295 710 2328 damnatione,
735 2294 851 2329 aliquos
874 2295 973 2321 tamen
997 2293 1038 2320 sic

269 2345 486 2381 praedestinare,
503 2345 530 2370 et
543 2342 668 2377 gratuito
685 2341 859 2376 justificare,
875 2340 1038 2367 secundum

268 2391 471 2426 Augustinum.
486 2390 496 2406 ⁷
512 2399 523 2414 ι(
533 2388 701 2422 miserebor,
718 2387 764 2414 cui
778 2386 929 2420 misereor,
943 2388 971 2413 et
986 2386 1038 2413 mi—

268 2436 457 2465 sericordiam
467 2435 623 2471 praestabo,
639 2444 652 2460 »
668 2436 721 2461 etc.
738 2435 792 2461 Pro
807 2433 914 2460 talibus
930 2432 970 2460 sic
986 2431 1036 2459 da—

301 2535 305 2547 ¹
325 2533 402 2562 Rom,
418 2532 564 2560 111,1[].-
580 2530 590 2546 ²
605 2528 725 2559 Col.,111,
746 2530 781 2552 14.
797 2541 828 2546 —
841 2528 851 2544 ³
867 2528 874 2551 l
892 2527 960 2555 Cor„
976 2533 1034 2556 xm,

267 2569 290 2592 5.
305 2581 336 2585 -
348 2567 359 2584 ὓ
373 2566 645 2593 Ps‹zl.cxxx11,1.-
659 2565 669 2580 ⁵
685 2565 832 2592 Il0711.,vttt,
845 2564 924 2586 30.-
937 2563 946 2576 ⁶
961 2563 1034 2592 Sup.,

268 2608 309 2632 vl,
329 2603 368 2632 37,
385 2603 424 2626 44.
439 2613 468 2618 —
488 2601 498 2617 ⁷
515 2601 593 2629 Rom„
609 2606 648 2629 lx,
666 2602 702 2623 15.
717 2612 747 2616 -
763 2600 771 2613 ⁸
785 2600 856 2629 Sup.,
875 2604 926 2628 x11,
945 2599 984 2621 26.
1004 2610 1034 2615 -

267 2638 277 2654 ⁹
298 2638 414 2667 August..
439 2635 468 2659 de
492 2635 592 2664 Trim'!.,
613 2634 655 2658 lib.
678 2635 743 2664 MV,
767 2641 790 2657 c.
815 2639 868 2661 xn,
889 2640 914 2656 n.
944 2634 978 2656 16.
1003 2645 1033 2649 —

270 2673 286 2686 ¹⁹
306 2672 337 2695 tu
358 2672 424 2702 unffi,
442 2677 469 2699 κ’,
484 2671 508 2694 8.
523 2683 548 2686 -
570 2670 586 2685 ¹¹
602 2670 684 2699 Apoc..
703 2675 726 2698 v,
746 2670 768 2691 4.
785 2681 812 2686 -
834 2667 874 2698 ¹21
894 2667 983 2696 Thess,
998 2672 1033 2696 lv,

787 247 1054 281 COLLATIONES
1076 245 1365 278 PRAEDICABILES

1106 313 1139 340 tis
1154 321 1171 339 a
1186 314 1282 346 Patre,
1299 315 1325 339 et
1341 312 1520 346 justificatis,
1541 316 1627 348 rogat
1645 314 1746 349 Filius,
1765 316 1797 343 ut
1816 315 1873 344 sint

1103 366 1203 385 secum
1217 358 1246 385 in
1263 358 1366 393 gloria.
1383 360 1414 385 Et
1428 359 1457 386 in
1472 359 1528 387 hoc
1542 361 1619 395 patet
1634 360 1724 395 ipsius
1743 361 1805 388 Filii
1827 361 1872 389 di-

1103 405 1222 438 gnativa
1237 404 1384 431 curialitas
1399 405 1488 432 servis
1502 406 1561 433 suis
1575 415 1580 433 :
1598 406 1660 433 vult
1674 406 1752 434 enim
1767 409 1798 434 ut
1816 408 1873 435 sint

1103 458 1170 477 cum
1187 458 1221 477 eo
1238 450 1267 477 in
1281 450 1390 485 gloria,
1406 453 1515 478 etcum
1536 459 1570 479 eo
1592 451 1773 480 aeternaliter.
1792 454 1823 480 Et
1841 453 1872 480 in

1102 497 1158 524 hoc
1173 497 1322 524 bonorum
1337 497 1502 531 affluentia,
1520 500 1547 525 et
1563 498 1746 526 affluentium
1764 499 1870 526 indefi-

1102 543 1221 577 cientia,
1249 545 1275 570 et
1302 543 1460 570 fruentium
1488 544 1726 579 honorificentia,
1759 547 1786 573 et
1817 545 1872 573 ho-

1102 589 1323 616 norificatorum
1346 590 1434 625 plena
1457 589 1566 623 laetitia,
1594 598 1685 626 supra
1707 591 1717 608 ⁸
1741 599 1749 619 t
1778 601 1792 617 α
1816 592 1871 624 Qui

1101 635 1174 662 mihi
1188 635 1346 669 ministrat,
1361 643 1408 663 me
1423 638 1575 670 sequatur,
1599 638 1626 663 et
1644 636 1695 663 ubi
1713 639 1770 671 'ego
1789 645 1870 671 sum,

1101 681 1161 708 illic
1182 683 1209 708 et
1227 681 1358 708 minister
1381 690 1465 709 meus
1489 681 1551 709 erit.
1574 692 1588 707 ))
1612 681 1653 710 lbi
1677 681 1714 710 de
1735 682 1800 710 hoc.
1829 683 1872 710 Si-

1102 729 1150 753 cut
1172 727 1251 754 enim
1274 727 1391 754 miseria
1411 728 1539 755 hominis
1564 730 1605 755 est
1629 735 1690 756 non
1717 735 1777 755 esse
1803 735 1871 756 cum

1101 772 1168 806 illo,
1182 776 1270 808 prout
1285 773 1323 800 ait
1334 774 1510 808 Augustinus
1522 775 1532 791 ⁹
1550 782 1556 801 ε
1572 775 1675 808 Magna
1689 773 1807 801 miseria
1820 773 1871 802 ho-

1101 818 1188 845 minis
1207 821 1249 846 est
1267 827 1327 846 non
1343 827 1405 846 esse
1423 827 1489 846 011111
1506 819 1571 850 illo,
1588 820 1649 847 sinc
1663 827 1724 855 quo
1739 827 1801 847 non
1819 827 1872 855 po-

1101 866 1154 891 test
1168 872 1245 899 cssc3
1261 875 1274 890 »
1294 865 1333 892 ita
1347 865 1436 900 plena
1447 865 1599 892 beatitudo
1613 867 1654 893 est
1668 873 1730 893 esse
1743 874 1811 893 cum
1822 873 1868 893 eo.

1101 910 1133 937 ln
1147 910 1243 945 ligura
1257 910 1277 926 ¹⁰
1293 921 1298 936 :
1317 920 1330 935 «
1344 911 1420 938 Beati
1435 911 1511 938 servi
1527 911 1585 944 tui,
1607 911 1658 946 qui
1674 913 1750 938 stant
1769 919 1869 939 coram

1101 957 1127 982 te
1138 964 1262 991 semper.
1280 968 1293 981 n
1311 957 1328 973 ¹¹
1341 956 1561 984 «Ambulabant
1575 964 1692 984 mecum
1706 957 1736 984 in
1752 957 1836 984 albis.
1853 967 1864 981 n

1101 1003 1133 1028 Et
1147 1001 1166 1017 ¹²
1182 1011 1188 1029 ε
1208 1012 1221 1027 (1
1236 1004 1269 1029 Et
1290 1003 1330 1030 sic
1346 1010 1461 1038 semper
1482 1010 1550 1030 cum
1574 1002 1698 1030 Domino
1719 1002 1837 1030 erimus.
1854 1012 1868 1028 n

1100 1049 1156 1074 Nec
1171 1048 1278 1075 mirum
1288 1070 1295 1083 ,
1311 1050 1335 1076 si
1351 1049 1379 1076 in
1394 1049 1451 1076 hoc
1465 1049 1501 1076 sit
1515 1049 1603 1084 plena
1618 1048 1784 1082 beatitudo,
1800 1049 1870 1084 quia

1102 1102 1169 1121 cum
1184 1094 1236 1122 illo
1251 1095 1397 1122 habentur
1413 1095 1523 1122 omnia.
1540 1096 1570 1122 ln
1584 1095 1680 1129 figura
1694 1096 1715 1112 ¹³
1725 1103 1752 1122 τι(
1765 1095 1870 1122 Omnia

1101 1141 1187 1167 simul
1203 1141 1233 1168 in
1249 1143 1273 1168 te
1290 1149 1349 1168 uno
1364 1141 1520 1175 habentes,
1536 1149 1596 1169 non
1612 1141 1768 1168 debuimus
1783 1143 1809 1168 te
1825 1140 1869 1168 di-

1100 1187 1223 1214 mittere.
1240 1198 1253 1212 »
1272 1187 1291 1204 ¹²
1316 1198 1326 1211 ι(
1342 1189 1453 1214 Mecum
1472 1189 1538 1214 sunt
1559 1187 1667 1214 divitiae
1687 1189 1714 1214 et
1733 1187 1836 1221 gloria.
1854 1196 1867 1211 υ

1101 1235 1133 1260 Et
1149 1233 1169 1250 ¹⁵
1186 1235 1360 1260 menei-unt
1375 1234 1447 1260 mihi
1463 1233 1564 1260 omnia
1577 1233 1686 1269 pariter
1699 1240 1767 1260 cum
1781 1232 1866 1260 illa.»

1102 1280 1181 1307 Unde
1204 1282 1230 1307 et
1249 1280 1335 1314 hujus
1356 1280 1456 1315 glorioe
1480 1279 1654 1315 magnitudo
1679 1279 1816 1307 subditur
1839 1279 1870 1306 in

1100 1326 1168 1357 hoc,
1182 1327 1264 1362 quod
1276 1327 1406 1362 sequitur
1418 1336 1424 1354 :
1442 1328 1474 1354 Ut
1486 1327 1595 1354 videant
1609 1328 1760 1353 claritatem
1773 1333 1868 1353 meam.

1101 1374 1139 1400 De
1158 1381 1219 1409 qua
1242 1373 1354 1401 visione
1376 1381 1465 1409 supra
1484 1373 1590 1401 codem
1607 1383 1613 1401 :
1633 1383 1647 1399 (1
1663 1374 1726 1400 11ᾱο
1746 1375 1788 1400 est
1810 1372 1871 1400 vita

1100 1421 1217 1453 veterna,
1231 1422 1263 1447 ut
1277 1422 1456 1454 cognoscant
1469 1422 1511 1451 te,
1528 1422 1555 1447 et
1569 1427 1657 1455 quem
1671 1418 1770 1446 misisti
1786 1420 1869 1446 ,15511111

1101 1466 1253 1493 Cnmsrcn.
1269 1476 1280 1491 »
1300 1466 1382 1493 Visus
1396 1466 1496 1501 plures
1511 1465 1688 1493 differentias
1702 1473 1801 1493 rerum
1822 1472 1869 1492 os-

1100 1511 1201 1544 tendit,
1213 1511 1376 1547 aitsapiens
1385 1511 1428 1546 (de
1442 1512 1524 1539 Sensit
1533 1515 1557 1538 et
1570 1512 1699 1545 Sensuto).
1711 1513 1781 1540 Item
1789 1511 1870 1538 visus

1101 1559 1143 1583 est
1163 1565 1266 1584 sensus
1287 1557 1491 1591 excellentior,
1511 1560 1538 1585 ct
1555 1557 1713 1584 intellectui
1732 1556 1869 1590 vicinior,

1100 1603 1263 1630 secundum
1271 1603 1463 1637 Augustinum
1472 1604 1501 1637 ¹¹³3
1516 1605 1543 1630 et
1550 1603 1638 1630 simul
1647 1601 1870 1638 comprehendit

1099 1655 1160 1682 res,
1176 1648 1258 1683 quod
1270 1648 1372 1675 videre
1391 1648 1427 1675 sit
1445 1650 1539 1676 totum
1560 1648 1658 1675 simul.
1680 1648 1708 1675 Si
1728 1648 1807 1675 enim
1828 1647 1868 1675 ita

1100 1695 1142 1720 cst
1157 1694 1192 1721 de
1208 1701 1294 1721 sensu
1309 1694 1388 1720 visus
1403 1694 1432 1721 in
1447 1702 1585 1729 corpore,
1606 1693 1699 1721 multo
1718 1694 1814 1728 magis
1831 1693 1868 1721 de

1099 1739 1247 1767 intellectu
1272 1739 1435 1774 glorificato
1456 1749 1462 1766 ε
1487 1742 1513 1767 et
1534 1740 1573 1767 ita
1590 1742 1706 1768 notatur
1730 1739 1869 1767 intimitas

1099 1785 1209 1820 gloriae.
1230 1787 1250 1802 ¹⁷
1271 1796 1282 1809 (1
1302 1785 1417 1812 Videbit
1435 1785 1540 1812 faciem
1564 1786 1626 1820 ejus
1648 1785 1677 1812 in
1698 1785 1804 1820 jubilo.
1826 1785 1868 1813 lbi

1099 1831 1252 1866 Gregorius
1266 1832 1285 1849 ¹⁸
1295 1832 1370 1859 benc
1386 1831 1422 1858 de
1437 1832 1505 1865 hoc,
1521 1831 1572 1858 ubi
1586 1831 1635 1865 ait,
1652 1831 1734 1867 quod
1748 1832 1867 1866 «iubila-3

1098 1877 1213 1912 dicitur,
1230 1878 1350 1913 quando
1365 1877 1515 1905 ineffabile
1529 1877 1672 1912 gaudium
1685 1879 1782 1905 mente
1796 1885 1866 1905 con-

1098 1923 1214 1959 cipitur,
1231 1927 1260 1951 ut
1274 1932 1327 1951 nec
1340 1924 1483 1951 abscondi
1499 1924 1600 1959 possit,
1614 1932 1668 1952 nec
1679 1924 1866 1952 sermonibus

1097 1969 1212 2004 aperiri.
1229 1970 1271 1995 »19
1287 1980 1298 1994 «
1312 1970 1394 1997 Oculi
1410 1970 1449 1997 tui
1465 1970 1610 1998 videbunt
1623 1970 1802 1998 Hierusalem
1815 1970 1865 1998 ha-

1096 2015 1267 2043 bitationem
1290 2016 1470 2051 opulentam.
1486 2018 1541 2044 »Et
1556 2018 1578 2033 ²⁰
1594 2026 1602 2043 .-
1618 2026 1629 2041 «
1643 2016 1762 2044 Videbis
1776 2019 1804 2044 et
1822 2016 1864 2044 af-

1095 2060 1205 2089 flues.»
1222 2063 1242 2079 ²¹
1264 2061 1416 2088 «Videbitis
1431 2064 1457 2089 et
1473 2062 1613 2096 gaudebit
1629 2070 1680 2089 cor
1693 2064 1831 2090 vestrum.
1848 2072 1862 2088 ιι

1095 2106 1133 2132 ²²«
1148 2109 1211 2143 Ipse
1226 2107 1279 2135 erit
1300 2108 1366 2134 finis
1381 2108 1595 2135 desideriorum
1611 2110 1796 2142 nostrorum,
1811 2108 1864 2144 qui

1096 2153 1158 2180 sine
1179 2153 1236 2181 fine
1254 2153 1413 2188 videbitur,
1437 2156 1464 2181 et
1485 2154 1546 2181 sine
1565 2153 1682 2182 fastidio
1706 2154 1863 2188 amabitur,

1095 2201 1156 2228 51110
1175 2201 1342 2236 fatigatione
1358 2200 1541 2235 laudabitur,
1557 2210 1570 2226 »
1589 2202 1642 2228 etc.
1666 2199 1863 2235 lncogitabilis

1095 2254 1165 2282 ergo
1181 2246 1275 2282 gloria
1289 2247 1352 2280 erit,
1367 2246 1467 2274 videre
1481 2246 1607 2281 gloriam
1626 2246 1684 2274 Dei.

1194 2348 1309 2375 Collatio
1327 2349 1609 2382 septuagesimanona,
1627 2354 1714 2380 xvm,
1733 2349 1760 2375 1.

1128 2433 1254 2465 Eyressus
1279 2433 1317 2458 est
1342 2433 1416 2458 trans
1440 2432 1580 2457 torrentem
1604 2430 1716 2463 Cedron,
1731 2429 1780 2456 ubi
1801 2430 1859 2456 erat

1093 2492 1130 2514 16.
1146 2503 1176 2508 —-
1194 2490 1214 2506 ¹³
1234 2489 1301 2519 Tob.,
1317 2495 1343 2518 x,
1362 2491 1383 2512 5.
1404 2502 1433 2506 -
1451 2489 1469 2505 ¹⁴
1485 2490 1567 2518 Proin,
1583 2495 1642 2517 vui,
1659 2490 1695 2512 18.
1711 2500 1740 2505 —
1754 2488 1774 2504 ¹⁵
1788 2488 1857 2518 Sap„

1092 2532 1140 2555 vu,
1157 2528 1193 2549 tt.
1205 2538 1233 2542 —
1246 2525 1266 2541 ¹⁶
1279 2526 1354 2554 Aug„
1364 2524 1398 2547 ad
1412 2524 1549 2549 Volusium,
1562 2524 1633 2554 epist.
1645 2529 1684 2553 111,
1695 2523 1726 2547 al.
1739 2528 1856 2551 cxxxvii,

1091 2567 1202 2589 0.11,11.
1218 2562 1240 2583 5.
1258 2573 1283 2576 -
1300 2560 1318 2575 ¹⁷
1332 2558 1384 2588 Job,
1405 2564 1497 2587 xxxm,
1513 2560 1550 2582 26.
1566 2571 1597 2575 —
1613 2558 1633 2575 ¹⁸
1652 2558 1737 2589 Greg..
1753 2557 1855 2585 Moral„

1090 2596 1134 2619 lib.
1154 2596 1195 2624 tv,
1215 2602 1236 2619 c.
1258 2601 1282 2624 v,
1296 2595 1328 2618 al.
1344 2600 1382 2623 vi,
1398 2601 1424 2617 n.
1441 2595 1478 2618 10.
1494 2606 1523 2611 —
1538 2595 1558 2610 ¹⁹
1576 2594 1635 2619 lsa..
1655 2599 1755 2623 xxxiii,
1770 2594 1808 2616 20.
1825 2605 1856 2610 —

1090 2631 1110 2646 ²⁰
1124 2632 1182 2659 Isa..
1198 2637 1239 2660 Lx,
1256 2632 1278 2654 5.
1293 2643 1324 2648 —
1335 2630 1353 2646 ²¹
1367 2629 1426 2659 isa„
1438 2634 1506 2657 uvi,
1524 2630 1560 2653 ¹4.
1572 2641 1601 2646 —
1615 2629 1635 2644 ²²
1646 2630 1720 2659 Aug„
1735 2628 1764 2652 de
1777 2628 1854 2653 civit.

1089 2666 1150 2694 Dei.
1166 2666 1210 2690 lib.
1226 2665 1300 2695 xxti,
1316 2671 1337 2689 0.
1353 2669 1415 2693 xxx,
1430 2670 1456 2687 n.
1471 2665 1494 2686 ¹.
