1987 3032
695 202 732 232 IN
751 201 835 233 CAP.
863 201 884 231 V
906 200 1044 231 SANCTI
1064 201 1237 232 JOANNIS.

173 273 234 298 tum
249 271 367 304 tollere,
381 271 424 297 est
441 276 559 296 carnem
577 276 629 303 per
648 268 737 295 fraena
756 267 938 295 continentiae

173 320 338 352 correptam
354 325 371 344 a
389 315 509 343 terrenis
526 314 678 341 desideriis
698 321 859 348 segregare.
877 322 889 338 »
908 314 939 340 Et

172 362 343 397 Gregorius,
356 361 408 388 ubi
423 368 511 396 supra
529 361 534 376 ¹
552 370 558 387 :
579 370 591 385 (t
611 361 732 387 Sanatus
750 360 807 386 hoc
822 359 939 394 (11)por-

172 411 213 436 tat
227 409 277 436 ubi
289 409 435 443 jacuerat,
452 407 522 442 quia
538 406 638 433 dix-ino
658 405 802 440 adjutorio
824 407 939 439 ereptus

173 464 190 483 a
204 455 296 488 vitiis,
312 453 445 488 ejusdem
461 452 555 479 carnis
569 453 601 487 (b)
615 451 807 478 contumelias
818 451 847 485 (c)
862 451 938 484 post-

172 501 296 529 modum
311 500 414 526 tolerat
430 499 482 533 (cl),
497 499 528 525 in
548 498 629 532 cujus
645 498 677 532 (e)
693 496 845 524 desideriis
857 496 938 531 prius

170 546 382 583 requiescebat.
405 555 417 570 n
440 546 503 571 Haec
522 544 581 571 ille.
606 544 615 559 ²
638 553 650 569 α
676 542 755 570 Tolle
782 542 937 576 grabatum

172 597 262 621 tuum.
283 603 296 617 »
316 594 347 619 Et
367 593 376 608 '⁵
393 600 399 618 z
420 602 432 615 «
453 591 533 618 Tolle
554 590 661 617 lectum
682 591 773 616 tuum.
795 598 808 614 >1
827 590 857 615 Et
877 595 937 614 non

171 639 268 667 solum
282 639 352 671 hoc,
368 637 419 664 sed
433 637 472 664 ait
487 637 512 663 ei
530 637 677 669 εΑηιὸιιΙα,
691 635 720 662 id
737 637 794 669 est,
810 635 840 661 in
855 634 935 660 bono

170 685 290 722 profice.
304 686 361 711 Hoc
377 683 454 710 enim
469 685 510 710 est
525 682 693 714 ambulare,
705 682 744 708 ait
760 680 935 708 Bernardus.

170 732 249 760 Unde
277 730 452 765 Augustinus
470 729 480 745 t
505 739 510 755 ι
537 739 550 753 «
574 728 637 755 Noli
658 736 674 754 a
697 727 742 754 via
766 726 913 754 declinare
928 748 935 760 ,

170 778 231 806 noli
251 777 291 804 ibi
311 783 477 808 remanere,
495 775 554 801 noli
573 776 648 801 retro
664 773 824 809 respicere,
840 780 937 808 perse-

168 832 239 852 vera
262 824 291 850 in
313 821 505 850 ambulando.
527 831 539 846 n
564 820 640 847 Intra
660 821 669 836 ⁵
692 828 697 846 :
726 830 738 843 κ
763 818 935 852 Ambulate,

170 871 241 898 dum
261 870 356 897 lucem
378 868 501 895 habetis.
519 878 531 892 n
551 869 581 894 Et
596 867 637 893 ibi
659 866 695 893 de
714 865 856 901 spirituali
876 873 936 892 am-

168 916 319 944 bulatione
335 915 456 941 dicetur.

311 1018 425 1044 ίόΙΙαιίο
445 1017 649 1050 πῖςεείνηαεεευία
661 1036 669 1049 ,
689 1023 726 1049 v,
750 1016 791 1041 14.

202 1105 267 1130 Ecce
278 1104 367 1129 salvus
382 1103 471 1134 factus
484 1108 523 1131 es;
536 1101 591 1126 noli
603 1101 720 1134 amplius
734 1106 850 1133 peccare.
863 1099 934 1125 Cum

167 1149 305 1186 sapientis
327 1151 354 1176 et
373 1148 493 1175 virtuosi
513 1146 618 1173 medici
641 1146 677 1172 sit
695 1145 866 1172 morbidum
886 1152 934 1177 ehu-

166 1205 242 1230 rare,
254 1198 281 1223 et
296 1203 331 1222 ne
346 1195 427 1222 iteret
440 1193 578 1221 eumdem
593 1192 734 1219 morbum
747 1190 932 1226 praemunire,

166 1242 328 1270 seeundum
341 1241 425 1267 istam
441 1239 683 1267 consuetudmem
698 1237 784 1264 Filius
802 1237 849 1264 Dei
867 1236 934 1263 facit

165 1290 222 1318 hic.
239 1288 318 1316 Unde
337 1288 366 1314 in
385 1287 429 1314 his
444 1286 541 1313 verbis
563 1285 615 1312 tria
634 1284 817 1312 insinuantur
833 1292 839 1309 τ
857 1291 931 1318 quo-

166 1344 231 1364 rum
247 1335 374 1370 primum
391 1336 432 1360 est
446 1332 561 1367 gratuiti
576 1331 708 1358 beneficii
726 1330 824 1357 collati
840 1337 933 1356 reme-

166 1381 307 1415 moratio,
330 1380 371 1407 ibi
391 1389 397 1407 z
414 1381 479 1406 Ecce
500 1386 578 1405 sunus
599 1379 685 1410 flletus
705 1385 747 1407 es;
770 1375 931 1403 secundum

166 1430 207 1456 est
220 1427 344 1455 iterandi
360 1426 499 1453 morbum
514 1423 694 1456 dehortatiO,
711 1423 752 1449 ibi
770 1432 776 1449 :
791 1423 854 1449 Noli
874 1430 932 1456 pcc-

152 1482 240 1506 -care,
258 1473 373 1500 tertium
393 1474 434 1499 est
449 1470 561 1498 iteranti
578 1469 784 1502 comminatio,
800 1468 847 1495 vel
863 1467 931 1494 mali

165 1519 345 1549 denuntiatio
356 1540 364 1553 ,
379 1518 420 1546 ibi
436 1527 442 1545 ε
456 1518 495 1545 Ne
510 1518 561 1543 tibi
577 1516 704 1543 deterius.

198 1567 242 1595 Ait
262 1573 332 1600 ergo
355 1574 360 1592 :
383 1565 449 1591 Ecce
469 1570 550 1590 sanas
568 1563 655 1595 fuctus
675 1569 717 1595 es,
739 1560 847 1587 scilicet
866 1568 931 1594 gra-

162 1616 274 1647 tanter,
291 1612 352 1639 sine
375 1609 478 1637 merito
502 1611 528 1635 et
551 1608 664 1644 preti03
688 1608 756 1634 item
778 1607 930 1640 benefice,

164 1660 234 1696 quia
249 1659 285 1685 de
303 1664 412 1691 magno
429 1658 456 1683 et
472 1655 588 1689 prolixo
608 1654 734 1687 morbo3
750 1653 817 1680 item
834 1652 931 1679 suavi-

163 1709 219 1737 ter,
240 1704 311 1740 quia
330 1703 391 1729 sine
412 1700 576 1729 afflictionis
598 1700 813 1727 medicamento
830 1708 837 1731 ;
862 1699 931 1725 item

164 1749 401 1788 perfectibiliter,
425 1747 495 1782 quia
520 1754 578 1773 non
603 1745 699 1773 solum
724 1747 766 1772 est
788 1745 930 1779 aegritudo

167 1800 264 1828 ablata
279 1820 287 1831 ,
308 1797 359 1824 sed
378 1796 468 1823 virtus
488 1794 618 1822 restituta
631 1815 639 1828 ‚
660 1796 691 1821 ut
707 1795 785 1828 patet
804 1801 838 1820 cx
857 1792 930 1820 serie

165 1847 265 1874 litterae
282 1853 288 1871 :
305 1844 347 1870 illi
362 1843 441 1870 enim
464 1842 578 1877 poterat
597 1840 654 1867 dici
678 1840 752 1866 illud
774 1840 876 1866 Psalmi
896 1840 905 1855 ⁶
923 1849 929 1866 :

170 1891 251 1925 «Qui
271 1891 354 1917 sanat
373 1895 474 1916 omnes
494 1887 674 1914 infirmitates
693 1889 765 1913 tuas.
782 1897 794 1911 ,ι
810 1887 819 1902 ⁷
837 1896 850 1910 (ι
865 1886 931 1913 Om-

164 1938 300 1973 nipotens
317 1943 412 1962 sermo
432 1936 512 1966 tuus,
529 1933 578 1968 qui
598 1935 680 1959 sanat
700 1932 836 1959 universa
852 1932 897 1966 (f).
915 1941 928 1955 n

164 1985 195 2011 Et
209 1983 238 2010 in
253 1983 356 2009 Psalmo
371 1982 380 1997 Β
398 1989 403 2007 :
423 1990 435 2005 «
455 1979 525 2007 Misit
542 1979 665 2006 verbum
684 1986 785 2011 suum,
801 1980 828 2004 et
848 1985 930 2004 saua-

165 2030 207 2057 vit
225 2037 284 2057 eos.
301 2039 313 2054 u
335 2028 402 2055 Ideo
418 2027 548 2062 sequitur
566 2036 572 2053 ι
590 2027 714 2060 Amplius
730 2026 787 2051 noh·
803 2032 929 2059 pez-care,

165 2076 274 2103 scilicet
288 2074 438 2102 existendo
460 2072 587 2099 sanatori
609 2071 754 2106 ingratus,
770 2078 823 2097 suo
845 2070 929 2104 adju—

164 2122 240 2150 torio
260 2120 450 2153 militaturus,
470 2118 608 2145 morbum
628 2118 799 2150 iteraturus,
816 2119 843 2143 et
861 2124 930 2151 sup-

164 2168 253 2204 plicia
276 2166 421 2202 ampliora
442 2165 606 2192 merIturus.
628 2164 638 2180 ⁹
662 2173 674 2188 α
695 2163 763 2195 Fili,
785 2162 931 2198 peccasti?

165 2222 226 2242 non
250 2212 370 2248 adjicias
393 2212 497 2239 iterum
515 2232 522 2244 ‚
547 2211 596 2237 sed
621 2210 656 2237 de
680 2209 803 2244 pristinis
828 2208 930 2243 depre-

166 2268 247 2293 care,
259 2270 272 2285 »
291 2261 343 2286 etc.
360 2260 392 2285 Et
405 2258 535 2293 sequitur
550 2266 556 2284 :
574 2268 585 2279 τι
601 2256 686 2289 Quasi
699 2264 715 2282 a
730 2255 801 2282 facie
817 2254 931 2281 colubri

163 2306 232 2341 fuge
249 2307 411 2341 peccatum.
428 2314 440 2329 »
464 2305 496 2331 Et
516 2303 546 2330 in
570 2303 674 2330 Psalmo
693 2303 712 2318 ‘⁰
730 2311 735 2328 :
756 2312 768 2326 ι(
784 2301 899 2328 Declina
915 2309 932 2328 a

166 2352 259 2386 malo,
280 2353 307 2378 ct
321 2350 366 2378 fac
381 2350 503 2378 bonum.
519 2359 532 2375 »
549 2351 607 2376 Hoc
629 2349 706 2375 enim
728 2350 769 2375 est
791 2347 931 2375 thesauri-

196 2424 202 2439 ¹
225 2424 311 2452 Greg„
332 2421 435 2451 Mon-al„
457 2420 499 2443 uhi
518 2427 573 2450 sup.
593 2432 622 2437 —
646 2420 656 2435 2
677 2420 766 2447 Mara,
789 2425 827 2447 tx,
855 2420 888 2441 Η.
903 2431 931 2435 -

166 2472 192 2476 —·
208 2459 218 2474 ³
233 2459 299 2485 Luc„
319 2462 342 2486 v,
359 2459 396 2480 2¹1.
414 2468 443 2473 --
460 2456 467 2468 ⁴
487 2457 561 2483 Aug„
578 2456 602 2477 ιἰι
624 2455 688 2477 Psol.
704 2460 778 2483 xxvi,
796 2454 883 2477 Euarr.
899 2459 930 2483 ιι,

165 2500 191 2517 n.
209 2494 246 2517 Π.
258 2505 287 2510 —
302 2493 312 2508 ³
326 2493 405 2519 doun.y
421 2497 468 2520 ΧΗ,
483 2492 522 2514 333.
537 2503 566 2507 —
583 2491 592 2505 ¹³
606 2490 672 2513 Psal.
690 2496 738 2519 ⁴211,
753 2492 776 2512 25.
792 2501 821 2505 —-
840 2488 846 2503 ³
862 2488 931 2517 Suu,

166 2534 224 2555 xvi,
246 2530 283 2551 12.
304 2541 334 2545 —
356 2530 364 2539 ⁸
385 2526 453 2549 Psal.
474 2532 531 2555 ew,
551 2527 586 2549 10.
603 2538 631 2542 -
651 2525 661 2541 ⁹
682 2524 769 2552 Ecclt'„
790 2530 846 2553 xxv,
866 2526 931 2546 1.-

167 2564 187 2579 ¹⁰
201 2562 268 2586 Psal.
288 2568 382 2590 xxxvl,
404 2563 442 2585 29.
460 2574 489 2578 —
508 2563 524 2577 ¹¹
542 2561 616 2588 Rom„
636 2567 666 2589 11,
683 2562 709 2589 4,
726 2562 747 2583 ἓ).
763 2573 792 2576 -
815 2560 833 2574 ¹²
848 2558 931 2588 Helm,

169 2603 207 2626 vi,
223 2598 276 2620 6.-
295 2598 315 2614 ¹³
329 2597 399 2621 Psal.
423 2602 526 2625 xxxvu,
544 2597 599 2619 6.—
620 2595 640 2612 ¹⁴
660 2596 725 2624 Luc„
740 2601 766 2625 x,
783 2595 882 2619 30.—¹¹⁵
895 2594 932 2616 Je-

150 2639 282 2664 .rem.,11,
301 2634 372 2657 36.—
385 2634 404 2649 ¹⁶
421 2632 503 2662 Prov„
518 2638 589 2662 xxw,
607 2634 674 2656 11.-
694 2631 710 2647 *Ἴ
723 2632 741 2655 tt
757 2632 834 2661 Petra,
851 2636 877 2661 tt,
893 2632 930 2654 22.

1702 202 1759 230 549

993 275 1057 294 zare
1070 267 1144 294 iram
1159 267 1223 300 Dei,
1233 267 1290 294 hoc
1305 270 1346 294 est
1357 270 1476 302 peccata
1487 267 1591 294 iterare
1604 273 1621 288 ¹¹
1636 277 1662 295 :«
1673 269 1758 302 Igno-

993 321 1054 346 ras,
1076 313 1146 348 quia
1167 313 1368 340 misericordia
1387 315 1413 340 te
1433 313 1471 340 ad
1491 313 1692 348 poenitentiam
1706 313 1759 341 ad-

994 359 1093 386 ducit?
1116 369 1128 384 »
1156 359 1289 394 Sequitur
1315 367 1385 386 vero
1412 368 1418 385 z
1451 368 1464 384 «
1494 359 1679 387 Thesaurizas
1706 359 1759 388 tibi

992 405 1066 432 iram
1081 426 1087 436 ‚
1108 417 1120 431 »
1143 409 1194 433 etc.
1220 408 1278 433 Hoc
1303 406 1381 433 enim
1402 409 1443 434 est
1464 407 1632 441 crucifigere
1654 407 1759 434 Filium

993 452 1041 479 Dei
1058 454 1077 468 m
1093 461 1099 478 :
1119 454 1268 480 «Rursum
1291 453 1492 487 crucifigentes
1507 453 1693 488 sibimetipsis
1713 453 1758 480 Fi-

993 497 1065 524 lium
1086 498 1142 525 Dei.
1165 509 1177 524 n
1194 501 1226 526 lit
1247 497 1314 526 ide'o
1341 499 1470 534 sequitur
1487 500 1550 527 :Ne
1568 500 1684 526 deterius
1709 501 1759 526 tibi

993 547 1138 577 contsnqat.
1171 545 1269 572 Merito
1300 545 1377 572 enim
1402 545 1543 580 contingit
1566 545 1602 581 (9)
1632 545 1759 573 deterius

992 590 1105 617 iteranti
1120 593 1253 625 peecata,
1268 591 1306 618 ob
1327 591 1504 618 naturalium
1524 591 1759 619 vulnerationem

992 636 1178 664 intimiorem.
1201 639 1229 664 ln
1253 639 1354 665 Psalmo
1370 637 1390 654 ¹³
1406 647 1436 663 :<‹
1452 639 1624 665 Putruerunt
1646 638 1758 664 cicatri-

992 692 1038 711 ces
1051 692 1123 710 mere
1135 692 1151 710 a
1165 684 1237 711 facie
1249 684 1420 719 insipientiae
1430 692 1511 710 metr.
1526 694 1540 709 »
1553 685 1666 717 Quanto
1680 684 1756 711 enim

991 731 1170 765 frequentius
1192 731 1330 758 iterantur
1353 735 1472 767 peccata
1488 752 1494 764 ‚
1518 734 1597 759 tanto
1621 732 1758 759 intentius

991 777 1179 804 vulnerantur
1193 777 1344 805 naturalia.
1362 778 1499 805 Diabolus
1514 777 1593 805 enim
1605 778 1635 811 ¹⁴,
1647 779 1756 812 imposi-

992 824 1026 849 tis
1041 824 1139 857 planis,
1154 823 1292 858 relinquit
1306 826 1498 858 peccatorem,
1515 826 1640 851 semivivo
1656 825 1754 851 relicto.

991 870 1060 895 Item
1076 868 1201 896 deterius
1217 869 1357 904 contingit
1371 870 1419 897 tali
1440 870 1479 897 ob
1501 869 1642 904 majorem
1655 869 1757 904 justifi-

990 916 1135 942 cationem
1150 924 1249 943 coram
1272 917 1329 943 Deo
1345 918 1372 943 et
1393 915 1561 943 homiuibus
1577 917 1596 933 ¹⁵
1610 925 1616 943 :
1637 926 1650 941 «
1664 917 1757 949 Quam

990 962 1055 989 vilis
1076 962 1151 989 faeta
1165 970 1194 989 es
1215 963 1321 989 iterans
1344 962 1404 989 vias
1429 963 1505 989 tuas!
1531 972 1543 987 ι)
1562 963 1631 989 Item
1653 961 1756 989 merito

992 1008 1119 1036 deterius
1135 1008 1276 1043 contingit
1298 1008 1347 1035 tali
1368 1008 1406 1035 ob
1422 1008 1565 1042 majorem
1584 1008 1756 1042 ingratifice-

990 1056 1099 1083 tionem
1126 1057 1153 1081 ct
1175 1054 1455 1082 inexcusabilitatcm
1476 1054 1493 1069 ¹⁶
1515 1063 1521 1080 :
1541 1065 1554 1079 ι(
1576 1054 1653 1081 Sicut
1677 1054 1756 1081 canis

990 1102 1040 1136 qui
1056 1101 1207 1128 revertitur
1222 1102 1260 1128 ad
1277 1101 1435 1134 vomitum,
1451 1100 1491 1128 sic
1510 1101 1682 1135 imprudens
1704 1101 1754 1136 qui

988 1147 1071 1174 iterat
1094 1147 1281 1174 stultitiam.»
1308 1147 1387 1174 Idem
1413 1148 1509 1174 Petrus
1529 1147 1556 1173 ¹⁷.
1578 1147 1646 1173 Item
1674 1147 1754 1173 dete-

989 1194 1048 1220 rius
1064 1193 1204 1228 contingit
1218 1193 1268 1220 tali
1290 1193 1329 1220 ob
1354 1192 1531 1220 securiorem
1551 1192 1754 1219 habitudinem

989 1240 1179 1274 daemonum3
1205 1240 1233 1266 in
1261 1239 1311 1266 tali
1340 1239 1444 1266 dicitur
1464 1239 1483 1255 ¹⁸
1507 1248 1512 1265 ε
1534 1249 1547 1263 ι(
1561 1239 1631 1265 Cum
1655 1238 1755 1266 exierit

988 1287 1105 1322 spiritus
1125 1287 1294 1314 immundus
1313 1287 1350 1313 ab
1367 1286 1485 1313 homine
1502 1296 1507 1313 :
1522 1296 1534 1311 »
1552 1288 1579 1313 et
1599 1286 1730 1321 sequitur
1746 1295 1752 1312 :

992 1344 1004 1358 ι(
1018 1335 1153 1360 Revertar
1168 1333 1197 1359 in
1211 1333 1332 1360 domum
1349 1340 1443 1359 meam
1454 1342 1461 1367 3
1474 1343 1486 1357 n
1502 1334 1528 1360 et
1541 1334 1608 1367 post
1625 1341 1630 1359 :
1645 1332 1754 1359 «Fiunt

988 1380 1148 1407 novissima
1173 1379 1250 1406 illius
1276 1380 1377 1414 pejora
1401 1379 1559 1413 prioribus,
1583 1388 1596 1403 n
1623 1379 1701 1405 Unde
1727 1381 1754 1406 et

987 1427 1079 1454 Semei
1103 1426 1139 1453 de
1163 1427 1258 1460 primo
1278 1428 1396 1460 peccato
1410 1425 1430 1442 ¹⁹
1445 1425 1555 1452 invenit
1569 1425 1699 1459 veniam3
1717 1425 1753 1452 de

987 1474 1127 1507 secundo,
1144 1481 1204 1500 non
1220 1474 1251 1499 ²⁰.
1267 1473 1319 1506 Qui
1336 1480 1405 1507 ergo
1421 1474 1461 1499 est
1480 1480 1567 1499 sanus
1582 1480 1598 1499 a
1620 1473 1753 1506 peccato,

988 1521 1087 1546 caveat
1101 1528 1137 1546 ne
1150 1523 1268 1554 peccet,
1282 1521 1312 1545 ut
1332 1526 1392 1546 non
1413 1518 1539 1546 deterius
1563 1518 1589 1545 ei
1605 1518 1754 1552 contingat

988 1566 1070 1593 dictis
1085 1566 1190 1592 modis.

1117 1668 1229 1694 Collatia
1248 1668 1492 1701 vigesimaseptz'ma
1503 1686 1510 1700 ,
1527 1674 1561 1699 v,
1577 1667 1621 1693 21.

1023 1752 1095 1778 Siaeut
1113 1753 1191 1777 Pater
1209 1753 1321 1777 suscitat
1340 1753 1472 1782 mortuos,
1488 1753 1512 1777 et
1527 1752 1662 1783 vivificat,
1675 1752 1713 1777 sic
1729 1753 1754 1776 et

988 1799 1082 1824 Filius.
1107 1799 1138 1823 [t
1153 1797 1231 1824 enim
1253 1797 1291 1824 ait
1312 1796 1488 1831 Augustinus
1501 1794 1531 1828 Ἢ,
1553 1795 1600 1822 hic
1623 1795 1753 1831 loquitur

987 1845 1023 1872 dc
1043 1844 1252 1888 resurrectio-ne
1275 1843 1455 1876 animarum,
1472 1850 1537 1878 quae
1560 1842 1591 1869 fit
1610 1850 1662 1877 per
1687 1841 1754 1868 sub-

987 1891 1122 1917 stantiam
1137 1890 1225 1916 Patris
1240 1892 1267 1916 et
1281 1890 1343 1916 Filii
1359 1891 1497 1916 aeternam
1513 1890 1540 1915 et
1554 1888 1751 1915 incommuta-

986 1936 1086 1963 bilem.
1104 1938 1135 1963 Et
1154 1935 1315 1962 secundum
1337 1936 1392 1962 boc
1409 1935 1462 1962 tria
1479 1935 1525 1961 hic
1544 1935 1729 1962 insinuantur
1744 1943 1751 1961 ι

986 1983 1103 2018 primo,
1128 1984 1315 2017 peccatorum
1339 1981 1556 2016 prirvaricativa
1580 1980 1752 2008 defectibili-

987 2030 1048 2061 tas,
1064 2029 1103 2055 ibi
1122 2038 1128 2055 :
1145 2030 1262 2055 Mortuos
1276 2038 1283 2060 ,-
1305 2027 1450 2061 secundo,
1471 2027 1644 2054 eorumdem
1660 2036 1677 2053 a
1699 2028 1753 2054 Deo

988 2075 1116 2102 salvifica
1131 2074 1361 2107 vivificabilitas,
1382 2074 1423 2100 ibi
1439 2082 1445 2100 :
1462 2075 1541 2100 Pater
1553 2075 1682 2105 suscitem
1698 2075 1754 2100 ter-

988 2122 1042 2150 tio,
1057 2121 1086 2148 in
1110 2120 1288 2148 vivificando
1312 2119 1491 2155 operationis
1506 2118 1568 2145 Filii
1590 2126 1657 2145 cum
1673 2119 1754 2145 Patre

987 2167 1238 2203 inseparabilitas,
1255 2166 1295 2193 ibi
1313 2175 1318 2193 :
1335 2167 1378 2193 Sic
1393 2168 1416 2192 et
1427 2166 1523 2192 Filius.

1023 2214 1065 2241 Ait
1088 2221 1158 2247 crgo
1176 2221 1181 2239 :
1199 2213 1332 2245 Mortuos,
1353 2212 1382 2238 id
1399 2213 1440 2238 est
1454 2213 1630 2246 peccatores.
1647 2213 1756 2245 Augus-

986 2260 1063 2286 tinus
1076 2259 1112 2286 22:
1128 2269 1140 2284 (ι
1155 2258 1339 2291 Immortalis,
1354 2258 1460 2293 inquit,
1472 2257 1576 2284 dicitur
1587 2257 1701 2284 anima:
1714 2259 1755 2284 est

989 2306 1124 2341 quidem,
1140 2305 1210 2340 quia
1223 2305 1295 2332 vivit
1309 2312 1424 2339 semper
1439 2304 1551 2338 anima,
1569 2305 1596 2331 et
1611 2306 1652 2330 est
1665 2303 1694 2330 in
1706 2303 1756 2330 illa

989 2352 1124 2388 quiedam
1146 2352 1206 2378 vita
1230 2358 1422 2386 permanens,
1443 2350 1495 2377 sed
1519 2349 1668 2377 mutabilis
1688 2349 1754 2377 vita.

988 2455 1018 2459 —
1035 2442 1054 2458 ¹⁸
1067 2441 1169 2472 Mami„
1183 2446 1238 2471 xil,
1252 2441 1295 2470 43,
1318 2441 1354 2464 44.
1375 2452 1404 2456 —
1424 2440 1443 2455 ¹³*
1463 2440 1481 2463 It
1502 2439 1570 2470 aeq„
1594 2445 1652 2468 xlx,
1672 2440 1710 2463 21.
1726 2453 1756 2457 -

989 2478 1008 2493 ²⁰
1025 2478 1054 2501 111
1075 2478 1142 2508 Κεφ,
1163 2482 1189 2506 11,
1206 2478 1243 2500 46.
1257 2489 1285 2493 -
1302 2476 1321 2491 2¹
1336 2476 1447 2506 Aug.,1'n
1460 2475 1542 2505 loen„
1555 2477 1626 2499 tract.
1642 2480 1715 2505 xxm,
1728 2482 1753 2498 n.

992 2514 1065 2537 13.μ
1083 2512 1103 2528 ²²
1119 2512 1228 2542 tbid.‚n.
1246 2513 1268 2535 9.

1021 2561 1053 2592 (α)
1071 2561 1130 2585 (ja-t.
1146 2560 1204 2584 edit.
1222 2566 1292 2590 ergo.
1308 2572 1337 2577 —
1352 2559 1386 2591 (b)
1403 2560 1463 2583 Item
1478 2565 1590 2583 carnem.
1604 2571 1635 2576 —
1651 2559 1678 2589 (c)
1695 2559 1755 2582 Item

989 2596 1140 2620 contumelia
1156 2596 1189 2619 in.
1203 2608 1233 2613 —
1248 2595 1285 2624 (d)
1302 2596 1362 2619 Item
1377 2594 1474 2619 tulerat.
1490 2608 1521 2613 -
1535 2595 1565 2625 (e)
1580 2595 1639 2618 Item
1654 2594 1753 2625 quibus.

989 2645 1018 2650 —
1033 2633 1066 2663 (f)
1089 2632 1158 2662 tsuly.
1177 2631 1270 2655 omnia.
1284 2643 1314 2648 -
1330 2632 1363 2661 (9)
1381 2631 1440 2655 Caet.
1457 2630 1516 2654 edit.
1533 2629 1670 2661 contingat.
