1987 3032
230 187 287 215 176

229 251 304 290 quia
317 250 432 282 dicitur
448 251 455 266 ¹
474 260 481 280 :
503 260 517 278 «
533 246 714 279 immolabis
725 246 765 286 (a)
779 247 877 286 phase
887 247 919 276 in
930 246 999 277 loco

228 312 324 343 quem
348 303 481 342 elegerit
502 301 653 333 Dominus
678 302 761 330 Deus
780 302 864 330 tuus.
881 311 895 328 »

259 360 308 387 10.
316 356 347 388 E
349 361 360 386 c
368 356 450 386 (licvit
457 355 501 385 acl
509 364 575 385 eos:
584 354 666 385 Ecce
676 353 906 384 introeuntibus
916 352 1000 383 robis

228 411 263 440 in
272 411 442 445 civitatem,
458 411 599 438 occurret
609 406 694 436 vobis
705 406 798 436 homo
809 405 999 446 amphoram

228 472 323 503 aquoe
339 467 482 503 portans,
504 470 561 500 pro
580 460 672 499 signo
691 460 853 490 directivo.
872 460 1000 491 Marcus

228 519 335 546 autem
350 515 426 546 dicit
440 518 451 533 ²
468 525 474 544 ι
502 525 516 541 ι(
531 512 680 544 Occurret
694 512 784 543 vobis
799 512 895 543 homo
908 512 998 550 lage-

228 578 302 599 nam
317 576 410 607 aqum
423 565 582 605 bajulans.
598 576 612 593 ›>
629 565 831 604 Augustinus
841 564 935 595 etiam
954 563 1000 602 (de

230 620 407 654 Concordia
422 618 713 659 annqelistarum)
730 618 773 648 ait
783 618 804 656 ³,
821 617 905 657 quod
922 616 1002 647 Mar-

229 686 283 706 cus
298 676 460 714 lagenam,
477 673 577 704 Lucas
597 672 784 711 amphoram
808 670 894 701 dicit.
913 669 1000 700 Unde

228 728 307 759 alter
321 727 404 758 vasis
421 736 533 766 genus,
553 725 632 756 alter
646 725 778 755 modum
794 723 997 762 significavit.

228 782 266 813 Et
289 781 365 821 quia
382 781 443 811 hoc
467 779 598 818 signum
620 779 687 808 erat
709 776 910 814 directivum,
930 776 1000 806 ideo

228 835 313 866 addit
329 845 335 864 z
354 832 538 874 Sequimini
551 840 623 862 eum
639 831 672 860 in
693 830 836 866 domum,
852 830 886 859 in
901 838 1000 869 quam

229 889 339 925 inlral,
359 887 397 925 (υ.
409 889 439 916 11
448 887 455 923 )
469 889 497 916 el
510 884 617 914 dicetis
626 882 860 923 patrifamilias
868 881 980 911 (lomus
989 892 1000 911 .-

228 941 312 972 Dicit
327 939 383 969 libi
395 938 547 977 Maqister
563 946 572 967 .·
592 936 651 967 L'bi
661 939 705 966 est
713 935 935 972 diversorium,
947 935 1003 964 ubi

225 993 345 1034 pas-cleu
361 1002 433 1023 cum
442 990 603 1030 discipulis
612 990 690 1020 meis
699 988 890 1019 manducem
897 988 914 1018 ?
928 990 1000 1018 tan-

228 1056 325 1087 quam
347 1046 380 1075 111
397 1045 467 1075 1000
490 1045 609 1074 secreto
629 1045 659 1073 et
678 1043 796 1082 quieto.
812 1042 948 1072 Domum
961 1042 1000 1071 ab

229 1100 291 1130 alio
306 1098 431 1139 quaerit,
452 1097 528 1136 quia
542 1105 608 1126 non
622 1095 776 1133 habebat,
794 1095 874 1125 sicut
887 1095 1001 1125 dicitur

229 1161 325 1192 supra
338 1152 348 1168 ⁴
366 1163 373 1182 :
396 1150 535 1189 «Vulpes
548 1149 655 1179 foveas
664 1148 792 1186 habent,
809 1150 839 1178 et
855 1147 1001 1178 volucres

229 1205 300 1236 coeli
316 1204 423 1242 nidos3
445 1203 530 1233 filius
550 1204 657 1232 autem
673 1201 812 1232 hominis
828 1209 892 1230 non
906 1200 1000 1230 hahet

230 1259 285 1289 ubi
304 1259 397 1297 caput
411 1265 506 1287 suum
525 1255 665 1285 reclinet.
682 1265 696 1282 1)
717 1253 878 1290 Quaeritur
894 1255 1000 1283 autem

229 1312 317 1342 locus
331 1312 469 1341 secretus
482 1311 576 1348 atque
590 1308 728 1347 quietus,
745 1307 819 1346 quia
834 1306 948 1336 dicitur
964 1307 974 1322 ⁵
992 1317 998 1336 :

235 1376 249 1393 α
264 1364 299 1394 111
313 1372 388 1403 pace
405 1364 503 1393 sactus
518 1364 564 1392 est
577 1361 665 1392 locus
681 1362 762 1399 ejus.
783 1359 821 1390 Et
839 1360 913 1399 quia
925 1359 1001 1390 scie-

229 1418 283 1448 bat
296 1418 365 1456 eius
376 1416 535 1452 affectum,
548 1414 617 1445 ideo
628 1414 712 1445 addit
731 1414 771 1453 (v.
789 1414 836 1450 102)
854 1423 860 1442 ε
877 1412 924 1443 Et
937 1413 1001 1452 ipse

230 1470 369 1501 ostendet
382 1469 465 1499 cobis
475 1468 674 1498 comaculzmz
686 1475 843 1506 maynum
852 1469 999 1503 stratum,

231 1528 261 1555 et
277 1524 321 1554 ibi
328 1526 456 1563 parate,
472 1524 626 1561 tanquam
642 1521 675 1550 in
688 1520 757 1550 loco
767 1520 909 1550 honesto.
928 1518 1002 1549 11ωο

231 1577 406 1609 secundum
421 1576 559 1606 litteram
575 1575 649 1604 sunt
668 1573 771 1613 plana.
791 1572 1002 1612 Spiritualiter

231 1633 338 1662 autem
362 1638 418 1668 per
446 1628 606 1658 civitatem
632 1625 819 1664 intelligitur
847 1625 999 1662 Ecclesia,

232 1693 304 1724 quae
319 1685 366 1714 est
382 1682 491 1713 civitas
508 1682 601 1711 firma
617 1680 627 1695 ⁶
644 1690 651 1709 ε
673 1690 687 1707 t(
701 1678 920 1709 Fundamenta
933 1679 1002 1717 eJus

232 1738 264 1767 in
279 1736 441 1766 montibus
462 1733 587 1764 sanetis.
609 1744 623 1760 »
648 1731 686 1762 Et
707 1734 776 1771 post
793 1740 800 1761 :
829 1742 843 1759 (ι
863 1730 1003 1761 Gloriosa

231 1790 312 1820 dicta
335 1790 408 1819 sunt
428 1787 466 1818 de
483 1789 524 1824 te,
545 1785 655 1816 civitas
669 1784 735 1814 Dei.
755 1795 768 1812 1)
788 1782 826 1814 Et
840 1792 952 1814 rursus
966 1783 975 1799 ⁷
993 1793 999 1813 :

236 1855 250 1873 «
265 1842 341 1880 Quis
356 1841 487 1872 deducet
502 1838 598 1869 mein
612 1838 773 1868 civitatem
787 1836 968 1867 munitam?
983 1846 998 1864 »

232 1896 347 1927 Civitas
361 1894 495 1935 pulchra
505 1893 514 1909 ⁸
532 1903 539 1922 ι
559 1904 573 1921 «
588 1891 659 1922 Vidi
674 1893 814 1921 sanctam
829 1890 1000 1927 civitatem,

232 1948 406 1981 Jerusalem
425 1954 558 1983 novam,
573 1943 813 1975 descendentem
830 1942 869 1972 de
888 1942 966 1972 coelo
984 1951 1002 1972 a

233 2002 306 2038 Deo,
322 2001 483 2040 paratam,
501 1998 581 2028 sicut
602 2005 750 2036 sponsam
766 1997 911 2026 ornatam
931 1994 1001 2025 viro

232 2063 301 2086 suo.
318 2065 332 2082 (1
343 2052 458 2084 Civitas
470 2050 610 2090 iucunda
624 2052 633 2067 ⁹
648 2060 654 2079 z
671 2060 685 2078 «
700 2048 856 2080 Fluminis
866 2048 1002 2087 impetus

232 2107 371 2138 laetificat
385 2105 544 2135 civitatem
554 2103 618 2133 Dei.
631 2113 645 2131 »
664 2102 723 2132 Per
737 2101 937 2133 ccenaculum
947 2110 1003 2131 au-

233 2164 296 2192 tem
322 2159 511 2197 intelligitur
535 2157 642 2187 anima
661 2158 786 2193 sancta,
811 2163 884 2194 quae
911 2154 1004 2184 debet

233 2221 300 2243 esse
322 2211 443 2241 elevata
466 2217 521 2248 per
545 2206 854 2246 contemplationem.
871 2205 929 2236 Job
945 2206 966 2223 ¹⁰
993 2215 1000 2234 :

239 2263 428 2303 «Numquid
447 2262 486 2292 ad
507 2262 701 2301 praeceptum
720 2262 812 2290 tuum
827 2258 1003 2290 elevabitur

234 2319 349 2359 aquila,
366 2330 380 2346 »
403 2320 460 2348 etc.
488 2314 618 2348 Grande
638 2323 694 2354 per
716 2314 900 2344 charitatem
912 2324 919 2351 3
943 2312 1002 2343 Ba-

235 2372 315 2404 rueh
330 2373 347 2388 ¹¹
367 2382 374 2401 z
395 2383 409 2400 (1
423 2370 445 2401 O
462 2369 568 2403 Israel,
585 2377 683 2408 quam
697 2376 816 2406 magna
830 2369 877 2398 est
891 2366 1005 2397 domus

235 2427 300 2465 Dei,
309 2427 340 2456 et
350 2425 466 2463 ingens
475 2424 562 2453 locus
570 2421 774 2462 possessionis
782 2422 852 2460 eJus
863 2421 871 2450 1
883 2431 897 2449 1)
912 2419 950 2450 Et
959 2420 980 2436 ¹¹
995 2430 1002 2450 z

270 2507 275 2520 ¹
295 2506 376 2534 Dent„
392 2508 444 2531 Χνι,
460 2504 507 2525 5-6.
526 2514 552 2518 -
570 2501 580 2517 ²
595 2502 684 2528 Marc„
697 2506 749 2531 xw,
766 2502 802 2525 13.
817 2514 848 2518 —-
861 2501 871 2517 ³
887 2501 962 2531 Aug„
976 2500 1005 2523 de

238 2539 355 2566 Concord.
378 2536 496 2568 Evanyel.
516 2536 558 2559 lib.
580 2536 613 2566 ΙΙ,
626 2544 648 2559 c.
665 2542 741 2565 Lxxx,
755 2543 781 2560 n.
798 2537 893 2560 151-
907 2535 917 2551 ⁶
932 2536 1004 2566 sup.,

238 2583 275 2607 lx,
289 2576 328 2599 58.
344 2587 374 2592 ·-
388 2574 396 2588 ⁵
413 2571 477 2596 l'sal.
497 2576 573 2599 Lxxv,
589 2572 611 2594 3.
628 2583 657 2587 -
669 2571 679 2587 ⁶
690 2571 758 2594 Psal.
776 2577 882 2601 Lxxxw,
900 2573 922 2602 1,
941 2573 964 2595 3.
975 2583 1005 2587 —

237 2614 246 2629 7
260 2611 326 2636 Psoi.
344 2616 396 2638 mx,
408 2610 431 2632 2.
446 2620 476 2624 —
492 2607 500 2620 ⁸
516 2606 599 2636 apoc„
615 2612 667 2633 xx1,
684 2609 705 2629 2.
717 2620 747 2624 —
761 2608 769 2620 ⁹
784 2606 852 2630 Psal.
864 2612 923 2636 xm,
939 2608 961 2630 5.
976 2618 1006 2623 -

238 2648 257 2664 ¹⁰
271 2647 324 2675 λοῦ,
342 2650 431 2673 xxmx,
449 2643 487 2666 27.
506 2655 533 2658 —
550 2641 567 2657 ¹¹
587 2640 657 2671 Bar„
680 2647 721 2672 111,
736 2643 774 2665 24.
790 2654 821 2659 ·-
843 2642 862 2658 ¹²
881 2641 947 2666 Psal.
963 2647 1008 2671 xv,

770 179 980 211 EVANGELII
1002 178 1141 209 SANCTI
1167 178 1276 209 LUCAE

1060 257 1073 273 (ι
1091 244 1221 284 Propter
1236 245 1295 276 hoc
1310 246 1452 277 laetatum
1467 249 1513 277 est
1529 255 1583 278 cor
1597 255 1718 283 meum,
1733 257 1748 274 »
1764 248 1822 278 etc.

1055 299 1203 329 Stratum
1215 298 1369 330 virtutum
1379 300 1544 337 varietate3
1558 299 1674 331 Esther
1684 299 1705 316 ¹³
1718 310 1747 329 :u
1755 298 1826 330 Leo-

1056 351 1125 389 tuli,
1150 353 1221 389 etc„
1242 361 1338 391 super
1358 353 1594 391 pavimentum,
1618 351 1826 390 smaragdino

1055 407 1085 434 et
1109 405 1197 444 pario
1218 407 1350 435 stratum
1375 405 1487 444 lapide,
1513 406 1652 446 dispositi
1675 406 1765 436 erant
1784 415 1791 435 ι
1807 415 1822 432 n

1056 454 1140 496 quod
1161 458 1240 487 mira
1260 457 1414 487 varietate
1437 458 1558 497 pictura
1578 458 1755 490 decorabat.
1778 456 1825 487 Ad

1056 510 1115 541 hoc
1130 510 1329 541 coumculum
1348 511 1437 541 venit
1452 511 1615 550 Dominus,
1637 510 1827 551 requirendo

1057 564 1176 595 domini
1199 564 1313 595 domus
1331 574 1515 601 assensum,
1543 566 1617 605 quia
1640 565 1754 596 dicitur
1773 566 1794 583 ¹⁸
1817 575 1824 595 ε

1061 628 1075 645 «
1090 620 1163 647 Ecce
1179 619 1226 647 sto
1242 617 1280 647 ad
1303 618 1430 654 ostium,
1457 620 1487 649 et
1501 618 1601 658 pulso,
1619 630 1634 647 »
1661 620 1719 649 ete.
1736 617 1829 649 Venit

1057 670 1150 701 etiam
1162 670 1200 701 ad
1210 670 1373 701 hominem
1384 680 1449 701 1101]
1459 671 1672 708 nominatum,
1687 671 1774 711 quia,
1790 673 1828 701 ut

1057 723 1131 753 dicit
1150 722 1267 761 Glossa,
1285 724 1434 755 omnibus
1451 723 1613 754 Christum
1631 732 1699 755 suae
1713 723 1829 754 mentis

1057 775 1193 814 hospitio
1227 775 1386 815 suscipere
1420 776 1652 815 quaerentibus,
1696 775 1829 807 facultas

1057 828 1159 859 danda
1173 829 1386 867 significatum
1400 829 1461 867 vel,
1477 829 1558 860 sicut
1573 829 1648 860 dicit
1662 828 1724 860 alia
1740 828 1829 860 Glos-

1058 890 1103 918 sa,
1119 881 1187 912 sine
1202 882 1330 912 nomine
1345 882 1542 921 designatur,
1554 884 1590 912 ut
1604 891 1724 921 pauper
1740 881 1829 920 igno-

1058 934 1128 964 bilis
1150 935 1336 972 aestimetur,
1353 935 1407 974 qui
1432 944 1450 964 a
1471 934 1604 965 Domino
1627 934 1760 973 eligitur
1776 934 1797 950 ¹⁸
1819 944 1826 964 ε

1062 1000 1076 1016 «
1092 987 1202 1018 Nonne
1218 987 1300 1018 Deus
1318 987 1415 1026 elegit
1430 996 1585 1027 pauperes
1600 987 1633 1017 in
1655 986 1716 1017 hoc
1733 995 1828 1017 mun-

1058 1041 1108 1078 do,
1126 1052 1140 1069 »
1159 1043 1217 1071 etc.
1230 1040 1267 1071 Et
1279 1040 1300 1056 ¹⁰
1315 1051 1321 1071 ε
1334 1052 1347 1069 «
1364 1040 1518 1079 lgnobilia
1529 1040 1641 1070 mundi
1653 1041 1830 1070 0100111011]-

1058 1093 1179 1133 ptibilia
1194 1093 1291 1132 elegit
1310 1093 1402 1131 Deus,
1419 1095 1449 1123 et
1468 1102 1505 1123 ea
1518 1101 1591 1132 quae
1608 1101 1673 1123 non
1687 1094 1772 1130 sunt,
1794 1094 1829 1122 ut

1058 1156 1093 1177 cu
1115 1156 1187 1186 qua}
1209 1149 1285 1177 suut
1302 1146 1478 1177 destrueret
1497 1156 1503 1176 :
1528 1148 1564 1176 ut
1587 1154 1652 1176 non
1674 1145 1831 1185 glorietur

1059 1199 1163 1230 omnis
1179 1208 1251 1230 caro
1267 1199 1299 1229 in
1314 1201 1485 1238 conspectu
1494 1200 1576 1238 ejus.
1587 1208 1602 1226 »
1615 1197 1707 1229 Venit
1717 1198 1830 1229 nihilo-

1058 1252 1164 1282 minus
1179 1261 1235 1291 per
1249 1251 1399 1282 ducatum
1414 1251 1556 1282 hominis
1570 1251 1698 1282 ferentis
1713 1259 1830 1290 aquam

1058 1305 1091 1334 111
1107 1305 1272 1344 amphora,
1293 1305 1368 1343 quia
1388 1304 1494 1335 nullus
1508 1305 1544 1335 fit
1557 1304 1644 1335 Patri
1661 1303 1828 1344 templum,

1058 1357 1119 1387 nisi
1134 1366 1189 1396 per
1201 1357 1357 1396 baptisma
1372 1357 1392 1373 ¹⁷
1410 1365 1417 1386 ε
1432 1369 1445 1386 κ
1460 1356 1526 1388 Nisi
1541 1357 1613 1397 quis
1624 1359 1753 1388 renatus
1766 1356 1831 1387 fue—

1059 1411 1100 1440 rit
1114 1420 1154 1441 ex
1169 1420 1251 1450 aqua
1265 1413 1296 1441 et
1310 1409 1432 1450 Spiritu
1445 1412 1564 1446 saneto,
1582 1419 1647 1441 non
1664 1412 1766 1450 potest
1780 1410 1831 1441 in-

1059 1465 1156 1495 troire
1177 1465 1209 1494 in
1228 1474 1369 1503 regnum
1393 1464 1456 1495 Dei.
1476 1476 1490 1492 »
1517 1464 1604 1495 Unde
1624 1467 1653 1495 et
1676 1464 1830 1495 Dominus

1059 1517 1220 1556 discipulis
1248 1517 1446 1548 coenantibus
1474 1516 1551 1547 lavit
1579 1516 1683 1556 pedes.
1717 1515 1830 1548 Nullus

1058 1572 1141 1600 certe
1155 1570 1242 1600 vadit
1260 1570 1299 1600 ad
1321 1570 1381 1600 boc
1399 1572 1644 1607 sacramentum,
1661 1571 1829 1609 postquam

1058 1623 1252 1662 baptismum
1263 1623 1453 1662 inquinavit,
1466 1622 1527 1652 nisi
1540 1622 1756 1662 laerymarum
1771 1622 1830 1652 im-

1058 1676 1114 1705 bre
1140 1676 1296 1715 pertusus.
1321 1675 1356 1705 In
1379 1676 1469 1715 quus
1490 1676 1630 1714 figuram
1652 1675 1767 1706 dicitur
1781 1676 1826 1706 ¹⁸:

1063 1740 1077 1757 (ι
1085 1729 1223 1759 Ass'eram
1232 1728 1410 1768 pauxillum
1419 1737 1522 1768 aquae,
1533 1731 1564 1759 et
1571 1728 1674 1759 lavate
1685 1728 1721 1767 (b)
1735 1727 1829 1768 pedes

1059 1784 1181 1812 vestros
1193 1783 1241 1819 (c),
1254 1783 1284 1812 et
1294 1781 1480 1821 requiescite
1491 1781 1551 1812 sub
1562 1781 1685 1812 arbore.
1697 1780 1830 1812 Ponam-

1059 1844 1120 1874 que
1135 1834 1308 1865 buccellam
1327 1835 1430 1874 panis,
1449 1836 1480 1864 et
1501 1834 1672 1865 coufortate
1689 1842 1743 1864 cor
1757 1842 1828 1864 ves-

1058 1890 1145 1918 trum
1153 1896 1162 1926 ;
1180 1890 1288 1926 postea
1300 1887 1485 1917 transibitis.
1497 1898 1510 1915 1)
1530 1886 1572 1917 De
1586 1886 1646 1917 hac
1658 1895 1742 1926 aqua
1756 1886 1830 1916 Am-

1058 1940 1183 1971 brosius
1197 1940 1216 1956 ¹⁹
1228 1951 1235 1970 ι
1253 1951 1267 1969 α
1276 1940 1299 1970 Ο
1311 1949 1403 1980 aqua,
1416 1948 1489 1979 quae
1499 1941 1734 1970 sacramentum
1745 1938 1830 1970 Chri-

1058 1994 1098 2024 sti
1113 2002 1180 2024 esse
1202 1993 1356 2030 meruisti,
1373 2002 1445 2032 quae
1459 1992 1547 2023 lavas
1565 1992 1688 2030 omnia,
1709 2000 1768 2023 nec
1781 1991 1827 2022 la-

1060 2047 1161 2078 varis!
1178 2045 1225 2078 Tu
1235 2047 1348 2086 incipis
1358 2046 1472 2088 prima,
1490 2048 1527 2077 tu
1541 2046 1680 2086 comples
1693 2046 1829 2086 perfecta

1062 2099 1224 2139 mysteria.
1235 2099 1262 2129 A
1273 2101 1303 2129 te
1317 2099 1521 2138 principium,
1534 2100 1564 2129 et
1576 2098 1610 2128 in
1624 2101 1655 2129 te
1668 2099 1740 2129 finis
1755 2109 1762 2129 z
1778 2098 1830 2129 vel

1060 2153 1164 2192 potius
1183 2155 1219 2182 tu
1238 2152 1314 2181 facis
1330 2153 1364 2181 ut
1385 2151 1482 2181 finem
1500 2151 1692 2182 nesciamus.
1708 2161 1722 2179 »
1746 2150 1831 2182 Desi-

1060 2207 1138 2245 gnat
1152 2213 1230 2243 ergo
1244 2212 1328 2243 aqua
1343 2203 1376 2233 in
1391 2203 1545 2243 amphora
1560 2203 1680 2234 undam
1695 2211 1829 2243 regene-

1060 2260 1196 2295 rantem,
1217 2255 1392 2287 secundum
1406 2255 1484 2286 illud
1498 2259 1522 2275 ²⁰
1536 2267 1543 2286 ;
1565 2267 1580 2285 a
1593 2255 1670 2287 Tres
1684 2257 1760 2287 sunt
1774 2256 1832 2296 qui

1060 2310 1278 2342 testimonium
1289 2309 1363 2340 dant
1372 2309 1406 2339 in
1416 2312 1500 2339 terra
1514 2319 1520 2339 ε
1536 2309 1676 2349 spiritus,
1690 2317 1784 2349 aqua,
1801 2311 1832 2339 et

1061 2364 1204 2403 sanguis.
1222 2373 1237 2391 1)
1258 2362 1296 2393 Et
1310 2364 1329 2381 ²¹
1351 2373 1357 2392 :
1379 2374 1393 2391 «
1415 2362 1570 2393 Continuo
1585 2361 1684 2393 exivit
1700 2361 1832 2401 sanguis

1062 2420 1092 2448 et
1104 2426 1197 2457 aqua.
1209 2427 1224 2445 1)
1238 2416 1387 2455 Designat
1401 2415 1497 2446 etiam
1511 2415 1612 2455 ipsam
1626 2423 1747 2445 sacram
1761 2414 1832 2445 doc-

1063 2496 1085 2517 9.
1098 2505 1126 2510 -
1143 2493 1163 2509 ¹³
1177 2492 1257 2520 Esth„
1274 2498 1292 2520 1,
1309 2493 1332 2515 6.
1348 2505 1379 2509 -
1394 2492 1413 2507 ¹⁸
1423 2491 1508 2521 Apoc.,
1531 2496 1570 2521 111,
1586 2492 1625 2515 20.
1642 2503 1672 2508 —
1686 2492 1702 2505 ¹⁵
1715 2493 1780 2519 Jac..
1802 2496 1831 2520 u,

1065 2531 1102 2553 15.
1113 2541 1143 2545 —
1160 2529 1196 2551 ¹⁶1
1210 2528 1310 2557 Cor.,1‚
1327 2528 1407 2551 28-29.
1420 2539 1450 2544 —
1465 2526 1484 2542 Π
1495 2526 1576 2556 Ιοαιι,,
1594 2532 1634 2555 ιιι,
1647 2527 1671 2549 3.
1684 2540 1711 2544 —
1727 2526 1746 2542 '⁸
1760 2526 1832 2557 Gen„

1063 2569 1137 2593 xvui,
1160 2565 1206 2587 4-5.
1230 2577 1256 2580 -
1279 2563 1298 2579 ¹⁴³
1316 2563 1434 2586 Ambros.
1454 2563 1480 2585 in
1497 2561 1553 2585 Luc.
1574 2561 1617 2584 lib.
1640 2568 1667 2591 x,
1692 2568 1718 2585 u.
1742 2562 1780 2586 48.
1801 2573 1832 2579 —

1064 2600 1082 2614 ²⁰
1098 2599 1198 2627 ileon„
1214 2604 1237 2627 v,
1255 2600 1277 2621 8.
1299 2611 1328 2615 —
1343 2598 1360 2614 2¹
1374 2598 1456 2626 Jomz„
1470 2602 1529 2626 xlx,
1542 2597 1580 2620 34,
1594 2609 1624 2613 —
1641 2598 1671 2627 (a)
1693 2597 1753 2621 Cet-f.
1770 2596 1829 2620 edit.

1064 2638 1263 2663 immolabimur.
1279 2651 1306 2655 -
1324 2637 1358 2668 (b)
1374 2636 1498 2661 laventur.
1511 2648 1541 2653 —
1557 2635 1587 2666 (e)
1601 2636 1689 2660 vestri.
