1987 3032
206 200 264 228 584

204 269 291 302 tiam,
306 268 353 294 vel
367 269 539 303 praesentem
560 265 799 299 subventionem,
814 264 889 291 sicut
902 264 972 291 dici<

206 317 252 343 tur
267 313 484 349 derelinquere,
501 311 622 348 quando
637 310 781 337 subtrahit
795 310 973 338 consolatio-

206 369 274 389 nem
290 361 328 388 ad
349 360 453 387 animae
470 357 731 389 humilitationem,
747 359 835 392 prout
853 356 892 383 ait
909 357 974 383 Ber-

205 408 316 436 nardus
332 408 351 441 ¹,
367 406 449 442 quod
466 404 611 440 «Spiritus
625 404 740 430 sanctus
755 403 916 438 aliquando
930 411 974 430 re-

204 455 291 489 cedit,
305 456 337 481 ut
351 453 467 481 avidius
481 451 656 486 requiratur,
671 452 698 477 et
711 457 828 477 rursum
842 449 927 483 rodit,
944 451 975 476 ut

205 501 381 529 consoletur.
393 510 407 524 »
429 500 439 515 ²
462 508 475 523 ι(
491 496 615 530 Quando
633 495 824 531 Omnipotens
838 497 899 522 erat
913 502 973 522 rne-

205 556 287 581 cum,
299 556 313 572 »
336 548 388 574 etc.
405 546 475 572 ltem
490 543 569 570 venit
587 542 625 569 ad
649 542 768 577 plenam
788 541 975 576 glorificatio-

204 603 273 622 nem
297 595 324 620 et
350 590 553 627 impletionem
579 589 683 616 animae
715 596 768 615 sua
793 587 972 622 majestativa

206 639 310 676 gloria,
323 639 411 674 prout
425 635 545 672 exponit
558 634 745 669 Augustinus,
760 635 792 661 ut
807 633 918 661 dictum
933 635 975 660 est

205 694 304 722 supra.
321 686 331 702 ³
352 686 436 719 «Ego
451 685 495 711 sto
511 682 549 710 ad
564 682 687 715 ostium,
705 683 731 709 et
748 681 853 717 pulso:
871 681 894 708 si
910 680 975 716 quis

206 731 352 768 aperuerit
374 730 463 763 mihi,
480 729 595 757 intrabo
618 728 657 756 ad
676 728 779 761 illurn,
801 729 828 754 et
850 726 973 754 coenabo

207 787 274 807 cum
288 777 357 812 illo,
378 779 406 804 et
420 776 468 803 ille
483 783 610 803 mecum.
622 785 636 801 »
659 776 751 810 Super
769 774 851 809 quod
866 775 974 807 Grego—

206 825 282 852 rius:
302 835 314 848 «
329 823 411 851 Venit
426 822 584 855 Dominus,
601 829 668 847 cum
687 821 726 847 ad
743 820 889 855 judicium
904 828 973 854 pro-

205 873 296 907 perat.
311 879 324 896 »
341 872 373 897 Et
386 869 535 904 sequitur:
551 878 563 892 α
571 867 622 895 Cui
635 866 794 902 aperimus,
806 866 829 893 si
843 866 880 901 (a)
896 865 975 892 hunc

205 925 272 944 eum
299 924 400 944 amore
427 914 611 950 suscipimus.
628 923 641 938 »
664 912 733 940 Mira
759 920 830 947 ergo
857 914 884 939 et
911 919 974 939 ma-

203 972 262 999 gna
291 963 422 998 dignatio
446 962 512 996 Dei,
538 961 621 997 quod
652 961 790 995 dignatur
811 959 851 986 sio
875 959 974 986 venire

203 1010 242 1038 ad
265 1009 396 1037 animam
423 1008 562 1036 fidelem:
587 1009 614 1035 et
641 1007 754 1034 solicita
782 1014 815 1033 ac
844 1005 975 1032 studiosa

204 1057 292 1084 debet
304 1064 366 1084 esse
382 1055 481 1083 anima
500 1054 539 1082 ad
553 1053 781 1090 praeparandum
796 1053 895 1080 locum
920 1051 975 1087 ipsi

202 1103 339 1131 venienti.

313 1205 426 1231 Collatt'o
445 1204 724 1236 semaaestmaqumta,
744 1209 807 1234 xix,
822 1202 866 1227 ⁶26.

239 1289 393 1316 Paraclitus
412 1287 531 1321 Spiritus
552 1287 673 1319 sanctus,
698 1293 773 1319 quem
794 1285 882 1310 mittet
897 1284 976 1310 Pater

204 1337 233 1362 in
248 1336 353 1362 nomine
363 1333 482 1366 meo,ille
496 1339 541 1359 vos
556 1332 654 1358 docebit
667 1332 766 1357 euntia.
782 1332 811 1357 ln
820 1330 865 1357 his
877 1330 976 1357 verbis

204 1382 258 1409 tria
285 1381 487 1408 insinuantur:
519 1386 647 1414 quorum
675 1377 805 1413 primum
834 1379 875 1404 est
904 1377 976 1404 doni

205 1428 297 1456 divini
313 1427 458 1454 excellens
472 1425 642 1461 pretiositas,
659 1424 699 1452 ibi
713 1434 718 1451 :
735 1425 856 1458 Spiritus
870 1427 977 1450 sanctus

206 1477 374 1505 Parrwlttus:
390 1473 552 1501 secundum
568 1474 609 1499 est
622 1471 703 1498 modi
719 1470 886 1498 donationis
899 1470 976 1497 ordi-

205 1522 353 1555 nabilitas,
368 1520 408 1547 ibi
421 1529 427 1546 :
441 1521 522 1552 Quem
539 1520 628 1545 mittet
643 1519 724 1544 Pater
740 1519 767 1543 in
782 1519 886 1543 nomine
900 1524 975 1549 meo;

205 1568 323 1596 tertium
337 1566 517 1601 estejusdein
534 1564 604 1591 doni
620 1564 769 1590 fructuosa
783 1562 902 1595 utilitas,
913 1562 954 1588 ibi
970 1571 975 1588 :

206 1615 311 1641 Docebit
325 1621 369 1640 vos
384 1614 484 1640 omnia.

242 1660 287 1688 Ait
311 1667 381 1694 ergo
400 1668 405 1685 :
435 1659 585 1685 Parus-litus
611 1657 730 1691 Spiritus
758 1657 882 1688 sanctus3
909 1654 978 1689 quia

207 1709 329 1743 Spiritus
340 1729 348 1742 ‚
378 1707 446 1734 ideo
475 1705 546 1733 ‹loni
575 1703 777 1739 impretiabilis
805 1702 920 1729 bonitas
942 1703 951 1718 ⁸
971 1710 977 1728 ε

210 1756 297 1790 «Ipse
317 1753 396 1781 enim
416 1754 498 1780 Pater
517 1752 566 1779 dat
586 1751 725 1786 Spiritum
743 1750 856 1776 bonum
878 1750 979 1783 peten-

207 1801 284 1828 tibus
306 1808 347 1827 se.
361 1810 374 1826 »
400 1799 472 1832 Quia
496 1800 620 1830 sanctim,
650 1796 717 1823 ideo
744 1803 780 1822 ex
808 1795 872 1829 ipso
899 1794 979 1821 dono

209 1846 305 1874 omnis
325 1845 395 1873 mali
413 1843 682 1872 exterminabilitas.
699 1841 785 1875 Quod
803 1841 882 1868 enim
899 1848 980 1867 sanc-

208 1894 254 1920 tus
267 1894 318 1927 est,
335 1900 352 1919 a
363 1891 443 1918 malo
458 1890 630 1926 inquinante
646 1891 673 1916 et
687 1887 882 1915 deordinante
897 1894 979 1913 sanc-

209 1939 298 1966 tificat
309 1947 335 1965 2«
348 1939 378 1965 in
388 1938 438 1964 illa
450 1938 480 1972 (b)
496 1936 590 1963 enim⁵
599 1935 719 1971 Spiritus
729 1933 924 1968 intelligentiae
937 1932 981 1968 (c),

211 1987 326 2013 sanctus
341 1994 373 2010 :»
383 1985 392 2000 ⁰
406 1994 418 2008 «
433 1985 466 2010 Ut
481 1982 629 2018 implearis
644 1982 749 2017 Spiritu
764 1982 873 2007 sancto.
891 1979 981 2012 »Quia

211 2032 370 2065 Paracletus,
387 2030 418 2057 id
433 2031 474 2057 est
493 2029 674 2061 consolator,
688 2027 784 2054 omnis
800 2026 871 2054 boni
888 2026 981 2061 pleni-

212 2077 282 2105 tudo
303 2077 363 2104 sive
379 2076 537 2112 copiositas
554 2085 559 2102 :
583 2082 643 2102 non
660 2074 739 2101 enim
755 2075 797 2100 est
819 2072 981 2100 consolatio

212 2132 281 2151 vera
296 2123 352 2150 nisi
364 2123 394 2150 in
403 2124 470 2157 Deo,
481 2130 535 2149 nec
550 2121 648 2157 plena,
661 2120 731 2156 quia
743 2120 773 2146 in
783 2119 863 2154 ipso⁷
874 2126 983 2146 «omne

212 2171 357 2198 bonum.»
374 2171 406 2197 Et
426 2169 494 2196 ideo
513 2167 659 2203 Sapientia
672 2167 682 2181 ⁸
699 2176 729 2193 ;«
745 2167 765 2193 0
782 2173 872 2201 quam
886 2165 983 2192 bonus

214 2219 241 2244 et
259 2216 356 2244 suavis
371 2217 413 2243 cst
426 2214 548 2250 Spiritus
566 2216 632 2241 tuus
646 2213 677 2240 in
698 2212 795 2246 nobis,
816 2212 936 2239 Domine
949 2212 955 2237 t
968 2221 980 2237 »

214 2264 314 2294 Bonus,
330 2262 453 2298 inquam
462 2281 471 2295 ,
487 2261 557 2296 quia
577 2259 645 2287 facit
665 2259 702 2286 de
723 2258 802 2286 malo
823 2258 936 2285 bonum
951 2257 960 2272 ‘³
977 2267 982 2283 :

219 2309 333 2336 «Omne
355 2308 457 2335 datum
475 2306 619 2341 optimum
642 2308 669 2332 et
690 2312 777 2332 omne
798 2305 910 2331 donum
932 2311 985 2338 per

249 2380 255 2394 ¹
274 2380 357 2403 Deru,
376 2386 448 2407 supsi-
466 2379 548 2406 Cant,
565 2384 640 2400 serm
659 2382 724 2406 xvii,
743 2383 766 2399 u.
790 2378 812 2405 τι,
831 2374 913 2405 quoa-l
929 2381 984 2397 seu-

216 2421 282 2439 sum.
300 2427 325 2430 *
346 2416 353 2427 ·'
368 2415 508 2442 J00,xx1x,
523 2415 548 2436 ὅ.
565 2425 592 2429 -
607 2413 617 2427 ³
632 2412 714 2442 apoc„
734 2417 779 2441 111,
797 2413 834 2434 20.
848 2423 878 2428 —
897 2411 902 2423 ⁵
919 2410 984 2440 Luc„

216 2457 255 2480 ΣΙ,
271 2452 307 2474 13.
318 2463 347 2467 —
362 2450 372 2465 ⁵
387 2450 516 2479 Sap..v11,
533 2450 614 2472 22—
628 2448 638 2463 G
650 2448 714 2475 Act,
729 2454 762 2475 ις,
780 2448 814 2470 Π.
829 2459 858 2463 -
874 2446 881 2459 ⁷
895 2445 985 2474 Exsul„

217 2491 316 2515 xxxm,
340 2486 378 2508 19.
399 2498 428 2502 -
451 2484 462 2499 ⁸
482 2485 551 2514 Sap,
573 2490 623 2513 xii,
650 2486 668 2507 l.
689 2497 712 2499 —
739 2483 748 2498 ⁹
769 2482 832 2507 Jnc..
852 2487 874 2511 i,
902 2482 936 2504 Π.
957 2493 987 2497 --

218 2521 237 2537 ¹0
252 2521 318 2544 Psal.
340 2526 410 2549 κων,
429 2522 451 2543 8.
467 2532 497 2536 —-
514 2520 531 2535 ¹¹
550 2520 631 2548 Cant„
654 2525 675 2547 1,
696 2520 717 2541 1.
733 2531 762 2535 --
778 2518 798 2533 ¹³
814 2517 899 2543 Rem,
914 2522 988 2546 super

220 2556 301 2584 Cant,
317 2562 393 2579 serm,
409 2560 450 2585 xv,
467 2562 492 2578 n.
509 2556 532 2576 ξ’..
548 2567 573 2571 -
590 2554 609 2570 ¹³
624 2554 704 2582 somn,
721 2559 762 2582 xv,
783 2554 817 2575 16.
834 2565 862 2569 -
879 2552 896 2567 ¹¹
913 2554 987 2581 Aug,

221 2591 245 2613 in
264 2593 342 2619 down,
363 2591 435 2613 tract.
455 2594 552 2617 mxxiii,
574 2595 598 2611 n.
621 2590 648 2617 3,
671 2590 695 2611 et
713 2589 784 2611 tract.
806 2592 856 2616 (111,
873 2593 898 2610 n.
924 2588 943 2609 l.
958 2598 988 2603 —-

714 197 980 229 COLLATIONES
1002 196 1295 229 PRAEDlCABlLES

1029 264 1147 298 sectum,
1160 273 1173 289 »
1192 266 1244 291 etc.
1262 264 1369 298 Suavis,
1387 265 1457 300 quia
1475 265 1542 292 facit
1556 264 1593 292 de
1608 264 1715 292 afflicto
1730 272 1800 292 con-

1030 310 1156 337 solatum
1178 319 1184 336 z
1219 312 1246 337 et
1273 309 1341 337 ideo
1368 310 1488 346 Spiritus
1516 312 1704 346 comparatur
1731 309 1798 338 oleo

1031 355 1134 384 laetitiae
1148 356 1292 383 inPsaImo
1302 356 1322 372 ¹⁰
1331 364 1357 382 :«
1367 357 1449 384 Unxit
1459 359 1484 384 te
1495 358 1569 384 Deus
1579 357 1646 384 oleo
1660 355 1773 384 laetitiae.
1782 367 1796 383 ι

1031 404 1062 430 Et
1076 402 1094 418 ¹¹
1109 411 1115 428 :
1135 412 1147 427 «
1159 402 1261 429 Oleum
1277 402 1403 430 effusum
1417 410 1527 430 nomen
1540 405 1632 430 tuum.
1646 412 1658 427 n
1676 402 1719 430 lbi
1733 403 1799 430 Ber-

1031 448 1140 476 nardus
1156 448 1188 482 ¹²,
1203 448 1286 484 quod
1302 448 1423 476 «oleum
1436 449 1517 483 lenit,
1527 450 1629 485 pascit,
1639 451 1667 476 et
1678 448 1771 483 ungit.
1782 458 1796 474 n

1032 496 1063 521 Et
1078 494 1117 521 ibi
1139 494 1214 522 bene
1236 495 1272 522 de
1286 494 1353 522 hoc.
1371 495 1402 522 Et
1420 495 1457 522 de
1477 495 1541 530 ipso
1562 495 1667 530 Spiritu
1689 497 1716 522 et
1737 494 1799 529 ejus

1031 541 1198 576 effectibus,
1220 541 1296 569 infra
1318 542 1465 577 proximo.
1491 543 1523 568 Et
1544 542 1631 569 istum
1661 541 1799 577 Spiritum

1031 587 1080 615 dat
1095 589 1176 615 Pater
1190 587 1219 614 in
1234 587 1354 615 nomine
1369 588 1441 616 Filii.
1458 589 1490 615 Et
1503 588 1532 615 in
1546 588 1602 614 hoc
1614 588 1694 623 patet
1706 587 1800 615 dona-

1030 633 1116 660 tionis
1137 633 1354 668 ordinabilitas,
1374 636 1401 661 et
1421 642 1474 669 per
1494 634 1592 669 ipsum
1612 633 1715 660 Filium
1737 641 1800 661 om·

1031 679 1113 707 nium
1144 680 1293 707 bonorum
1324 680 1410 707 nobis
1439 679 1744 712 communicabilitas,
1773 681 1801 708 et

1031 726 1150 753 illorum
1165 725 1331 760 salubritas,
1348 725 1418 761 quia
1432 725 1462 752 in
1478 726 1599 753 nomine
1608 725 1682 758 Filii,
1692 724 1801 753 scilicet

1031 771 1198 806 Salvatoris,
1212 779 1273 799 non
1289 772 1374 798 datur
1384 792 1392 805 ,
1406 771 1460 798 nisi
1476 771 1559 807 quod
1571 773 1612 798 est
1623 771 1798 806 remedium,

1032 818 1078 845 vel
1101 818 1281 852 adjutorium
1303 818 1412 845 salutis.
1438 817 1512 845 Infra
1534 817 1671 853 proximo
1691 817 1757 845 ¹⁸:01
1772 817 1799 845 Si

1032 864 1104 898 quid
1126 864 1263 900 petieritis
1285 866 1398 892 Patrem
1419 864 1449 891 in
1469 864 1589 891 nomine
1610 871 1696 898 meO‚
1719 863 1802 891 dabit

1032 910 1126 937 vobis.
1144 920 1156 935 »
1177 910 1219 937 lbi
1234 911 1409 945 Augustinus
1424 910 1458 945 ¹⁶,
1482 910 1564 946 quod
1589 917 1674 936 «non
1695 909 1802 945 petitur

1032 956 1060 983 in
1079 956 1198 984 nomine
1219 956 1390 990 Salvatoris,
1409 957 1447 991 (d)
1463 957 1570 992 petitur
1589 956 1691 983 eontra
1710 955 1800 983 ratio-

1032 1010 1100 1029 nem
1115 1002 1214 1030 salutis
1227 1012 1232 1029 :
1245 1012 1258 1028 n
1276 1003 1355 1030 unde
1370 1003 1400 1029 in
1417 1002 1471 1030 isto
1486 1002 1606 1030 nomine
1622 1001 1753 1030 salvifico
1770 1001 1804 1029 fit

1032 1049 1157 1083 gratuita
1178 1049 1296 1076 collatio
1311 1049 1432 1084 Spiritus
1453 1050 1480 1076 et
1501 1048 1686 1084 impetratio,
1700 1049 1733 1075 ut
1751 1047 1800 1076 hic

1033 1095 1147 1122 dicitur.
1158 1097 1228 1123 ltem
1243 1095 1273 1122 in
1286 1095 1406 1122 nomine
1420 1095 1476 1122 isto
1491 1094 1675 1122 estomnium
1687 1094 1804 1122 univer-

1032 1141 1100 1168 salis
1123 1141 1246 1169 salvatio
1267 1141 1285 1158 '⁵
1302 1150 1308 1168 ι
1330 1151 1343 1166 ιι
1358 1143 1422 1169 Non
1437 1141 1515 1169 enim
1535 1143 1576 1168 est
1591 1140 1672 1168 aliud
1694 1147 1804 1168 nomen

1032 1188 1087 1214 sub
1111 1187 1202 1222 creto,
1221 1187 1251 1214 in
1271 1195 1330 1223 quo
1351 1188 1485 1223 oporteat
1504 1195 1559 1214 nos
1580 1187 1678 1214 salvos
1700 1186 1774 1214 fieri.
1787 1196 1801 1212 r·

1034 1236 1065 1262 lsst
1079 1235 1098 1252 ’ὓ
1113 1234 1297 1262 :uJustiticati
1312 1234 1378 1260 estis
1393 1234 1424 1260 in
1438 1233 1558 1260 nomine
1573 1232 1685 1260 Domini
1701 1233 1776 1260 lesu.
1788 1242 1802 1259 n

1033 1281 1100 1307 ltem
1122 1280 1152 1306 in
1175 1280 1293 1307 nomine
1313 1279 1367 1307 isto
1391 1280 1522 1307 virtuoso
1543 1279 1576 1306 fit
1594 1279 1727 1306 omnium
1749 1286 1805 1313 po-

1032 1328 1166 1353 testatum
1201 1326 1420 1354 adversantium
1447 1325 1632 1362 triumphalis
1660 1324 1803 1360 devictio;

1033 1373 1073 1399 ait
1092 1372 1183 1399 David
1200 1373 1220 1389 ¹⁷
1237 1381 1243 1399 ε
1264 1383 1276 1397 «
1293 1372 1384 1400 Venio
1400 1372 1438 1400 ad
1453 1374 1480 1400 te
1499 1372 1530 1399 in
1549 1371 1670 1399 nomine
1690 1371 1805 1398 Domini

1032 1418 1222 1452 exercituum,
1235 1428 1248 1444 »
1266 1421 1318 1446 eto.
1333 1420 1365 1446 Et
1382 1419 1449 1446 ideo
1464 1419 1532 1446 huic
1547 1417 1661 1446 nomini
1681 1418 1723 1446 est
1736 1417 1805 1445 suh-

1029 1464 1176 1499 jieiendus
1191 1465 1287 1491 omnis
1301 1465 1418 1500 spiritus
1434 1465 1453 1482 ¹⁸
1466 1474 1473 1492 :
1495 1476 1507 1489 ι(
1517 1467 1550 1492 Ut
1563 1465 1593 1492 in
1605 1466 1725 1494 nomine
1739 1468 1805 1495 Jesu

1034 1518 1120 1538 omne
1132 1519 1210 1545 genu
1227 1511 1369 1538 flectatur.
1378 1521 1391 1536 υ
1404 1511 1483 1539 lstud
1494 1519 1565 1546 ergo
1577 1512 1736 1546 gloriosum
1751 1521 1806 1541 no-

1034 1565 1101 1584 men
1116 1557 1145 1584 in
1160 1557 1299 1584 omnibus
1317 1557 1519 1584 invocandum
1538 1567 1545 1585 ς
1561 1558 1582 1575 ¹⁹
1599 1568 1612 1582 «
1624 1559 1806 1595 Quicumque

1034 1604 1214 1630 invocaverit
1227 1611 1337 1631 nomen
1352 1603 1475 1635 Domini,
1493 1604 1592 1631 salvus
1607 1604 1695 1632 erit.»
1709 1606 1740 1633 Et
1753 1606 1805 1633 iste

1033 1649 1155 1684 Spiritus
1170 1649 1271 1676 docebit
1287 1651 1390 1682 omnia,
1408 1651 1436 1676 et
1454 1649 1511 1676 hoc
1526 1650 1689 1678 virtualiter
1711 1654 1738 1679 et
1758 1660 1807 1680 ve-

1034 1695 1144 1729 lociter,
1160 1697 1249 1731 prout
1263 1695 1302 1722 ait
1322 1695 1478 1730 Gregorius
1495 1695 1543 1723 hie
1556 1696 1596 1723 ²⁰:
1613 1697 1635 1724 Ο
1651 1697 1748 1733 qualis
1766 1701 1808 1726 est

1035 1741 1136 1769 artifex
1155 1741 1206 1768 istc
1222 1741 1360 1776 Spiritus!
1376 1741 1459 1769 nulla
1478 1742 1517 1769 ad
1531 1742 1707 1770 discendum
1722 1752 1807 1772 mora

1036 1787 1130 1822 agitur
1157 1787 1187 1814 id
1211 1788 1243 1823 (e)
1265 1795 1353 1815 omne
1374 1788 1456 1823 quod
1477 1788 1613 1816 voluerit.
1639 1791 1705 1817 Mox
1727 1791 1806 1818 enim

1035 1837 1067 1861 ut
1091 1833 1216 1869 tetigerit
1237 1836 1383 1867 mentem,
1405 1834 1490 1862 docet
1508 1843 1515 1862 :
1545 1835 1643 1863 solum
1668 1836 1806 1871 tetigisse,

1036 1880 1171 1907 docuisse
1187 1882 1263 1907 est.»
1282 1882 1314 1907 Et
1327 1880 1367 1907 ibi
1380 1880 1456 1908 hene
1472 1880 1508 1908 de
1523 1881 1590 1909 hoc.
1608 1882 1650 1910 lbi
1665 1883 1806 1918 exempli-

1036 1927 1102 1954 ficat
1117 1926 1154 1953 de
1168 1926 1318 1962 prophetis
1331 1929 1357 1954 et
1369 1927 1520 1962 apostolis.
1532 1929 1563 1955 Et
1577 1930 1609 1955 ut
1623 1928 1662 1956 ait
1675 1928 1806 1956 ibidem:

1040 1973 1198 2000 «Animum
1211 1972 1374 2000 humanum
1389 1973 1486 2000 subito
1503 1975 1535 2000 ut
1548 1973 1686 2007 illustrat,
1701 1974 1808 2002 immu-

1037 2021 1111 2046 tat.»
1133 2018 1150 2034 ²¹
1172 2019 1317 2054 «Spiritus
1331 2019 1410 2046 enim
1431 2020 1546 2047 Domini
1565 2020 1690 2055 replevit
1703 2020 1808 2048 orbem

1037 2068 1195 2099 terrarum,
1212 2067 1239 2092 et
1253 2065 1310 2092 hoo
1331 2065 1414 2101 quod
1431 2066 1559 2093 continet
1578 2066 1694 2100 omnia,
1712 2066 1808 2094 scien-

1038 2111 1108 2138 tiam
1125 2111 1214 2138 habet
1229 2111 1347 2139 vocis.»
1364 2113 1434 2139 Item
1457 2112 1543 2139 docet
1559 2111 1681 2140 dulciter
1701 2114 1728 2140 et
1746 2121 1811 2140 sua-

1038 2158 1110 2185 viter
1121 2157 1141 2175 2²
1152 2167 1177 2185 2«
1188 2158 1333 2191 Benignus
1348 2160 1391 2185 est
1405 2158 1522 2194 spiritus
1537 2158 1694 2194 sapientiae.
1706 2169 1719 2183 »
1729 2161 1760 2186 Et
1768 2158 1791 2177 ²³
1804 2169 1810 2186 :

1041 2214 1054 2230 α
1069 2205 1166 2232 Unctio
1190 2205 1307 2232 docebit
1330 2212 1382 2232 vos
1405 2205 1442 2232 de
1461 2205 1610 2232 omnibus
1626 2214 1639 2231 ι)
1662 2207 1732 2233 Item
1750 2205 1812 2241 Spi-

1038 2251 1109 2278 ritus
1129 2251 1215 2278 docet
1236 2250 1488 2284 inenarrabiliter,
1511 2251 1586 2278 infra
1599 2250 1618 2266 ³⁸
1639 2260 1645 2279 ε
1665 2262 1678 2276 «
1694 2251 1813 2279 Docebit

1040 2306 1092 2324 vos
1105 2305 1223 2324 omnem
1238 2297 1400 2324 veritatem.
1416 2308 1427 2321 n
1445 2298 1478 2324 Et
1490 2297 1533 2324 ibi
1548 2297 1676 2333 amplius
1691 2297 1728 2325 de
1742 2297 1810 2325 hoo.

1043 2363 1060 2378 ¹³
1072 2361 1686 2391 (temni,12.-¹'⁷1001-.,v1‚1l.—¹⁷113e9.‚
1698 2367 1761 2390 xvii,
1775 2364 1811 2386 ¹4.

1041 2413 1069 2416 ,-
1084 2396 1214 2427 “·Ι)Ιιι”ιί“ρ.,
1233 2403 1260 2426 ¹1,
1283 2398 1305 2421 9.
1318 2410 1347 2414 -
1363 2398 1380 2413 '²'
1397 2397 1474 2425 Rom„
1494 2403 1519 2427 x,
1544 2398 1580 2420 13.
1606 2410 1632 2414 —
1647 2398 1667 2413 ²⁰
1680 2397 1766 2427 Greg,
1786 2398 1812 2419 ιή

1042 2435 1146 2463 Εινιιιφ,
1162 2434 1230 2457 hom.
1246 2440 1311 2462 xxx,
1328 2439 1354 2456 u.
1371 2436 1425 2455 S.—
1442 2433 1459 2448 ²¹
1476 2432 1546 2463 Sap„
1562 2438 1581 2459 ι,
1596 2433 1651 2456 Ἱ.-
1665 2432 1684 2447 ²¹
1700 2431 1771 2462 lbid.‚
1788 2434 1810 2455 0.

1041 2483 1071 2487 —
1084 2470 1101 2483 ²³
1118 2470 1124 2492 l
1139 2470 1220 2497 Joan„
1236 2474 1264 2499 11,
1281 2469 1319 2491 27.
1331 2481 1362 2485 —
1377 2468 1398 2484 ²⁴
1410 2470 1491 2496 Joan„
1506 2473 1560 2497 xvi,
1577 2468 1599 2491 3.

1074 2511 1107 2539 (ιι)
1137 2510 1198 2534 Coet.
1224 2509 1284 2533 edit.
1308 2509 1361 2532 sed.
1386 2522 1416 2526 --
1442 2509 1475 2539 (b)
1501 2508 1599 2532 Scilicet
1627 2508 1755 2538 sapientia.
1780 2521 1810 2525 --

1044 2547 1075 2576 (r)
1090 2548 1148 2569 (Περί.
1165 2545 1226 2568 edit.
1241 2544 1412 2573 intelligentia.
1429 2557 1459 2561 —
1476 2544 1511 2573 (d)
1529 2543 1614 2574 Suppl.
1631 2543 1809 2573 quodcumque

1044 2582 1081 2603 rel
1098 2581 1227 2611 quidquid.
1247 2594 1271 2597 -
1290 2583 1318 2609 (et
1337 2582 1396 2603 (Joet.
1411 2579 1470 2602 edit,
1486 2580 1519 2603 in.
