1987 3032
243 203 301 232 598

277 266 322 294 Ait
333 271 404 299 ergo
421 271 429 289 ε
444 263 540 297 Frz'qus
555 263 621 295 erat,
636 268 689 296 per
704 260 787 295 quod
808 259 896 295 culpa
915 259 1014 294 signa-

242 316 298 341 tur.
315 313 323 329 ¹
338 309 473 344 «Quibus
482 315 543 335 non
553 308 595 334 est
607 306 824 342 operimentum
836 306 865 333 in
875 305 1013 340 frigore.»

243 357 399 394 Gregorius
413 357 423 373 ²
443 364 449 382 :
469 366 482 379 α
505 353 724 389 operimentum
744 352 783 380 ad
799 352 950 386 justitiam,
966 351 1014 378 I'ri-

244 412 299 441 gus
313 403 352 432 ad
367 402 485 437 culpam
506 399 630 435 pertinet
647 407 653 424 :
672 400 699 426 et
719 399 776 426 hoc
797 398 1014 425 convcnIenter.

245 451 346 486 Frigus
367 449 502 476 causatur
517 453 553 473 ex
571 452 688 472 recessu
703 452 720 472 a
732 444 878 480 principio
896 444 1017 471 fontano

247 496 352 525 caloris
359 505 367 530 ;
379 494 426 522 vel
442 501 475 521 ex
491 491 712 527 interpositione
726 490 813 518 molis
830 490 903 517 inter
922 490 1019 525 ipsum

247 542 425 580 principium
439 539 556 573 caloris,
573 540 601 566 et
626 539 723 573 ipsum
743 537 949 571 calcsaetibile3
973 536 1020 564 vel

250 598 286 618 ex
298 585 479 621 charitate(a)
489 586 517 612 et
526 583 766 611 irretentibilitate
777 583 892 617 caloris,
904 585 936 610 ut
944 584 1021 617 patet

251 635 288 663 de
302 632 402 661 medIO
413 632 443 659 in
454 631 565 659 tristitia
576 631 609 665 (b)
623 630 708 664 aeris,
720 630 802 665 quod
817 631 858 656 est
868 628 1020 663 frigidum,

252 680 323 717 quia
335 686 398 706 non
413 679 455 705 est
468 676 644 704 retentivum
659 675 765 704 caloris
787 675 907 708 solaris;
923 674 971 701 vel
986 681 1022 700 ex

253 724 440 760 elongatione
455 723 492 751 ab
515 730 561 757 eo,
576 722 615 750 ad
632 722 714 757 quod
734 722 814 749 calor
831 721 934 749 solaris
950 719 1024 747 reei-

252 773 341 808 pitur.
357 772 391 798 Ut
404 769 483 797 enim
497 770 575 804 patet
593 776 611 795 a
624 767 753 802 sapiente
774 776 780 794 :
801 777 814 793 t<
829 770 883 794 Aer
902 766 1024 802 propin-

255 825 331 854 quus
345 819 427 844 terres
446 816 488 843 est
502 814 615 842 calidus
639 814 679 841 ob
707 813 928 841 calefactionem
942 813 1026 839 terrae

256 872 273 892 a
287 863 385 891 calore
408 861 487 889 solis.
508 860 635 888 Medium
652 867 723 887 vero
744 859 928 887 interstitium
951 857 1026 885 aeris

257 911 299 937 est
324 908 483 943 frigidum,
502 908 565 934 tum
586 905 657 941 quia
682 913 742 933 non
770 905 874 932 retinet
898 904 1027 931 calorem

258 956 337 989 solis,
352 956 414 982 tum
425 954 495 990 quia
509 953 664 987 elongatur
678 960 696 979 a
707 953 784 979 terra
795 950 943 978 calefacta.
957 951 1028 977 Item

257 1003 349 1037 frigus
363 1002 406 1029 est
418 999 544 1036 privatio
559 998 653 1033 magis
670 998 712 1033 (c),
729 997 769 1024 ait
786 997 903 1032 sapiens
923 998 943 1023 ³.
959 996 1029 1023 Item

258 1048 350 1084 frigus
365 1047 500 1077 desiccat,
517 1044 646 1078 indurat,
662 1046 690 1071 et
705 1043 886 1078 constringit,
902 1044 933 1069 ut
951 1044 1031 1077 patet

259 1103 277 1122 a
291 1093 420 1130 sapiente
426 1101 434 1126 3
451 1094 478 1120 et
492 1091 532 1119 ita
545 1090 714 1123 mortificat,
730 1092 757 1117 et
771 1089 838 1122 urit,
853 1090 885 1115 ut
899 1090 978 1123 patet
992 1087 1029 1115 ab

261 1141 377 1174 eodem,
391 1139 468 1166 libro
485 1138 600 1173 quarto.
618 1137 687 1163 Item
709 1137 824 1171 torpere
846 1134 913 1161 facit
928 1144 936 1160 .·
952 1134 1031 1160 unde

262 1189 288 1215 et
305 1186 410 1214 dicitur
429 1184 520 1218 frigus
537 1183 671 1218 pigrum,
691 1182 762 1217 quia
779 1180 914 1208 homines
932 1180 1033 1215 pigros

262 1232 340 1266 facit,
361 1231 401 1259 ait
420 1229 605 1264 Augustinus.
627 1227 702 1255 Talis
723 1228 765 1254 est
784 1226 880 1261 eulpa,
904 1225 964 1252 sive
986 1233 1035 1252 ne-

264 1278 357 1314 quitia
372 1286 379 1304 t
395 1275 582 1312 spiritualiter
596 1282 614 1301 a
628 1275 697 1308 Deo,
713 1273 765 1308 qui
783 1271 793 1287 ⁶
815 1274 857 1299 est
871 1271 947 1306 ignis
967 1279 1034 1298 con-

264 1332 392 1358 sumens,
402 1322 530 1357 elongat,
539 1321 587 1348 vel
598 1320 735 1354 elongare
748 1319 815 1346 facit
828 1319 876 1353 (d),
889 1320 917 1345 et
927 1325 944 1345 a
954 1325 1036 1345 sanc-

265 1371 300 1398 tis
315 1371 391 1405 ethS,
408 1377 473 1404 quae
490 1369 523 1404 (e)
539 1368 601 1402 ejus
616 1373 717 1393 amore
735 1365 969 1396 inflammantur,
983 1371 1037 1391 nee

267 1417 329 1452 ejus
344 1423 477 1444 amorem
499 1413 632 1441 retinent.
649 1414 719 1440 Item
735 1411 864 1444 indurat,
880 1412 908 1437 et
930 1418 1036 1438 consu-

268 1463 331 1496 mit,
347 1463 374 1489 et
386 1463 550 1496 torpescere
566 1458 643 1492 facit,
660 1459 687 1485 ct
700 1457 767 1484 ideo
784 1456 991 1484 convenienter
1004 1455 1039 1482 si-

270 1510 375 1543 gnatur
397 1515 449 1542 per
463 1506 563 1540 frigus.
585 1506 594 1521 ⁵⁵
611 1514 624 1529 α
644 1504 722 1531 Sicut
740 1502 878 1537 frigidam
898 1502 965 1529 fecit
987 1502 1040 1529 cis-

269 1556 351 1581 terna
386 1560 496 1588 aquam
511 1572 519 1585 ,
555 1550 595 1577 sic
623 1549 761 1583 frigidam
794 1548 859 1574 fecit
897 1547 1040 1574 malitiam

270 1607 363 1627 suam.
381 1610 393 1623 n
410 1599 421 1615 ⁶
439 1596 614 1632 «Numquid
628 1596 774 1630 ingressus
789 1602 819 1621 cs
836 1596 867 1627 (f)
890 1594 1041 1621 thesauros

270 1645 363 1673 nivis?
378 1654 391 1670 i)
407 1644 450 1672 Ibi
474 1643 629 1677 Gregorius
643 1643 652 1658 7
671 1651 676 1667 :
700 1651 714 1667 ι(
734 1643 763 1668 In
782 1641 890 1675 frigore
914 1640 1000 1674 nivis,
1016 1642 1043 1667 et

271 1692 301 1719 in
317 1690 424 1718 duritia
448 1688 599 1724 grandinis
625 1687 685 1714 vita
712 1694 874 1722 pravorum
901 1685 1042 1720 signatur,

273 1745 338 1774 quae
352 1744 405 1772 per
420 1737 570 1770 torporem
587 1733 623 1769 (9)
645 1732 787 1767 frigescit,
806 1734 833 1759 et
852 1739 904 1767 per
927 1731 1045 1758 malitiae

273 1783 412 1811 duritiam
431 1780 564 1816 percutit.
590 1789 604 1805 »
621 1780 631 1795 ⁸
655 1788 668 1804 ι(
690 1779 774 1805 Tecta
796 1777 987 1812 perstillantia
1016 1777 1046 1804 in

274 1830 321 1857 die
337 1828 464 1863 frigoris,
477 1828 505 1854 et
527 1826 655 1859 liIigi0sa
669 1825 775 1852 mulier
797 1825 1012 1858 comparantur.
1029 1833 1042 1848 n

275 1876 327 1902 Per
348 1875 423 1901 tecta
442 1871 649 1908 perstillantia,
670 1870 822 1904 signantur
845 1869 950 1896 animze
974 1869 1047 1896 hau-

274 1921 380 1948 rientes
402 1926 494 1946 vanas
515 1916 775 1952 concupiscentias
801 1916 811 1931 ⁹
841 1924 853 1940 ι(
876 1914 1049 1948 Refrigescet

276 1966 399 1994 charitas
414 1965 585 1992 multorum.
601 1973 614 1989 »
633 1961 793 1996 lnfrigidati
812 1961 866 1988 isto
886 1960 994 1995 frigore
1010 1961 1048 1988 ad

276 2012 375 2047 ignem
399 2011 594 2039 extrinsecum
621 2007 864 2043 concupiscentiae
888 2014 918 2034 se
945 2006 1049 2034 calefa-

278 2058 368 2091 ciunt,
380 2056 431 2092 qui
447 2058 488 2083 est
498 2055 574 2090 ignis
586 2055 740 2087 obscurus,
753 2055 780 2080 et
794 2053 861 2080 ideo
876 2060 927 2088 per
941 2060 1051 2088 prunas

277 2104 418 2138 signatur.
435 2102 455 2118 ¹⁰
475 2110 489 2128 a
506 2103 569 2129 Non
583 2099 757 2136 splendebat
775 2099 811 2134 (h)
834 2099 954 2126 flamma
976 2098 1051 2133 ignis

279 2150 350 2184 ejus.
367 2159 379 2174 n
398 2148 441 2177 lbi
459 2147 614 2181 Gregorius
630 2148 651 2163 ¹¹
668 2154 674 2173 ε
695 2155 708 2170 «
722 2145 822 2172 Omnis
837 2145 946 2179 impius
963 2144 1053 2172 habet

279 2195 432 2223 flammam
456 2193 531 2228 ignis
552 2191 675 2227 proprii.
696 2201 709 2216 u
735 2191 755 2208 ¹2
781 2200 795 2216 «
810 2191 952 2218 succensa
974 2190 1052 2217 enim

282 2241 365 2276 quasi
379 2240 455 2275 ignis
469 2238 613 2274 impietas.
626 2248 639 2263 >³
651 2239 693 2263 ¹³«
708 2236 858 2272 Numquid
872 2236 1052 2263 abscondere

315 2335 320 2350 ¹
338 2333 396 2363 lob,
412 2338 484 2362 xxiv,
500 2333 522 2353 Ἰ,
534 2344 564 2348 —
578 2331 587 2345 '-’
602 2333 686 2360 (ji-og„
701 2330 800 2355 Maras..
815 2330 937 2357 1ἰ1).ΧΥΙ,
953 2337 973 2353 c.
988 2335 1052 2359 xxii,

285 2370 316 2393 al.
335 2375 359 2398 L,
374 2375 398 2391 ιι,
415 2370 453 2390 15⁸3.
469 2379 498 2383 —
513 2367 522 2381 ³
539 2366 624 2395 Arirt„
641 2367 752 2392 Meteon,
766 2364 810 2387 lib.
835 2365 874 2393 IV,
895 2372 917 2387 c.
932 2371 980 2394 vii,
996 2367 1053 2388 unte

285 2405 354 2429 med.
369 2416 399 2421 ——
417 2404 426 2419 ὗ
442 2403 526 2430 Dent„
547 2407 580 2429 Iv,
595 2402 633 2424 24.
649 2414 679 2418 —
694 2401 701 2414 ⁵
720 2400 821 2427 Jerem„
836 2405 874 2429 Vl,
890 2401 913 2422 7.
931 2413 959 2417 —
980 2400 988 2414 f*
1001 2401 1054 2428 Job,

286 2443 402 2467 xxxvni,
417 2439 455 2460 22.
471 2449 501 2454 —
518 2437 524 2450 ⁷
540 2438 656 2465 Gregor„
675 2435 776 2462 Moral..
798 2434 839 2458 lib.
860 2435 952 2463 XXIX,
972 2442 994 2457 c.
1014 2441 1054 2464 χι,

287 2474 319 2498 al.
336 2479 379 2500 xx,
393 2479 418 2495 n.
435 2473 472 2495 37.
487 2483 516 2488 —
531 2470 541 2486 ⁸
555 2471 637 2500 Prov„
654 2475 735 2498 xxvli,
754 2470 789 2491 15.
802 2481 831 2486 —
845 2468 855 2484 9
867 2469 967 2497 Manli„
983 2475 1055 2497 xx1v,

288 2511 325 2533 Ie.
340 2521 369 2525 —
385 2507 404 2523 ¹⁰
417 2506 476 2535 λοῦ,
495 2511 572 2535 λνίιι,
593 2507 615 2528 5.
633 2518 663 2522 -—
678 2505 694 2519 '¹
711 2505 797 2533 Greg,
814 2503 914 2534 ΔὶΙοιίιΙ.,
929 2503 971 2532 lib¹
989 2505 1054 2534 XIV,

287 2551 309 2567 c.
328 2548 363 2571 iv,
379 2541 411 2565 al.
429 2546 478 2569 vu,
494 2547 519 2563 n.
538 2541 560 2561 9.
577 2552 605 2556 -
623 2540 642 2555 ¹2
656 2540 714 2569 Issa,
731 2544 770 2563 ix.
790 2539 824 2561 ¹8.
840 2551 870 2555 -
891 2538 907 2551 ¹³
922 2539 1004 2567 Proin,
1021 2544 1054 2567 vi,

287 2579 331 2607 27,
355 2577 394 2601 28.
420 2588 445 2592 —
471 2575 488 2590 ¹⁴
510 2573 564 2603 λοῦ,
589 2580 644 2604 xm,
668 2576 702 2597 12.
726 2586 756 2590 —
778 2574 795 2589 ¹⁵
814 2574 930 2603 Gregor„
956 2573 1055 2601 Mor-al„

290 2613 332 2636 lib.
350 2611 461 2640 xxxm,
477 2617 498 2634 c.
515 2614 607 2639 xxvm,
622 2609 654 2632 al.
670 2614 781 2638 xxxvui,
792 2615 817 2632 n.
834 2609 873 2631 67.
888 2620 917 2625 ·-
935 2608 953 2624 ¹⁶
968 2608 1056 2635 Ecch..

751 191 1019 225 COLLATIONES
1043 189 1335 222 PRAEDICABILES

1067 258 1162 293 potest
1175 257 1266 284 homo
1278 256 1378 292 iguem
1390 257 1420 285 in
1434 258 1499 286 sinu
1514 258 1587 286 suo?
1599 267 1613 284 ι)
1636 259 1669 286 Et
1682 258 1813 294 sequitur
1826 267 1833 286 t

1073 313 1086 329 «
1106 305 1160 331 Aut
1181 303 1333 330 ambulare
1350 311 1438 338 super
1453 311 1574 340 prunas,
1589 306 1621 331 ut
1640 311 1701 332 non
1715 304 1838 332 combu-

1069 352 1171 378 rantur
1185 349 1289 385 plantee
1313 349 1396 384 eJus‘?
1410 360 1423 375 »
1442 351 1497 376 Has
1511 357 1632 385 prunaS,
1652 350 1684 377 id
1703 353 1756 384 est,
1770 357 1840 378 eon-

1072 395 1276 431 cupiscefflas,
1293 394 1391 422 sufflat
1411 394 1548 422 diabolus
1562 395 1583 412 ¹⁴
1600 403 1628 421 :«
1649 395 1759 423 Halitus
1777 396 1841 431 eJus

1072 448 1184 477 prunas
1205 440 1308 468 ardere
1334 440 1409 468 tacit.
1435 450 1448 466 n
1471 441 1580 468 Halitus
1609 441 1721 469 diaboli
1745 441 1843 476 signat

1074 487 1136 522 ejus
1149 486 1349 520 tentationem,
1361 488 1392 514 ut
1405 488 1483 522 patet
1495 487 1537 514 ibi
1551 495 1569 515 a
1583 488 1723 523 Gregorio
1734 488 1764 514 ¹⁵.
1777 489 1844 516 Pee-

1075 535 1173 560 cantes
1189 540 1258 567 ergo
1273 535 1301 560 et
1315 534 1446 560 amantes
1461 535 1576 561 terrena
1590 536 1657 561 sunt
1671 533 1772 570 frigidi
1786 533 1845 570 pri-

1074 579 1191 606 vatione
1215 578 1307 605 dIvIni
1330 579 1449 613 amoris,
1473 580 1501 606 et
1522 579 1590 607 ideo
1611 579 1796 608 inflammant
1814 588 1844 608 se

1076 625 1183 653 ardore
1205 624 1379 660 cupiditatis.
1404 634 1419 650 α
1432 625 1600 652 Secundum
1621 625 1700 653 enim
1723 625 1743 642 ¹⁶
1763 625 1846 661 ligna

1077 670 1167 706 sylvae
1187 670 1264 705 ignis
1286 670 1456 698 exardescit.
1479 680 1492 696 ι)
1518 672 1570 698 Per
1594 670 1676 706 ligna
1704 670 1792 706 sylvae
1812 671 1847 699 si-

1077 718 1204 752 gnantur
1231 717 1295 752 ipsa
1323 716 1579 751 coneupiscibilia;
1599 724 1652 752 per
1673 717 1782 752 ignem,
1805 724 1848 745 ar-

1079 763 1134 790 dor
1153 762 1335 798 eupiditatiS,
1355 762 1405 798 qui
1426 770 1487 790 non
1510 762 1705 798 extinguitur,
1725 763 1778 791 sed
1800 771 1850 791 au-

1080 810 1162 844 getur
1177 808 1360 844 appositione
1376 808 1659 843 concupiscibilium.

1180 912 1292 938 collatio
1315 912 1578 946 octoqesimaprima,
1598 917 1684 945 xvm,
1705 911 1750 940 36.

1118 997 1236 1029 Reqnum
1258 1002 1343 1022 meum
1366 1002 1419 1022 non
1440 997 1478 1022 est
1503 994 1535 1021 de
1556 995 1601 1022 hoc
1624 994 1732 1022 mundo.
1756 995 1787 1022 In
1809 994 1855 1022 his

1083 1041 1180 1069 verbis
1206 1041 1266 1068 duo
1292 1040 1443 1075 signantur
1464 1050 1470 1068 :
1497 1047 1626 1076 quorum
1651 1039 1781 1076 primum
1811 1041 1856 1068 est

1085 1087 1146 1115 Filii
1163 1087 1210 1114 Dei
1225 1088 1344 1114 extensa
1363 1087 1500 1121 potestas,
1515 1086 1556 1113 ibi
1573 1095 1580 1113 :
1605 1087 1725 1120 Regnum
1747 1093 1834 1113 meum
1844 1094 1854 1118 ,-

1085 1133 1247 1160 secundum
1262 1134 1318 1166 est,
1333 1132 1416 1166 regni
1434 1131 1518 1167 quod
1536 1132 1578 1159 est
1598 1131 1629 1158 in
1643 1138 1697 1158 sua
1714 1132 1855 1166 potestate

1086 1179 1235 1212 nobilitas,
1250 1178 1311 1205 sive
1326 1178 1501 1212 sublimium,
1516 1177 1559 1205 ibi
1575 1186 1582 1204 :
1606 1178 1666 1206 Non
1691 1179 1730 1205 est
1752 1177 1785 1204 de
1809 1177 1856 1205 hoc

1088 1225 1195 1252 mundo.

1123 1271 1167 1298 Ait
1177 1278 1265 1304 ergo:
1280 1271 1398 1304 Regnum
1413 1277 1508 1303 meum,
1524 1269 1562 1297 ad
1576 1268 1771 1297 differentiam
1785 1268 1857 1297 alio-

1089 1325 1155 1344 rum
1178 1323 1349 1351 regnorum.
1372 1317 1419 1342 Est
1442 1315 1521 1342 enim
1540 1322 1666 1350 regnum
1685 1314 1859 1349 satanicum,

1091 1363 1121 1390 in
1136 1370 1195 1398 quo
1210 1364 1312 1396 regnat
1326 1361 1473 1389 diabolus.
1492 1361 1545 1389 Ubi
1567 1361 1645 1388 enim
1665 1362 1770 1396 regnat
1791 1367 1860 1396 peo-

1092 1410 1199 1442 eatum,
1215 1408 1256 1435 ibi
1275 1409 1302 1435 et
1318 1407 1455 1435 diabolus
1470 1408 1489 1424 ¹⁷
1505 1416 1511 1434 :
1532 1408 1622 1442 «Ipse
1646 1406 1726 1434 enim
1748 1407 1791 1434 est
1810 1413 1862 1434 rex

1093 1463 1181 1491 super
1195 1462 1298 1482 omnes
1312 1454 1390 1482 filios
1404 1453 1557 1489 superbiae.
1572 1463 1586 1479 n
1602 1453 1644 1482 lbi
1657 1453 1813 1488 Gregorius
1825 1452 1862 1480 de

1094 1502 1149 1530 hoc
1169 1509 1271 1535 regno.
1296 1499 1315 1516 ¹⁸
1339 1501 1459 1535 Propter
1479 1499 1561 1535 quod
1586 1499 1626 1526 ait
1646 1498 1802 1534 Apostolus
1815 1498 1836 1516 ¹⁹
1854 1507 1861 1526 ε

1098 1548 1187 1574 «Non
1208 1548 1310 1580 regnet
1329 1547 1481 1581 peccatum
1501 1546 1531 1572 in
1554 1547 1650 1572 vestro
1665 1544 1782 1572 mortali
1799 1551 1864 1572 cor-

1095 1601 1177 1628 pore.
1194 1602 1206 1618 n
1224 1594 1293 1620 Item
1314 1594 1356 1618 est
1369 1598 1495 1625 regnum
1508 1591 1709 1624 mundanum,
1725 1589 1808 1625 quod
1821 1590 1865 1617 est

1097 1638 1232 1666 infimum
1255 1638 1378 1671 ordIne,
1399 1637 1470 1672 quia
1490 1637 1527 1664 de
1548 1637 1605 1664 hoc
1626 1636 1761 1670 mundo,
1782 1634 1865 1671 quod

1098 1687 1140 1712 est
1159 1683 1311 1711 modIcum
1334 1683 1365 1710 in
1392 1682 1552 1718 quantitate
1567 1703 1575 1716 ‚
1599 1684 1626 1710 et
1649 1683 1692 1709 est
1718 1680 1865 1709 imbecille

1098 1732 1249 1767 potestate.
1284 1730 1364 1757 Unde
1393 1729 1617 1765 Chrysostomus
1640 1728 1688 1755 hic
1717 1733 1867 1762 exponens

1099 1777 1173 1804 illud
1180 1777 1200 1793 ²⁰
1213 1777 1259 1804 :Sz'
1265 1784 1374 1810 reginum
1384 1783 1469 1802 meum
1482 1777 1548 1802 esset
1558 1774 1590 1802 de
1601 1775 1646 1801 hoc
1654 1773 1763 1807 mundo,
1774 1774 1868 1800 minis-

1101 1826 1138 1850 tri
1162 1825 1214 1850 mei
1238 1823 1401 1850 decertarent
1424 1831 1430 1848 :
1462 1831 1475 1845 «
1498 1822 1528 1848 ln
1555 1820 1612 1848 hoc
1642 1819 1721 1846 enim
1744 1817 1870 1846 ostendit

1101 1869 1183 1905 regni
1197 1869 1288 1896 nostri
1312 1866 1559 1900 imbecillitatem,
1579 1865 1662 1901 quod
1680 1865 1712 1892 in
1732 1863 1870 1892 ministris

1102 1916 1190 1943 habet
1212 1913 1450 1942 fortitudinem.»
1471 1913 1541 1940 Item
1556 1914 1598 1939 est
1617 1911 1708 1938 breve
1729 1908 1872 1937 durabili-

1104 1964 1159 1990 tate
1173 1962 1193 1978 Ἠ
1211 1970 1216 1988 :
1231 1970 1244 1986 α
1259 1960 1358 1989 Omm's
1371 1961 1536 1995 potentatus
1554 1957 1652 1985 brevis
1673 1957 1741 1984 vita.
1757 1966 1770 1982 ι)
1788 1957 1820 1983 Et
1834 1955 1871 1982 de

1104 2008 1160 2035 hoe
1169 2015 1260 2042 regno
1268 2006 1290 2023 ²²
1302 2016 1328 2034 z«
1337 2006 1509 2033 subvertam
1518 2011 1644 2038 regnum
1655 2003 1706 2030 eis.
1714 2001 1773 2028 »²³«
1781 2001 1873 2029 Omne

1104 2061 1230 2088 regnum
1253 2053 1283 2079 in
1308 2060 1338 2079 se
1364 2051 1491 2078 divisum
1516 2049 1705 2077 desolabitur.
1730 2057 1745 2074 »
1779 2048 1812 2074 Et
1832 2047 1874 2074 est

1105 2106 1229 2134 regnum
1253 2097 1397 2130 divinum,
1413 2095 1495 2132 quod
1515 2097 1543 2122 et
1565 2094 1690 2122 sublime
1712 2093 1872 2128 majestate,

1106 2145 1177 2180 quia
1200 2151 1325 2178 regnum
1350 2142 1493 2170 coelorum
1510 2140 1530 2157 ²⁵
1555 2150 1561 2167 :
1583 2150 1596 2165 «
1619 2137 1875 2175 Appropinquabit

1106 2199 1230 2226 regnum
1253 2189 1406 2217 coelorum.
1422 2198 1435 2214 »
1459 2190 1491 2216 Et
1504 2187 1650 2222 Sapientia
1663 2186 1686 2203 ²⁵
1703 2193 1729 2213 ιι(
1746 2184 1876 2213 Ostendit

1106 2237 1148 2264 illi
1171 2243 1297 2271 regnum
1320 2235 1379 2262 Dei.
1404 2244 1417 2260 »
1442 2235 1512 2261 Item
1536 2234 1579 2260 est
1597 2239 1722 2267 regnum
1741 2230 1875 2266 amplum

1109 2321 1204 2344 xxx-111,
1222 2317 1258 2338 12.
1274 2327 1303 2331 -—
1320 2315 1335 2327 '⁷
1350 2313 1408 2343 Job,
1426 2319 1484 2342 xm,
1499 2314 1537 2336 25.
1553 2325 1583 2329 —
1608 2311 1619 2327 8
1639 2311 1755 2341 Gmgor„
1774 2308 1875 2337 Moml..

1108 2351 1150 2374 lib.
1167 2350 1278 2378 xxxiv,
1294 2356 1316 2372 c.
1332 2354 1397 2378 XVII,
1411 2348 1443 2372 al.
1460 2353 1502 2376 xx,
1519 2354 1545 2377 n,
1561 2348 1598 2370 39.
1611 2359 1642 2364 —
1658 2346 1677 2362 ¹⁹
1692 2346 1768 2373 Rom„
1785 2350 1820 2372 vl,
1838 2345 1874 2367 ¹2.

1108 2399 1138 2402 —
1154 2386 1174 2401 2⁰
1195 2385 1336 2415 Chrysost„
1357 2384 1426 2407 hom.
1447 2388 1552 2412 mxxii,
1572 2381 1603 2405 el.
1622 2386 1736 2410 Lxxnu,
1757 2386 1783 2403 n.
1804 2380 1826 2402 4.
1846 2390 1876 2396 -

1109 2422 1127 2437 ‘³¹
1143 2421 1230 2447 Eccli..
1244 2427 1269 2450 x,
1284 2422 1318 2443 II.
1332 2433 1357 2436 —
1375 2420 1393 2434 ΖΞ
1404 2420 1480 2449 Α99.,
1498 2424 1523 2447 ¹1,
1539 2418 1577 2440 23.
1589 2429 1619 2434 —-
1629 2417 1650 2433 ²⁶
1661 2414 1764 2443 Mamm
1777 2419 1824 2443 ιιι,
1836 2414 1876 2437 25.

1111 2469 1135 2472 —
1150 2456 1171 2472 Ἠ
1186 2455 1258 2484 ibid„
1275 2455 1362 2484 1v,Ii.
1373 2467 1404 2471 -
1417 2454 1438 2470 ²⁵
1451 2454 1520 2483 Sap,
1533 2458 1557 2481 x,
1573 2453 1610 2476 10.

1143 2506 1174 2533 (ιι)
1182 2504 1296 2527 Fortasse
1307 2502 1433 2533 lessendum
1441 2501 1583 2524 raritate.—
1593 2499 1622 2529 (b)
1635 2499 1691 2528 Leq.
1703 2496 1878 2521 interstitio.—

1112 2540 1138 2568 (ι’)
1156 2539 1287 2562 caloris.-
1297 2538 1332 2567 (d,
1346 2537 1474 2561 Coet.e<11·t.
1486 2536 1526 2559 vel
1537 2535 1654 2565 elongare
1669 2533 1727 2556 facit
1740 2539 1746 2557 z
1763 2532 1878 2562 EIongat.

1109 2586 1138 2590 —
1155 2575 1188 2602 (e)
1204 2574 1260 2603 Leq.
1277 2573 1326 2603 qui.
1343 2585 1374 2589 —
1394 2572 1425 2601 (f)
1445 2571 1504 2595 Coet.
1520 2569 1580 2593 edit.
1595 2571 1640 2592 est.
1655 2580 1683 2585 --
1700 2568 1733 2598 (y)
1751 2573 1808 2597 quae
1829 2568 1879 2590 tor-

1111 2615 1181 2637 μοις.
1200 2621 1228 2625 -
1246 2608 1278 2637 (h)
1297 2607 1425 2638 Vulq.nec
1437 2604 1587 2636 splendebit.
