1987 3032
213 195 272 226 266

212 260 293 296 digni
315 260 491 296 accepimus,
509 263 536 290 et
557 261 626 290 ideo
650 260 743 297 gratia
766 261 898 288 vocatur.
914 259 982 288 Ideo

213 310 239 335 et
257 307 317 334 vita
337 308 443 334 aeterna
462 307 567 335 dicitur
586 307 689 342 gratia,
709 307 780 343 quia
799 308 807 324 ¹
830 315 843 331 «
866 314 926 333 non
945 306 982 334 de

212 356 262 382 tuo
285 353 489 389 promeruisti,
510 356 541 381 ut
562 354 614 381 tibi
639 353 753 389 aliquid
778 352 942 380 deberetur.
966 362 980 378 »

211 401 243 427 Et
257 400 387 435 sequitur
403 409 409 427 ε
428 410 441 425 «
456 402 581 427 Coronat
598 401 671 427 Deus
687 400 716 427 in
735 399 822 426 nobis
836 398 916 426 dona
930 399 984 426 mi-

211 446 376 474 sericordiae
399 454 467 480 sum,
484 446 506 472 si
530 446 560 473 in
584 454 618 473 ea
641 445 743 480 gratia,
757 453 846 481 quam
870 445 983 480 accepi-

212 500 289 526 mus,
305 494 522 528 perseveranter
542 492 738 519 ambulemus.
759 501 773 517 »
791 493 853 518 Haec
869 491 927 518 ille.
943 492 983 518 Ex

212 539 257 566 his
283 540 370 573 patet,
397 538 479 573 quod
501 539 685 574 respiciendo
711 540 738 565 et
764 537 980 565 considerando

212 585 339 620 primam
354 584 477 618 gratiam
499 593 561 612 esse
581 585 670 619 gratis
687 584 797 618 datam,
814 584 909 618 gloria
930 591 983 619 po-

212 632 266 658 test
280 631 338 657 dici
358 631 465 665 gratia;
487 631 703 659 considerando
727 633 825 658 tamen
845 638 984 666 coopera-

212 677 323 704 tionem
346 677 431 704 liberi
451 678 562 705 arbitrii
585 685 652 705 cum
677 677 770 712 gratia
791 677 869 711 data,
891 678 985 712 potest

213 723 271 751 diei
285 731 396 751 merces
411 724 536 751 reddita.
553 724 634 751 ldem
646 723 821 759 Augustinus
831 724 841 740 ²
856 723 932 750 bene
947 722 984 750 de

212 770 307 798 libero
320 770 440 797 arbitrio
456 772 483 797 et
498 770 600 805 gratia.

248 818 291 843 17.
312 817 382 849 Quia
394 818 446 851 leae,
461 818 513 844 etc.
533 817 567 852 (a)
584 818 621 844 De
636 816 700 851 lege
713 816 834 851 jubente
851 815 919 843 data
933 823 986 851 per

212 864 340 898 Moysen,
356 870 417 890 non
435 862 578 890 liberante
598 863 645 890 vel
662 864 793 896 sanante,
811 864 838 889 et
853 862 889 889 de
908 862 985 889 veri-

213 912 269 938 tate
290 918 342 945 per
357 910 500 937 Christum
516 910 658 943 solvente,
673 912 700 937 et
715 909 808 944 gratia
822 911 942 936 sanante
958 911 985 937 et

213 955 367 990 liberante,
381 955 557 990 Augustinus
569 956 645 983 bene
656 957 675 983 ³.
687 955 773 989 Quod
787 955 946 990 figuratum
955 955 985 983 iu

212 1003 320 1030 baculo
344 1002 437 1030 Elisoei
461 1011 521 1030 non
545 1003 732 1030 resuscitante
757 1010 893 1038 puerum,
909 1003 936 1029 et
955 1002 986 1030 in

213 1049 313 1076 Elisaeo
335 1049 558 1084 superveniente
587 1057 622 1076 ex
651 1049 733 1084 euJ'us
755 1049 912 1084 praesentia
933 1048 986 1076 fuit

212 1103 286 1131 puer
299 1096 492 1123 resuscitatus.
509 1098 541 1123 Et
559 1097 629 1131 quia
647 1096 758 1123 dietum
773 1098 825 1129 est,
843 1096 925 1131 quod
937 1104 986 1130 per

215 1142 348 1169 Christum
379 1144 470 1176 qratia
494 1145 516 1169 et
547 1144 663 1177 veritas,
694 1142 830 1169 subditur
861 1150 926 1177 quae
952 1142 987 1170 sit

213 1195 329 1215 summa
347 1188 428 1216 istius
448 1189 557 1223 gratiae,
575 1189 683 1216 scilieet
705 1189 832 1224 cognitio
854 1188 917 1216 Filii
937 1189 986 1216 Dei

213 1234 366 1269 incarnati,
380 1235 454 1262 sicut
467 1235 617 1262 continuat
631 1235 739 1263 Glossa.

251 1282 293 1307 18.
305 1282 386 1307 Deum
394 1289 466 1308 nemo
476 1282 547 1308 vidit
558 1289 685 1315 unquam,
694 1281 767 1308 sicut
776 1281 926 1308 continuat
937 1280 983 1316 (b).

214 1327 437 1363 chrysostomus
452 1328 462 1344 ¹*
477 1327 606 1355 similiter
622 1327 679 1355 ait:
700 1338 713 1352 «
730 1329 805 1362 Ergo
821 1327 860 1354 ita
876 1327 987 1354 dictum

214 1376 255 1401 est
269 1376 360 1408 qratia
380 1377 403 1401 et
422 1377 522 1401 veritas
541 1383 588 1409 per
602 1377 690 1402 Jesum
707 1375 852 1408 Christum,
868 1383 929 1402 non
945 1377 986 1402 ta-

213 1429 282 1448 men
303 1422 390 1455 tanta,
405 1423 437 1449 ut
457 1421 624 1449 videremus
646 1423 737 1449 Deum
758 1421 789 1448 in
811 1429 863 1448 sua
883 1422 987 1456 majes-

215 1470 270 1495 tate
287 1476 293 1494 :
310 1477 324 1493 »
342 1468 457 1495 Habitat
473 1468 571 1495 euim⁵
588 1470 669 1495 lucem
684 1469 903 1495 inaccessibilem.
917 1468 985 1496 ldeo

215 1514 255 1541 ait
270 1523 276 1541 :
292 1522 376 1548 nemo,
389 1514 419 1541 id
438 1516 490 1548 est,
504 1515 603 1541 nullus
618 1515 708 1541 homo
728 1514 828 1541 vivens
844 1515 873 1540 in
889 1522 986 1548 carne,

216 1560 245 1587 iu
269 1568 354 1588 carne
375 1561 491 1588 mortali
506 1561 579 1587 vidit
602 1562 702 1587 Deum:
719 1560 798 1587 unde
823 1560 928 1588 dicitur
948 1562 957 1578 ⁶
979 1570 985 1588 τ

219 1618 231 1632 «ι
254 1609 317 1635 Non
337 1608 449 1635 videbit
470 1616 516 1636 me
542 1609 633 1636 homo
657 1610 683 1635 et
707 1608 790 1635 vivet.
815 1618 828 1634 1>
847 1608 903 1635 Sed
923 1610 987 1635 uni-

216 1656 331 1688 qenz'tus,
352 1656 399 1688 qui
413 1657 451 1681 est
466 1656 494 1680 in
512 1656 573 1681 sinu
595 1656 696 1688 Patris,
712 1654 743 1681 id
759 1656 811 1688 est,
829 1654 859 1681 in
876 1657 986 1682 secreto

216 1700 315 1734 Patris,
334 1700 385 1735 qui
401 1700 497 1734 ipsum
519 1700 610 1734 novit,
627 1701 775 1734 enarravit,
794 1700 824 1726 id
840 1701 891 1734 est,
908 1702 988 1728 extra

216 1746 344 1773 narravit
357 1754 410 1781 per
423 1745 686 1773 manifestationem
699 1746 986 1781 suaeincarnationiS,

217 1793 305 1827 prout
328 1793 368 1819 ait
389 1792 498 1819 Glossa.
522 1793 554 1818 Ut
578 1792 657 1819 enim
683 1792 722 1819 ait
745 1792 922 1826 Augustinus
942 1793 952 1809 7

221 1838 335 1865 Verbum
353 1846 412 1865 caro
427 1840 530 1871 factum
545 1841 594 1872 est,
611 1847 625 1863 «
645 1840 676 1865 ut
697 1838 909 1866 demonstraret
927 1847 988 1866 car-

217 1884 333 1911 nalibus
354 1886 380 1911 et
401 1892 461 1911 non
485 1884 648 1912 valentibus
668 1886 764 1911 mente
789 1885 894 1912 intueri
914 1885 988 1912 veri-

217 1932 316 1963 tatem,
328 1938 416 1965 quam
432 1930 577 1957 excelsum
590 1931 686 1957 locum
702 1931 809 1958 habeat
823 1933 927 1958 natura
936 1931 988 1959 hu-

218 1984 306 2003 mana
329 1976 403 2003 inter
422 1977 453 2012 (c)
478 1978 632 2004 creaturas.
655 1986 668 2002 »
690 1976 766 2004 Infra
780 1977 789 1993 ⁸
811 1986 816 2004 :
842 1985 854 2001 α
875 1978 987 2004 Nomen

217 2025 300 2050 tuum
322 2023 505 2050 manifestavi
529 2023 653 2050 mundo.
669 2033 682 2047 v>
704 2023 760 2050 Sed
780 2023 905 2058 qualiter
924 2023 963 2051 ait
979 2033 984 2051 :

216 2070 249 2096 In
272 2071 356 2096 sinu?
379 2069 493 2096 videtur
517 2069 580 2096 dari
608 2069 794 2096 occasionem
819 2070 987 2105 suspicandi

217 2117 308 2142 Deum
324 2123 385 2142 esse
400 2123 576 2151 corporeum
586 2117 614 2142 et
628 2115 804 2142 dimensum.
816 2117 848 2142 Et
858 2116 896 2143 ad
910 2116 988 2143 istud

215 2162 374 2197 respondet
388 2162 610 2197 Chrysostomus
625 2163 646 2196 ⁰,
661 2161 744 2196 quod
761 2162 881 2197 quando
897 2162 966 2190 dicit
980 2172 985 2189 :

217 2209 250 2234 1η
271 2209 342 2241 sinu,
361 2216 422 2235 non
444 2208 620 2235 aestimemus
645 2207 736 2241 aliud,
753 2215 844 2243 quam
863 2208 987 2236 familia-

217 2253 330 2281 ritatem
340 2254 483 2289 unigeniti
493 2256 520 2281 et
534 2253 769 2281 coaeternitatem.
784 2254 864 2281 Idem
878 2258 989 2289 Augus-

250 2312 254 2324 ¹
270 2313 344 2341 Augu,
359 2312 407 2335 loc.
427 2312 479 2342 cit.‚
494 2319 519 2336 n.
537 2314 574 2335 10.
591 2324 620 2329 -
637 2312 646 2327 2
666 2311 727 2334 ibid.
746 2324 776 2328 —
791 2311 887 2341 ³ll›i1l.‚
907 2319 932 2335 11.
949 2314 988 2336 ll-

220 2347 257 2375 17,
270 2348 295 2369 et
309 2347 337 2369 cle
360 2347 430 2370 νει-Ι).
447 2348 540 2377 Λμοςέ.,
557 2353 634 2370 serm.
647 2352 683 2376 xi,
699 2347 730 2370 nl.
747 2353 824 2370 serm.
840 2353 909 2375 xxvi,
924 2354 945 2370 e.
961 2354 987 2377 x,

217 2388 244 2404 n.
267 2383 302 2404 11.
326 2395 352 2398 —-
374 2382 380 2395 '⁸
402 2382 543 2413 chrysost„
569 2383 594 2405 in
618 2383 698 2411 Joan„
718 2382 788 2406 hom.
814 2388 866 2412 Χιν,
888 2383 920 2406 al.
946 2389 988 2412 XV,

217 2417 325 2439 11.1.-
347 2417 354 2429 ⁵
377 2417 382 2438 1
404 2417 474 2446 Tun„
494 2423 528 2447 vi,
549 2419 585 2441 16.
601 2430 630 2434 --
651 2418 658 2429 ¹³
674 2417 768 2446 Eroti„
787 2423 885 2448 xxxut,
904 2420 942 2441 20.
958 2431 988 2435 --

220 2451 229 2466 7
245 2452 320 2481 Aug,
333 2451 363 2474 (Ie
381 2452 433 2475 Ver.
455 2453 543 2482 Reliy„
563 2460 584 2476 c.
606 2458 664 2481 xvi,
680 2459 706 2475 n.
725 2454 763 2476 30.
779 2466 805 2470 -
824 2453 831 2466 Β
850 2452 906 2481 tur„
924 2459 987 2483 xvu,

218 2488 241 2510 6.
254 2499 279 2502 —-
293 2486 303 2502 ⁹
318 2486 458 2517 Chrysost„
474 2487 515 2510 11111
531 2495 597 2517 sup.‚
617 2494 641 2510 11.
656 2490 679 2511 2.
696 2500 725 2504 —
740 2488 759 2503 ¹⁰
773 2489 848 2518 Aug„
864 2488 905 2511 ubi
921 2496 988 2519 sup„

218 2528 244 2545 n.
268 2522 304 2545 17.
325 2534 355 2539 --
376 2522 391 2537 ¹¹
408 2522 473 2550 Luc„
495 2528 550 2553 xvi,
573 2524 616 2552 22,
631 2524 668 2546 23.
685 2535 714 2540 --
735 2523 754 2538 ¹²
768 2524 889 2553 1sa.,xL,
908 2526 988 2547 ¹1.—

221 2557 239 2573 ¹³
252 2557 395 2587 Chrysost.‚
409 2557 451 2580 ubi
466 2564 532 2588 sup,
546 2565 572 2580 n.
587 2559 608 2580 1.
621 2571 649 2574 —
665 2558 684 2574 Ν
694 2558 752 2588 Isth,
766 2564 801 2588 vi,
819 2560 840 2581 1.
853 2572 880 2576 -
895 2559 916 2576 ¹⁵
929 2559 987 2589 Iso„

220 2598 257 2621 Vl,
275 2598 298 2622 1,
313 2591 353 2615 vel
374 2592 457 2621 Mica„
476 2599 525 2621 vu,
547 2594 569 2617 7.
587 2606 616 2610 -
632 2593 651 2609 ¹⁶
670 2594 744 2623 Aug,
762 2594 803 2617 uhi
821 2601 887 2625 sup.,
903 2602 929 2618 n.
950 2595 986 2619 17.

222 2640 246 2644 --
264 2628 282 2643 ¹⁷
298 2627 388 2658 Exod„
404 2630 589 2658 xxx111,11.—
604 2627 624 2644 ¹⁸
639 2627 724 2658 Nam„
738 2634 786 2658 xit,
797 2630 855 2653 8.—
870 2629 987 2660 ΝΕοιτοιΙ.1

730 192 943 225 EVANGELII
966 192 1109 225 SANCTI
1130 193 1292 226 JOANNIS

1038 261 1115 288 tinus
1129 262 1150 278 ¹⁰
1169 270 1175 288 :
1188 270 1202 287 «
1216 263 1248 289 ln
1262 263 1334 294 sinu,
1347 262 1377 290 id
1392 264 1444 297 est,
1459 263 1488 291 in
1503 264 1624 292 secreto.
1640 273 1654 290 n
1671 265 1718 292 Est
1731 266 1810 294 enim

1038 308 1143 344 triplex
1157 309 1237 336 sinus
1249 317 1255 335 :
1266 309 1313 336 vel
1324 311 1463 337 aeternum
1478 310 1526 337 Dei
1541 312 1694 344 secretum,
1704 314 1736 339 ut
1747 312 1808 348 hic;

1038 355 1085 382 vel
1099 358 1209 383 secreta
1217 356 1334 392 requies
1344 356 1520 390 animarum,
1532 357 1568 384 de
1582 365 1642 393 quo
1654 357 1759 385 dicitur
1769 359 1788 376 ¹¹
1801 367 1810 387 ε

1038 403 1136 428 lusinu
1147 403 1268 436 .›lbrahoe,
1285 404 1350 436 θὶς-,ς
1366 402 1412 429 vel
1422 402 1525 430 fovens
1536 406 1656 439 palerna
1671 404 1763 439 pietas
1773 403 1806 432 ’ἰ

1042 457 1055 473 «
1070 448 1268 483 Congregabit
1282 456 1375 482 agnos
1390 448 1418 475 in
1435 449 1511 477 sinu.
1527 459 1540 475 u
1562 450 1618 477 Sed
1634 450 1670 477 de
1685 450 1742 477 hoc
1756 450 1811 478 ob·

1037 493 1099 528 jicit
1122 494 1346 530 Chrysostomus
1367 494 1467 521 dicens
1486 496 1506 511 ¹³
1526 503 1532 521 :
1556 495 1638 530 quod
1661 496 1812 532 prophelae

1039 540 1176 568 viderunt
1198 541 1354 568 Dominum
1370 539 1388 557 ¹⁸
1405 549 1411 567 :
1434 554 1447 566 u
1462 541 1526 567 vidi
1542 542 1698 569 Dominum
1717 543 1755 578 (d)
1772 551 1778 569 τ
1796 552 1809 568 1)

1039 587 1171 614 similiter
1180 587 1231 614 alii
1245 587 1409 622 prophelae,
1424 589 1455 614 ut
1470 588 1596 614 Michoeas
1615 588 1647 623 (e)
1663 588 1683 605 ¹⁶
1700 596 1706 615 x
1727 588 1812 616 «vidi

1040 634 1196 661 Dominum
1218 633 1375 660 sedentem.
1394 643 1407 659 »
1431 635 1463 660 Et
1483 633 1520 660 ad
1542 633 1620 661 istud
1643 634 1813 670 respondet,

1040 681 1122 716 quod
1141 690 1153 705 «
1173 680 1223 708 illa
1237 680 1311 707 visio
1332 680 1385 707 suit
1405 680 1671 715 condescensionis,
1687 689 1748 708 non
1768 682 1812 718 ip-

1039 727 1098 754 sius
1117 726 1284 754 substantiae
1304 726 1367 760 Dei;
1393 727 1416 753 si
1441 726 1518 754 enim
1542 727 1639 762 ipsum
1661 727 1813 762 vidissent,

1040 781 1195 809 nunquam
1219 772 1386 800 differenter
1409 772 1656 807 eonsiderassent3
1686 773 1813 809 simplex

1041 819 1119 847 enim
1148 821 1189 846 est
1217 821 1244 846 et
1271 818 1478 853 infigurabilis,
1505 821 1532 846 et
1558 819 1814 856 incircumscripti-

1040 865 1118 893 bilis.
1130 876 1142 890 »
1157 867 1219 892 Haec
1230 864 1289 898 ille,
1301 867 1328 891 et
1339 865 1376 891 ibi
1388 864 1462 891 bene
1474 864 1510 891 de
1520 865 1586 892 hoc.
1599 865 1710 893 Eodem
1721 866 1814 894 modo

1041 912 1165 947 opponit
1183 912 1229 938 hie
1253 911 1429 946 Augustinus
1443 911 1473 945 ¹⁶,
1488 911 1561 939 sieut
1582 911 1618 939 de
1643 913 1757 947 Moyse,
1777 912 1815 940 de

1041 966 1101 993 quo
1119 958 1224 986 dicitur
1237 959 1328 986 Exodi
1343 959 1361 974 ¹⁷
1378 967 1404 985 z«
1422 959 1607 994 Loquebatur
1623 958 1762 986 Dominus
1776 958 1817 986 ad

1040 1005 1158 1039 Moysen
1180 1004 1254 1031 facie
1278 1004 1317 1031 ad
1335 1004 1450 1037 faciem,
1469 1004 1542 1032 sieut
1565 1005 1655 1032 homo
1680 1004 1719 1032 ad
1740 1004 1815 1032 ami-

1042 1059 1119 1083 cum,
1135 1060 1148 1076 1)
1171 1052 1197 1078 et
1220 1050 1240 1066 ¹⁸
1260 1059 1266 1077 ι
1297 1059 1309 1075 «
1325 1050 1434 1083 Palam,
1449 1052 1476 1077 et
1493 1058 1553 1077 non
1571 1058 1624 1085 per
1646 1051 1814 1086 aenigmata,

1041 1097 1114 1124 vidit
1128 1098 1226 1123 Deum.
1243 1106 1255 1122 n
1275 1098 1306 1123 Et
1320 1096 1358 1123 ad
1373 1096 1430 1123 hoc
1442 1096 1611 1131 respondet,
1623 1097 1705 1132 quod
1721 1100 1816 1131 Ange-

1041 1143 1086 1170 lus
1101 1144 1221 1178 portans
1236 1144 1341 1178 typum
1364 1142 1411 1169 Dei
1433 1142 1612 1177 loquebatur
1626 1151 1693 1170 eum
1707 1144 1815 1178 Moyse,

1042 1189 1123 1225 quod
1145 1190 1223 1224 patet
1244 1196 1297 1224 per
1320 1189 1387 1222 hoe,
1404 1189 1486 1224 quod
1507 1189 1547 1216 ait
1570 1191 1682 1224 Moyses
1703 1189 1746 1216 ibi
1770 1190 1790 1206 ¹⁹
1807 1198 1814 1218 :

1044 1246 1058 1262 <t
1079 1235 1106 1262 Si
1122 1235 1220 1261 inveni
1241 1234 1364 1269 gratiam
1384 1234 1414 1261 in
1436 1236 1593 1270 conspectu
1614 1238 1674 1268 tuo,
1695 1235 1816 1263 ostende

1041 1281 1114 1309 mihi
1135 1281 1240 1308 faciem
1258 1282 1339 1308 tuam
1356 1290 1362 1307 :
1386 1290 1399 1306 »
1418 1281 1500 1316 quod
1518 1289 1578 1308 non
1593 1283 1715 1316 peteret,
1729 1282 1753 1308 si
1773 1282 1816 1309 vi-

1042 1328 1123 1355 deret
1140 1327 1296 1354 Dominum
1312 1327 1342 1354 in
1357 1335 1409 1354 sua
1423 1327 1603 1361 majestativa
1619 1327 1743 1355 essentia
1760 1336 1767 1354 :
1788 1329 1817 1355 et

1042 1374 1082 1401 ibi
1098 1374 1172 1401 bene
1187 1373 1363 1408 Augustinus
1375 1373 1411 1400 de
1422 1373 1487 1400 hoc.
1499 1375 1569 1403 Item
1582 1374 1618 1401 de
1627 1373 1684 1401 hoc
1692 1374 1817 1409 opponit

1042 1420 1197 1455 Gregorius
1208 1420 1239 1453 2¹0,
1249 1420 1280 1446 in
1290 1420 1358 1453 fine,
1371 1427 1458 1455 super
1468 1419 1543 1446 illud
1555 1421 1603 1447 Job
1614 1421 1634 1437 ²¹
1649 1429 1676 1447 c«
1689 1420 1818 1448 Abscon-

1043 1467 1103 1494 dita
1113 1468 1154 1493 est
1163 1466 1201 1493 ab
1213 1466 1306 1492 oculis
1316 1466 1472 1492 hominum
1483 1465 1654 1499 viventium,
1664 1476 1677 1491 »
1690 1468 1717 1492 et
1729 1466 1817 1493 indu-

1043 1514 1080 1541 cit
1096 1513 1284 1541 auctoritates
1301 1514 1407 1540 Genesis
1417 1513 1437 1529 '2²
1454 1522 1479 1540 z«
1495 1513 1558 1540 vidi
1574 1514 1730 1540 Dominum
1743 1512 1817 1540 faeie

1042 1561 1080 1588 ad
1095 1560 1209 1594 faciem,
1220 1570 1233 1586 »
1251 1561 1278 1587 et
1291 1560 1337 1586 Job
1349 1560 1369 1575 ²³
1386 1568 1418 1586 1«
1434 1561 1513 1586 Nunc
1529 1559 1632 1586 oculus
1646 1567 1729 1586 meus
1744 1559 1818 1588 vidit

1042 1609 1079 1635 te.
1096 1618 1109 1633 >³
1130 1606 1265 1633 Similiter
1279 1605 1391 1632 inducit
1407 1605 1592 1633 auctoritates
1611 1605 1765 1641 praedictas
1780 1605 1816 1633 de

1042 1653 1201 1689 Prophetis,
1215 1652 1257 1680 Ad
1273 1651 1452 1679 contrarium
1468 1651 1589 1686 inducit,
1607 1651 1689 1687 quod
1704 1651 1750 1678 hie
1772 1651 1816 1678 di-

1043 1699 1115 1726 citur
1131 1708 1137 1726 z
1158 1701 1241 1726 Deum
1255 1706 1328 1725 nemo
1347 1699 1418 1725 111·ιίιί
1438 1706 1565 1732 uuquam,
1582 1700 1609 1725 et
1629 1698 1667 1724 ad
1686 1697 1743 1724 hoc
1757 1704 1819 1724 resq

1042 1747 1154 1782 pondet
1168 1746 1209 1773 ibi
1224 1754 1231 1772 :
1252 1755 1264 1770 «
1280 1747 1311 1772 Et
1325 1746 1366 1772 est
1380 1753 1496 1771 summa
1510 1744 1718 1780 responsioni&
1735 1743 1817 1779 quod

1043 1793 1186 1829 quamdiu
1201 1791 1361 1818 mortaliter
1371 1790 1416 1817 hic
1433 1790 1548 1824 vivitur,
1560 1790 1654 1818 videri
1668 1798 1722 1825 per
1731 1798 1817 1825 quas-

1043 1839 1112 1866 dam
1134 1838 1276 1873 imagines
1295 1838 1368 1864 Deus
1383 1838 1487 1871 potest,
1503 1835 1556 1863 sed
1571 1844 1622 1871 per
1644 1836 1742 1871 ipsam
1763 1843 1816 1863 na-

1837 1859 1938 1884 Quadru-

1042 1887 1112 1913 turae
1125 1893 1183 1912 suae
1194 1884 1321 1919 speeiem
1334 1890 1394 1910 non
1404 1884 1532 1917 potest.»
1549 1882 1628 1908 Unde
1641 1884 1721 1914 nota,
1734 1881 1816 1917 quod
1830 1890 1881 1916 piex
1906 1889 1937 1910 vi-

1042 1933 1084 1958 est
1103 1930 1290 1966 quadruplex
1306 1929 1379 1956 visio
1400 1928 1447 1956 Dei
1470 1937 1477 1955 z
1494 1936 1554 1955 una
1573 1927 1747 1962 imaginaria
1762 1935 1815 1963 per
1831 1920 1871 1941 ’ῑο-

1043 1977 1247 2005 similitudines
1262 1978 1289 2003 et
1311 1976 1431 2010 figuras,
1448 1975 1508 2002 sive
1526 1982 1580 2009 per
1595 1977 1709 2009 typum,
1724 1975 1756 2001 ut
1774 1973 1816 2001 vi-
1830 1989 1892 2010 visio.

1044 2024 1149 2051 derunt
1171 2023 1333 2059 prophetie,
1351 2021 1387 2048 de
1411 2029 1470 2056 qua
1492 2021 1602 2048 dictum
1617 2022 1676 2054 est;
1699 2020 1757 2047 alia
1775 2022 1817 2048 est

1863 1959 1936 1980 Prima

1837 2031 1937 2052 Secunde

1042 2070 1116 2098 visio
1131 2069 1313 2104 cenigmatiea
1327 2076 1380 2104 per
1394 2067 1496 2100 fidem,
1512 2067 1548 2094 de
1564 2074 1624 2102 qua
1640 2067 1662 2083 2⁶
1677 2076 1685 2093 ε
1703 2075 1717 2092 «
1729 2066 1816 2094 Vide·
1831 2061 1895 2083 *1⁵5⁰-

1042 2125 1107 2144 mus
1122 2124 1199 2143 nunc
1214 2123 1265 2151 per
1284 2114 1445 2150 speculum,
1458 2123 1471 2139 »
1487 2114 1514 2140 et
1527 2114 1548 2130 2⁵
1565 2121 1596 2140 :«
1611 2113 1687 2140 Beati
1702 2112 1815 2140 mundo

1042 2163 1142 2196 corde,
1159 2162 1300 2197 quoniam
1315 2160 1369 2195 ipsi
1385 2161 1474 2186 Deum
1489 2159 1640 2186 videbunt.
1658 2168 1671 2184 »
1689 2159 1759 2185 ltem
1774 2159 1816 2185 est

1860 2169 1936 2190 Tertia

1041 2209 1115 2236 visio
1136 2208 1184 2235 Dei
1198 2215 1251 2243 per
1267 2207 1410 2234 elevatam
1430 2204 1719 2239 contemplationem,
1734 2203 1813 2231 unde
1829 2198 1894 2220 '5³³⁰-

1041 2255 1207 2290 Gregorius,
1222 2252 1275 2280 ubi
1289 2259 1377 2287 supra
1388 2260 1414 2279 z«
1429 2252 1460 2278 111
1475 2258 1561 2279 carne
1574 2250 1751 2285 viventibuS,
1763 2250 1816 2278 sed

1042 2340 1137 2364 xxxiii,
1155 2336 1190 2357 13,
1209 2346 1235 2350 -
1255 2332 1275 2348 ²⁰
1291 2333 1377 2361 (ii-eg„
1394 2330 1496 2360 Mor-al„
1510 2330 1555 2354 lib.
1574 2331 1669 2359 xvm,
1685 2337 1707 2354 c.
1722 2336 1814 2360 xxvm,

1042 2370 1282 2398 zil.1.1v‚u.88.-
1297 2368 1313 2383 ²¹
1331 2366 1385 2396 Job,
1400 2372 1493 2394 xxvui,
1508 2368 1546 2389 21.
1563 2379 1592 2382 -
1609 2366 1628 2380 ²²
1644 2365 1714 2395 Gen„
1730 2371 1815 2395 xxxii,

1043 2408 1080 2429 30.
1104 2418 1134 2422 —
1158 2404 1176 2418 ²³
1197 2403 1255 2433 Job,
1278 2408 1347 2432 xL11,
1373 2403 1395 2425 5.
1418 2414 1448 2418 —
1471 2402 1490 2417 ²⁸
1516 2402 1523 2424 1
1547 2401 1614 2430 σωκ,
1639 2406 1703 2431 xm,
1728 2401 1764 2424 ¹2.
1784 2411 1816 2418 -

1043 2441 1061 2457 ²³
1076 2440 1177 2469 Malta„
1192 2445 1217 2469 v,
1235 2440 1258 2463 8.

1075 2490 1104 2519 (a)
1120 2490 1180 2512 Czetv
1195 2487 1254 2511 edit.
1268 2493 1320 2510 non
1332 2486 1425 2509 habeut
1440 2485 1501 2514 Ouia
1514 2484 1564 2515 lex,
1577 2485 1625 2508 etc.
1635 2496 1665 2501 —
1680 2483 1711 2513 (b)
1726 2483 1813 2514 Suppl.

1042 2523 1212 2553 Evangelista.
1234 2535 1262 2539 —
1284 2522 1314 2552 (e)
1337 2522 1398 2546 Cat.
1419 2521 1476 2544 edit.
1495 2526 1579 2550 super.
1598 2532 1627 2536 —
1645 2519 1683 2549 (d)
1700 2519 1816 2543 For-lasse

1042 2559 1169 2589 lequnclunz
1190 2557 1301 2581 visiones
1326 2555 1437 2580 Domini.
1462 2567 1492 2572 --
1513 2554 1545 2585 (e)
1569 2555 1625 2585 Leq.
1651 2555 1743 2583 Ιςαῐαε,
1765 2553 1815 2577 nisi

1042 2595 1108 2624 dein,
1123 2602 1167 2625 pro
1178 2593 1235 2618 vid.
1252 2592 1390 2616 Dominum
1407 2591 1544 2619 sedentem,
1561 2590 1660 2621 leqalm·
1677 2590 1715 2613 Ad
1730 2588 1815 2613 Domi-

1042 2637 1104 2654 1111111
1118 2629 1247 2660 aspiciam.
