1987 3032
184 221 242 252 354

184 287 226 313 ter
237 284 327 312 habet
340 283 431 311 vitam
442 282 473 309 in
488 279 655 315 semetipso,
672 278 712 305 sic
728 277 851 305 etl³ilius
865 276 955 304 habet

183 332 274 359 vitam
288 331 318 358 in
332 329 498 364 semetipso.
510 337 523 352 »
541 327 574 353 Ec
585 327 632 359 qui
645 324 787 351 manducat
802 331 852 357 me,
863 323 954 350 modo

184 378 273 412 dicto,
288 379 358 404 vivet
372 378 481 410 propter
495 381 544 403 me,
556 371 662 398 scilicet
674 370 787 397 habens
803 378 848 396 mc
865 369 955 396 vitam

183 425 214 452 in
228 433 268 452 sc.
286 426 317 451 Et
332 422 402 457 legit
417 420 593 455 Augustinus
608 419 616 434 ¹
637 417 713 445 istud
730 417 766 444 de
781 416 893 443 Christo
908 424 954 443 se-

183 471 314 498 cundum
333 476 417 495 suani
435 465 658 498 humanitatem,
679 463 779 490 dicens
800 472 806 489 :
829 473 843 487 κ
861 462 955 489 Missio

183 517 245 552 ejus
260 518 302 543 est
315 515 376 549 ejus
390 511 559 545 exinanitio,
572 513 599 538 et
613 510 714 538 formfe
728 508 840 535 servilis
854 516 955 542 accep-

182 563 234 596 tio,
253 560 416 589 secundum
439 558 519 594 quod
538 557 577 584 ait
590 558 600 572 ²
619 566 625 584 z
643 558 722 583 Pater
736 556 819 589 major
838 562 878 581 me
893 556 931 581 est
946 562 956 580 .·

182 611 296 637 servata
310 609 407 634 tamen
424 604 588 640 aequalitate
605 605 714 630 naturae
734 601 797 629 Filii
817 609 884 628 cum
903 601 955 626 Pa-

183 658 233 683 tre.
256 654 343 688 Quasi
364 660 434 687 ergo
451 651 560 678 diceret
583 659 589 676 :
611 651 670 684 Ego
695 647 865 676 humiliatus
885 646 955 673 vivo

181 703 302 738 propter
318 701 447 733 Patrem;
468 698 551 731 ille‚»
577 696 685 723 scilicet
710 695 746 730 (a)
772 693 956 721 manducans

181 756 238 782 me,
245 758 258 773 «
269 748 381 775 erectus
391 745 463 772 vivit
472 746 592 779 propter
604 751 661 769 me.
673 752 685 767 ν)
701 743 764 768 llaec
774 740 833 767 ille.
846 739 902 767 Sed
913 739 956 765 vi—

182 794 267 822 detur
281 792 364 828 quod
379 799 439 819 non
453 790 489 817 sit
503 798 572 817 vera
586 787 746 816 similitudo
763 795 769 813 ε
785 786 854 821 quia
869 785 956 812 Filius

181 843 224 868 est
238 839 370 875 ejusdem
380 840 491 865 naturae
502 843 569 863 eum
580 837 675 869 Patre;
687 833 882 865 manducans,
896 839 957 858 non

181 886 314 922 ejusdem
334 887 444 912 naturae
463 891 530 910 cum
551 881 673 909 Christo.
689 882 721 907 Et
741 878 780 906 ad
799 878 877 905 istud
897 885 957 904 res-

180 931 376 968 pondendum
392 932 443 964 est,
457 928 539 964 quod
556 936 617 955 non
632 928 673 954 est
688 924 862 953 omnimoda
878 923 956 950 simi-

181 979 275 1006 litudo
293 977 392 1005 :unde
411 986 424 1002 ς(
432 983 492 1003 non
507 975 547 1002 ait
568 984 574 1001 ε
592 975 651 1008 Ego
670 971 818 999 manduco
834 972 956 1003 Patrem,

181 1027 213 1052 ut
229 1027 257 1052 et
279 1024 320 1051 sic
341 1023 451 1056 vivam,
468 1022 542 1048 sicut
558 1020 597 1048 ait
620 1029 626 1046 :
647 1019 699 1052 Qui
721 1017 881 1045 manducat
899 1023 958 1049 me,

180 1071 260 1098 vivet
282 1072 401 1106 propter
424 1076 488 1101 me,
512 1067 550 1094 ait
574 1065 751 1101 Augustinus
765 1065 785 1097 ³,
807 1063 878 1098 quia
898 1069 959 1088 non

182 1118 404 1155 participatione
427 1115 518 1143 Patris
542 1113 629 1141 Filius
650 1113 682 1139 tit
706 1111 821 1143 melior,
844 1109 895 1145 qni
918 1111 960 1136 est

183 1167 268 1192 natus
283 1163 416 1199 aequalis,
430 1162 503 1189 sicut
517 1158 740 1195 participatione
753 1157 816 1184 Filii
827 1156 866 1183 sic
879 1163 958 1182 man-

184 1212 296 1239 ducans
317 1210 350 1237 fit
368 1209 481 1236 melior.
498 1218 510 1233 »
532 1206 617 1234 Modo
639 1207 738 1232 tamen
758 1210 847 1238 supra
868 1209 960 1237 expo-

183 1258 237 1286 sito
253 1258 285 1284 fit
299 1255 470 1284 similitudo.

220 1306 265 1332 59.
288 1305 320 1330 Et
336 1301 471 1329 subditur
495 1299 621 1334 dignitas
644 1296 808 1325 refectionis
824 1303 830 1321 ε
848 1296 899 1322 Hic
923 1296 961 1321 est

184 1353 275 1386 panis,
295 1349 404 1377 scilicet
427 1347 478 1383 qui
508 1347 558 1374 dat
580 1345 671 1372 vitam
695 1342 959 1375 manducantibus,

186 1405 246 1425 non
266 1396 343 1430 talis,
365 1395 460 1431 qualis
479 1400 596 1421 manna.
621 1392 689 1419 Ideo
714 1389 845 1425 sequitur
868 1397 874 1415 :
900 1390 962 1416 Non

186 1446 256 1471 sicut
276 1443 502 1470 manducaverunt
527 1442 617 1474 patres
645 1439 728 1464 vestri
756 1443 866 1469 manna,
892 1433 962 1469 quia

187 1497 296 1517 manna
317 1488 370 1516 suit
393 1490 479 1522 typus
501 1489 528 1512 ct
552 1485 668 1516 umbra,
683 1483 730 1509 hic
749 1481 834 1517 panis
858 1479 962 1506 veritas

188 1537 328 1571 signatur.
350 1536 382 1561 Et
403 1533 470 1560 ideo
492 1541 498 1559 :
519 1533 572 1564 Qui
595 1529 741 1557 manducat
764 1529 831 1553 hunc
855 1533 962 1560 panem,

187 1584 269 1616 vivet,
285 1585 350 1615 etc.,
366 1582 398 1608 ut
412 1581 453 1607 est
471 1586 547 1614 saepe
567 1578 677 1604 dictum
693 1583 791 1611 supra.
810 1573 866 1601 Sed
881 1581 962 1608 qute-

188 1630 270 1662 ritur,
284 1628 323 1656 ad
345 1627 418 1663 quid
438 1625 522 1653 toties
545 1623 648 1659 repetit
671 1623 707 1649 de
730 1629 760 1648 m
779 1628 850 1653 nna,
870 1621 898 1646 ct
919 1619 963 1645 in-

189 1676 307 1704 culcat?
325 1676 357 1702 Et
376 1673 415 1701 ad
434 1671 512 1699 istud
530 1669 689 1706 respondet
703 1668 927 1703 chrysostomus
943 1664 962 1698 ¹⁰,

190 1722 273 1759 quod
295 1731 308 1746 «
330 1721 398 1748 ideo
417 1719 501 1747 toties
521 1716 718 1744 reminiscitur
738 1720 857 1746 manna,
874 1711 913 1739 ad
928 1711 964 1737 fi-

190 1769 260 1797 dem
283 1767 436 1800 inducens,
457 1764 540 1801 quod
568 1763 592 1790 si
620 1761 761 1798 possibile
789 1760 899 1786 factum
924 1759 966 1784 est

190 1814 388 1852 quadraginta
402 1812 486 1840 annis
500 1811 561 1838 sine
576 1817 669 1836 messe
684 1809 712 1835 et
733 1806 878 1834 frumento
895 1812 965 1831 con—

191 1863 282 1891 tinere
295 1861 414 1888 illorum
428 1860 529 1892 vitam,
545 1856 638 1884 multo
653 1854 747 1889 magis
763 1855 790 1880 et
809 1860 887 1880 nunc
903 1852 966 1887 ipse

192 1909 312 1936 veniens
326 1908 425 1943 posset
443 1906 512 1932 dare
527 1904 626 1931 vitam.
646 1904 677 1930 Et
693 1902 714 1928 si
735 1901 777 1928 illi
796 1899 858 1935 typi
873 1900 966 1932 erant,

193 1955 285 1982 multo
303 1953 396 1987 magis
411 1952 475 1987 ipsa
488 1950 595 1978 veritas
615 1950 676 1975 erat
694 1947 769 1981 talis,
785 1954 850 1981 quae
869 1946 968 1980 posset

193 2002 264 2029 dare
278 2001 378 2028 vitam.
394 2010 406 2025 n
425 1998 481 2026 Sed
503 1996 652 2032 quaeritur,
670 1994 707 2022 ad
731 1992 803 2029 quid
824 1992 907 2019 toties
922 1991 967 2017 in-

195 2049 300 2081 culcat,
316 2046 400 2082 quasi
414 2045 504 2078 idem,
517 2043 599 2080 quod
614 2044 674 2070 erat
687 2041 762 2075 talis,
776 2040 826 2075 qui
841 2039 877 2066 de
893 2038 967 2066 coelo

195 2094 397 2127 descenderat,
409 2094 436 2120 et
448 2091 530 2127 quod
543 2090 593 2126 qui
608 2087 819 2120 manducabat,
835 2085 945 2113 viveret
961 2093 966 2110 :

194 2143 274 2170 unde
297 2139 394 2168 decies
414 2138 555 2174 repetitur
574 2136 621 2163 hic
643 2136 724 2162 actus
745 2131 926 2164 vivificandi,
942 2133 970 2158 et

196 2187 361 2215 attribuitur
383 2185 453 2221 pani
475 2194 481 2212 :
507 2183 615 2219 primo,
637 2180 758 2216 quando
784 2179 823 2206 ait
849 2187 856 2206 :
884 2179 970 2204 Verus

194 2237 275 2270 panis
296 2236 344 2265 est,
368 2234 416 2268 qui
445 2232 476 2259 de
505 2231 566 2258 coelo
592 2228 737 2261 descendit,
760 2229 785 2253 ct
815 2226 863 2252 Aac
884 2227 968 2252 vitam

196 2282 310 2312 mundo:
322 2279 464 2312 secundo,
477 2276 599 2313 quando
611 2275 649 2302 ait
666 2284 672 2302 z
689 2276 743 2308 qu
758 2281 816 2300 sum
830 2274 911 2307 panis
924 2274 968 2299 υί-

198 2331 246 2361 tae3
267 2327 365 2360 tertio,
381 2324 502 2360 quando
523 2323 562 2350 ait
582 2331 588 2349 z
612 2322 668 2355 1390
687 2328 744 2347 sum
762 2321 853 2354 panis,
873 2320 920 2352 qui
938 2319 970 2345 de

197 2375 259 2402 coelo
268 2373 399 2406 descendi,
408 2372 523 2407 quarto,
534 2368 655 2404 quando
667 2367 721 2394 ait:
732 2367 783 2393 Hic
792 2368 828 2393 est
838 2373 914 2392 verus
921 2374 970 2400 pa-

198 2422 252 2454 uis3
278 2418 391 2454 quinto,
414 2416 534 2451 quando
558 2415 598 2442 ait
611 2423 617 2440 :
631 2415 686 2447 Εῃο
703 2421 760 2440 sum
775 2413 856 2447 panis
876 2412 968 2445 vit-2135

199 2467 291 2496 sexto,
302 2463 422 2499 quando
434 2462 487 2489 ait:
502 2463 582 2488 Panis
593 2469 668 2494 quem
679 2467 723 2493 eqo
735 2459 816 2492 dab0;
833 2457 968 2492 septimo,

201 2510 322 2548 quando
339 2509 378 2536 ait
392 2518 398 2535 z
415 2510 467 2534 Hic
485 2510 522 2534 est
536 2509 615 2541 panis
631 2507 678 2541 qui
697 2505 729 2533 cle
744 2506 804 2532 coelo
819 2503 969 2535 descendit,-

231 2588 240 2603 1
257 2587 330 2617 Aug„
345 2584 388 2609 ubi
400 2591 467 2614 sup.‚
479 2580 819 2612 n.19,paucismutatis,—-
830 2579 838 2593 ²
851 2578 906 2607 inf„
917 2583 970 2608 Xiv,

201 2623 278 2646 28.—
291 2622 300 2635 ³
313 2623 387 2651 Aug,
398 2619 441 2643 ubi
451 2626 506 2648 sup.
514 2631 544 2635 —
554 2617 563 2633 ¹*
576 2617 716 2647 Chrysost„
728 2616 772 2640 uhi
783 2622 871 2645 sup.—
882 2614 889 2627 ⁵
900 2614 967 2643 Luc„

202 2664 244 2687 xv,
262 2659 284 2681 S.
300 2670 330 2674 —
349 2656 358 2670 ⁶
372 2655 513 2685 Chrys-ost,
533 2652 576 2676 uhi
595 2659 660 2682 sup.‚
683 2659 708 2676 n.
726 2652 749 2675 2.
769 2664 798 2668 ——
815 2650 825 2666 ⁷
848 2650 923 2679 Hug„
940 2648 970 2671 cle

709 209 921 242 EVANGELII
943 208 1084 241 SANCTI
1106 207 1121 239 J
1124 207 1229 239 OANN
1234 208 1267 239 IS

1012 277 1129 310 octavo,
1145 275 1265 311 quando
1279 275 1318 303 ait
1334 285 1340 303 :
1358 275 1412 309 Qui
1429 276 1574 304 manducat
1589 277 1657 304 hunc
1669 284 1778 312 panem

1011 330 1106 355 nono,
1128 321 1249 357 quando
1275 322 1316 350 ait
1338 323 1393 350 sub
1419 323 1539 350 nomine
1565 323 1660 351 carnis
1688 331 1695 350 ε
1718 324 1784 351 Nisi

1010 369 1238 396 manducaveritis
1247 377 1352 396 carnem
1362 370 1429 397 Filii
1438 370 1564 404 hominis,
1575 372 1640 404 etc-3
1655 369 1784 404 decimo,

1012 415 1133 450 quando
1153 415 1192 442 ait
1213 425 1219 442 :
1238 415 1291 447 Qui
1306 416 1450 442 manducat
1470 424 1553 443 meam
1574 424 1689 450 carnem,
1707 416 1784 443 habet

1010 463 1095 487 vitam
1111 464 1245 488 aeternam.
1262 461 1342 488 Unde
1358 461 1453 489 decies
1468 463 1634 490 attribuitur
1648 464 1728 490 actus
1742 461 1785 489 vi-

1011 507 1100 534 vendi
1120 507 1165 533 isti
1179 507 1260 542 pani,
1274 507 1321 534 vel
1337 508 1425 539 carni¹
1442 508 1489 535 vel
1503 509 1650 543 sanguini.
1667 510 1699 536 Et
1713 515 1784 536 cou-

1011 553 1162 581 venienter
1181 554 1219 580 ad
1241 554 1442 588 figurandum,
1461 554 1544 589 quod
1564 563 1616 590 per
1638 555 1737 591 ipsum
1757 557 1786 583 et

1012 599 1041 626 in
1056 600 1120 635 ipso
1136 602 1202 627 sunt
1215 599 1329 627 venturi
1343 599 1425 627 electi
1440 600 1513 634 ejus,
1529 602 1556 628 et
1568 601 1704 629 membra
1715 603 1783 629 sunt

1012 646 1051 673 ad
1066 646 1201 673 ordinem
1216 646 1366 673 decimum
1378 647 1408 674 in
1420 646 1506 680 coelo,
1522 646 1572 682 qui
1586 646 1717 682 signatur
1731 655 1784 684 per

1013 692 1184 720 drachmam
1200 692 1347 720 decimam
1362 695 1381 720 ⁵.

1048 739 1104 766 Sed
1119 739 1257 774 quaeritur
1272 739 1309 766 de
1324 739 1509 775 supradictis
1533 740 1576 768 Ait
1594 740 1673 768 enim
1689 748 1696 768 :
1712 741 1785 768 Liti-

1012 787 1113 819 gabant
1130 786 1227 813 Judaez'.
1252 788 1284 813 Et
1304 786 1436 820 videtur,
1451 786 1532 822 quod
1554 786 1783 821 rationabiliter,

1014 832 1085 867 quia
1099 840 1160 859 non
1175 832 1382 859 convenienter
1397 832 1431 867 (ta)
1446 832 1620 867 videbatur,
1635 833 1719 868 quod
1733 840 1787 860 sua

1014 886 1082 905 caro
1098 881 1171 905 esset
1185 879 1270 913 panis
1289 879 1364 906 vitae.
1381 881 1444 906 Non
1458 887 1528 913 ergo
1552 879 1606 907 fuit
1625 879 1746 913 mirum,
1761 879 1786 906 si

1013 924 1105 952 Judaei
1118 927 1344 952 murmurarent.
1358 927 1389 953 Et
1401 925 1439 952 ad
1454 925 1533 953 istud
1543 925 1787 961 respondendum

1014 971 1178 998 secundum
1194 971 1435 1007 chrysostomum
1449 972 1470 1005 ⁶,
1487 971 1570 1006 quod
1587 980 1600 996 α
1619 979 1680 999 non
1699 979 1788 1006 opor-

1016 1018 1097 1045 tebat
1112 1017 1319 1052 scandalizari,
1335 1018 1388 1045 sed
1403 1025 1569 1052 congruum
1588 1019 1650 1045 erat
1664 1017 1788 1045 interro-

1014 1072 1083 1099 gare
1096 1067 1123 1092 et
1138 1064 1286 1100 inquirere
1297 1085 1304 1098 ,
1321 1073 1387 1100 quae
1408 1066 1481 1092 esset
1495 1064 1545 1092 illa
1560 1072 1628 1092 caro
1639 1085 1647 1098 ,
1664 1064 1734 1100 quia
1749 1063 1786 1091 de

1014 1110 1064 1138 illa
1074 1111 1223 1146 prophetae
1237 1111 1446 1146 praedixerunt,
1459 1113 1487 1138 et
1500 1111 1654 1146 oportebat
1668 1110 1787 1138 credere

1015 1156 1064 1191 iis,
1081 1165 1146 1192 quae
1168 1157 1351 1184 dicebantur.
1368 1157 1448 1185 Unde
1473 1159 1500 1184 et
1523 1157 1561 1184 ad
1584 1156 1746 1192 Scripturas
1759 1157 1788 1184 et

1015 1203 1054 1230 ad
1076 1204 1233 1238 Prophetas
1255 1211 1305 1230 eos
1320 1203 1415 1230 mittit.
1432 1202 1609 1230 scandalum
1631 1210 1701 1237 ergo
1725 1204 1787 1230 erat

1016 1249 1150 1276 amentiae
1165 1257 1278 1276 eorum.
1295 1250 1357 1284 lpse
1373 1249 1452 1276 enim
1467 1251 1528 1276 erat
1550 1248 1689 1282 magister
1702 1255 1789 1283 para-

1016 1297 1062 1322 tus
1077 1295 1116 1323 ad
1131 1304 1234 1323 omnes
1249 1295 1400 1322 effundere
1417 1303 1501 1322 suam
1516 1294 1698 1328 doctrinam,
1713 1293 1789 1321 scili-

1017 1344 1062 1369 cet
1082 1342 1106 1369 si
1129 1342 1343 1377 quaesivissent,
1358 1351 1372 1367 n
1395 1343 1434 1368 ait
1455 1341 1536 1368 idem
1554 1340 1787 1376 chrysostomus.

1017 1390 1088 1416 ltem
1104 1388 1243 1424 quaeritur
1258 1388 1294 1415 de
1310 1388 1479 1415 necessitate
1494 1389 1521 1414 et
1536 1387 1717 1422 congruitate
1731 1386 1788 1414 hu-

1015 1435 1063 1469 jus
1078 1435 1135 1462 eibi
1154 1435 1200 1462 vel
1216 1435 1304 1469 hujus
1324 1434 1419 1470 panis.
1438 1436 1469 1461 Et
1491 1434 1527 1461 de
1542 1434 1599 1461 hoc
1614 1434 1695 1468 Hugo
1709 1432 1790 1460 suffi-

1018 1481 1137 1515 cienter,
1151 1481 1203 1508 ubi
1219 1482 1258 1508 ait
1275 1480 1284 1496 '¹
1302 1490 1308 1507 :
1328 1491 1340 1505 ι(
1354 1480 1451 1508 Voluit
1465 1480 1607 1515 sapientia
1626 1480 1676 1507 Dei
1691 1481 1789 1507 osten-

1018 1527 1102 1561 dcrc,
1119 1527 1264 1563 quoniam
1279 1529 1321 1553 est
1332 1527 1498 1553 animarum
1513 1526 1596 1552 cibus
1610 1528 1637 1552 et
1650 1525 1788 1559 refectio3

1019 1576 1046 1602 ct
1073 1576 1229 1610 propterea
1253 1581 1372 1600 carnem
1396 1575 1575 1608 assumptam
1601 1574 1632 1600 in
1657 1572 1791 1600 edulium

1018 1620 1191 1656 proposuit,
1216 1622 1248 1647 ut
1270 1628 1323 1655 per
1347 1620 1448 1647 cibum
1472 1619 1568 1647 carnis
1595 1619 1729 1646 invitaret
1751 1619 1791 1646 ad

1020 1669 1138 1702 gustum
1160 1666 1329 1693 divinitatis,
1346 1676 1359 1692 »
1377 1667 1408 1693 Et
1429 1666 1471 1693 ibi
1492 1666 1568 1693 bene
1587 1665 1623 1692 de
1637 1665 1705 1693 hoe.
1721 1667 1791 1693 ltem

1020 1713 1159 1749 quaeritur
1174 1734 1183 1747 ‚
1205 1721 1242 1739 ex
1262 1720 1322 1748 quo
1346 1720 1414 1739 caro
1438 1719 1492 1739 sua
1515 1714 1556 1739 est
1579 1719 1666 1739 verus
1687 1711 1791 1744 cibus,

1020 1769 1111 1796 quare
1123 1761 1298 1796 proponitur
1317 1760 1372 1787 sub
1388 1759 1483 1795 specie
1498 1760 1597 1794 panis,
1613 1761 1641 1786 et
1655 1766 1717 1786 non
1731 1766 1793 1786 car-

1021 1808 1080 1841 nis,
1105 1811 1133 1835 et
1153 1816 1244 1843 quare
1267 1807 1387 1841 sanguis
1411 1806 1465 1833 sub
1490 1806 1586 1841 specie
1606 1805 1691 1832 vini?
1705 1807 1738 1832 Et
1752 1804 1792 1832 ad

1020 1854 1098 1881 istud
1112 1853 1272 1890 respondet
1300 1855 1383 1887 Hugo
1393 1853 1414 1887 ⁸,
1430 1852 1513 1888 quod
1526 1863 1538 1876 «
1551 1860 1587 1879 ne
1602 1852 1733 1879 humana
1746 1851 1792 1878 in-

1021 1901 1142 1928 firmitas
1171 1902 1339 1928 contactum
1364 1900 1396 1934 (c)
1423 1899 1518 1926 carnis
1539 1899 1569 1926 in
1593 1897 1792 1934 assumptione

1021 1947 1163 1981 horreret,
1173 1946 1304 1974 consueti
1319 1948 1347 1973 et
1362 1945 1531 1981 principalis
1543 1944 1633 1972 edulii
1646 1943 1741 1980 specie
1757 1943 1794 1971 il-

1021 1993 1082 2020 lam
1106 1993 1215 2020 velavit
1231 1994 1264 2028 (d)
1285 2001 1291 2020 :
1308 1995 1335 2019 et
1358 1992 1399 2019 sic
1422 1991 1596 2019 sumendam
1618 1990 1793 2026 proposuit,

1022 2043 1054 2067 ut
1068 2048 1170 2067 sensus
1185 2039 1214 2066 in
1229 2046 1289 2066 uno
1305 2039 1337 2073 (e)
1353 2038 1511 2071 foveretur,
1527 2040 1554 2064 et
1567 2036 1642 2064 fides
1655 2036 1687 2063 in
1700 2035 1792 2064 altero

1022 2086 1223 2113 aedificaretur.
1241 2095 1254 2111 »
1272 2086 1306 2112 Et
1318 2084 1359 2112 ibi
1379 2085 1455 2112 bene
1471 2084 1508 2111 de
1520 2084 1586 2111 hoc.
1603 2084 1674 2110 ltem
1688 2081 1794 2118 quaeri-

1022 2134 1085 2167 tur,
1101 2139 1192 2168 quare
1207 2131 1261 2158 sub
1275 2130 1370 2166 speeie
1390 2131 1474 2166 panis
1489 2132 1517 2157 et
1531 2129 1592 2156 vini
1606 2128 1792 2164 proponitur,

1023 2182 1050 2206 et
1064 2186 1125 2206 non
1147 2178 1274 2206 aliarum
1294 2185 1403 2204 rerum.
1425 2178 1457 2203 Et
1478 2175 1516 2203 ad
1539 2174 1614 2202 illud
1635 2173 1795 2210 respondet

1023 2226 1151 2259 ibidem,
1169 2224 1251 2260 quod
1269 2233 1282 2249 «
1299 2231 1361 2250 non
1375 2222 1495 2258 ponitur
1516 2221 1571 2248 sub
1595 2220 1660 2248 aliis
1682 2220 1794 2256 specie-

1022 2273 1090 2306 bus,
1103 2274 1135 2299 ut
1143 2271 1282 2299 doceatur
1290 2270 1379 2306 plena
1391 2272 1418 2297 et
1426 2269 1553 2305 perfecta
1563 2276 1625 2296 esse
1634 2267 1753 2296 refectio
1764 2267 1795 2295 in

1023 2318 1223 2353 assumptione
1238 2316 1370 2352 corporis
1385 2318 1412 2343 et
1426 2315 1577 2350 sanguinis
1592 2314 1716 2342 Domini.
1732 2323 1746 2340 »
1763 2315 1796 2341 Et

1023 2365 1065 2392 ibi
1079 2364 1204 2392 multum
1220 2365 1247 2390 et
1261 2363 1337 2390 bene
1352 2363 1389 2390 de
1401 2362 1456 2389 his.
1472 2361 1648 2396 Augustinus
1664 2367 1736 2388 vero
1750 2367 1795 2387 as-

1023 2411 1119 2445 signat
1141 2410 1231 2438 aliam
1250 2410 1410 2443 rationem,
1426 2408 1479 2436 ubi
1500 2407 1539 2435 ait
1560 2408 1588 2442 ⁹,
1610 2406 1692 2442 quod
1710 2415 1724 2430 «
1739 2407 1795 2433 Do-

1023 2457 1121 2484 minus
1136 2464 1243 2492 corpus
1257 2457 1285 2483 et
1306 2455 1480 2491 sanguinem
1501 2454 1532 2481 in
1554 2453 1588 2480 iis
1606 2452 1695 2480 rebus
1714 2459 1793 2479 com-

1025 2541 1136 2565 Sacrum.
1160 2540 1215 2571 fid..
1239 2540 1283 2563 lib.
1305 2540 1339 2568 11,
1363 2546 1389 2569 p.
1412 2539 1478 2567 viu,
1499 2544 1520 2562 c.
1544 2542 1603 2561 vlu.
1622 2536 1649 2559 in
1666 2535 1745 2566 princ.
1765 2548 1792 2552 —

1024 2576 1034 2592 ⁸
1051 2576 1112 2599 ibid.
1129 2582 1234 2606 conseq.
1250 2588 1275 2592 —
1293 2576 1302 2589 ³
1319 2576 1394 2604 Aug„
1409 2573 1452 2596 ubi
1466 2579 1512 2602 sup
1526 2590 1533 2601 ,
1547 2578 1573 2595 n.
1590 2573 1668 2595 17.—
1680 2571 1713 2600 (a)
1731 2570 1793 2594 Coet.

1024 2611 1083 2635 edit.
1098 2613 1208 2635 Patrem.
1223 2610 1298 2634 infra.
1310 2623 1340 2627 —
1358 2609 1390 2639 (b)
1406 2608 1461 2638 Ley.
1482 2606 1646 2631 conveniens.
1661 2619 1692 2624 -
1705 2605 1736 2635 (c)
1750 2605 1792 2630 Al.

1025 2649 1161 2671 tactum.—
1172 2646 1204 2676 (d)
1217 2646 1277 2669 Coet.
1286 2645 1348 2669 edit.
1359 2644 1400 2668 illa
1409 2643 1533 2666 velant.—
1543 2643 1573 2673 (e)
1587 2642 1647 2665 Item
1659 2648 1699 2666 eo.

1798 463 1864 482 Actus
1873 461 1903 482 vi-

1817 492 1882 513 vendi

1799 523 1900 544 tribuitur

1811 554 1894 574 Eucha-

1817 584 1890 605 risum.

1800 790 1833 808 An
1843 787 1906 808 rutin-

1805 818 1906 838 nobiliter

1819 849 1889 874 litiga-

1825 880 1881 900 rent.
