1987 3032
204 203 263 234 550

206 267 374 298 Secundum
387 267 607 296 mutabilitatem
620 268 685 295 vitae
699 266 787 301 hujus
798 286 807 299 ‚
821 266 850 292 et
863 265 972 291 morta-

205 314 242 342 lis
263 314 323 341 dici
344 315 454 350 potest,
475 314 546 350 quia
566 314 590 341 si
613 312 731 340 vivebat
752 310 898 347 sapienter
914 331 923 344 ,
947 311 975 336 et

206 362 322 398 desipit,
335 364 453 390 mortua
467 364 509 390 est
527 362 557 389 in
576 361 718 394 deterius;
734 359 758 387 si
772 358 891 386 vivebat
903 357 973 384 insi-

205 408 334 444 pienter,
350 410 378 436 et
390 408 482 444 sapit,
505 410 621 435 mortua
644 409 686 434 est
708 406 738 433 in
762 404 878 432 melius.
901 405 975 431 Nam

207 462 270 482 esse
283 456 410 482 mortem
427 454 458 481 in
477 453 618 487 deterius,
634 460 696 480 esse
718 453 843 479 mortem
865 450 896 477 in
914 457 976 477 me-

207 500 264 528 lius
288 500 434 536 Scriptura
459 507 513 527 nos
539 499 634 527 docet.
661 498 765 534 Utique
791 497 823 524 in
848 496 975 524 deterius

207 546 316 575 mortui
331 548 426 579 erant,
443 545 480 573 de
493 545 601 581 quibus
615 544 720 572 dicitur
737 546 742 557 ·
758 552 765 571 :
787 554 800 569 ιι
811 543 877 571 Sine
892 550 973 570 mor-

209 594 289 627 tuos,
305 591 447 627 sepeliant
462 593 594 619 mortuos
615 598 694 618 suos.
711 600 723 615 »ι
742 591 774 617 Et
789 589 826 617 de
840 589 895 616 hac
921 588 978 616 lec—

209 639 312 666 tione:
329 637 441 670 Quando
463 639 561 665 mortui
581 637 707 670 audient,
723 639 747 663 ee
768 638 815 671 qui
838 635 979 662 audierint

209 687 315 718 vivent,
336 684 367 711 in
385 683 512 711 deterius
536 683 644 710 mortui
659 685 756 716 erant,
771 682 840 709 ideo
860 681 978 709 revivis-

211 733 289 758 cunt.
306 729 518 758 Reviviscendo
540 729 706 756 moriuntur
720 728 751 755 in
767 728 887 760 melius,
906 727 979 762 quia

212 779 240 805 et
261 775 465 804 reviviscendo
490 783 552 803 non
574 777 674 809 erunt,
690 774 774 811 quod
799 776 903 801 erant:
918 781 981 801 non

212 831 275 851 esse
289 825 402 856 autem,
417 821 501 857 quod
515 825 615 855 erant,
629 829 710 848 mors
724 823 777 848 est.
790 820 846 848 Sed
862 820 935 847 forte
955 819 980 846 si

212 869 243 896 in
255 868 359 896 melius
373 870 415 895 est
427 889 436 902 ,
450 876 512 896 non
524 867 690 904 appellatur
700 875 782 894 mors
797 875 803 893 :
821 865 981 901 appellavit

213 917 312 944 autem
335 914 418 942 illam
444 916 570 941 mortem
597 913 754 949 Apostolus
773 912 784 929 ²
801 921 808 938 z
834 912 866 939 Si
893 914 980 938 autem

213 963 314 990 mortui
324 962 388 988 estis
402 969 460 988 cum
473 961 577 988 Christo
589 961 620 987 ab
635 961 770 987 elementis
782 959 862 992 hujus
876 958 981 992 muudi,

214 1008 282 1043 quid
296 1008 383 1035 adhuc
397 1007 469 1034 velut
482 1008 597 1033 cit-entes
612 1006 644 1033 de
653 1006 700 1032 hoc
709 1005 806 1032 mundo
817 1005 960 1031 decernitis
970 1006 983 1030 ζ)

215 1054 285 1083 Mori
308 1061 364 1081 nos
384 1053 463 1086 vult,
483 1055 515 1080 ut
537 1053 687 1086 vivamus,
709 1051 780 1087 quia
801 1051 930 1078 viximus
953 1053 985 1078 ut

215 1107 376 1128 moremur.
396 1098 547 1134 Quidquid
570 1106 639 1133 ergo
659 1100 686 1126 et
705 1105 722 1125 a
743 1097 865 1125 meliore
886 1096 917 1123 in
936 1096 987 1123 de-

216 1147 308 1174 terius
318 1167 327 1180 ‚
343 1148 371 1173 et
385 1153 401 1173 a
417 1145 560 1173 deteriore
584 1144 615 1172 in
633 1144 738 1172 melius
757 1143 881 1171 moritur
896 1164 905 1177 ‚
925 1150 986 1170 non

218 1195 260 1220 cst
273 1193 329 1219 hoc
345 1193 435 1226 DeuS,
451 1191 522 1226 quia
545 1198 642 1226 neque
660 1191 690 1217 in
708 1189 814 1217 melius
832 1189 874 1216 ire
893 1191 988 1224 potest

218 1246 334 1266 summa
348 1238 479 1269 bonitas,
495 1245 592 1273 neque
607 1237 636 1264 in
652 1236 779 1264 deterius
792 1243 864 1263 vera
877 1235 990 1262 aeterni-

219 1288 271 1313 tas.
286 1295 299 1310 u
318 1286 382 1312 llaec
397 1283 589 1318 Augustinus,
603 1286 629 1310 et
643 1283 686 1310 ibi
700 1283 775 1310 bene
792 1281 829 1309 dc
842 1281 910 1308 hoc.
923 1283 990 1308 Pec-

221 1333 334 1358 catores
348 1329 510 1365 desipiunt,
531 1332 560 1357 et
582 1329 649 1356 ideo
671 1328 779 1356 mortui
797 1328 829 1355 in
850 1327 988 1355 deterius.

221 1379 255 1405 Ut
271 1377 351 1404 enim
371 1376 410 1404 ait
429 1376 606 1410 Augustinus
619 1376 650 1402 ²:
673 1385 687 1400 ιι
708 1378 782 1403 Mors
800 1375 905 1401 animae
930 1376 991 1408 est,

223 1432 291 1452 cum
313 1423 396 1450 illam
420 1422 526 1450 deserit
547 1423 621 1449 Deus
635 1442 642 1452 ‚
664 1422 737 1449 sicut
759 1429 840 1448 mors
861 1421 993 1456 corporis

224 1479 292 1498 cum
306 1469 380 1497 illud
395 1469 499 1496 deserit
515 1469 622 1495 anima.
639 1478 651 1493 ι)
670 1468 745 1496 infra
758 1469 766 1484 ὅ
779 1477 786 1494 :
801 1478 814 1492 ιι
829 1468 860 1494 ln
871 1470 992 1503 peccato

224 1519 321 1544 vestro
345 1515 522 1543 moriemini.
543 1525 557 1539 n
581 1516 613 1542 Et
634 1520 640 1534 ¹
660 1524 666 1541 :
685 1524 699 1539 «
725 1513 837 1541 Dimitte
861 1516 993 1541 mortuos

226 1563 350 1599 sepelire
363 1565 496 1590 mortuos
515 1570 593 1589 suos.
610 1572 624 1586 ι)
642 1563 673 1589 Et
689 1561 719 1588 hi
743 1561 851 1588 mortui
875 1568 994 1596 separa-

227 1611 307 1638 tione
322 1609 369 1637 Dei
385 1609 423 1636 ab
438 1608 537 1636 anima
555 1607 664 1635 similes
676 1610 743 1634 sunt
756 1607 879 1634 mortuis
891 1614 996 1642 corpo-

226 1656 344 1689 raliter,
365 1654 549 1690 separatione
572 1653 609 1689 (a)
631 1653 737 1680 animae
758 1661 775 1680 a
799 1660 933 1688 corpore.
963 1653 995 1679 LTt

228 1703 307 1731 enim
320 1702 365 1729 isti
381 1702 480 1728 carent
501 1708 588 1727 sensu
607 1702 635 1727 et
653 1702 752 1732 motu,
772 1702 799 1726 et
817 1701 883 1726 sunt
897 1699 998 1733 algore

227 1749 342 1784 frigidi,
362 1748 502 1783 gravitate
517 1747 693 1782 ponderosi,
709 1746 807 1773 calore
823 1745 923 1772 debito
936 1745 998 1780 pri-

229 1795 298 1830 vati,
313 1797 342 1822 et
355 1795 410 1822 cito
425 1793 613 1829 putrefiendi,
628 1793 669 1820 sic
684 1794 726 1820 est
740 1792 776 1819 de
789 1791 846 1818 illis
861 1791 1000 1826 spiritua-

228 1842 303 1869 liter.
326 1843 358 1869 Et
375 1840 444 1868 ideo
463 1840 563 1868 anima
580 1839 726 1875 peccatrix
742 1846 797 1874 per
819 1837 945 1865 cadaver
964 1837 1001 1863 si-

229 1891 334 1924 gnatur
348 1889 359 1906 ⁵
375 1897 382 1915 z
410 1898 424 1913 «
434 1887 616 1922 Ubicumque
632 1885 759 1913 cadaver
773 1885 868 1918 suerit,
881 1884 974 1912 adest.
984 1894 998 1910 ιι

230 1935 272 1964 lbi
282 1934 438 1969 Gregorius
451 1934 478 1960 εἱ;
497 1944 510 1958 ιι
520 1933 637 1961 Cadaver
652 1932 757 1959 dicitur
772 1939 790 1958 a
803 1939 876 1964 casu,
891 1933 919 1958 et
933 1930 1001 1958 ideo

231 1981 283 2017 qui
297 1980 327 2007 in
347 1982 472 2007 mortem
489 1979 601 2015 peccati
619 1978 770 2011 ceciderit,
786 1985 847 2005 non
862 1978 1002 2004 inconve-

231 2027 344 2055 nienter
371 2026 477 2062 poterit
505 2025 632 2052 cadaver
658 2026 757 2052 vocari
779 2033 785 2051 :
812 2024 897 2059 quasi
925 2023 1003 2050 enim

233 2072 376 2101 exanimis
391 2072 487 2106 jacet,
503 2071 554 2107 qui
573 2071 771 2098 vivificantem
789 2070 923 2105 spiritum
943 2076 1004 2096 non

233 2119 355 2147 habet.»
382 2120 446 2146 Haec
467 2118 527 2145 ille.
550 2119 582 2145 Et
602 2117 670 2145 ideo
692 2117 787 2144 taliter
807 2118 941 2144 mortuus
963 2117 1005 2142 est

234 2166 328 2200 magis
342 2164 538 2200 plangendus.
558 2163 639 2191 Unde
653 2163 848 2198 Augustinus:
868 2161 1005 2196 «plangis

235 2213 402 2244 mortuum,
421 2210 474 2237 sed
494 2210 603 2245 plange
624 2209 766 2244 impium3
783 2216 822 2235 an
839 2208 870 2234 in
889 2210 917 2234 te
938 2209 1006 2234 suut

236 2257 346 2284 viscera
361 2256 523 2284 christianae
537 2255 731 2283 miserationis
740 2257 754 2282 Ἰ
769 2254 884 2288 Plangis
899 2261 1007 2288 corpus

236 2310 254 2330 a
269 2311 328 2338 quo
343 2303 506 2330 discesserit
519 2303 627 2335 anima,
639 2304 668 2329 et
676 2309 737 2329 non
746 2300 861 2337 plangis
875 2299 1006 2326 animam

237 2358 256 2378 a
269 2358 328 2385 qua
343 2350 473 2378 discessit
481 2352 555 2378 Deus
565 2351 578 2377 ῗ
589 2360 601 2375 n
615 2349 702 2383 Quasi
717 2349 842 2376 diceret:
853 2348 916 2374 Non
929 2348 1006 2373 recte

237 2395 316 2424 facis.
328 2396 338 2412 ⁷
351 2398 476 2424 «Luctus
490 2396 598 2424 mortui
612 2398 724 2431 septem
735 2394 798 2422 dies
806 2403 814 2428 3
826 2393 897 2420 fatui
912 2395 939 2419 et
952 2392 1007 2418 im-

271 2456 279 2472 ¹
291 2455 391 2484 Meum,
405 2461 460 2485 vm,
476 2457 515 2479 22.
529 2469 560 2473 —
574 2457 585 2472 ²
599 2455 702 2484 Coloss„
719 2460 748 2483 ιι,
764 2455 803 2478 26.
818 2466 850 2471 —
863 2452 874 2468 ⁸
887 2453 961 2483 Aug,
977 2451 1007 2474 cle

239 2491 314 2515 Civit.
341 2490 399 2519 Dei,
420 2489 466 2513 lib.
486 2491 552 2520 Xlll,
572 2498 595 2515 c.
613 2496 642 2514 u.
661 2503 693 2508 ·——
715 2491 723 2503 ⁴
743 2490 826 2517 loon„
844 2493 906 2516 vm,
924 2489 962 2510 2¹.
976 2499 1007 2504 ·—-

240 2527 248 2540 ⁵
261 2525 313 2555 Job,
337 2531 434 2555 xxxrx,
459 2527 496 2549 30.
515 2539 541 2543 ——
563 2527 572 2542 Β
595 2528 711 2557 Gregor„
734 2524 836 2553 Marah,
855 2523 899 2546 lib.
918 2523 1007 2551 XXM,

240 2569 263 2585 c.
278 2567 346 2590 xxu,
363 2561 396 2584 al.
411 2566 475 2591 Lm,
489 2568 514 2584 n.
533 2563 585 2592 105,
602 2563 653 2586 106.
669 2575 696 2578 —
713 2561 720 2575 ⁷
737 2559 825 2587 Eccli„
842 2559 1008 2587 xx11‚t3.—

241 2597 250 2610 ⁵
264 2595 379 2627 Aug.,1'n
393 2596 474 2625 Joan„
488 2597 561 2619 tract.
574 2602 628 2626 xix,
641 2603 668 2620 n.
686 2598 721 2619 ¹3.
735 2608 764 2613 -—
780 2595 790 2611 ⁹
803 2593 856 2622 Job,
873 2598 968 2621 xxxin,
982 2593 1007 2615 4.

240 2644 271 2650 -—
285 2632 304 2647 ¹·
323 2631 401 2657 Rom„
417 2636 454 2661 iv,
471 2632 507 2656 17.
526 2645 553 2650 —
570 2632 586 2648 ¹¹
605 2631 673 2656 Psal.
687 2636 793 2660 mxxiv,
813 2631 836 2653 7.
851 2641 881 2646 -
896 2628 917 2644 ¹²
933 2630 1009 2657 Aug„

716 196 984 231 COLLATIONES
1006 195 1297 228 PRAEDICABILES

1030 263 1088 299 pii,
1113 269 1216 290 omnes
1241 261 1305 290 dies
1330 262 1396 290 vitae
1422 271 1536 291 eorum.
1547 274 1562 290 ι
1585 265 1642 292 Bos
1666 266 1799 293 mortuos

1031 308 1159 337 vivificat
1169 308 1250 336 solus
1260 309 1343 336 Deus.
1357 309 1439 338 Unde
1454 310 1666 345 Augustinus·:
1680 310 1800 340 axelius

1032 358 1075 383 est
1087 355 1185 383 anima
1199 363 1291 391 quam
1306 363 1429 391 corpus;
1445 356 1499 384 sed
1511 356 1618 384 melius
1631 364 1724 393 quam
1735 357 1802 394 ipso

1033 404 1075 430 est
1094 403 1176 429 Deus.
1193 412 1206 428 »
1231 403 1265 429 Et
1285 401 1439 437 sequitur:
1464 413 1478 428 ιι
1493 403 1598 431 Anima
1616 411 1684 431 cum
1705 405 1748 432 est
1768 403 1802 432 in

1033 456 1172 485 corpore,
1194 448 1238 476 illi
1256 448 1405 483 vigorem,
1425 448 1577 483 decorem,
1596 449 1802 485 mobilitatem,

1033 494 1131 522 officia
1145 495 1348 522 membrorum
1363 496 1496 530 praestat:
1514 495 1556 523 sic
1569 503 1639 523 cum
1651 496 1715 530 eJ'us
1731 495 1803 530 vita,

1035 542 1109 568 Deus
1124 540 1245 574 scilicet,
1259 543 1301 568 est
1314 540 1344 568 in
1359 540 1459 568 anima
1470 561 1479 574 ,
1493 543 1610 576 praestat
1622 541 1666 570 illi
1685 541 1803 578 sapien-

1035 586 1122 620 tiam,
1141 586 1280 622 pietatem
1300 589 1327 615 et
1347 587 1507 622 justitiam,
1521 587 1701 623 claritatem,
1715 590 1744 616 ct
1761 588 1804 616 sic

1035 632 1173 660 vivificat.
1180 634 1209 657 ν’
1216 642 1230 658 ιι
1238 633 1422 668 spiraculum
1429 633 1641 669 omnipotentis
1646 634 1807 663 vivificavit

1036 686 1094 705 me.
1108 689 1121 703 n
1141 678 1158 694 ¹⁰
1171 688 1184 704 ιι
1200 678 1332 706 Vivificat
1352 682 1518 707 mortuos.»
1537 681 1569 707 Ει
1586 680 1618 707 in
1640 681 1746 708 Psalmo
1758 681 1779 698 ¹¹
1794 690 1804 708 2

1041 735 1054 750 ιι
1064 726 1154 758 Deus,
1173 727 1204 752 tu
1219 732 1378 753 conversus
1394 725 1559 753 vivificabis
1573 733 1638 754 nos.
1648 736 1662 752 ι
1683 727 1720 753 Ει
1735 727 1807 755 sicia

1037 772 1119 798 Pater
1132 772 1265 806 vivificat,
1281 773 1319 798 sic
1339 774 1365 798 et
1382 772 1407 798 F
1408 773 1472 799 ilius
1483 782 1492 799 :
1511 780 1540 799 eo
1558 772 1630 807 quod
1642 774 1713 800 sicut
1726 773 1808 800 Pater

1037 818 1115 845 habet
1130 820 1213 844 citam
1228 819 1256 844 ιή
1267 819 1418 852 semetipso,
1431 817 1508 845 infra
1518 818 1635 846 eodem.
1648 819 1713 855 lpse
1728 819 1806 847 enim

1039 863 1128 890 Filius
1142 865 1184 890 est
1194 863 1254 891 vita
1268 863 1427 898 vivificans,
1439 863 1514 891 infra
1523 864 1649 892 eodem:
1663 865 1717 898 Qui
1729 865 1810 893 ondit

1039 918 1090 943 me,
1102 912 1199 936 transit
1215 918 1231 936 a
1245 912 1327 936 morte
1339 910 1375 937 ad
1389 912 1481 937 vitam.
1498 910 1590 946 Super
1603 911 1686 946 quod
1698 913 1811 947 Augus-

1040 956 1118 983 tinus
1134 955 1167 981 ¹²:
1182 965 1196 981 ιι
1206 959 1228 983 A
1242 959 1336 983 morte
1350 955 1461 984 scilicet
1473 956 1652 984 infidelitatis
1666 957 1706 984 ad
1718 957 1811 985 vitam

1042 1002 1128 1031 fidei:
1146 1010 1164 1029 a
1182 1005 1276 1029 morte
1294 1001 1438 1036 salsitatis,
1462 1002 1501 1029 ad
1517 1002 1608 1030 vitam
1627 1003 1772 1037 veritatis3
1793 1011 1812 1031 a

1042 1052 1135 1077 morte
1150 1049 1327 1084 iniquitatis,
1345 1049 1384 1077 ad
1398 1050 1488 1077 vitam
1506 1050 1632 1085 justitiae.
1643 1060 1658 1076 ι
1680 1049 1757 1078 lnfra
1768 1051 1788 1068 ¹³
1801 1059 1810 1078 :

1046 1105 1059 1120 ιι
1071 1097 1129 1130 Ego
1154 1103 1220 1123 sum
1238 1096 1330 1123 vita.»
1350 1097 1381 1124 Et
1399 1096 1468 1124 ideo
1488 1096 1515 1124 ei
1535 1096 1646 1124 debent
1664 1096 1813 1125 adlini-ere

1043 1141 1174 1169 volentes
1195 1141 1336 1169 vivificari
1356 1151 1363 1168 :
1387 1152 1402 1167 ιι
1417 1143 1447 1170 ln
1461 1142 1527 1178 ipso
1547 1143 1628 1170 enim
1640 1143 1661 1159 ¹⁶
1675 1143 1812 1176 vivimus.

1045 1195 1200 1216 movemur
1214 1191 1242 1215 et
1254 1196 1386 1215 sumus.»

1189 1290 1305 1317 collatio
1323 1292 1558 1325 vigesimaoctaca,
1578 1298 1611 1324 v,
1629 1291 1675 1318 29.

1084 1375 1118 1400 Et
1131 1375 1281 1409 pra-cedent
1295 1376 1343 1409 qui
1353 1375 1421 1401 bona
1435 1377 1544 1409 eqerunt
1558 1377 1587 1402 in
1602 1377 1818 1404 resurrectionen

1048 1421 1127 1451 uitae,
1142 1422 1191 1454 qui
1204 1428 1264 1447 vero
1279 1421 1368 1454 mala,
1384 1423 1413 1447 in
1433 1423 1648 1449 resurrectionem
1659 1421 1771 1456 judic-2⁴.
1786 1423 1820 1450 ln

1049 1466 1094 1493 his
1117 1465 1217 1493 verbis
1237 1469 1365 1501 quatuor
1382 1466 1586 1494 insinuantur:
1612 1475 1740 1502 quorum
1758 1467 1821 1504 pri-

1051 1520 1133 1539 mum
1144 1514 1185 1538 est
1197 1512 1344 1546 justorum
1357 1512 1389 1539 in
1402 1512 1457 1540 hac
1467 1513 1529 1540 vita
1543 1512 1643 1540 debita
1652 1513 1820 1549 perfectibi-

1050 1556 1131 1590 litas,
1145 1557 1189 1584 ibi
1204 1566 1211 1584 z
1227 1559 1301 1584 Bona
1319 1561 1443 1592 oyem-m
1461 1558 1626 1586 secundum
1642 1561 1686 1586 est
1703 1567 1820 1588 eorum-

1053 1603 1120 1630 dem
1139 1604 1170 1630 in
1184 1602 1282 1630 futura
1299 1604 1359 1630 vita
1373 1603 1503 1638 gloriosa
1516 1604 1635 1632 bonitas
1641 1625 1650 1639 ,
1669 1605 1712 1633 ibi
1726 1614 1734 1633 :
1756 1606 1822 1633 Pm-

1052 1649 1144 1676 cedent
1158 1651 1186 1675 ι’νι
1200 1651 1417 1676 resurrectionem
1431 1652 1513 1684 tiloe3
1529 1650 1646 1678 tertium
1664 1653 1708 1678 est
1719 1659 1822 1687 repro-

1053 1695 1162 1722 horum
1183 1695 1353 1722 inordinata
1373 1695 1568 1730 perversitas,
1589 1696 1632 1724 ibi
1649 1706 1656 1724 :
1682 1697 1738 1730 Qus·
1762 1705 1823 1726 veru

1055 1742 1124 1768 mala
1134 1744 1289 1776 ;quartum
1302 1743 1344 1768 est
1358 1741 1533 1769 eorumdem
1546 1744 1655 1770 aeterna
1669 1743 1824 1772 damnabi-

1055 1787 1130 1820 litas,
1146 1787 1188 1814 ibi
1200 1796 1207 1813 τ
1223 1789 1253 1814 in
1267 1788 1482 1814 resurrectionem
1490 1787 1603 1821 judicii.

1090 1833 1135 1861 Ait
1149 1841 1219 1868 ergo
1232 1842 1239 1860 :
1253 1833 1308 1866 Qui
1321 1834 1387 1860 bona
1401 1836 1520 1868 eqerunt,
1535 1833 1638 1869 quales
1649 1836 1716 1862 sunt
1730 1834 1824 1863 electi.

1057 1879 1114 1906 Sed
1137 1882 1168 1906 ut
1187 1879 1269 1906 bona
1291 1882 1395 1914 agant,
1415 1881 1483 1906 sunt
1501 1882 1630 1915 quatuor
1650 1881 1825 1917 necesaria,

1057 1933 1186 1960 quorum
1204 1925 1334 1960 primum
1357 1928 1398 1952 est
1419 1926 1570 1960 agentium
1589 1925 1723 1954 bonitas:
1743 1934 1827 1955 anon

1059 1971 1139 1998 enim
1148 1971 1167 1987 ¹⁵
1176 1973 1271 2006 potest
1281 1971 1371 1999 arhor
1379 1971 1459 1998 mala
1467 1971 1565 1999 bonos
1575 1971 1686 2000 fructus
1697 1973 1826 2001 facere.»

1060 2018 1079 2034 ¹⁶
1095 2017 1251 2052 «Respexit
1265 2017 1344 2044 enim
1359 2018 1431 2044 Deus
1447 2017 1485 2045 ad
1501 2017 1590 2051 Abel,
1605 2021 1633 2046 et
1651 2018 1691 2046 ad
1704 2026 1829 2048 munera

1059 2063 1131 2097 ejus.
1153 2074 1166 2088 »
1191 2064 1283 2098 Super
1306 2063 1389 2099 quod
1407 2064 1563 2098 Gregorius
1581 2065 1601 2082 Π
1617 2073 1625 2091 ;
1644 2066 1710 2092 «Ex
1732 2064 1829 2093 dant-is

1060 2109 1167 2143 corde,
1188 2109 1220 2136 id
1244 2109 1326 2145 quod
1349 2109 1437 2137 datur
1461 2110 1621 2146 accipimus
1640 2120 1648 2138 :
1669 2118 1732 2139 non
1749 2112 1829 2139 enim

1061 2155 1133 2183 Abel
1149 2163 1183 2183 ex
1200 2156 1388 2190 muneribus,
1405 2156 1457 2183 sed
1475 2164 1512 2183 ex
1529 2156 1602 2184 Abel
1619 2165 1743 2185 munera
1763 2157 1829 2193 pla-

1062 2204 1193 2229 cuerunt.
1207 2212 1221 2227 ι»
1235 2202 1255 2218 ¹⁸
1271 2202 1389 2229 «Arbor
1404 2202 1485 2229 bona
1494 2203 1590 2230 bonos
1605 2202 1715 2230 fructus
1727 2203 1826 2231 facita

1061 2248 1228 2276 Secundum
1239 2250 1279 2275 est
1291 2250 1498 2282 necessarium,
1508 2249 1551 2276 rei
1561 2251 1688 2285 operatae
1697 2249 1733 2285 (ὁ)
1742 2249 1832 2285 aequi-

1063 2298 1105 2322 tas
1111 2304 1118 2328 ς
1137 2294 1168 2321 in
1183 2295 1287 2321 Psalmo
1303 2295 1342 2320 ¹⁹:
1360 2304 1374 2320 a
1385 2293 1500 2322 Declina
1521 2302 1539 2321 a
1553 2295 1651 2329 malo,
1667 2298 1695 2323 et
1711 2295 1761 2324 fac
1774 2295 1831 2324 ho-

1063 2348 1167 2368 num.»
1185 2341 1310 2368 Tertium
1325 2343 1366 2368 est
1381 2341 1591 2375 necessarium,
1607 2342 1830 2377 perseverantie

1062 2386 1306 2414 indefectibilitas.
1315 2385 1337 2403 ’⁰
1353 2387 1420 2414 «Sic
1435 2386 1561 2415 faciebat
1574 2387 1628 2415 Job
1643 2387 1754 2415 cunctis
1766 2387 1829 2415 die·

1064 2470 1107 2494 ubi
1126 2476 1192 2500 sup„
1211 2475 1238 2492 n.
1257 2470 1280 2492 S.
1297 2482 1327 2486 -
1348 2469 1367 2484 ¹³
1384 2469 1466 2496 Joan..
1482 2475 1536 2499 xiv,
1556 2472 1580 2493 6.
1593 2482 1624 2487 -
1644 2470 1663 2486 ¹⁸
1681 2469 1747 2498 Act„
1761 2474 1830 2499 xvu,

1064 2508 1102 2529 κδ.
1118 2518 1148 2522 —-
1162 2505 1183 2521 ¹⁵
1196 2504 1298 2533 Mami„
1310 2509 1356 2533 vn,
1371 2506 1406 2528 18.
1418 2518 1446 2521 —
1462 2505 1480 2521 ¹7
1495 2505 1611 2535 Gen.,1=·‚
1626 2506 1648 2528 l.
1663 2517 1694 2521 —
1708 2504 1727 2520 ¹³
1743 2504 1830 2535 Greg.,

1065 2539 1168 2564 Moral„
1181 2539 1224 2563 lib.
1241 2539 1318 2570 xxn,
1333 2546 1355 2562 c.
1370 2545 1427 2570 vm,
1440 2540 1471 2563 al.
1485 2546 1538 2570 xiv,
1553 2547 1580 2564 n.
1592 2540 1631 2563 28.
1646 2552 1678 2556 —
1692 2540 1712 2556 ¹⁸
1726 2539 1829 2567 natm,

1064 2581 1110 2606 vn,
1127 2576 1164 2599 Γι.
1180 2588 1206 2592 -
1223 2575 1241 2590 ¹³
1255 2575 1321 2598 psal.
1335 2580 1424 2605 xxxvi,
1440 2577 1478 2599 29.
1493 2588 1524 2593 —
1537 2575 1560 2591 ²⁰
1573 2574 1627 2604 lob,
1642 2580 1661 2604 ι,
1675 2577 1698 2598 5.

1098 2624 1129 2653 (α)
1139 2623 1200 2647 Coee.
1209 2622 1352 2654 editmepet.
1359 2623 1406 2648 Dei
1414 2623 1446 2648 ab
1453 2623 1537 2648 mima
1545 2625 1612 2647 et.—
1623 2622 1656 2653 (b)
1663 2624 1682 2647 Δ
1688 2622 1707 2647 1.
1717 2625 1832 2654 operm.
