1987 3032
78 1641 183 1668 interpre-

105 1673 156 1692 tutio

86 1703 173 1722 Christo

77 1734 179 1758 congruit

197 214 236 242 64
744 204 954 236 EVANGELH
978 204 1116 236 SANCTl
1139 203 1251 234 LUCAE

196 280 265 308 sum
276 277 449 317 judicium,
466 279 497 308 et
506 276 630 316 justitia
652 275 748 312 longe
764 272 849 303 stetit
865 280 873 302 :
889 271 965 311 quia

195 331 314 361 corruit
329 331 362 360 in
376 330 479 370 platea
495 329 622 366 veritas,
640 330 671 358 et
685 326 819 365 aequitas
835 334 898 354 non
914 333 966 364 po-

194 384 254 414 tuit
276 383 412 421 ingredi.
431 383 467 413 Et
487 383 567 412 facta
581 384 627 411 est
645 380 760 411 veritas
782 379 814 407 in
831 377 963 407 oblivio-

194 445 284 474 nem,
303 439 333 467 et
347 436 403 475 qui
418 435 544 466 recessit
561 444 579 465 a
595 433 679 464 malo
690 457 698 471 ,
714 431 830 471 praedae
851 430 962 469 patuit.

193 488 232 520 Et
256 489 333 520 vidit
361 489 530 524 Dominus,
554 489 585 518 ct
613 486 734 516 malum
762 483 910 523 apparuit
932 482 965 512 in

193 542 293 573 oculis
305 543 384 581 ejuS,
399 542 475 581 quia
489 550 553 571 non
565 543 611 571 est
628 538 786 579 Jndicium
798 560 805 574 ,
822 540 852 566 et
870 535 965 566 iudu-

193 597 244 626 tus
259 598 305 626 est
326 595 450 634 justitia
465 596 500 624 ut
516 593 628 630 lorica,
645 594 675 622 et
693 590 784 629 galea
807 589 917 619 salutis
933 588 965 617 in

193 648 294 687 capite
322 649 400 687 ejus.
429 658 443 674 »
476 646 614 676 Deinde:
655 656 669 673 ιι
688 643 821 674 indutus
835 645 882 672 est
898 650 967 672 ves-

193 699 332 730 timentis
359 699 505 736 ultionis,
521 700 552 728 et
580 699 709 737 opertus
726 698 773 726 est
795 694 888 734 quasi
904 693 967 734 pal-

192 752 236 782 lio
251 752 320 789 zeli,
337 752 418 782 sieut
438 751 477 781 ad
498 750 682 787 vindictam,
697 760 712 777 »
733 750 791 779 etc.

233 808 283 836 ⁶26.
313 806 359 837 Et
386 806 467 835 sicut
493 806 620 844 sactum
648 807 692 833 esc
717 803 749 832 in
771 801 890 838 (liebus,
908 802 965 830 etc.

195 858 365 898 Postquam
381 858 542 898 descripsit
562 857 693 887 modum
709 854 891 895 apparendi,
916 854 967 883 hic

195 911 332 942 secundo
347 911 493 941 describit
508 910 640 940 modum
664 908 823 939 veniendi.
844 907 966 937 Descri-

195 964 241 994 bit
250 964 376 994 modum
397 963 554 993 veniendi.
580 961 773 992 Describitur
792 963 899 990 autem
916 968 966 989 re-

196 1017 344 1056 pentinus
359 1025 425 1047 esse
442 1015 557 1046 Christi
572 1015 726 1046 adventus
737 1015 881 1052 respectu
894 1022 966 1052 pec-

197 1072 340 1100 catorum
367 1079 423 1109 per
446 1069 563 1108 duplex
586 1068 688 1098 simile
711 1069 741 1097 et
770 1066 965 1105 exemplum.

197 1122 303 1153 Primo
318 1123 446 1162 quidem
463 1121 638 1152 ostenditur
647 1130 703 1160 per
716 1119 816 1150 simile
830 1128 869 1148 ex
881 1121 968 1158 parte

197 1175 308 1206 diluvii
317 1175 514 1211 inundantis3
528 1174 676 1211 secundo,
686 1182 724 1203 ex
738 1171 968 1212 parteiucendii

196 1228 421 1265 consumentis,
438 1227 481 1257 ibi
495 1228 501 1243 ¹
521 1236 528 1257 :
544 1226 703 1257 Similiter
712 1249 723 1264 ,
747 1226 828 1255 sieut
841 1225 967 1263 factum

197 1285 241 1311 est
252 1282 285 1311 in
295 1281 402 1311 diebus
408 1280 498 1317 Loth,
511 1282 570 1310 etc.
580 1279 665 1309 Circa
674 1277 966 1308 similitudinemdi-

195 1333 275 1364 luvii
291 1333 475 1364 inundantis
489 1332 550 1362 tria
570 1330 816 1361 introducuntur
827 1352 834 1366 ,
852 1328 968 1359 scilicet

196 1387 295 1426 ipsius
309 1386 420 1416 diluvii
435 1386 560 1423 figura,
576 1393 681 1421 causa,
696 1385 727 1413 et
741 1391 844 1422 poena.

236 1439 344 1470 Primo
359 1438 474 1477 igitur,
491 1439 647 1477 quantum
672 1436 711 1466 ad
738 1435 837 1474 ipsius
856 1434 967 1464 diluvii

196 1494 348 1531 figuram,
365 1492 438 1522 dicit
457 1502 464 1520 :
483 1491 529 1522 Et
548 1491 629 1520 sicut
651 1490 777 1528 factum
793 1492 837 1518 est
851 1488 884 1517 in
901 1487 966 1517 (lle-

197 1546 254 1576 bus
272 1546 341 1578 Noe
352 1569 361 1583 ‚
387 1545 431 1574 ita
454 1545 513 1575 erit
527 1548 556 1574 et
572 1544 604 1573 in
620 1542 728 1573 diebus
741 1542 803 1580 filie·
818 1542 965 1571 hominis.

197 1598 262 1629 Hoc
276 1598 361 1629 enim
382 1606 565 1636 congruum
585 1598 670 1633 erat,
694 1595 769 1635 quia
794 1594 860 1625 Noe
885 1595 969 1632 tigu-

196 1661 266 1682 ram
281 1651 411 1690 gerebat
426 1650 550 1687 Christi,
563 1649 617 1688 qui
633 1658 665 1679 se
675 1650 765 1679 vocat
779 1648 808 1679 F
809 1647 900 1677 [lscmz
910 1646 965 1676 lio-

197 1703 396 1735 7721'122's.·Noe
420 1703 505 1733 enim
532 1702 759 1741 interpretatur
782 1700 921 1739 requies,
938 1702 968 1729 et

198 1758 232 1788 in
251 1757 316 1787 solo
331 1756 453 1787 Christo
471 1757 518 1785 est
532 1754 658 1794 requies
673 1756 703 1784 et
719 1762 783 1792 pax
802 1756 813 1772 ‘2
829 1764 835 1783 z
857 1765 870 1781 ι(
887 1752 968 1782 Nam

199 1811 265 1850 ipse
279 1812 325 1840 est
334 1818 394 1849 pax
406 1810 525 1844 nostra,
537 1807 591 1846 qui
600 1807 670 1837 fecit
682 1808 819 1845 utraque
832 1814 963 1835 unum.»

197 1863 236 1894 Et
249 1863 260 1879 ³
277 1874 284 1893 :
306 1861 369 1892 «Ut
384 1862 417 1892 in
430 1871 481 1892 me
503 1869 613 1900 pacem
632 1859 785 1890 habeatis.
798 1858 834 1888 In
848 1858 968 1888 mundo

196 1924 377 1956 pressuram
402 1914 568 1949 habebitis,
583 1924 597 1941 »
619 1914 676 1943 etc.
701 1911 791 1941 Unde
813 1910 967 1949 Augusti-

196 1978 258 1999 nus
273 1979 280 1998 :
297 1980 311 1997 (ι
328 1968 507 2007 inquietum
529 1968 574 1996 est
597 1974 650 1995 cor
673 1972 801 2001 meum,
821 1963 965 2000 Domine,

196 2021 295 2051 donec
323 2020 462 2059 quiescat
494 2019 527 2048 in
550 2020 592 2048 te.
612 2029 626 2045 n
660 2017 731 2048 Ideo
756 2018 822 2056 ipse
841 2015 915 2046 dicit
931 2019 965 2046 ’ς

200 2086 215 2103 (1
228 2073 338 2104 Tollite
354 2074 476 2111 jugum
499 2080 607 2102 meum
631 2079 726 2109 super
746 2078 803 2100 vos
815 2092 822 2106 ,
850 2070 922 2106 ete„
938 2071 969 2099 et

195 2127 365 2158 invenietis
408 2125 551 2165 requiem
590 2124 758 2154 animabus
796 2122 918 2153 vestris.
949 2132 962 2149 n

197 2180 265 2211 Non
280 2182 404 2210 tantum
420 2180 526 2209 autem
542 2177 670 2208 nomine
691 2176 850 2206 Christum
866 2175 968 2213 signi-

196 2234 278 2271 ficat,
295 2241 411 2264 verum
425 2231 521 2262 etiam
533 2231 625 2260 facto.
640 2229 721 2260 Nam
737 2229 817 2258 sicut
827 2228 890 2259 Noe
905 2228 967 2258 sal-

197 2285 285 2315 vavit
306 2294 415 2315 semen
442 2284 610 2314 hominum
634 2291 689 2321 per
713 2281 839 2320 lignum
853 2304 860 2317 ,
879 2281 923 2310 sie
938 2283 968 2311 et

198 2337 339 2368 Christus
353 2346 408 2376 per
423 2336 524 2367 crucis
543 2335 722 2375 patibulum
738 2336 748 2352 ⁶
766 2345 772 2364 :
797 2345 810 2361 1(
825 2333 902 2373 Spes
917 2342 967 2364 or-

197 2390 246 2421 bis
260 2393 416 2420 terrarum
441 2390 480 2419 ad
505 2391 605 2419 ratem
621 2387 827 2426 confugiens,
844 2387 967 2416 remisit

198 2442 315 2474 saeculo
338 2451 445 2472 semen
472 2441 660 2478 nativitatis,
689 2450 762 2480 quae
790 2449 889 2470 manu
914 2442 968 2469 tua

199 2498 266 2527 erat
290 2495 479 2534 gubernata.
510 2493 713 2524 Benedictum
742 2495 789 2524 est
817 2492 903 2522 enim
930 2492 968 2522 li—

200 2558 317 2589 gnum,
340 2556 396 2587 per
423 2547 507 2586 quod
527 2547 562 2576 fit
579 2546 741 2585 justitia.»
765 2545 853 2576 Unde
874 2546 968 2575 etiam

198 2601 364 2643 praemittit
385 2611 393 2631 :
420 2611 435 2629 «
458 2599 586 2638 Exiguo
605 2598 694 2637 ligno
713 2598 846 2629 credunt
865 2597 970 2628 homi-

233 2665 242 2681 ¹
256 2664 315 2694 lnf.,
328 2670 353 2686 v.
369 2664 407 2687 25.
423 2674 453 2679 —
465 2660 587 2692 mystes„
599 2666 628 2690 11,
645 2661 681 2684 ¹4.
696 2672 727 2677 —
740 2659 751 2676 ³
764 2660 843 2689 loun„
860 2665 916 2689 xvi,
930 2659 968 2683 33.

1022 280 1078 302 nes
1095 271 1218 302 animas
1231 280 1320 309 suas,
1340 283 1355 300 1)
1384 275 1442 303 etc.
1465 272 1503 303 Et
1525 273 1606 303 sicut
1619 271 1685 303 Noe
1698 274 1794 304 fabri-

1022 325 1105 355 cavit
1119 333 1237 362 arcam,
1253 325 1297 354 sic
1318 327 1348 355 et
1363 325 1506 356 Christus
1522 325 1703 363 Ecclesiam,
1719 335 1793 366 quae

1021 377 1061 407 ad
1073 377 1203 408 modum
1214 386 1295 407 arcae
1311 377 1348 407 de
1360 377 1458 415 lignis
1471 377 1627 417 laevigatis
1640 387 1696 417 per
1709 378 1794 409 bitu-

1022 440 1095 460 men
1111 431 1272 460 charitatis
1287 431 1439 461 connexis
1454 431 1628 461 aedificatur
1638 455 1647 469 ,
1671 431 1793 462 habens

1022 483 1183 513 coenacula
1197 485 1228 513 et
1244 483 1376 521 tristega
1396 486 1523 522 propter
1539 484 1736 514 diversitates
1750 484 1796 515 ot*-

1021 536 1181 573 ficiorum,
1200 535 1362 574 graduum
1385 538 1415 566 et
1436 536 1628 575 dignitatum
1643 537 1675 567 ⁶:
1695 548 1709 565 «
1728 536 1795 576 lpse

1022 587 1106 618 dedit
1134 587 1290 627 quosdam
1315 588 1489 628 apostolos,
1519 589 1673 628 quosdam
1688 592 1795 620 autem

1023 642 1204 681 prophetas,
1220 641 1298 672 alios
1319 651 1395 672 vero
1411 641 1633 680 evangelistas,
1651 642 1729 673 alios
1743 651 1798 672 au-

1023 696 1089 724 tem
1106 696 1248 734 pastores
1271 696 1300 724 et
1318 694 1468 732 doctores,
1494 694 1534 725 ad
1554 695 1797 725 consummatio-

1023 756 1097 777 nem
1113 749 1308 784 sauctorum,
1327 749 1398 785 etc„
1419 747 1457 777 ad
1472 747 1713 778 aedificationem
1726 756 1795 777 cor-

1022 800 1109 839 poris
1137 800 1251 830 Christi
1265 823 1273 835 ,
1301 800 1401 830 donec
1415 809 1621 830 occurramus
1636 809 1762 838 omnes;
1778 811 1793 828 »

1023 853 1169 892 sequitur
1187 864 1193 882 :
1214 864 1228 881 α
1246 853 1281 882 In
1295 853 1402 883 virum
1419 854 1603 892 perfectum,
1621 854 1653 883 in
1669 862 1796 884 mensu-

1023 915 1092 936 ram
1119 905 1224 935 aetatis
1248 905 1452 945 plenitudinis
1476 905 1589 936 Christi
1620 915 1628 936 :
1657 906 1797 946 »inqua

1023 958 1142 988 scilicet
1156 958 1338 996 longitudo,
1350 958 1480 988 latitudo
1493 983 1500 995 ,
1525 960 1555 988 et
1570 958 1700 989 altitudo
1715 968 1797 990 arcae

1023 1011 1229 1041 nobilissima)
1260 1013 1490 1041 consummata.
1517 1010 1605 1041 Sicut
1626 1011 1721 1041 etiam
1741 1012 1797 1052 qui

1023 1064 1106 1095 iutra
1129 1073 1234 1095 arcam
1258 1065 1400 1102 suerunt,
1427 1064 1539 1094 salvati
1564 1067 1655 1102 sunt3
1678 1065 1722 1095 sic
1741 1067 1796 1105 qui

1024 1118 1107 1148 intra
1122 1117 1292 1148 Ecclesiam
1308 1119 1400 1155 suut,
1419 1117 1583 1147 salvantur
1603 1126 1660 1157 per
1679 1127 1796 1157 aquam

1023 1170 1170 1210 baptismi
1185 1171 1195 1187 7
1214 1182 1220 1201 :
1242 1182 1256 1199 α
1274 1170 1309 1200 111
1323 1170 1434 1201 diebus
1454 1170 1539 1207 Noe,
1567 1179 1642 1200 cum
1662 1171 1794 1201 fabrica-

1024 1225 1112 1253 retur
1128 1232 1215 1261 arca,
1230 1223 1263 1253 in
1278 1232 1340 1262 qua
1356 1223 1457 1262 pauci,
1476 1223 1507 1253 id
1520 1225 1580 1260 cst,
1598 1225 1668 1254 octo
1681 1223 1796 1254 animae

1025 1276 1122 1307 salvae
1140 1276 1228 1306 facta}
1251 1278 1324 1306 sunt
1345 1285 1400 1315 per
1424 1285 1551 1315 aquam.
1579 1276 1668 1312 Quod
1693 1278 1724 1307 et
1739 1285 1796 1307 vos

1024 1337 1110 1359 nunc
1124 1328 1236 1358 similis
1261 1328 1372 1358 sormae
1393 1328 1495 1358 salvos
1518 1328 1591 1358 facit
1615 1328 1792 1368 baptisma:

1024 1390 1088 1411 non
1104 1381 1207 1411 carnis
1221 1381 1374 1420 depositio
1389 1381 1544 1419 sordium,
1562 1381 1616 1412 sed
1633 1382 1793 1412 conscien-

1024 1434 1076 1465 tiae
1092 1435 1185 1464 bonae
1209 1434 1417 1473 interrogatio
1440 1434 1472 1464 iu
1487 1434 1604 1471 Deum,
1620 1444 1676 1474 per
1690 1444 1795 1465 resur-

1024 1487 1195 1517 rectionem
1217 1487 1291 1517 Jesu
1307 1486 1431 1517 Clu-isti.
1451 1497 1465 1514 1)
1485 1487 1522 1517 Et
1537 1487 1619 1517 sicut
1633 1487 1689 1527 qui
1704 1490 1795 1518 extra

1024 1549 1130 1570 arcam
1152 1540 1300 1577 fuerunt,
1327 1539 1418 1569 deleti
1442 1542 1532 1577 sunt,
1557 1540 1600 1570 sic
1615 1550 1726 1571 omnes
1740 1541 1795 1580 qui

1025 1595 1114 1623 extra
1129 1592 1298 1622 Ecclesiam
1322 1594 1414 1629 suut,
1444 1601 1500 1631 per
1523 1592 1618 1623 finale
1640 1593 1795 1632 judicium

1024 1645 1272 1676 damnabuntur.
1288 1644 1321 1674 ln
1338 1645 1432 1683 cujus
1447 1644 1703 1683 designationem
1717 1645 1796 1676 dixit

1026 1697 1142 1728 Paulus
1156 1698 1166 1713 ⁸
1184 1709 1190 1728 z
1210 1709 1224 1726 «
1240 1697 1304 1728 Nisi
1329 1697 1360 1727 hi
1378 1698 1410 1727 111
1435 1698 1508 1728 navi
1532 1698 1722 1738 manserint,
1738 1707 1796 1730 vos

1025 1751 1103 1782 salvi
1118 1751 1186 1781 sieri
1201 1760 1266 1781 nou
1281 1750 1421 1789 potestis.
1439 1760 1452 1777 1)

1065 1804 1219 1841 Secundo,
1230 1806 1386 1842 quantum
1398 1803 1435 1833 ad
1447 1803 1558 1834 diluvii
1569 1812 1708 1843 causam,
1723 1804 1796 1836 sub—

1025 1858 1067 1888 dit
1080 1867 1120 1896 (v.
1132 1859 1180 1895 27)
1192 1868 1197 1887 ς
1207 1856 1355 1888 Eclebant
1370 1861 1399 1887 et
1414 1856 1568 1894 bibebant,
1579 1866 1694 1888 uxores
1702 1857 1794 1889 duce-

1025 1910 1102 1940 bant
1111 1915 1141 1940 et
1154 1910 1314 1940 elabamur
1330 1909 1375 1939 acl
1386 1910 1525 1949 nuptias,
1537 1919 1636 1950 usque
1651 1911 1685 1941 in
1699 1911 1795 1951 diem,

1025 1973 1090 2003 qua
1105 1963 1236 1993 intravit
1247 1963 1316 1995 Noe
1325 1963 1358 1993 ἱη
1373 1972 1495 2000 aream,
1507 1963 1567 1994 hoc
1582 1966 1638 2001 est,
1648 1965 1798 2004 operibus

1024 2016 1128 2047 carnis
1138 2016 1274 2046 totaliter
1289 2016 1400 2046 intenti
1413 2018 1513 2054 erant,
1530 2018 1561 2046 et
1576 2016 1645 2048 ideo
1656 2017 1690 2048 in
1703 2027 1797 2049 carne

1025 2069 1222 2108 corruptibili
1242 2069 1404 2108 corrumpi
1420 2071 1450 2098 et
1465 2068 1561 2099 deleri
1585 2069 1676 2108 digni
1695 2072 1794 2100 erant.

1025 2122 1112 2153 Unde
1137 2122 1246 2152 Glossa
1268 2122 1425 2152 Ambrosii
1442 2122 1452 2137 ⁹
1475 2133 1481 2152 :
1508 2133 1522 2150 «
1537 2121 1607 2152 Non
1627 2123 1795 2160 connubia,

1024 2175 1075 2206 vel
1089 2175 1239 2205 alimenta
1255 2175 1457 2212 damnantur,
1476 2184 1550 2205 eum
1565 2175 1597 2205 in
1612 2175 1661 2205 his
1676 2185 1796 2206 succes·

1024 2228 1132 2265 sionis,
1149 2228 1183 2257 in
1206 2227 1267 2257 illis
1282 2229 1406 2257 natura:
1426 2227 1490 2257 sint
1514 2228 1616 2267 posita
1638 2227 1795 2266 subsidia3

1025 2281 1077 2310 sed
1092 2280 1320 2310 immoderatus
1334 2280 1494 2310 licitorum
1510 2289 1587 2310 usus
1599 2280 1762 2319 arguitur.
1779 2292 1793 2309 1)

1026 2333 1105 2370 Quia
1120 2342 1198 2371 ergo
1223 2332 1272 2362 his
1296 2341 1328 2362 se
1348 2334 1430 2362 totos
1449 2332 1590 2363 dedendo
1611 2333 1665 2363 Dei
1679 2333 1798 2372 ,iudicia

1026 2386 1282 2422 contemnebant,
1294 2385 1346 2415 alii
1360 2385 1367 2414 i
1373 2395 1449 2423 gne,
1462 2385 1514 2415 alii
1528 2395 1612 2425 aqua
1624 2386 1795 2426 perierunt.

1026 2437 1113 2468 Unde
1129 2438 1161 2468 in
1185 2438 1236 2467 his
1257 2438 1379 2468 actibus
1399 2438 1578 2468 insinuatur
1602 2448 1714 2469 eorum
1728 2448 1797 2469 car-

1026 2491 1148 2528 nalitas,
1161 2491 1378 2530 propterquod
1388 2491 1476 2530 digni
1488 2493 1578 2521 erant
1588 2491 1635 2521 ira
1642 2491 1776 2522 divina¹⁰
1787 2501 1795 2523 ε

1026 2565 1055 2569 -
1067 2553 1074 2566 ⁴
1088 2552 1188 2580 Mami„
1205 2558 1239 2580 M,
1256 2554 1331 2575 29,—
1346 2553 1354 2566 ⁵
1368 2552 1438 2583 Sap..
1452 2558 1506 2583 Χιν,
1519 2554 1572 2582 6-7,
1589 2554 1614 2576 5.
1629 2566 1655 2569 —
1672 2553 1681 2567 ⁸
1695 2553 1796 2584 Ephes.‚

1026 2593 1061 2616 iv,
1076 2588 1154 2610 11-13.
1166 2600 1195 2604 —
1213 2586 1221 2601 ⁷
1236 2587 1243 2609 l
1262 2588 1339 2617 Pelr„
1357 2593 1396 2617 111,
1411 2589 1492 2610 20-22.
1508 2600 1539 2604 -
1552 2586 1562 2603 ⁸
1574 2588 1641 2616 Ace„
1656 2593 1742 2618 xxvii,
1757 2589 1796 2612 31.

1025 2622 1211 2681 E-lgxmbros.
1229 2622 1253 2645 in
1271 2622 1338 2651 Luc„
1354 2622 1397 2645 lib.
1413 2622 1483 2650 Vlli,
1500 2628 1525 2644 n.
1540 2623 1579 2645 37.
1594 2634 1618 2639 ——
1640 2623 1658 2638 ¹⁸
1674 2623 1746 2647 Gen„
1762 2628 1796 2653 xi,
