1987 3032
686 223 888 255 EXPOSITIO
911 223 951 254 ΙΝ
974 224 1058 255 (ἶΛῐ).
1082 224 1159 255 XXI.

128 293 262 323 vestris?
279 291 436 323 Permittit
450 292 558 322 autem
573 290 725 321 Dominus
740 291 809 321 haec
823 290 892 321 fieri

129 346 167 376 ad
186 345 425 377 subversionem
442 343 600 374 malorum
612 368 621 381 ,
644 346 674 374 et
693 344 891 374 exercitatio-

128 408 202 428 nem
216 399 384 434 bonorum,
397 399 433 426 ut
447 397 491 426 sic
506 399 654 435 appareat
670 396 748 426 illud
762 398 770 412 ¹
784 407 790 426 ε
813 408 827 424 (ι
840 396 894 426 Mi-

128 450 194 480 litia
210 453 253 480 est
267 450 332 480 vita
347 450 485 479 hominis
496 459 590 489 super
603 451 731 480 terram.
745 460 758 477 »
774 449 811 479 Et
824 450 893 479 ideo

128 503 178 533 ille
192 503 519 533 bonusmilesdicebat
534 506 544 522 Ξ
558 514 564 532 :
587 514 600 531 α
612 502 690 533 Nam
705 505 818 533 etcum
834 512 893 533 ve-

127 556 282 586 nissemus
296 557 328 585 in
350 555 582 593 Macedoniam,
604 556 726 586 nullam
750 556 893 595 requiem

126 609 237 639 habuit
254 618 325 639 caro
345 611 470 644 nostra;
495 609 548 639 sed
564 618 691 639 omnem
715 609 891 639 tribulatio-

126 670 200 691 nem
214 662 297 700 passi
319 671 454 692 sumus:
474 661 563 692 Foris
586 671 724 701 pugnae,
748 662 833 691 intus
852 662 890 691 ti-

126 723 241 745 mores.
257 726 271 743 ))
290 714 369 745 Nam
384 715 498 745 dicitur
511 717 521 733 ³
537 724 544 744 ε
563 726 576 743 (ι
587 715 622 744 10
637 714 756 744 mundo
770 723 893 753 pressu-

126 776 194 797 ram
210 767 378 805 habebitis3
396 768 449 797 sed
462 768 625 806 confidite,
642 776 702 806 ego
718 767 779 797 vici
798 776 892 797 mun-

125 821 215 851 dum.
231 832 245 848 n

166 873 286 912 Tertio,
306 877 462 914 quantum
476 875 514 905 ad
530 875 808 914 superventionem
825 883 892 913 pes-

126 927 332 964 tilentiarum,
348 928 514 966 subjungit
526 929 567 964 (v.
585 930 651 964 10):
675 928 700 958 T
699 937 759 957 unc
772 927 893 957 (licebat

127 979 188 1009 illis
201 989 211 1009 .·
222 981 343 1019 Sw‘qct
351 990 428 1019 qens
438 984 548 1010 contra
562 984 698 1019 qentem,
713 984 743 1010 et
755 989 891 1019 resflzwn

127 1032 277 1062 adversus
291 1042 436 1072 requam.
454 1033 626 1071 Gregorius
643 1036 652 1051 '²
668 1044 674 1063 :
694 1045 708 1061 «
726 1033 802 1063 Ecce
819 1042 891 1072 per-

126 1085 264 1115 turbatio
279 1086 422 1115 omniUm
441 1096 447 1116 ς
466 1088 507 1123 (v.
529 1087 572 1122 ll)
591 1096 597 1115 :
615 1086 660 1116 Et
673 1089 765 1115 terra}
789 1090 893 1115 molas

125 1138 238 1176 massm'
252 1142 345 1168 erunt
353 1148 414 1178 per
428 1138 507 1168 loca.
523 1138 599 1168 Ecce
614 1140 757 1177 respectu
772 1139 827 1168 irae
843 1139 893 1168 dc-

125 1199 219 1229 supcr
228 1191 482 1230 :Etpastilentisa
493 1191 569 1221 Ecce
578 1191 776 1230 inaequalitas
787 1200 893 1230 corpo-

125 1252 196 1273 rum
215 1255 221 1273 :
243 1244 286 1274 Et
298 1245 413 1282 fames.
429 1244 505 1274 Ecce
520 1243 666 1274 sterilitas
682 1246 775 1273 terrae
791 1254 796 1273 ε
815 1244 891 1274 Ter-

125 1303 283 1336 roresque.
295 1296 370 1327 Ecce
380 1297 578 1336 inaequalitas
587 1297 667 1326 aeris
680 1307 686 1326 :
700 1297 745 1327 Εἰ
753 1297 846 1335 sissmc
855 1296 892 1326 de

126 1350 202 1379 coelo
221 1359 341 1389 muqna
357 1354 458 1385 erunt,
470 1361 483 1377 υ
502 1359 564 1380 non
578 1350 680 1380 solum
691 1350 767 1389 quia
779 1350 889 1387 multa,

126 1402 179 1432 sed
203 1403 298 1432 etiam
318 1403 391 1442 quia
414 1403 550 1433 insolita.
575 1403 764 1441 Hujusmodi
786 1405 891 1433 autem

126 1454 219 1492 signa
231 1464 351 1493 magna
360 1457 389 1484 et
402 1455 501 1485 multa
514 1457 743 1494 prcecesserunt
756 1455 892 1485 eversio-

125 1516 198 1537 nem
214 1507 516 1546 Hierosolymorum,
536 1507 710 1537 secundum
724 1508 808 1547 quod
822 1517 892 1538 nar-

125 1562 173 1590 rat
189 1560 360 1599 Joeephus,
383 1560 437 1599 qui
452 1559 525 1590 dicit
539 1560 660 1590 stellam
682 1561 788 1599 gladio
803 1561 890 1591 simi-

124 1613 186 1643 lem
207 1622 264 1652 per
286 1622 406 1643 annum
426 1622 521 1652 super
549 1613 742 1643 Hierusalem
770 1623 890 1654 pepen—

125 1666 205 1696 disse
215 1690 222 1703 ,
239 1667 269 1696 et
281 1675 393 1696 currus
403 1690 410 1704 ,
428 1668 458 1696 et
472 1666 593 1705 equites
607 1669 744 1696 armatos
759 1668 891 1706 quadra-

125 1718 217 1757 ginta
239 1719 348 1749 diebus
363 1719 396 1748 in
415 1728 486 1749 aere
501 1719 669 1749 debellasse
681 1743 689 1756 ‚
705 1722 734 1750 et
758 1720 891 1750 vitulam

124 1771 206 1801 inter
214 1781 328 1802 manus
340 1771 573 1802 immolantium
586 1772 743 1811 peperisse
756 1781 887 1811 agnam.

125 1822 162 1853 Et
177 1824 246 1854 haec
261 1825 283 1853 si
289 1833 354 1863 gna
370 1833 489 1862 inagna
510 1826 737 1862 praecesserunt
752 1825 890 1855 eversio-

124 1884 198 1905 nem
213 1876 384 1906 secundam
400 1875 614 1912 Hierusalem,
628 1876 709 1907 sicut
724 1885 890 1916 praecesse-

125 1930 196 1957 rant
210 1928 453 1959 destructionem
466 1928 563 1967 ipsius
579 1928 691 1959 factam
707 1930 766 1959 sub
781 1930 890 1961 Antio-

125 1980 184 2010 cho
197 1981 207 1996 ⁵
225 1990 232 2010 :
251 1992 265 2009 «
279 1980 416 2019 Contigit
431 1990 486 2020 per
500 1981 683 2012 universam
706 1982 889 2022 Hierosoly-

126 2041 250 2062 morum
265 2034 424 2064 civitatem
439 2034 538 2064 videri
554 2034 663 2065 diebus
678 2035 890 2075 quadraginta

125 2094 181 2124 per
194 2095 266 2116 aera
278 2087 400 2126 equites
410 2087 621 2118 discurrentes
631 2111 640 2125 ,
657 2090 783 2118 auratas
795 2089 889 2118 stolas

123 2138 288 2176 habentes;
306 2141 336 2170 et
351 2140 590 2179 congressiones
606 2140 674 2171 fieri
689 2141 845 2179 cominus,
858 2144 889 2172 et

123 2193 285 2222 scutorum
299 2194 421 2230 motus,
444 2194 474 2222 et
491 2192 624 2223 telorum
638 2194 741 2231 Jactus
752 2217 761 2231 ,
785 2196 815 2223 et
830 2203 889 2224 au-

122 2252 250 2274 reorum
278 2253 442 2275 armorum
471 2245 687 2284 splendorem,
723 2246 888 2285 omnisque

123 2297 248 2334 generis
261 2297 464 2327 loricarum.»
480 2297 552 2327 11ωο
564 2298 766 2328 multiformis
778 2300 807 2328 et
823 2308 890 2338 pes-

123 2346 281 2377 tilentialis
305 2348 442 2378 turbatio
453 2371 462 2384 ,
488 2348 559 2378 licet
582 2349 756 2379 secundum
785 2351 888 2388 partes

123 2399 293 2439 aliquando
307 2400 398 2430 suerit
413 2400 446 2430 in
458 2399 602 2437 Ecclesia,
619 2401 700 2431 sicut
715 2401 887 2439 Gregorius

124 2454 247 2490 narrat,
263 2452 354 2491 plene
370 2455 474 2482 tamen
487 2453 546 2483 erit
562 2453 594 2482 in
608 2453 695 2483 finali
712 2454 888 2485 tribulatio-

124 2512 164 2534 ne
174 2527 181 2539 ‚
197 2513 260 2543 qua
274 2505 457 2536 imminente
468 2529 476 2542 ,
500 2505 558 2535 erit
572 2506 766 2544 perturbatio
780 2507 883 2537 homi-

156 2599 231 2629 ¹Jol1,
249 2607 292 2631 vu,
311 2605 331 2625 1.
344 2615 374 2619 -
388 2604 397 2618 ²
413 2603 431 2625 11
450 2604 515 2633 Corn,
529 2608 574 2632 vu,
587 2605 610 2626 5.
622 2617 651 2621 —
666 2604 676 2619 ³
687 2605 768 2633 Joant,
782 2610 835 2634 xw,
849 2605 887 2628 33.

124 2636 170 2651 -⁴
185 2636 259 2666 Greg.
274 2637 298 2659 in
308 2637 413 2668 Evanq„
429 2638 497 2661 bom.
511 2644 587 2662 xxxv.
599 2651 629 2655 —
644 2639 651 2651 ⁵
664 2640 682 2661 11
694 2639 785 2668 Maeli„
798 2645 822 2669 v,
834 2642 887 2663 2-3,

124 2682 153 2686 -
165 2672 173 2685 ⁰
189 2670 249 2700 lm„
264 2677 319 2701 xrx,
335 2673 357 2696 2.
371 2686 400 2690 —
415 2673 422 2686 ⁷
441 2673 527 2703 Zac-li„
549 2679 604 2702 vui,
622 2675 659 2697 10.
681 2687 711 2691 —
727 2675 734 2687 ¹
761 2675 847 2705 [ii-eg„
863 2675 887 2697 1'71

1664 228 1717 255 157

950 299 1028 320 num
1045 292 1075 321 et
1091 291 1333 321 elementorum.
1348 290 1429 320 Nam
1445 291 1640 330 perturbatio
1662 291 1718 322 ho-

952 344 1075 373 minum
1092 343 1336 374 eritsecundum
1350 343 1445 373 illude
1466 355 1472 374 :
1496 355 1509 372 α
1526 343 1717 374 Concurrere

951 398 1061 428 faciam
1078 399 1243 439 AEgyptios
1257 399 1409 429 adversus
1423 399 1605 438 AEgyptios:
1620 401 1649 428 et
1662 408 1717 438 pu-

951 452 1061 489 gnabit
1077 453 1126 482 vir
1142 454 1250 482 eontra
1263 452 1391 482 fratrem
1405 461 1516 488 suum,
1534 453 1564 481 et
1577 451 1627 481 vir
1642 460 1715 481 con-

950 506 999 534 tra
1013 505 1151 535 amicum
1171 514 1263 536 suum
1280 529 1287 542 ‚
1309 505 1417 535 civitas
1439 505 1590 535 adversus
1612 504 1717 534 civita-

950 559 1025 595 tem,
1041 567 1179 597 regnum
1194 559 1345 589 adversus
1358 567 1532 597 regnum.»
1549 557 1605 588 ΕΗ
1619 567 1625 586 ;
1645 557 1716 588 «Di-

950 610 1020 639 misi
1038 620 1147 641 omnes
1165 611 1310 641 homines
1331 620 1593 650 unumquemque
1609 613 1717 641 contra

949 663 1131 700 proximum
1149 674 1255 694 suum.
1268 676 1282 691 »
1301 664 1363 694 Nec
1378 666 1501 694 tantum
1517 664 1576 694 erit
1591 665 1716 703 pertur—

948 715 1033 745 batio
1048 717 1228 753 hominum,
1242 726 1356 747 verum
1367 717 1461 747 etiam
1472 717 1713 747 elementorum.

950 768 1037 799 Unde
1052 769 1226 808 Gregorius
1238 772 1248 788 ⁸
1265 781 1271 799 :
1295 781 1308 798 α
1323 770 1415 800 Prius
1428 770 1521 800 corda
1535 770 1715 807 hominum,

949 823 980 851 et
994 825 1062 860 post
1084 821 1238 852 elementa
1253 823 1440 859 turbantur;
1464 825 1501 852 ut
1516 832 1588 852 cum
1606 832 1714 853 rerum

949 874 1025 904 ordo
1041 875 1255 911 confunditur⁷
1272 884 1311 904 ex
1327 884 1395 914 quo.
1413 875 1579 905 retributio
1596 875 1715 912 veniat,

949 927 1193 958 demonstretur.
1207 939 1221 955 ›>
1239 927 1468 958 Turbabuntur
1483 937 1562 966 ergo
1577 927 1716 957 elemen-

949 982 997 1017 ta,
1013 981 1187 1010 secundum
1200 981 1275 1011 illud
1288 982 1298 997 ⁹
1312 990 1318 1009 z
1331 992 1345 1009 «
1356 981 1522 1011 Cataractae
1539 981 1575 1011 de
1589 981 1718 1011 excelsis

949 1035 1065 1072 apertae
1084 1036 1158 1063 sunt
1173 1057 1180 1070 ,
1209 1036 1238 1063 et
1263 1034 1483 1064 concutientur
1510 1033 1718 1063 fundamenta

950 1087 1052 1115 terrze.
1067 1086 1280 1116 Confractione
1292 1086 1511 1125 confringetur
1522 1088 1616 1123 terra,
1628 1098 1643 1114 n
1658 1089 1716 1116 etc.

949 1137 986 1167 Et
1001 1138 1176 1176 Gregorius
1196 1139 1216 1154 ¹⁰
1233 1149 1239 1168 :
1265 1150 1278 1166 «
1294 1138 1406 1169 Omnia
1429 1148 1567 1178 namque
1586 1148 1658 1179 quae
1679 1140 1717 1170 ad

948 1200 1042 1221 usum
1058 1192 1132 1221 vitae
1148 1192 1340 1231 accepimus,
1358 1192 1513 1222 vertimus
1525 1192 1558 1222 in
1569 1193 1693 1232 culpam
1709 1204 1715 1223 :

948 1244 1208 1283 tranquillitatem
1227 1245 1378 1275 humanae
1395 1246 1480 1284 pacis
1492 1269 1499 1283 ⁷
1517 1245 1550 1275 in
1565 1246 1714 1275 securita-

948 1297 1011 1325 tem
1026 1307 1032 1333 ;
1048 1297 1336 1335 peregrinationem
1349 1297 1410 1328 vice
1422 1322 1429 1335 ,
1451 1307 1508 1337 pro
1523 1298 1716 1329 habitatione

948 1346 1116 1376 dileximus
1131 1348 1262 1386 patriae3
1280 1348 1414 1377 salutem
1434 1357 1601 1387 corporum
1624 1349 1711 1379 rede-

948 1399 1056 1437 gimus
1071 1399 1103 1428 in
1118 1409 1213 1430 usum
1233 1400 1384 1431 vitiorum
1399 1411 1406 1438 3
1432 1401 1585 1431 ubertatis
1609 1402 1713 1432 abun-

947 1451 1103 1489 dantiam,
1122 1461 1186 1482 non
1209 1453 1247 1483 ad
1271 1454 1489 1483 necessitatem
1514 1454 1636 1491 carnis⁷
1659 1455 1711 1485 sed

947 1505 986 1534 ad
1024 1506 1261 1544 perversitatem
1290 1507 1473 1538 intorsimus
1512 1507 1681 1547 voluptatis
1702 1519 1709 1546 ;

947 1558 1148 1588 serenitatem
1163 1560 1244 1589 aeris
1263 1560 1428 1599 coegimus
1440 1560 1530 1590 nobis
1544 1561 1662 1592 servire
1678 1562 1715 1591 ad

947 1619 1089 1641 amorem
1100 1613 1236 1643 terrenae
1246 1612 1469 1644 delectationis.
1484 1614 1500 1644 J
1503 1623 1559 1644 ure
1569 1623 1648 1653 ergo
1658 1624 1715 1645 nos

947 1664 1054 1694 omnia
1071 1665 1200 1703 feriunt,
1217 1670 1252 1696 ut
1267 1670 1344 1706 quot
1359 1667 1393 1697 in
1408 1667 1527 1698 mundo
1542 1667 1714 1698 habuimus

948 1717 1079 1755 gaudia,
1096 1720 1141 1748 tot
1154 1719 1355 1757 postmodum
1378 1720 1553 1750 sentiamus
1574 1723 1712 1751 tormen-

946 1771 1015 1799 ta.»
1035 1770 1072 1800 Et
1086 1770 1144 1801 hoc
1168 1771 1297 1810 quidem
1317 1775 1420 1810 recte,
1441 1773 1516 1812 quia
1534 1774 1649 1804 dicitur
1664 1775 1682 1790 ¹¹
1703 1785 1708 1804 :

950 1822 1036 1853 «Per
1057 1832 1129 1862 quae
1144 1826 1250 1863 peccat
1270 1825 1341 1865 quis
1352 1849 1361 1863 ,
1378 1835 1434 1865 per
1453 1826 1522 1856 haec
1538 1828 1568 1856 et
1586 1829 1713 1866 torque-

945 1877 1007 1905 tur.
1021 1886 1035 1903 »
1052 1875 1089 1906 Et
1104 1876 1219 1907 iterum
1238 1881 1259 1896 ¹²
1275 1888 1281 1908 :
1300 1889 1314 1907 «
1328 1877 1487 1917 Pugnabit
1502 1888 1575 1909 cum
1591 1879 1645 1910 illo
1659 1889 1711 1910 or—

944 1927 991 1957 bis
1000 1930 1157 1959 terrarum
1173 1932 1280 1960 contra
1294 1931 1477 1962 insensatos,
1490 1943 1504 1960 »
1524 1931 1560 1962 Et
1576 1932 1644 1963 ideo
1659 1932 1711 1963 Sa-

944 1981 1033 2019 piens
1048 1982 1070 1999 ¹³
1088 1991 1094 2012 z
1114 1992 1128 2009 α
1142 1981 1290 2013 Creatura
1309 1984 1365 2013 tihi
1382 1985 1489 2015 factori
1513 1985 1710 2023 deserviens,

944 2034 1117 2064 exardescit
1131 2034 1164 2064 in
1178 2037 1374 2066 tormentum
1389 2037 1541 2068 adversus
1556 2039 1688 2077 injustos
1700 2050 1707 2076 ;

944 2088 974 2116 et
991 2086 1091 2117 levior
1108 2087 1141 2116 fit
1162 2087 1200 2117 ad
1218 2088 1476 2120 benefaciendum
1493 2099 1550 2129 pro
1569 2091 1618 2121 his
1631 2115 1639 2129 ,
1656 2092 1711 2130 qui

944 2141 976 2170 in
992 2143 1021 2171 te
1036 2141 1209 2172 confidunt.
1219 2153 1233 2170 n
1252 2142 1337 2173 Unde
1352 2146 1382 2174 et
1396 2144 1462 2183 ipse
1477 2144 1648 2184 Gregorius
1663 2146 1709 2176 di—

944 2191 985 2221 cit
994 2192 1013 2207 ¹¹
1026 2202 1032 2221 :
1046 2192 1146 2228 «Quia
1157 2201 1234 2231 ergo
1244 2193 1350 2223 omnia
1364 2196 1613 2226 consummanda
1624 2199 1708 2235 sunt,

943 2245 1015 2273 aute
1031 2246 1334 2276 consummationem
1347 2247 1454 2277 omnia
1470 2248 1706 2286 perturbantur.

943 2295 981 2325 Et
993 2297 1067 2335 quia
1082 2297 1113 2327 in
1126 2299 1244 2328 cunctis
1257 2299 1463 2338 deliquiinuS‚
1481 2300 1513 2330 in
1529 2302 1649 2332 cunctis
1665 2303 1707 2332 fe-

943 2348 1045 2379 rimur
1056 2360 1062 2380 z
1075 2352 1110 2380 ut
1120 2350 1288 2389 impleatur
1299 2353 1382 2391 quod
1391 2353 1509 2383 dictum
1519 2357 1565 2384 est
1577 2355 1598 2370 ¹²
1613 2363 1641 2383 :«
1653 2355 1710 2385 Pu-

944 2402 1057 2439 gnabit
1071 2411 1144 2432 cum
1164 2403 1217 2433 illo
1238 2404 1323 2434 orbis
1348 2407 1505 2436 terrarum
1526 2410 1635 2438 contra
1659 2409 1709 2438 in-

943 2454 1093 2483 sensatos.
1105 2464 1119 2481 »

984 2508 1031 2535 12.
1044 2505 1111 2536 Sed
1118 2506 1261 2538 antehoee
1271 2509 1380 2540 omnia
1388 2510 1533 2549 injicient
1541 2512 1637 2550 vobis,
1648 2516 1705 2544 etc.

943 2604 1048 2635 Evmzq„
1060 2605 1128 2628 bom.
1144 2610 1223 2628 xxxv.
1236 2619 1266 2623 —
1279 2609 1288 2619 '¹
1303 2607 1441 2639 [sa.,xx1v,
1463 2612 1581 2635 18-19.—
1591 2611 1611 2627 ¹⁰
1624 2613 1708 2642 Grcg„

944 2640 992 2663 loc.
1017 2640 1058 2663 cit.
1076 2654 1105 2658 —
1130 2641 1145 2656 ¹¹
1169 2641 1236 2672 Sap„
1263 2649 1299 2672 xr,
1325 2645 1362 2667 17.
1386 2657 1416 2662 —
1439 2646 1459 2661 ¹²
1483 2647 1555 2677 ibid„
1580 2653 1603 2676 v,
1621 2650 1660 2671 21.
1679 2660 1709 2665 —·

945 2675 964 2690 m
977 2676 1045 2705 Sap„
1061 2681 1112 2704 xw,
1127 2676 1164 2699 24.
1180 2689 1210 2694 —
1225 2677 1243 2692 ¹⁴
1258 2679 1344 2710 meg„
1356 2681 1380 2703 in
1396 2681 1501 2714 Evany„
1516 2684 1585 2709 hom.
1599 2692 1676 2710 xxxv.
