1987 3032
193 160 252 188 5¹8

191 223 262 257 bile,
277 231 345 251 cum
359 223 437 251 dieat
451 224 606 260 Gregorius
616 224 641 250 ¹:
657 222 831 257 «corrumpi
843 229 962 250 necesse

192 272 249 304 est,
259 269 343 305 quod
356 269 503 306 palpatur.
511 281 525 296 n
537 271 570 297 Et
580 269 618 296 ad
629 268 706 296 istud
719 267 963 303 respondendum

192 315 356 343 seeundum
373 316 563 351 Gregorium‚
584 314 667 350 quod
684 324 698 339 ει
713 314 790 341 miro
810 313 920 348 modo,
934 316 963 342 et

191 361 426 398 incorruptibile,
435 364 463 389 et
477 360 627 397 palpabile
639 367 746 396 corpus
756 360 888 388 exhibuit
896 362 963 395 post

190 407 448 441 resurrectionem,
469 409 501 434 ut
523 406 717 434 monstrando
737 406 962 441 incorruptibile

193 453 328 481 invitaret
349 453 388 481 ad
401 453 555 488 praemium
564 473 575 486 ,
596 455 624 480 et
636 451 797 488 praebendo
811 451 962 488 palpabile

199 491 366 528 ³nsormaret
384 499 423 526 ad
443 499 544 526 finem.
560 510 573 523 »
597 500 630 526 Et
648 498 690 526 ibi
705 499 741 526 de
756 499 824 527 hoc.
840 501 910 527 ltem
923 500 964 527 ait

193 546 370 582 Augustinus
382 547 404 580 ²,
419 545 502 581 quod
517 544 599 572 nulla
613 545 668 572 erit
681 545 851 573 deformitas
861 546 892 573 in
901 554 963 574 cor-

189 592 313 628 poribus
333 591 519 626 glorificatis,
543 593 572 619 et
593 591 778 627 supplebitur
800 592 832 619 in
854 591 963 620 talibus

191 637 318 673 partium
346 637 542 673 inaequalitas.
566 648 580 663 υ
611 639 686 672 Ergo
712 637 794 665 nulla
821 638 963 673 vulnera,

191 683 279 710 nullae
293 683 441 711 cicatrices
463 685 549 711 erunt
565 684 595 711 in
617 684 668 712 eis.
682 685 753 712 Item
765 684 961 719 Augustinus:

194 740 208 754 ι(
222 729 298 763 Quid
317 729 373 757 sibi
393 729 457 757 vult
474 730 547 764 hoc,
562 740 576 755 w
593 729 701 757 scilicet
718 730 864 757 Christum
877 737 963 758 mon—

191 779 296 803 strasse
309 775 443 808 vutnera,
457 776 501 803 «si
515 778 635 812 propter
647 776 836 804 incredulum
851 776 936 804 fecit?
948 787 961 802 υ

191 822 220 850 Si
234 829 304 849 vero
320 821 447 849 ostendit
459 822 601 856 vulnera,
625 825 710 850 erunt
733 825 801 858 post
819 831 964 850 resurrec-

191 868 315 902 tionem,
343 867 425 904 quod
449 867 538 895 habet
563 876 618 904 pro
643 868 870 896 inconvenienti.
892 870 964 896 Item

190 914 271 941 idem
285 915 296 931 ⁸
311 922 318 940 :
343 924 356 939 α
375 914 403 941 Si
421 913 509 941 falsas
524 914 633 941 scilicet
652 914 801 942 cicatrices
819 915 962 950 ostendit,

190 960 281 988 fallax
294 959 348 987 fuit
357 959 388 986 in
403 959 540 987 docendo
553 969 560 993 ;
573 970 586 985 ι
599 960 622 987 si
632 968 734 995 veras,
750 968 821 996 ergo
835 961 879 988 ibi
893 969 964 989 vera

191 1006 324 1033 vulnera.
346 1007 431 1040 Ergo.
452 1005 496 1033 Ad
518 1006 596 1033 istud
617 1006 875 1042 respondendum,
890 1007 964 1035 sicut

191 1053 283 1088 tangit
293 1052 472 1087 Augustinus
486 1052 507 1086 ⁸,
522 1052 605 1088 quod
616 1052 646 1079 in
663 1053 837 1088 corporibus
853 1056 963 1089 marty-

190 1107 257 1126 rum
281 1098 409 1126 fortassis
437 1098 604 1126 videbimus
630 1098 778 1126 cicatrices
789 1120 797 1133 ‚
821 1107 886 1135 quae
907 1108 962 1135 pro

192 1144 294 1172 Christi
311 1145 430 1172 nomine
443 1144 627 1180 pertulerunt
643 1154 650 1171 :
667 1152 729 1172 non
749 1147 847 1172 tamen
867 1145 963 1173 defor-

191 1190 277 1218 mitas
285 1190 317 1217 in
330 1190 381 1224 εἰς,
397 1190 449 1217 sed
460 1190 586 1225 dignitas
597 1190 660 1218 erit.
670 1192 702 1218 Et
710 1191 848 1226 quaedam
857 1199 962 1227 quam-

191 1236 235 1263 vis
250 1237 279 1263 in
294 1244 433 1272 corpore,
449 1244 511 1264 non
527 1236 677 1272 corporis,
700 1237 753 1264 sed
773 1237 887 1264 virtutis
899 1237 963 1273 pul-

192 1282 327 1310 chritudo
350 1282 485 1318 fulgebit.
505 1293 518 1308 n
541 1284 605 1310 Haec
626 1283 687 1310 ine.
715 1283 803 1311 Multo
824 1285 919 1318 magis
932 1285 963 1311 in

191 1336 315 1364 corpore
344 1328 445 1357 Christi
470 1328 623 1363 glorificati
648 1330 741 1356 modo
766 1329 963 1358 inaestimabili

191 1375 376 1411 apparebunt
397 1375 459 1402 sine
479 1375 680 1409 deformitate,
701 1375 754 1402 sed
773 1383 841 1403 cum
863 1376 963 1411 gloriae

191 1421 363 1456 sulgore,ad
376 1421 469 1448 fidem
482 1421 701 1449 resurrectionis
715 1423 961 1450 construendam:

192 1475 266 1502 quas
293 1467 380 1495 etiam
408 1467 543 1495 ostendet
563 1468 595 1494 in
618 1467 747 1502 judicio,
771 1471 803 1496 ut
829 1469 963 1496 ostendat

192 1513 279 1548 quale
295 1521 387 1547 genus
400 1513 503 1540 mortis
515 1513 644 1548 pertulit,
658 1516 747 1549 prout
758 1514 798 1541 ait
813 1514 891 1542 Beda
904 1514 924 1549 ⁵,
935 1518 964 1542 et

192 1561 234 1586 est
252 1558 293 1586 ibi
305 1559 337 1585 in
351 1559 461 1587 Glossa.
477 1560 585 1587 Eknoli
602 1567 655 1586 esse
669 1560 839 1594 incredulus,
855 1560 964 1588 scilieet

192 1605 229 1632 de
236 1605 447 1632 resurrectione
457 1614 464 1632 ε
482 1605 535 1632 Sed
541 1605 640 1639 fidelis,
650 1605 741 1632 fidem
751 1606 830 1633 illius
837 1606 961 1634 habens.

191 1653 225 1678 L't
243 1651 283 1678 ait
297 1652 519 1687 Chrysostomus
535 1661 542 1679 ε
561 1661 574 1677 α
589 1652 689 1679 Viden*
704 1653 742 1687 (a)
758 1653 901 1687 quoniam
921 1653 964 1680 in-

191 1697 354 1731 fidelitatis,
369 1697 477 1724 scilicet
491 1697 625 1730 Thomae‚
645 1700 707 1725 erat
725 1698 919 1733 ambiguitas,
935 1702 963 1727 et

190 1744 247 1771 hoc
261 1746 421 1779 antequam
431 1743 575 1779 acciperet
588 1744 622 1779 (b)
634 1744 772 1779 Spiritum
783 1746 917 1772 sanctum
925 1745 938 1771 ‘i
947 1755 960 1770 ο

191 1789 231 1817 ait
244 1790 476 1825 Chrysostomus

227 1837 271 1863 28.
287 1836 433 1871 Respondit
447 1836 576 1863 Thomas:
588 1837 718 1863 Dominus
732 1844 815 1870 meus,
826 1839 853 1863 et
866 1836 898 1864 in
904 1837 962 1865 hoc

191 1883 335 1910 confessio
349 1882 537 1910 humanitatis
551 1882 655 1909 Christi
669 1891 676 1908 :
691 1883 727 1909 Et
744 1884 813 1910 Deus
827 1891 916 1917 meus,
936 1886 964 1911 et

190 1929 221 1956 in
234 1929 292 1956 hoc
307 1928 450 1956 confessio
465 1928 633 1955 divinitatis.
649 1929 731 1956 Unde
743 1930 921 1964 Augustinus
931 1931 941 1946 ⁶
953 1939 960 1956 ε

194 1985 206 2000 «
222 1975 345 2002 Videbat
361 1974 559 2010 tangebatque
573 1974 740 2009 hominem,
757 1977 785 2002 et
799 1975 961 2003 confiteba-

190 2024 236 2048 tur
251 2022 351 2048 Deum.
368 2031 381 2045 »

225 2068 386 2094 29.Dz·cite1'
399 2068 474 2094 Iesus
487 2076 493 2093 ;
510 2067 581 2099 Quia
591 2067 699 2098 vidisti,
707 2067 857 2094 credidisti.
867 2068 961 2103 Oppo-

191 2113 233 2140 nit
247 2113 403 2148 Gregorius
416 2114 426 2130 ⁷
442 2122 449 2140 ε
467 2124 479 2137 «
495 2114 568 2140 Cum
582 2113 660 2140 dicat
673 2113 831 2148 Apostolus
845 2113 855 2130 Β
865 2122 872 2140 :
883 2114 962 2141 Fides

191 2164 229 2187 est
252 2159 447 2195 sperandarum
467 2167 571 2193 rerum,
590 2159 716 2195 qualiter
735 2159 775 2187 ait
793 2159 843 2187 hic
863 2169 870 2186 :
891 2160 962 2192 Quia

191 2207 304 2240 vidisti,
314 2206 476 2233 credidisti?
491 2207 525 2233 Et
539 2205 578 2232 ad
591 2205 670 2232 istud
686 2205 863 2241 respondet,
879 2205 962 2241 quod

195 2262 207 2276 ει
222 2251 303 2279 aliud
317 2252 407 2286 vidit,
422 2251 505 2278 aliud
519 2251 644 2279 credidit
655 2260 662 2278 :
673 2251 826 2279 hominem
835 2251 921 2286 vidit,
935 2254 963 2280 et

190 2299 281 2326 Deum
297 2297 445 2325 confessus
460 2300 511 2326 est.
530 2307 543 2323 n
563 2299 634 2325 Item
655 2297 795 2333 quaeritur
810 2306 817 2324 :
840 2299 882 2325 Ex
900 2305 960 2333 quo

223 2370 228 2383 ¹
245 2369 330 2399 Greg,
347 2369 372 2391 in
391 2369 487 2398 Evany.
502 2368 572 2392 hom.
588 2374 664 2398 xm,
683 2375 709 2392 n.
728 2371 747 2392 t.
762 2381 795 2386 —
814 2369 823 2382 ²
840 2370 916 2399 Aug„
930 2368 962 2392 de

192 2405 267 2428 eit-it.
291 2404 348 2432 Dei,
367 2403 411 2426 lib.
432 2404 510 2433 XXH,
532 2411 554 2427 c.
576 2409 635 2433 xix,
654 2410 681 2427 n.
703 2405 770 2427 2.—
793 2404 803 2420 ³
824 2404 872 2433 td„
896 2406 959 2427 mm.

190 2439 289 2467 Fami„
305 2438 349 2462 lib.
371 2439 442 2468 ΧΠ,
467 2445 490 2463 c.
510 2444 604 2462 xxxut.
622 2451 653 2456 -—
675 2439 683 2452 ⁴
706 2439 740 2462 td.
761 2439 793 2462 de
814 2439 881 2463 civit
905 2439 961 2468 Dei,

189 2474 234 2498 lib.
249 2474 332 2504 xxti,
347 2480 369 2497 c.
381 2479 430 2502 xx,
445 2473 476 2497 al.
493 2479 535 2497 nx
546 2492 553 2502 ,
567 2480 594 2497 n.
610 2474 633 2497 3.
647 2486 677 2491 —
693 2473 703 2490 ⁵
717 2474 789 2505 Bed.‚
803 2481 876 2504 super
892 2475 961 2502 Lan,

189 2509 217 2533 in
230 2509 274 2532 fin.
292 2522 319 2526 —
341 2509 350 2522 ὃ
363 2510 478 2539 August„
497 2510 570 2532 tract.
588 2514 662 2539 cxxi,
677 2515 704 2532 n.
720 2510 743 2532 5.
760 2522 786 2526 —
809 2510 816 2523 ⁷
831 2510 917 2540 Greg,
935 2510 961 2533 in

190 2544 298 2574 Evanq„
312 2544 380 2568 hom.
395 2549 474 2573 xxvi,
486 2550 514 2566 n.
528 2544 550 2567 δ.
563 2557 594 2561 -
608 2543 618 2559 ⁸
633 2543 718 2574 h'ebr.,
732 2549 768 2572 u,
786 2547 808 2567 1.
820 2557 850 2561 —
863 2545 872 2558 ⁹
883 2546 959 2575 Aug,

190 2579 234 2603 ubi
246 2585 300 2609 sup.
313 2592 339 2596 -
355 2578 376 2596 ¹⁰
393 2578 455 2602 thid.
466 2591 497 2596 -—
516 2579 533 2594 ¹·
547 2578 634 2609 Greg,
648 2580 673 2602 in
683 2579 789 2609 Evonq.,
805 2579 875 2603 hom.
889 2585 960 2610 xxvi,

713 154 925 187 EVANGELH
948 154 1089 187 SANCTI
1109 156 1272 189 JOANNtS

1016 223 1141 251 Thomas
1170 231 1240 251 eum
1263 224 1370 260 tetigit,
1393 225 1511 253 videtur
1534 225 1619 260 quod
1640 225 1791 254 debui-et

1018 268 1125 297 dixisse
1138 278 1145 296 :
1158 269 1232 303 Quia
1245 278 1294 298 me
1307 271 1435 306 tetigisti,
1445 271 1603 299 credidisti.
1619 270 1790 300 madismd

1015 315 1257 351 respondendum
1268 317 1432 346 secundum
1444 318 1640 353 Augus-tinum
1651 318 1662 334 ⁸
1671 319 1700 345 et
1708 317 1789 346 Glos-

1016 369 1090 395 sam,
1106 362 1188 397 quod
1206 372 1220 388 ι
1233 370 1335 390 sensus
1355 363 1435 392 visus
1457 363 1625 400 generalior
1640 366 1693 391 ast.
1717 363 1788 392 {deo

1017 408 1074 436 ait:
1089 408 1161 440 Quia
1179 408 1288 442 vidisti,
1301 416 1363 437 non
1377 409 1450 446 quia
1462 410 1589 445 tetigisti„
1606 410 1656 438 Vel
1666 409 1789 438 forsitan

1017 462 1077 482 non
1088 454 1142 482 fuit
1156 462 1244 482 ausus
1258 463 1327 483 eum
1337 458 1467 491 tangere,
1477 456 1531 484 sed
1542 455 1714 492 aspiciendo
1722 463 1788 484 αο-

1017 501 1114 528 didit:
1133 509 1218 529 «non
1234 501 1314 529 euim
1327 502 1470 537 scriptum
1481 503 1525 529 est
1538 511 1547 529 :
1564 502 1701 537 Ettetigit
1712 501 1789 531 ’Πιο-

1016 555 1091 580 mas,
1105 558 1120 573 ι
1135 551 1167 576 ut
1181 548 1222 576 ait
1234 548 1411 583 Augustinus
1422 549 1454 574 ¹⁰.
1467 548 1536 577 Ideo
1543 548 1695 584 sequitur:
1706 549 1788 577 tenu

1017 596 1066 629 qui
1085 602 1138 621 mn
1157 594 1301 628 viderunt,
1317 596 1343 621 et
1362 594 1547 628 crediderunt,
1568 602 1605 622 eo
1624 594 1710 630 quod
1724 602 1787 623 non

1016 640 1183 668 habuerunt
1196 639 1347 668 sensibilia
1360 640 1561 676 experimenta
1574 649 1582 667 ε
1596 640 1669 676 quia
1683 650 1699 666 ι
1710 640 1787 669 fidas

1017 694 1078 714 nou
1091 686 1182 714 habet
1194 686 1347 720 meritum,
1361 694 1430 714 oum
1443 686 1575 714 hnmana
1588 686 1664 714 ratio
1676 686 1790 723 prebet

1018 732 1267 768 experimentum,
1288 742 1301 757 ι
1326 734 1359 759 ut
1385 734 1428 760 est
1451 733 1532 768 apud
1557 733 1731 767 Gregorium
1755 734 1786 760 ²¹.

1018 778 1103 812 Quod
1117 781 1159 806 est
1168 777 1409 813 intelligendum,
1423 781 1457 806 ut
1469 778 1510 806 ait
1522 778 1604 806 idem
1617 778 1789 814 Gregorius,

1019 824 1056 852 de
1069 824 1196 860 perfecte
1210 824 1398 852 credentibus
1408 834 1417 851 .-
1430 824 1501 852 «llle
1514 825 1672 852 enimvero
1682 824 1787 859 credit,

1019 870 1070 906 qui
1085 872 1201 897 exercet
1219 869 1372 905 operando
1393 869 1477 905 quod
1496 870 1605 904 credit,
1618 881 1632 896 ι
1654 871 1697 898 ait
1709 870 1789 898 idm

1017 915 1174 950 Gregorius
1179 915 1251 942 ¹²2³«
1260 915 1345 943 Fides
1355 916 1434 943 enim
1447 916 1511 943 sine
1522 916 1663 952 operibns
1672 918 1790 944 mortun

1018 965 1069 991 est.
1081 973 1094 989 n
1110 963 1199 991 Aliter
1213 962 1250 990 de
1264 962 1338 991 falso
1353 962 1541 990 credentibus
1553 964 1574 980 ¹*
1590 971 1597 989 :
1614 972 1630 987 ι
1643 962 1789 990 oenfim-

1018 1011 1064 1037 tur
1076 1017 1108 1036 se
1121 1016 1207 1036 nosse
1222 1010 1326 1043 Deum,
1340 1009 1423 1036 saetis
1436 1011 1535 1036 autem
1545 1010 1664 1043 negant„
1675 1018 1691 1033 ιι
1707 1007 1789 1036 Unde

1019 1055 1056 1082 de
1082 1055 1268 1083 credentibus
1292 1057 1321 1082 et
1345 1062 1407 1083 nou
1433 1054 1640 1090 operantibus,
1667 1054 1790 1090 exponit

1017 1102 1172 1136 Gregorius
1186 1102 1207 1118 ¹⁵
1225 1101 1301 1129 illud
1315 1101 1335 1118 ¹⁶
1355 1110 1362 1128 :
1385 1111 1400 1126 ι
1411 1100 1589 1129 Absorbebit
1601 1100 1726 1128 fluvium
1735 1121 1746 1135 ,
1760 1103 1790 1128 et

1017 1155 1079 1175 non
1092 1147 1258 1180 mirabitur,
1273 1157 1287 1173 ι
1304 1147 1335 1174 id
1349 1150 1407 1181 est,
1427 1146 1563 1174 infideles
1578 1146 1718 1174 diabelus
1730 1146 1786 1175 ab·

1017 1194 1133 1228 sorbet,
1151 1203 1164 1219 α
1179 1196 1207 1221 et
1220 1193 1310 1221 habet
1322 1193 1482 1227 fiduciam,
1497 1192 1581 1228 quod
1591 1192 1730 1220 «Iordanis
1741 1193 1788 1220 in-

1017 1240 1089 1267 ssuat
1110 1241 1141 1267 in
1157 1248 1192 1268 os
1209 1241 1290 1275 ejus,
1308 1250 1322 1266 ι
1339 1240 1371 1268 id
1384 1243 1427 1268 ost
1445 1239 1596 1276 baptizati.
1610 1242 1644 1269 Et
1657 1239 1790 1268 ihibm

1019 1286 1055 1314 de
1069 1286 1136 1314 hoc.

1053 1333 1097 1360 30.
1112 1334 1145 1360 Et
1159 1332 1290 1368 sequitur
1303 1332 1442 1360 ultimum
1453 1341 1461 1360 ι
1473 1333 1563 1360 Multa
1577 1333 1684 1368 quiden
1695 1333 1790 1361 enlin

1017 1381 1106 1413 siqua.
1122 1380 1154 1406 tt
1164 1379 1204 1406 ait
1217 1379 1394 1413 Augustinus
1404 1378 1454 1413 ’ζα
1463 1378 1521 1406 hoe
1533 1378 1697 1414 capitulum
1707 1379 1788 1407 velut

1017 1425 1086 1452 libri
1094 1424 1185 1452 finem
1195 1424 1315 1452 indicat,
1325 1435 1338 1450 υ
1347 1426 1379 1452 L't
1386 1425 1466 1452 enim
1475 1424 1515 1452 ait
1523 1424 1787 1460 Chrysoun-⁶²⁸:

1022 1482 1033 1496 ει
1049 1471 1137 1506 Signa
1150 1479 1216 1506 quae
1227 1470 1334 1506 scripta
1343 1473 1411 1498 sunt
1422 1478 1484 1498 non
1499 1470 1669 1498 ambitionis
1682 1472 1788 1506 gratia,

1018 1517 1069 1544 sed
1089 1516 1219 1544 utilitatis
1234 1518 1358 1544 tantum.
1373 1527 1385 1541 ιι
1402 1516 1483 1543 Unde
1497 1516 1602 1551 quaerit
1615 1517 1788 1552 Chrysosto-

1017 1571 1083 1590 mus
1094 1563 1122 1597 ¹⁹,
1131 1570 1222 1599 quare
1229 1570 1291 1590 non
1298 1562 1399 1590 omnia
1405 1564 1472 1589 sunt
1483 1562 1610 1597 sci-lpta?
1617 1571 1631 1587 ι
1639 1563 1671 1590 Et
1680 1562 1720 1590 ad
1729 1562 1789 1590 hoe

1017 1609 1189 1645 respondet,
1201 1609 1284 1644 quod
1301 1616 1387 1644 «quae
1401 1610 1484 1635 erant
1497 1607 1671 1636 sufficientia
1682 1609 1790 1644 seript-

1017 1658 1084 1682 sunt
1098 1665 1106 1682 ε
1134 1654 1323 1687 sufficientia,
1341 1654 1482 1689 inquam,
1506 1661 1558 1680 eos
1577 1654 1722 1682 attrahere
1749 1654 1790 1682 ad

1017 1701 1118 1728 fidem.
1135 1703 1200 1728 Non
1221 1700 1323 1727 omnia
1336 1702 1436 1727 autem
1458 1701 1525 1727 sunt
1541 1700 1650 1736 scripta
1666 1702 1790 1736 propter

1016 1746 1250 1779 multitudinem,
1259 1755 1273 1772 ο
1297 1746 1368 1781 quia
1386 1756 1399 1770 α
1412 1753 1467 1773 nec
1484 1745 1614 1773 mundns
1626 1748 1758 1782 asperet,
1771 1756 1786 1772 ι

1017 1792 1135 1828 infra²⁰;
1149 1795 1177 1820 et
1197 1803 1211 1817 ιτ
1225 1793 1276 1828 qui
1289 1800 1352 1820 non
1364 1791 1456 1820 credit
1469 1791 1524 1824 his,
1539 1799 1607 1827 quae
1619 1791 1698 1820 dieta
1710 1795 1789 1826 sunt,

1017 1847 1115 1875 neque
1135 1839 1274 1874 pluribus
1296 1838 1442 1872 erederet,
1464 1838 1489 1865 si
1511 1840 1607 1866 essent
1630 1838 1747 1874 sera’pta.
1770 1848 1786 1864 n

1017 1887 1081 1913 naec
1095 1885 1155 1912 ille.
1178 1886 1213 1912 Et
1225 1884 1295 1920 quia
1308 1891 1371 1911 non
1384 1883 1503 1911 fuerunt
1513 1884 1589 1912 facta
1602 1884 1687 1920 signa
1699 1893 1790 1921 prop-

1016 1934 1060 1959 ter
1082 1930 1243 1966 discipulos
1264 1930 1376 1964 solum,
1391 1930 1445 1958 sed
1465 1929 1506 1957 ad
1522 1931 1657 1958 omnium
1677 1930 1789 1959 utilita-

1017 1981 1092 2010 tem,
1106 1977 1175 2004 ideo
1190 1976 1323 2012 sequitur
1343 1978 1379 2010 (v.
1395 1977 1438 2010 3¹)
1457 1986 1463 2003 :
1481 1977 1545 2004 Hoec
1555 1978 1659 2011 scripta
1672 1980 1747 2011 sunt,
1757 1980 1790 2004 ιιι

1017 2024 1132 2051 credatis
1141 2043 1152 2056 ‚
1168 2024 1234 2058 quia
1244 2023 1321 2050 Jesus
1336 2025 1372 2050 est
1381 2023 1454 2056 filius
1463 2023 1529 2056 Dei,
1541 2024 1570 2050 et
1576 2022 1707 2058 perfecta
1716 2022 1788 2058 fide,

1017 2073 1049 2098 ut
1065 2071 1175 2098 dictum
1191 2072 1233 2097 est
1248 2079 1255 2097 :
1269 2071 1305 2097 Et
1323 2072 1354 2096 ut
1369 2069 1520 2103 credentes,
1534 2070 1563 2096 et
1574 2068 1606 2096 in
1617 2068 1678 2096 fide
1690 2076 1790 2104 perne·

1020 2119 1164 2151 verantes,
1177 2118 1262 2143 vitam
1274 2116 1395 2142 habeatis
1411 2117 1441 2142 in
1455 2117 1561 2142 nornine
1570 2115 1637 2149 ejus.
1647 2115 1769 2150 Supra*
1777 2125 1787 2143 :

1021 2174 1034 2188 a
1047 2163 1102 2196 Qui
1116 2162 1209 2190 credit
1227 2162 1258 2189 in
1271 2169 1339 2195 me,
1358 2162 1383 2188 si
1400 2163 1536 2189 mortuus
1550 2160 1654 2193 suerit,
1673 2161 1760 2189 vivet..
1769 2172 1785 2187 ι

1017 2211 1049 2237 Et
1063 2210 1142 2244 patet
1153 2208 1201 2236 hic
1214 2207 1438 2235 salvificusfinis
1451 2214 1540 2234 sacrae
1552 2206 1790 2235 docuinaeevan-

1017 2254 1127 2290 gelicae,
1143 2261 1211 2290 quae
1224 2255 1267 2281 est
1281 2253 1423 2280 assecutio
1437 2252 1503 2279 vitae
1516 2254 1640 2280 aeternae.
1649 2252 1788 2285 Quamvis

1017 2301 1095 2329 enim
1114 2301 1168 2328 iste
1189 2300 1225 2327 sit
1246 2299 1314 2326 finis
1337 2298 1426 2326 totius
1442 2298 1596 2334 Seripmrae
1614 2296 1638 2314 ²⁸
1651 2307 1660 2325 :
1675 2308 1691 2324 ι
1703 2299 1787 2332 Qw

1017 2396 1042 2413 n.
1062 2391 1082 2412 t.
1098 2402 1128 2406 —
1144 2388 1251 2418 ¹²1bid.,
1265 2394 1292 2411 n.
1310 2388 1334 2410 9.
1347 2400 1379 2404 —
1395 2387 1415 2403 ²⁸
1431 2387 1494 2417 lac„
1509 2392 1544 2416 u,
1560 2388 1599 2410 2⁰.
1617 2399 1645 2404 —
1660 2386 1679 2401 ¹⁸
1692 2385 1751 2414 m..
1765 2390 1784 2415 1,

1019 2426 1087 2449 16.-
1106 2425 1124 2441 ¹⁵
1137 2425 1225 2455 Greg.‚
1239 2423 1284 2446 ubi
1294 2429 1384 2453 sup.-
1398 2422 1417 2436 ¹⁶
1430 2421 1484 2450 lob,
1494 2427 1538 2452 Π,
1554 2422 1621 2445 ³8.—-
1636 2421 1657 2437 ¹²
1667 2421 1784 2452 August,

1015 2461 1089 2483 tract,
1109 2465 1193 2489 cun,
1207 2465 1234 2482 n.
1250 2460 1272 2482 ἱ.
1290 2471 1316 2475 -
1336 2458 1357 2474 ¹⁵
1373 2457 1514 2488 Chrysost,
1531 2456 1575 2480 ubi
1592 2462 1660 2486 sup„
1673 2462 1700 2479 ιι
1714 2456 1739 2479 2.
1753 2468 1785 2473 —

1017 2496 1037 2511 ¹⁹
1057 2494 1120 2518 lbid.
1141 2507 1172 2512 —
1194 2495 1218 2510 ἱ·
1238 2493 1296 2522 lin,
1314 2498 1375 2523 xxx,
1394 2494 1434 2516 25.
1453 2505 1484 2509 —
1501 2492 1522 2509 ²¹
1540 2491 1614 2522 Sap„
1633 2496 1677 2520 n,
1695 2492 1735 2515 2⁵.
1752 2503 1784 2508 —

1016 2530 1035 2546 2²
1049 2530 1124 2558 Rom,
1142 2535 1186 2559 Π,
1201 2530 1224 2552 t.

1048 2579 1080 2607 (a)
1097 2578 1156 2602 Caet.
1172 2577 1232 2601 edit.
1247 2577 1351 2601 Videris.
1365 2588 1395 2595 —
1411 2575 1446 2606 (ὸ)
1461 2575 1522 2599 nem
1535 2576 1659 2605 tanquam
1675 2574 1782 2605 aceepit„
