1987 3032
232 219 290 248 40⁵2

230 286 349 311 nostram
363 284 456 310 tollis?
478 282 586 309 scilieet
602 282 630 309 in
648 281 824 316 suspicione,
842 281 869 307 et
887 278 999 306 detines

229 329 424 358 absconsione
435 329 571 356 veritatis.
589 327 667 355 Unde
680 325 873 362 Augustinus¹
891 335 896 352 ;
911 335 924 350 «
936 326 999 352 Non

229 377 379 404 veritatem
395 375 612 407 desiderabant,
628 374 680 401 scd
695 373 874 401 calumniam
888 379 999 408 pra‘pa-

229 424 342 450 rabant.
360 433 372 448 ι)
395 423 424 449 δι’
440 425 468 448 ιιι
484 429 508 448 es
524 421 660 454 Clu-istus,
676 420 785 447 scilicet
800 418 912 446 Messias
930 425 998 453 pro·

228 470 343 503 missus,
359 470 400 496 (lic
415 469 488 495 nohis
501 469 603 503 palatii.
621 468 652 494 Ut
672 466 750 494 enim
766 466 805 493 uit
823 465 933 498 Glossa,
951 472 998 490 ca-

228 516 371 544 lumniam
399 514 622 550 proeparabant,
644 515 674 540 ut
699 513 721 540 si
751 512 860 539 diceret
883 518 913 538 se
937 518 998 537 esse

227 571 339 597 regem,
355 563 457 589 contra
472 562 632 595 Augustum
648 559 801 586 facientem
822 566 890 585 eum
906 556 999 584 trade-

227 611 305 642 rent,
328 611 380 635 ete.
405 609 437 635 Et
461 609 492 634 ut
518 607 557 634 ait
582 604 785 641 Augustin1152,
813 604 933 631 sortasse
962 602 998 629 dc

227 655 337 683 Christo
353 654 517 681 secundum
534 653 684 680 hominem
706 651 870 687 sapiebant,
895 657 996 677 seeun-

227 701 300 729 dum
315 701 497 728 divinitatem
512 707 572 727 non
587 698 800 733 intelligebant.

261 750 306 776 25.
327 749 359 775 Et
380 747 511 782 sequitur
531 745 684 781 responsio
709 743 884 777 salvatoris3
912 744 939 769 et
957 742 1000 769 ibi

227 795 307 822 duo:
325 794 434 829 primo,
455 793 519 828 ipsa
542 791 710 827 responsio3
736 790 879 823 secundo,
900 788 998 823 cujus-

227 841 297 869 dam
312 840 380 868 dicti
395 839 543 875 probatio,
559 838 600 865 ibi
611 840 621 855 ³
638 847 643 865 :
661 839 720 865 Non
734 839 834 871 rapiet,
851 838 905 863 ete.

261 888 306 916 Ait
320 895 391 921 ergo
408 897 414 914 z
432 886 579 920 Respondit
596 887 634 912 eis
648 885 722 911 Jesus
734 893 739 909 :
753 884 857 917 Loquor
873 883 957 915 vobis,
974 885 997 908 et

226 944 277 962 non
292 934 410 961 creditis.
429 934 460 959 L‘t
475 932 553 959 enim
570 931 608 958 ait
621 930 732 963 Glossa,
748 929 803 965 ipsi
819 928 999 956 calumniam

226 980 446 1016 praeparaba11t;
470 978 521 1005 sed
543 979 624 1005 Jesus
649 977 791 1012 temperat
812 983 998 1010 responsum,

226 1030 256 1054 ut
272 1035 325 1054 nec
344 1026 401 1053 illis
416 1026 451 1052 sit
465 1025 547 1052 loeus
563 1023 727 1054 calumniae,
751 1024 778 1049 et
793 1021 932 1048 fidelibus
948 1029 999 1056 ap-

226 1075 327 1109 pareat
342 1072 423 1108 quod
438 1072 499 1107 ipse
513 1071 548 1097 sit
561 1070 688 1098 Christus
701 1079 707 1096 ε
727 1069 814 1103 Opera
827 1076 884 1102 (111ae
899 1076 944 1101 eqo
956 1069 999 1100 fu-

226 1123 265 1147 cz'o
289 1122 318 1146 in
340 1120 445 1146 nomine
466 1119 554 1153 patris
580 1119 640 1150 mei,
665 1119 729 1150 etcu,
755 1116 828 1142 sicut
847 1122 936 1150 supra
957 1115 999 1140 cst

225 1165 407 1202 protestans-²
432 1174 438 1191 ;
460 1175 473 1189 (ι
493 1165 586 1199 Opera
608 1171 674 1198 quae
693 1170 748 1197 ego
774 1161 849 1189 facio
870 1160 999 1188 testimo-

226 1212 308 1239 nium
330 1211 485 1246 perhibent
512 1210 549 1236 de
572 1218 635 1243 ine,
661 1219 674 1234 »
701 1208 783 1244 quod
804 1215 870 1234 sum
891 1206 999 1233 seilicet

225 1260 353 1287 Christus<
372 1259 449 1286 filius
471 1258 520 1285 Dei
542 1258 612 1290 vivi,
634 1257 708 1284 sicut
732 1258 830 1283 Petrus
855 1256 896 1281 est
915 1256 999 1281 testa-

227 1309 271 1334 tus
291 1307 312 1333 ⁵.
336 1305 422 1339 Infra,
445 1305 569 1332 eodem⁶
590 1313 596 1330 :
622 1314 635 1328 u
653 1303 784 1337 Operibus
814 1302 925 1328 credite.

261 1355 305 1380 26.
318 1354 348 1380 Et
360 1351 496 1388 quamvis
511 1351 551 1378 ita
562 1350 663 1377 fuerit:
678 1351 729 1376 Vos
739 1357 789 1375 mm
802 1349 997 1381 credilis,(s1u'a

225 1408 276 1428 nou
288 1401 351 1427 estis
358 1407 390 1426 ecc
398 1400 488 1426 ovibus
499 1400 572 1425 meis.
583 1396 638 1424 Sed
647 1395 774 1432 qualiter
784 1395 840 1421 hoc
849 1394 889 1421 ait
899 1394 911 1420 ’ἲ
927 1393 998 1428 quia

226 1446 308 1482 prius
321 1449 363 1474 est
377 1446 496 1473 eredere
519 1443 682 1472 seeundum
698 1441 888 1474 intellectum,
907 1448 997 1475 quam

226 1502 287 1520 esse
302 1501 382 1526 oves,
399 1492 468 1527 quia
484 1490 633 1518 credendo
654 1488 729 1515 fiunt
744 1496 823 1515 oves,
848 1489 922 1519 Ergo
937 1494 997 1512 nou

225 1539 356 1574 sequitur
382 1538 457 1565 illud
485 1536 567 1572 quod
593 1536 631 1563 ait
656 1544 662 1561 z
691 1535 749 1562 Non
775 1533 886 1560 creditis
899 1554 905 1565 ‚
931 1534 998 1566 qula

225 1594 276 1612 non
297 1587 359 1612 estis
375 1593 408 1612 ew
426 1585 528 1611 ovibus.
551 1584 582 1609 Et
601 1582 639 1609 ad
663 1580 739 1608 istud
754 1578 997 1614 respondendum

226 1631 389 1659 secundum
417 1629 611 1664 Augustinum
626 1629 652 1661 7,
681 1627 762 1662 quod
792 1633 894 1652 sensus
924 1627 964 1651 est
989 1633 994 1650 :

230 1679 349 1714 «Supra
364 1677 516 1710 didicistis,
533 1684 598 1711 quae
617 1676 683 1701 sunt
704 1681 774 1700 oves
789 1682 794 1699 :
819 1674 907 1698 estote
927 1679 997 1705 ergo

226 1734 306 1752 oves.
323 1723 476 1751 Credendo
493 1722 571 1749 enim
586 1723 614 1748 et
628 1719 780 1755 sequendo
795 1720 955 1753 pastorem,
971 1719 999 1744 et

227 1771 374 1805 intrando,
391 1772 458 1797 sunt
472 1777 551 1797 oves,
568 1770 599 1795 Et
613 1767 683 1803 quia
698 1766 770 1793 vidit
784 1766 853 1792 istos
869 1764 907 1792 ad
923 1764 997 1791 inte-

226 1819 313 1846 ritum
324 1817 555 1854 praedestinatos,
567 1823 627 1842 non
638 1814 676 1842 ad
688 1814 788 1846 vitam,
799 1820 859 1839 non
870 1812 910 1838 sic
926 1811 995 1838 ait.»

261 1866 306 1892 ⁹27.
324 1864 403 1892 Unde
423 1863 554 1898 sequitur
570 1871 575 1888 :
595 1862 660 1888 Ores
674 1868 738 1887 meze
751 1867 838 1886 vocem
854 1866 939 1885 meam
952 1866 999 1884 au-

227 1913 317 1946 diunt,
331 1911 440 1938 seilicet
453 1910 630 1937 documenta
644 1915 712 1935 mea
726 1905 876 1933 audiendo
891 1906 918 1932 et
936 1912 998 1930 cre-

227 1958 342 1991 dendo,
368 1961 392 1984 et
408 1965 452 1991 990
469 1963 581 1990 agnosco
597 1962 650 1988 eas,
667 1953 699 1980 id
719 1955 760 1980 est
775 1951 972 1987 approbando
990 1960 996 1976 :

226 2012 313 2032 snum
328 2004 406 2031 enim
422 2010 592 2038 agnoscere,
608 2003 650 2028 est
671 2008 756 2026 suum
773 1997 951 2034 approbare,
967 1999 999 2023 ut

228 2051 339 2078 dictum
354 2052 396 2077 est
409 2047 527 2085 supra.⁸
542 2058 555 2073 (ι
569 2047 640 2075 Novi
651 2049 677 2074 te
694 2054 729 2073 ex
745 2045 875 2072 nomine.
893 2044 999 2070 »Else-

226 2101 347 2132 quuntar
365 2105 419 2130 me,
443 2095 597 2123 imitando.
617 2105 629 2118 «
650 2092 748 2121 Gloria
770 2091 867 2119 eni1n⁹
890 2097 999 2124 magna

226 2146 268 2171 est
283 2143 366 2178 sequi
383 2142 547 2170 Dominum.
564 2151 576 2166 n

263 2192 306 2217 28.
319 2190 355 2216 Et
370 2197 415 2223 eqo
429 2191 511 2216 vitam
523 2191 648 2214 oeteruam
656 2186 689 2212 do
702 2187 749 2219 ets,
762 2183 954 2219 praemiando.
964 2183 999 2209 Ec

228 2245 279 2263 uon
293 2237 415 2270 peribunt
431 2238 459 2262 in
475 2237 611 2267 aeternum,
626 2241 643 2260 a
656 2232 716 2259 vita
729 2232 837 2258 aeterna
851 2229 996 2256 cadendo.

230 2284 322 2318 Supra
334 2283 352 2299 ¹⁰
369 2292 374 2309 ε
393 2292 405 2307 «
416 2281 588 2313 Procedent,
603 2280 654 2315 qni
668 2278 749 2305 bona
763 2279 894 2311 egerunt,
910 2276 940 2302 in
955 2283 999 2302 re-

228 2329 438 2356 surrectionem
450 2329 531 2362 vitae;
544 2326 594 2363 qui
605 2325 694 2359 mala,
710 2326 739 2352 in
754 2321 999 2351 resurrectionem

226 2375 338 2410 judicii.
355 2386 368 2401 »
386 2377 417 2402 Et
431 2375 531 2402 subdit
544 2373 630 2408 hujus
644 2371 851 2408 probationem
869 2378 874 2395 :
893 2370 927 2395 Et
949 2377 1000 2395 non

228 2423 317 2456 rapiet
332 2429 374 2448 eas
394 2423 537 2456 quisquam
552 2421 584 2447 de
601 2427 682 2446 manu
696 2426 754 2445 mea
777 2426 783 2444 z
805 2415 889 2452 quasi
904 2415 997 2449 dicat,

260 2482 268 2498 ¹
284 2483 358 2512 Aug„
377 2481 421 2504 nbi
441 2488 507 2511 sup,
527 2488 552 2504 n.
576 2481 598 2503 3.
613 2492 640 2496 —
662 2479 672 2494 ²
694 2478 797 2501 lbid.—
814 2475 824 2492 ³
843 2474 900 2506 ins„
920 2476 998 2499 28.-

227 2517 237 2533 ⁴
252 2518 323 2547 Sup.‚
341 2523 364 2546 Υ,
379 2518 418 2539 36.
437 2529 466 2533 ——
485 2517 495 2532 5
510 2515 610 2543 Mauh„
629 2520 686 2542 ΧΠ,
709 2515 745 2537 16.
761 2525 791 2530 ·—
811 2512 819 2525 ⁶
838 2510 894 2540 inf„
914 2512 952 2534 38.
968 2523 998 2527 -

230 2553 326 2583 ⁷Aug.,
349 2552 390 2575 ubi
415 2559 482 2582 sup.‚
503 2558 528 2574 n.
553 2552 575 2574 4.
594 2563 625 2567 —
646 2551 654 2563 ¹⁵
676 2548 769 2577 Exod.‚
790 2551 890 2575 sxxm,
914 2547 951 2569 12.
967 2558 998 2562 —

227 2589 235 2601 ⁹
254 2588 343 2618 Eccli„
362 2592 442 2616 xxiii,
458 2588 495 2609 35.
512 2598 542 2602 -
565 2586 582 2600 ¹⁰
602 2586 675 2614 Sap„
689 2590 712 2613 v,
728 2584 768 2607 29.
785 2595 816 2600 -
830 2582 850 2597 ¹¹
864 2582 939 2611 Aug„
954 2580 997 2604 ubi

226 2629 292 2653 sup„
309 2629 335 2646 n.
352 2623 377 2645 6.
391 2634 420 2640 -
436 2622 455 2637 ¹²
469 2622 547 2650 Rom,
563 2626 623 2649 vni,
638 2621 676 2643 29.
693 2631 723 2636 -
738 2618 758 2634 ¹³
771 2618 853 2646 Joa71.,
871 2622 941 2645 xvxi,
959 2618 995 2640 12.

227 2671 256 2675 —-
276 2659 293 2674 ¹⁸
307 2660 382 2688 Aug„
397 2657 457 2681 ibid.
472 2669 501 2674 --
520 2657 539 2672 ¹⁵
560 2655 635 2685 ibid„
655 2662 680 2678 n.
698 2655 719 2677 ἲ.
736 2653 876 2681 —151sa.,
895 2657 954 2681 Lm,
972 2655 992 2676 i.

750 210 961 245 EVANGELH
985 207 1127 239 SANGTJ
1150 208 1312 241 JOANNtS

1055 276 1094 302 ait
1109 276 1285 310 Augustinus
1294 277 1313 297 ¹¹
1331 286 1337 305 :
1353 288 1366 303 «
1381 277 1457 311 Quid
1472 279 1513 305 est
1528 277 1628 314 lupus,
1644 278 1692 306 vel
1708 278 1764 312 sur,
1778 280 1826 308 vel

1054 321 1129 349 latro
1141 323 1154 348 't
1168 330 1230 350 non
1243 323 1371 359 perdunt
1385 324 1439 351 nisi
1457 324 1495 352 ad
1510 324 1659 353 interitum
1677 325 1827 361 praedesti-

1055 370 1147 395 natos.
1166 370 1202 396 De
1218 369 1274 396 illis
1290 372 1387 397 autem
1402 371 1551 405 omnibus,
1567 371 1603 399 de
1615 371 1725 408 quibus
1736 376 1826 408 Apos-

1055 414 1180 442 toltis¹².·
1205 416 1310 449 «Quos
1332 417 1489 451 praescivit,
1514 418 1568 445 hos
1592 420 1619 445 et
1640 418 1765 453 praedest
1777 426 1827 446 na-

1055 461 1104 494 vit,
1120 472 1132 486 n
1152 461 1250 489 nullus
1264 462 1338 497 perit
1354 463 1401 498 (a).
1418 474 1431 489 ι)
1454 464 1559 491 lnsra¹³
1576 473 1582 491 ι
1602 474 1614 489 υ
1630 466 1720 492 Nemo
1743 464 1828 500 periit

1055 514 1089 533 ex
1101 507 1157 541 liis,
1169 516 1244 543 quos
1255 508 1361 535 dedisti
1371 509 1453 543 mihi,
1464 510 1519 537 nisi
1530 510 1606 538 filius
1618 510 1800 547 perditionis.
1810 521 1824 537 π

1089 554 1133 580 ⁶29.
1151 555 1183 581 Et
1203 554 1287 589 quasi
1302 554 1438 582 redderet
1453 563 1572 584 causam
1583 578 1591 590 ,
1607 557 1726 585 subdit:
1747 558 1827 584 Pater

1053 608 1125 626 meus
1142 601 1212 634 quod
1228 601 1304 628 dedic
1321 602 1397 635 mihi,
1418 602 1505 636 majus
1519 603 1639 630 omnibus
1653 606 1702 637 est,
1718 603 1827 631 seilicet

1054 648 1085 673 ut
1099 646 1153 673 siin
1170 646 1297 674 Verbum
1313 647 1385 682 ejus,
1405 659 1417 672 α
1434 648 1602 683 unigenitus
1621 649 1692 684 ejus,
1708 660 1722 676 u
1741 651 1772 677 ut
1785 650 1826 678 ait

1054 693 1259 727 Augustinus*
1275 702 1280 720 :
1297 705 1309 717 «ι
1322 694 1409 721 Filius
1422 694 1501 722 enim
1517 694 1553 722 de
1564 697 1645 722 Patre
1657 696 1742 729 Deus,
1757 696 1826 724 ideo

1054 739 1204 773 gignendo
1219 739 1299 767 dedit
1317 742 1348 767 ut
1362 741 1435 768 Deus
1455 743 1539 775 esset,
1561 743 1592 768 ut
1611 743 1772 770 coaeternus
1785 750 1827 770 es-

1054 789 1106 819 set,
1122 788 1151 813 ut
1165 786 1285 821 aequalis
1301 789 1384 814 esset.
1402 789 1431 814 Et
1445 787 1502 814 hoc
1518 789 1559 814 est
1573 788 1657 823 quod
1672 788 1768 824 majus
1785 791 1827 816 est

1054 832 1204 866 omnibus,
1220 833 1302 868 quod
1316 832 1406 860 dedit.
1428 844 1440 859 »
1458 835 1490 860 Et
1506 834 1545 861 ita
1562 844 1574 859 «
1590 834 1695 862 eadem
1710 842 1824 868 manus,

1053 879 1084 906 id
1100 882 1150 913 est,
1166 882 1294 915 potestas
1309 881 1352 908 sui
1368 882 1395 908 et
1410 881 1508 908 Patris.
1533 880 1602 908 Ideo
1621 889 1708 908 nemo
1731 882 1827 917 potest

1053 934 1156 961 rapere
1165 926 1201 953 de
1211 934 1302 954 mann
1312 927 1411 961 Patris,
1423 937 1436 952 r>
1447 927 1486 954 ait
1496 926 1673 961 Augustinus
1682 927 1755 954 ¹⁸³⁶«
1763 928 1827 955 Bra-

1053 972 1152 1001 chium
1162 973 1287 1007 Domini,
1298 974 1344 1001 cui
1352 974 1513 1001 revelatum
1523 977 1565 1001 est
1574 973 1770 1009 ?»¹⁷«1‹·iat(b),
1781 973 1826 1001 in<

1054 1027 1155 1054 quam,
1172 1028 1276 1048 manus
1293 1022 1358 1053 tua,
1381 1023 1410 1047 ut
1431 1020 1524 1047 salvet
1541 1028 1599 1047 me.
1615 1030 1629 1046 »

1090 1068 1132 1093 30.
1147 1068 1219 1093 Etne
1229 1066 1295 1101 quis
1305 1066 1413 1093 diceret
1422 1066 1455 1102 (c)
1467 1066 1550 1100 Filio,
1559 1066 1640 1101 quod
1654 1066 1826 1094 essetimbe-

1053 1112 1136 1146 cillis,
1147 1113 1212 1140 licet
1221 1121 1280 1140 non
1290 1115 1388 1149 posset
1396 1113 1461 1148 quis
1471 1120 1574 1148 rapere
1583 1113 1620 1140 de
1629 1121 1719 1140 manu
1725 1112 1826 1147 Patris,

1053 1158 1127 1186 sicut
1144 1159 1295 1186 continuat
1310 1159 1537 1194 Chrysostomus
1548 1159 1580 1193 ¹⁸,
1590 1159 1659 1187 ideo
1672 1159 1804 1195 sequitur
1817 1168 1823 1186 ;

1053 1206 1108 1238 Εῃο
1124 1209 1148 1232 et
1159 1207 1238 1232 Pater
1248 1214 1329 1232 unum
1342 1213 1444 1238 sumus,
1453 1205 1616 1233 secundum
1629 1205 1763 1233 virtutem
1775 1214 1781 1232 ι
1798 1207 1827 1232 et

1053 1251 1077 1278 si
1090 1251 1179 1278 virtus
1204 1252 1326 1286 eadem,
1351 1252 1536 1279 manifestum
1561 1252 1642 1287 quod
1664 1251 1827 1280 substantia

1054 1298 1169 1332 eadem,
1181 1298 1221 1325 ait
1233 1298 1312 1325 idem
1323 1298 1549 1333 Chrysostomus
1558 1297 1588 1325 ¹⁹.
1601 1299 1695 1333 Supra
1707 1297 1729 1315 ²⁰
1745 1307 1775 1324 :a
1785 1297 1826 1326 Si-

1054 1346 1102 1371 cut
1116 1346 1198 1371 Pater
1212 1344 1298 1372 habet
1312 1345 1403 1372 vitam
1418 1344 1449 1372 in
1468 1344 1641 1380 semetipso,
1656 1345 1697 1372 sie
1712 1347 1739 1372 et
1753 1344 1825 1372 Filio

1054 1390 1144 1417 dedit.
1167 1401 1180 1417 n
1208 1390 1313 1419 1nfra'21
1336 1400 1342 1418 :
1363 1393 1474 1418 «Pater
1494 1391 1524 1418 in
1545 1399 1593 1418 me
1616 1399 1740 1418 manens
1758 1390 1827 1418 facit

1054 1444 1153 1472 opera.
1170 1447 1184 1462 n
1202 1437 1259 1465 Sed
1281 1437 1420 1473 quaeritur
1434 1437 1471 1465 de
1487 1438 1543 1465 hoc
1559 1437 1642 1473 quod
1661 1437 1701 1465 ait
1716 1447 1722 1464 :
1744 1438 1826 1466 Nemo

1054 1486 1127 1518 rupit
1139 1484 1259 1511 «lemauu
1270 1476 1340 1511 r'nea:
1352 1485 1422 1519 quia
1432 1492 1532 1519 supra,
1542 1484 1649 1511 eodem
1656 1482 1688 1518 ²2,
1700 1483 1824 1511 dicitur:

1054 1531 1146 1564 Lupus
1160 1533 1232 1557 venit
1249 1533 1274 1557 et
1288 1532 1421 1565 dispergit
1436 1538 1505 1564 oves,
1520 1538 1586 1566 quae
1600 1532 1698 1558 tamen
1713 1532 1781 1557 sunt
1794 1530 1825 1557 in

1054 1576 1190 1603 inanibus
1204 1576 1251 1604 Dei
1265 1586 1273 1603 .·
1287 1577 1357 1612 quia
1373 1576 1512 1604 diabolus
1531 1576 1674 1612 dispergit
1688 1576 1718 1604 in
1738 1576 1826 1604 luxu—

1052 1623 1127 1650 riam
1143 1626 1170 1650 et
1184 1623 1214 1649 in
1229 1623 1394 1657 avaritiam,
1410 1623 1448 1650 ait
1463 1623 1504 1650 ibi
1525 1623 1712 1657 Augustinus.
1727 1624 1749 1640 ²³¹
1765 1632 1779 1648 «
1795 1625 1826 1651 In

1054 1677 1144 1696 mann
1170 1669 1249 1696 enim
1268 1669 1346 1696 illius
1369 1677 1480 1702 sumus,
1503 1671 1529 1696 et
1550 1677 1605 1696 nos
1627 1671 1655 1696 et
1676 1676 1827 1697 sermones

1054 1715 1154 1742 nostri.
1172 1725 1185 1741 n
1209 1717 1277 1743 item
1287 1716 1308 1731 ᾗ
1329 1725 1335 1742 z
1362 1726 1375 1740 «
1389 1717 1537 1743 Justornm
1560 1716 1665 1743 animae
1679 1715 1710 1743 in
1733 1722 1824 1744 manu

1055 1762 1103 1789 Dei
1118 1764 1194 1789 sunt.
1211 1773 1224 1788 »
1242 1764 1316 1797 Ergo
1339 1761 1438 1789 nullus
1453 1762 1504 1797 qui
1519 1764 1560 1789 est
1574 1764 1691 1789 sanctus
1714 1761 1827 1797 absque

1054 1811 1185 1843 peccato,
1201 1810 1296 1844 potest
1315 1808 1421 1844 perire,
1437 1816 1491 1835 nec
1512 1808 1576 1843 rapi
1598 1807 1635 1835 de
1655 1816 1747 1835 manu
1766 1808 1825 1835 Dei.

1054 1856 1135 1888 Item,
1151 1856 1175 1881 si
1190 1855 1296 1890 aliquis
1308 1855 1403 1890 justus
1417 1857 1520 1890 peccat
1534 1854 1581 1882 vel
1603 1854 1688 1890 perit,
1710 1854 1828 1882 videtur

1055 1909 1117 1928 esse
1132 1909 1167 1928 ex
1186 1901 1359 1936 impotentia
1373 1901 1432 1928 Dei.
1450 1902 1482 1928 Et
1495 1900 1533 1928 ad
1548 1900 1625 1928 istud
1640 1903 1682 1928 est
1702 1908 1826 1937 respon-

1055 1947 1187 1974 dendum
1197 1947 1361 1974 secundum
1368 1947 1563 1982 Augustinum
1570 1948 1604 1982 2⁵,
1612 1947 1695 1982 quod
1707 1947 1828 1975 «deillis

1056 1994 1173 2028 ovibus,
1189 2002 1255 2029 quae
1269 1996 1336 2021 sunt
1354 1993 1565 2029 praedestinatae
1583 1993 1622 2020 ad
1643 1993 1750 2027 vitam,
1772 2001 1827 2021 nec

1055 2039 1143 2075 lupus
1156 2040 1243 2075 rapit,
1259 2047 1314 2067 nec
1327 2040 1374 2067 t'ur
1387 2039 1472 2071 tollit,
1488 2047 1542 2067 nee
1559 2039 1635 2067 latro
1650 2039 1795 2075 interficit,
1811 2050 1824 2065 ι)

1055 2086 1162 2114 seilicet
1173 2086 1317 2114 finaliter:
1337 2096 1351 2112 «
1366 2094 1485 2113 securus
1501 2086 1580 2113 enim
1595 2089 1637 2114 est
1651 2086 1688 2114 de
1702 2094 1828 2114 numero

1056 2141 1169 2167 eorum,
1186 2133 1236 2169 qui
1248 2141 1302 2168 pro
1317 2133 1358 2160 eis
1367 2133 1449 2160 novit
1464 2132 1537 2168 quid
1557 2133 1647 2160 dedit.
1664 2142 1678 2158 »
1695 2134 1758 2160 Haec
1769 2135 1828 2160 Au-

1055 2179 1198 2214 gustinus.
1215 2180 1271 2206 Etsi
1285 2187 1355 2214 ergo
1376 2178 1528 2214 rapiantur
1542 2179 1635 2214 aliqui
1656 2186 1674 2206 a
1695 2178 1827 2214 diabolo,

1056 2227 1107 2261 qui
1122 2228 1204 2253 erant
1218 2226 1248 2253 in
1268 2233 1359 2253 manu
1373 2225 1499 2258 Domini,
1519 2225 1683 2252 seeundum
1700 2233 1828 2261 praesen-

1055 2274 1114 2300 tem
1126 2273 1278 2307 justitiam,
1295 2272 1325 2299 id
1339 2279 1400 2299 non
1414 2273 1456 2298 est
1470 2279 1505 2298 ex
1521 2271 1694 2307 impotentia
1705 2272 1755 2299 Dei
1765 2279 1829 2299 eus-

1056 2319 1203 2353 todientis,
1218 2319 1270 2346 sed
1291 2326 1327 2346 ex
1350 2318 1491 2345 labilitate
1514 2320 1541 2345 et
1558 2318 1725 2346 infirmitate
1741 2317 1828 2346 liberi

1055 2365 1168 2393 arbitrii
1183 2364 1354 2393 deficientis.
1370 2364 1466 2392 Gratia
1480 2364 1558 2392 enim
1573 2366 1615 2392 est
1628 2364 1703 2392 sicut
1715 2371 1811 2392 sessor
1816 2373 1825 2398 3

1057 2468 1082 2472 —
1101 2456 1118 2471 ¹⁷
1132 2455 1200 2479 Psal.
1213 2460 1304 2485 cxviii,
1324 2457 1374 2479 173.
1387 2468 1418 2473 —
1435 2455 1452 2469 ¹⁵
1465 2455 1604 2486 Chrysost..
1620 2453 1663 2477 ubi
1678 2460 1745 2484 sup„
1760 2459 1785 2476 n.
1801 2455 1824 2477 2.

1055 2504 1084 2508 —
1101 2493 1120 2507 ¹⁴³
1141 2491 1201 2515 ibid.
1218 2504 1248 2508 —-
1267 2491 1287 2508 ²⁰
1302 2490 1372 2521 Sap.y
1393 2497 1417 2521 v,
1437 2492 1477 2515 26.
1493 2503 1520 2507 -
1542 2490 1562 2506 ¹¹
1583 2489 1640 2520 inf„
1659 2494 1712 2519 xw,
1734 2490 1773 2512 10.
1796 2501 1823 2505 —

1055 2527 1075 2541 ²2
1092 2529 1165 2557 sup„
1183 2528 1218 2551 12.
1234 2539 1261 2543 -
1275 2526 1296 2542 ²³
1311 2526 1379 2557 Saia,
1395 2532 1447 2556 vn,
1470 2528 1505 2550 16.
1521 2538 1549 2543 -
1565 2525 1582 2539 ²⁴
1604 2524 1678 2555 ibid„
1696 2530 1739 2555 ιιι,
1757 2527 1778 2549 ¹.
1796 2537 1824 2541 —-

1056 2564 1076 2579 es
1090 2565 1165 2593 Aug..
1184 2563 1226 2586 ubi
1243 2569 1310 2592 ξυμ,
1325 2569 1350 2585 n.
1367 2565 1389 2586 ti.

1085 2620 1120 2647 (a)
1136 2619 1196 2641 ezel.
1216 2616 1276 2640 edic.
1295 2616 1378 2646 periit.
1392 2628 1422 2633 ·-
1441 2615 1473 2645 (b)
1489 2615 1549 2638 Item
1565 2615 1626 2638 Fiet.
1642 2627 1672 2632 —
1688 2615 1718 2646 (c)
1735 2614 1824 2646 Suppl.

1053 2654 1093 2677 de.
