1987 3032
245 231 260 260 1
266 230 304 262 18

244 295 319 326 foris
347 296 381 326 in
408 295 505 326 bivio.
521 306 536 324 ι)
553 294 632 326 Nam
662 296 773 334 gentes
792 296 963 333 antequam
978 293 1016 324 ad

245 348 403 380 Christum
428 349 584 386 venirent,
601 348 676 378 soris
703 349 803 378 crant.
821 346 910 378 Unde
938 346 1015 377 dici-

245 404 298 432 tur
312 402 320 418 ¹
339 412 345 432 :
368 413 381 429 «
394 401 474 438 Quid
488 401 572 431 enim
586 400 663 430 mihi
680 401 717 430 de
732 400 770 429 iis
785 400 841 439 qui
855 399 930 430 foris
943 402 1017 430 sunt

241 454 431 493 jutlicare?»
453 453 602 492 Sequitur
620 464 626 483 :
648 464 662 481 «
679 452 759 482 Nam
779 460 843 490 θος,
866 452 921 491 qui
942 452 1017 482 foris

245 508 329 544 sunt⁷
347 506 428 536 Deus
439 505 606 545 judicabit.
622 516 636 533 »
654 504 742 536 Unde
755 504 862 535 Glossa
878 515 885 535 ε
906 516 920 533 «
932 505 1014 535 Mar-

246 570 303 591 cus
317 560 360 590 ait
374 560 449 590 soris
468 561 538 589 ante
550 561 684 598 januam
696 559 843 598 ligatum,
859 559 934 599 quia
949 559 1017 598 qui-

245 621 383 652 cumque
397 613 487 642 extra
501 612 662 642 Christum
677 613 734 649 est,
748 612 823 642 foris
838 611 870 641 in
885 611 938 642 via
953 613 1014 648 est;

244 665 300 705 qui
321 667 368 695 est
388 665 420 694 in
441 664 575 702 Christo,
598 664 674 694 foris
692 673 757 694 non
777 666 834 694 est.
850 675 864 692 »
892 664 964 694 Ideo
983 664 1017 695 in

244 718 367 748 Joamze
388 717 424 757 (a)
444 718 453 733 ²
471 726 478 747 :
498 728 512 746 <1
527 716 559 748 Si
573 717 644 757 quis
659 717 692 747 in
706 726 757 747 me
772 726 838 747 non
853 717 1014 755 manserit,

245 771 387 801 mittetur
412 770 494 800 foras
522 770 602 800 sicut
622 770 760 810 palmes,
788 771 818 800 et
843 772 972 800 arescet.
998 781 1012 798 »

244 823 316 854 Ideo
331 825 438 853 autem
464 823 581 853 dicitur
595 832 662 853 esse
688 823 721 853 in
742 823 839 861 bivio,
857 823 932 862 quia
952 832 1017 853 non

243 876 434 916 sequebatur
470 876 612 916 aliquam
642 878 760 906 certam
791 877 887 907 viam.
928 876 1017 907 Unde

244 930 374 960 Glossa:
394 941 408 958 «
427 929 462 959 In
475 929 561 960 bivio
590 929 711 968 ligatus
735 929 848 966 stabat,
873 929 928 968 qui
953 938 1017 959 non

243 991 341 1013 unam
364 982 438 1013 fidei
453 982 591 1021 vitaeque
612 982 699 1012 viam
715 982 851 1019 tenebat,
877 981 930 1012 sed
951 981 1017 1021 plu-

242 1036 332 1066 ribus
347 1036 509 1067 erroribus
523 1035 732 1066 deserviebat.
749 1046 762 1063 11
776 1035 849 1066 Ideo
859 1035 974 1066 dicitur
986 1036 1014 1066 ³:

248 1100 262 1117 «
277 1088 437 1119 Testifieor
449 1088 482 1118 in
496 1088 533 1128 (b)
547 1088 691 1125 Domino,
706 1090 741 1118 ut
749 1089 817 1127 jam
828 1098 891 1119 nou
906 1088 1017 1119 ambu-

242 1143 321 1180 letis,
343 1142 425 1172 sicut
447 1143 477 1172 et
497 1144 610 1180 gentes
629 1141 796 1171 ambulant
819 1142 853 1171 iu
879 1142 1017 1173 vanitate

241 1205 352 1226 sensus
362 1196 422 1233 sui,
435 1195 574 1226 tenebris
585 1195 789 1225 obscuratum
803 1195 956 1225 habentes
967 1195 1016 1225 in-

242 1249 410 1286 tellectum,
428 1248 554 1278 alienati
580 1256 598 1277 a
619 1248 683 1278 vita
707 1248 758 1278 Dei
783 1257 839 1287 per
862 1248 1015 1287 ignoran-

243 1305 331 1342 tiam,
349 1312 421 1344 quae
443 1303 539 1333 estin
561 1303 663 1332 illis.»
686 1302 722 1332 ln
745 1303 805 1333 hoe
829 1312 907 1342 ergo
931 1303 1018 1333 iuve-

242 1358 359 1387 nerunt
377 1356 523 1396 discipuli
548 1355 702 1395 populum
717 1355 874 1394 gentium,
892 1356 946 1395 qui
963 1364 1018 1396 per

244 1411 386 1441 diversas
400 1412 498 1440 sectas
513 1411 543 1439 et
558 1409 626 1439 vias
641 1408 893 1446 idololatrabant,
904 1418 1016 1439 secun-

245 1464 320 1493 dum
333 1463 409 1493 illud
426 1463 436 1478 ⁸
449 1473 455 1493 z
471 1473 485 1490 α
497 1462 532 1492 111
547 1462 608 1492 viis
622 1462 764 1498 sedebas,
780 1464 950 1501 expectans
965 1471 1019 1492 eos

245 1516 336 1556 quasi
351 1516 430 1545 latro
448 1515 481 1545 iu
497 1514 677 1551 solitudine,
697 1516 727 1544 ct
744 1514 883 1554 polluisti
899 1516 1018 1544 terram

247 1570 278 1599 in
294 1568 578 1599 sornificationihus
592 1567 666 1598 tuis.
691 1578 705 1595 ³)
735 1566 806 1597 Ideo
827 1570 910 1597 recte
933 1567 1018 1597 desi-

245 1623 364 1661 gnatur
392 1630 447 1660 per
474 1619 613 1650 Thamar
629 1643 637 1657 ,
669 1619 707 1650 de
734 1629 799 1659 qua
826 1619 940 1649 dicitur
969 1619 980 1636 ⁵
1009 1630 1015 1649 :

251 1686 265 1702 «
280 1674 398 1704 Mutato
415 1673 537 1707 habitu,
550 1672 629 1702 sedit
644 1672 675 1702 in
691 1672 787 1702 bivio.
804 1683 818 1700 »
837 1671 875 1702 Et
890 1672 899 1688 ⁶
915 1681 922 1702 :
940 1672 1020 1702 «Vir

246 1727 364 1767 duplex
389 1727 507 1764 animo⁷
536 1726 717 1756 inconstans
742 1727 787 1755 est
812 1726 846 1755 in
870 1725 1019 1755 omnibus

247 1780 307 1810 viis
319 1779 396 1810 suis.
413 1790 427 1807 »

288 1832 444 1869 Secundo,
459 1832 617 1871 quantum
638 1830 678 1860 ad
693 1829 903 1860 obedientiam
927 1831 1019 1861 disci-

248 1885 399 1926 pulorum
424 1886 620 1924 praeceptum
649 1883 888 1922 exequentium,
905 1883 1022 1914 dicitur

251 1939 291 1978 (v.
323 1938 369 1977 33)
398 1948 404 1968 :
430 1937 632 1969 Sole-entibus
663 1940 771 1966 amem
798 1936 860 1966 illis
881 1936 1019 1975 pullum,

250 1992 400 2021 (ἄϊεν-ζωή
416 1989 540 2019 (lmnt'm'
554 1988 621 2027 ejus
635 1988 680 2018 acl
695 1988 786 2018 illos:
805 1988 892 2026 Qm‘d
903 1988 1022 2018 solt-ms

249 2044 400 2085 pullum?
420 2051 475 2082 per
492 2042 742 2072 attrectationem
757 2041 803 2071 rei
822 2041 944 2072 alienae.
961 2042 1022 2078 Qui

251 2098 358 2138 plures
373 2095 491 2127 domini
507 2095 666 2131 dicuutur,
682 2094 757 2134 quia
773 2094 949 2124 secuudum
967 2103 1021 2124 ve-

251 2150 377 2180 ritatem
404 2148 557 2184 historiae,
583 2149 648 2177 tam
675 2147 774 2183 asina,
796 2155 892 2185 quam
917 2146 1023 2186 pullus

252 2202 367 2232 dieitur
381 2201 476 2231 fuisse
500 2199 596 2230 totIus
619 2199 710 2230 istius
726 2199 856 2236 castelli,
875 2208 937 2239 quo
953 2202 1022 2230 ute-

253 2255 369 2285 bantur
400 2262 556 2293 pauperes
591 2252 630 2283 ad
664 2252 862 2282 afferendum
894 2262 1021 2292 aquam.

257 2308 298 2347 (v.
314 2308 360 2343 32>
380 2307 419 2338 At
434 2306 483 2336 illa·
495 2306 668 2337 clloeerunt:
685 2306 768 2345 chz'a
782 2306 938 2336 Dominus
951 2317 1024 2338 eccm

255 2360 466 2390 necessarium
490 2359 593 2397 habet,
610 2368 665 2398 per
681 2358 857 2389 dominium
879 2360 924 2390 rei
951 2369 1024 2399 pro-

255 2413 344 2452 priae.
376 2412 463 2443 Unde
489 2422 529 2442 ex
556 2413 616 2443 hoc
643 2414 773 2452 apparet
797 2412 900 2443 virtus
925 2413 1024 2444 divini

256 2465 415 2506 praecepti,
432 2465 507 2504 quia
519 2474 576 2496 nec
591 2466 727 2505 amplius
744 2466 951 2506 quaesierunt,
968 2476 1025 2497 nec

289 2546 297 2561 ¹
315 2546 322 2568 l
341 2544 408 2574 Cor„
427 2550 450 2574 v,
470 2546 506 2573 12,
527 2546 562 2568 13.
579 2558 609 2562 —-
632 2545 640 2558 ²
654 2546 734 2572 lomi„
758 2550 799 2574 xv,
816 2547 839 2568 (i.
854 2557 882 2562 —
899 2545 909 2561 ³
925 2545 1025 2576 liskes„

259 2581 382 2611 iv,17-1s.
400 2593 425 2596 —
440 2580 450 2596 δ
464 2580 564 2608 larem„
581 2585 620 2609 111,
637 2581 659 2604 2.
672 2593 702 2597 —
717 2581 726 2596 ⁵
742 2581 812 2608 Gen„
824 2586 931 2610 xxxviii,
949 2583 984 2605 12.
996 2595 1026 2599 —

260 2618 269 2633 ὅ
283 2616 343 2644 lacn,
364 2621 380 2644 1,
396 2616 419 2638 8.
435 2627 465 2632 -—
477 2615 484 2629 ⁷
503 2615 555 2638 imo
572 2617 659 2638 auctor
676 2616 748 2645 Oster.
766 2617 866 2646 impvrf.
880 2618 905 2640 in
925 2617 1025 2646 matth„

259 2652 329 2675 hom.
344 2655 443 2680 xxxvn,
460 2650 525 2673 inter
536 2652 611 2680 oper.
627 2650 768 2680 Chrysost.,
783 2653 845 2681 App.
858 2654 921 2675 tom.
939 2652 979 2675 Vl.
997 2665 1027 2670 —

261 2688 269 2700 ⁸
283 2687 365 2716 Proin,
381 2691 437 2714 xxi,
451 2686 489 2709 28.
503 2697 533 2702 -—
549 2686 558 2699 ⁹
574 2686 592 2709 ιΙ
609 2686 688 2714 Pelia,
703 2691 732 2715 11,
750 2688 827 2710 19.—
845 2688 864 2703 ¹⁰
876 2687 933 2716 Isca,
955 2693 1026 2717 xxvi,

792 227 1006 259 EVANGELll
1028 225 1168 258 SANCTI
1186 225 1300 258 LUCAE

1070 293 1265 324 restiterunt.
1284 292 1371 324 Unde
1391 293 1634 334 chrysostomus
1647 293 1658 310 '¹
1677 304 1683 324 :
1706 304 1720 322 α
1733 292 1842 324 Virtus

1071 346 1186 377 Christi
1212 347 1402 387 praeparavit
1424 355 1536 377 eorum
1561 355 1614 376 cor
1633 346 1673 377 ad
1701 346 1842 377 dandum

1071 400 1199 439 ignotis.
1215 410 1230 428 »
1250 399 1296 430 Ex
1311 399 1370 430 hoc
1385 399 1479 430 etiam
1503 401 1631 439 apparet
1654 399 1755 430 virtus
1768 399 1842 430 obe-

1070 453 1196 483 dientiae
1211 454 1338 492 quantae
1354 452 1395 482 sit
1410 452 1568 490 ei'tieaciae,
1583 453 1658 492 quia
1670 452 1714 490 ei,
1732 452 1788 492 qui
1803 452 1839 492 (c)

1071 505 1186 543 obedit,
1209 505 1318 535 nullus
1340 505 1423 535 valet
1445 505 1656 536 contradicere
1682 505 1839 536 dominus.

1072 557 1160 588 Unde
1175 558 1289 588 dicitur
1303 561 1314 577 ‘³
1332 569 1338 588 :
1359 569 1373 587 «
1391 557 1444 588 Vir
1458 558 1607 589 obediens
1618 558 1766 598 loquetur
1781 558 1843 589 vic-

1071 610 1197 640 toriam.
1206 622 1220 638 »
1231 610 1268 640 Et
1279 612 1353 641 nota
1363 610 1425 648 hic,
1437 610 1522 649 quod
1532 611 1707 642 secundum
1723 613 1841 652 myste-

1070 663 1156 694 rium
1180 663 1310 703 plurimi
1332 663 1481 694 dicuutur
1505 663 1612 703 populi
1639 664 1767 703 gentilis
1789 665 1843 695 do-

1071 716 1166 754 miui,
1196 716 1272 756 quia
1302 725 1413 747 servus
1441 719 1507 747 erat
1534 716 1586 747 ille
1615 717 1750 757 populus
1779 726 1843 748 non

1071 769 1166 799 unius
1193 769 1318 799 Domini
1346 771 1376 799 et
1397 769 1462 807 Dei,
1479 769 1532 800 sed
1555 769 1732 800 multorum
1747 770 1843 801 vitio-

1070 831 1145 852 rum
1169 824 1199 852 et
1226 822 1409 852 daemonum
1434 832 1442 852 ·.
1467 822 1566 862 quia⁹
1604 833 1619 851 a
1647 832 1665 853 a
1685 831 1749 862 quo
1773 823 1844 863 quis

1071 876 1238 914 superatus
1263 877 1319 909 est,
1337 875 1436 914 huJus
1454 877 1485 905 et
1509 884 1620 906 servus
1643 877 1732 906 est.»
1757 874 1844 906 Unde

1072 927 1179 957 Glossa
1197 938 1203 958 z
1225 938 1239 956 ι(
1255 927 1370 958 Multos
1385 928 1521 958 habebat
1535 928 1690 964 dominos,
1707 928 1761 968 qui
1778 937 1844 959 non

1070 980 1127 1010 uni
1141 980 1357 1019 superstitioni
1375 980 1432 1020 (cl),
1449 981 1501 1011 sed
1522 989 1578 1020 pro
1593 980 1686 1011 libitu
1703 980 1843 1011 immun-

1071 1033 1185 1063 dorum
1212 1033 1382 1072 spirituum
1405 1033 1584 1064 sectabatur
1610 1033 1643 1072 (e)
1667 1042 1801 1064 errores.
1826 1045 1841 1062 n

1072 1085 1144 1116 Ideo
1158 1086 1273 1117 dicitur
1289 1088 1310 1105 ¹⁰
1327 1097 1333 1116 :
1356 1098 1370 1115 a
1385 1086 1515 1117 Domine
1535 1086 1617 1116 Deus
1637 1089 1754 1124 noster,
1771 1096 1844 1127 pos-

1072 1138 1221 1169 sederunt
1237 1148 1294 1171 nos
1318 1139 1438 1169 domini
1459 1140 1578 1179 absque
1594 1141 1634 1169 te.
1653 1151 1668 1168 »
1689 1140 1728 1170 lli
1749 1141 1844 1171 resis-

1071 1193 1143 1222 tunt
1165 1192 1313 1231 apostolis
1341 1192 1522 1223 volentibus
1549 1192 1671 1224 solvere
1698 1193 1843 1233 pullum,

1073 1245 1149 1284 quia
1174 1247 1239 1275 tam
1266 1245 1437 1282 daemones,
1466 1255 1563 1285 quam
1584 1248 1724 1285 peccata,
1751 1248 1846 1286 atque

1073 1297 1166 1327 etiam
1181 1298 1296 1328 diaboli
1312 1298 1456 1328 membru
1471 1299 1632 1335 resistunt,
1646 1301 1676 1329 et
1697 1299 1845 1329 obstacu-

1072 1351 1141 1380 lum
1155 1353 1279 1389 ponunt
1295 1351 1419 1389 gratiae,
1437 1351 1518 1381 sicut
1534 1350 1646 1381 Simon
1661 1359 1777 1390 magus
1791 1351 1846 1382 Pe-

1073 1406 1133 1441 tro,
1150 1406 1180 1433 et
1194 1403 1324 1442 Elymas
1339 1413 1454 1443 magus
1471 1403 1569 1434 Paulo
1584 1405 1603 1421 ¹¹
1622 1415 1629 1435 :
1646 1416 1660 1434 a
1675 1404 1847 1435 Resistebat

1074 1458 1182 1486 autem
1207 1455 1267 1485 illis
1286 1456 1414 1495 Elymas
1440 1466 1568 1495 magus⁷
1587 1466 1735 1496 quaerens
1753 1466 1847 1488 aver-

1074 1511 1138 1539 tere
1165 1509 1386 1548 proconsulem
1409 1518 1427 1539 a
1448 1509 1520 1540 fide.
1541 1520 1556 1537 »
1578 1510 1639 1540 Sed
1660 1510 1766 1541 audito
1789 1519 1847 1542 no-

1075 1561 1160 1591 mine
1189 1560 1313 1599 Christi,
1331 1564 1362 1591 et
1387 1563 1457 1601 eJus
1480 1563 1598 1593 vlrtute
1619 1571 1675 1602 per
1695 1562 1849 1594 miracula

1074 1615 1238 1654 patefacta,
1255 1615 1487 1653 obmutescunt,
1505 1616 1581 1656 quia
1600 1625 1710 1647 omnes
1724 1616 1801 1647 tales
1816 1617 1848 1647 in

1076 1667 1189 1697 Christi
1219 1668 1346 1698 nomine
1374 1672 1576 1708 superantur.
1606 1668 1693 1700 Unde
1717 1669 1846 1701 Glossa:

1080 1719 1168 1756 «Qui
1196 1720 1376 1751 doctoribus
1399 1721 1439 1751 ad
1469 1721 1604 1752 salutem
1630 1723 1776 1761 gentium
1791 1732 1846 1754 ve-

1075 1772 1237 1802 nientibus
1259 1773 1460 1812 obstiterunt,
1477 1783 1550 1804 suas
1574 1775 1720 1805 tenebras
1742 1776 1848 1806 defen-

1076 1825 1169 1862 dunt,
1193 1825 1305 1864 donec,
1334 1827 1494 1857 miraculis
1521 1828 1755 1867 attestantibus,
1781 1829 1850 1859 veri

1077 1879 1263 1916 possessoris
1279 1879 1381 1909 virtus
1396 1880 1580 1910 innotescat.
1597 1892 1611 1909 »
1632 1880 1720 1911 Unde
1743 1884 1774 1911 et
1790 1881 1848 1912 Pe-

1079 1933 1146 1960 trus
1161 1940 1235 1960 eum
1248 1931 1396 1970 apostolis
1411 1932 1491 1963 dixit
1506 1933 1555 1970 iis,
1572 1933 1627 1972 qui
1641 1934 1849 1973 prohibebant

1078 1991 1131 2012 eos
1145 1983 1317 2022 praedicare
1331 1984 1371 2014 ad
1385 1984 1463 2023 pulli
1477 1985 1667 2017 solutionem
1683 1987 1704 2003 ¹²
1721 1997 1728 2016 :
1744 1998 1758 2016 α
1774 1987 1851 2018 Obe-

1077 2035 1145 2066 dire
1159 2039 1282 2075 oportet
1304 2037 1363 2067 Deo
1387 2038 1492 2076 magiS
1505 2048 1603 2077 quam
1619 2039 1816 2071 hominibus.
1831 2053 1846 2070 υ

1079 2088 1116 2118 Et
1132 2089 1203 2126 hoe,
1219 2090 1295 2129 quia
1316 2090 1381 2129 ipse
1396 2094 1441 2121 est
1461 2091 1546 2121 solus
1565 2101 1662 2123 verus
1684 2093 1849 2133 Dominus,

1079 2144 1109 2172 et
1132 2152 1340 2182 personarum
1366 2146 1571 2182 nostrarum,
1600 2148 1631 2176 et
1659 2155 1769 2177 rerum
1796 2148 1816 2164 ¹³
1841 2158 1848 2178 :

1084 2206 1098 2223 «
1113 2195 1268 2232 Quoniam
1284 2205 1363 2227 meae
1380 2199 1576 2229 suntomnes
1590 2198 1665 2229 ferae
1680 2199 1848 2238 silvarum,

1076 2249 1222 2286 Jumenta
1239 2248 1272 2278 iu
1286 2250 1448 2280 montibus
1463 2253 1493 2280 et
1509 2251 1614 2282 boves
1631 2262 1645 2279 »

1119 2300 1245 2340 Tertio,
1273 2305 1429 2341 quantum
1453 2304 1491 2333 ad
1519 2303 1748 2344 discipulorum
1778 2306 1851 2336 obe-

1080 2354 1422 2393 dientian1‚secundu111
1431 2358 1625 2396 praeceptum
1636 2357 1848 2396 redeuntium,

1081 2407 1294 2447 subjungitur
1317 2418 1358 2448 gv.
1375 2409 1422 2448 35)
1441 2419 1448 2439 ε
1468 2410 1513 2440 Ec
1526 2408 1688 2440 decrerunt
1702 2409 1793 2440 illum
1808 2411 1854 2440 ad

1081 2461 1189 2492 Jeszcm
1213 2470 1224 2492 .·
1248 2464 1284 2492 ut
1314 2462 1482 2502 implerent
1509 2462 1622 2493 Christi
1649 2463 1849 2501 mandatum,

1083 2537 1120 2560 ¹113.
1137 2549 1167 2553 -
1189 2537 1205 2552 ¹¹
1226 2537 1292 2566 Act„
1307 2543 1365 2568 xm,
1386 2538 1410 2561 ὃ.
1425 2551 1456 2555 -
1471 2538 1490 2554 ¹²
1509 2537 1574 2563 Aen,
1592 2543 1615 2568 v,
1637 2539 1675 2562 29.
1693 2552 1722 2555 —
1738 2539 1757 2555 ¹³
1783 2539 1849 2563 Psal.

1083 2576 1154 2600 xus,
1173 2573 1209 2594 10.

1115 2617 1149 2647 (a)
1167 2618 1226 2642 Caet.
1241 2618 1300 2643 edit.
1315 2619 1435 2644 Joannes.
1448 2631 1477 2636 --
1492 2619 1524 2648 (b)
1539 2619 1599 2643 Caeli
1614 2619 1673 2644 edit.
1689 2620 1755 2643 deest
1769 2621 1804 2644 in.
1819 2634 1850 2638 —

1085 2652 1114 2682 (c)
1132 2654 1192 2676 σιω,
1205 2653 1265 2677 οιΙιί,
1281 2654 1420 2686 enh—(11)
1438 2654 1524 2685 suppl.
1541 2655 1676 2679 serviebat.
1692 2669 1723 2674 —
1737 2656 1768 2687 (e)
1788 2656 1848 2681 Coet.

1083 2687 1143 2711 edit.
1161 2689 1331 2714 sectabantur.
