1987 3032
65 765 110 784 Cur
118 765 154 785 ssa-

59 795 142 821 genum

61 826 118 846 fecit.

67 1918 131 1938 Zelus

63 1948 134 1974 qualis

49 1985 97 1999 esse
117 1979 152 1999 de-

57 2009 116 2029 beat.

747 219 951 251 EXPOSITIO
974 219 1014 250 IN
1037 220 1121 251 CAP.
1145 221 1184 251 ΙΙ.

171 291 222 326 qui
236 291 368 326 qua->runt
382 296 447 324 quae
461 295 513 315 sua
524 289 605 321 sunt,
617 288 643 314 et
657 288 750 314 totum
764 287 875 314 habent
888 294 936 313 ve—

169 337 247 364 nale.
263 335 420 364 columbas
443 334 521 361 enim
545 333 691 367 vendunt,
714 333 764 368 qui
786 333 887 360 dicunt
907 340 937 359 se

170 383 240 410 dare
263 382 399 417 Spiritum
423 383 556 407 sanctum
574 380 668 415 pretio
687 379 808 406 honoris
823 379 876 405 sui.
894 378 936 405 Si·

169 429 275 456 militer
297 428 388 454 boves
409 426 556 458 vendunt,
576 426 627 461 qui
649 426 783 452 laborem
797 424 937 460 praedica-

169 474 255 502 tionis
273 472 403 500 similiter
427 481 482 508 pro
503 472 596 507 pretio
621 471 776 506 temporali
795 470 936 497 vendunt.

170 521 243 548 Oves
255 518 400 553 vendunt,
414 519 465 553 qui
479 518 599 553 plebem
612 517 733 545 diabolo
748 516 897 550 vendunt,
911 518 939 543 et

168 566 225 593 hoc
248 565 371 598 faciunt,
395 566 428 591 ut
449 564 594 599 accipiant
615 564 743 591 honores
769 565 796 590 et
819 562 936 597 laudes,

168 619 228 638 non
242 613 274 637 ut
288 612 495 638 convertantur
517 610 556 637 ad
574 610 736 637 veritatem.
752 619 765 634 n
791 611 855 636 Haec
872 609 937 644 ille,

168 659 196 684 et
209 657 251 684 ibi
264 657 340 684 bene
356 657 392 684 de
411 657 477 684 hoe.
494 658 527 683 Et
550 658 592 683 est
613 656 643 683 in
663 656 763 683 Glossa
775 663 829 690 pro
844 657 935 690 parte.

168 703 253 736 Quod
275 711 344 738 ergo
368 703 520 737 flagellum
540 702 621 736 fecit,
644 702 739 737 figura
759 703 814 735 est,
837 708 939 728 secun-

168 749 239 776 dum
259 749 487 783 Augustinum1,
510 749 580 784 quia
597 758 610 774 «
631 756 727 775 sermo
754 748 816 782 ejus
837 747 938 782 flagel-

167 795 254 829 latur,
269 795 432 822 secundum
450 795 523 822 illud
540 796 642 822 Psalmi
650 795 660 810 Ξ
674 804 680 821 :
698 795 861 828 Congreqata
875 797 937 820 sunt

168 843 197 868 z'n
212 850 251 868 me
265 843 381 875 flagella,
397 844 421 868 et
436 843 570 875 ignoravi.
586 840 762 875 Flagellatus
778 842 820 867 est
838 840 937 874 flagel-

167 889 203 916 lis
215 889 398 922 Judaeorum,
413 889 577 923 flagellatur
593 889 628 923 (a)
644 888 833 923 blasphemiis
847 888 937 914 falso-

168 944 235 963 rum
250 936 474 963 christianorum
491 945 497 962 z
514 943 568 962 nec
591 934 652 970 ipse
667 934 797 970 pepercit
816 934 848 969 (b)
864 934 936 967 illis,

169 983 220 1018 qui
243 982 281 1009 ab
303 982 343 1009 eis
372 984 433 1009 erat
459 981 655 1016 flagellandus
678 990 685 1007 ι
710 980 826 1015 signum
851 980 937 1007 nohis

169 1029 308 1062 ostendit,
340 1029 409 1062 quia
437 1027 639 1063 unusquisque
675 1028 706 1054 in
731 1026 857 1062 peccatis
878 1026 937 1053 suis

168 1077 273 1102 restem
290 1075 320 1110 (c)
333 1074 476 1108 sibisacit,
488 1074 629 1101 addendo
643 1074 680 1109 (d)
697 1075 850 1109 peceatum
866 1080 936 1108 pec-

169 1123 253 1148 cato:
277 1122 304 1147 et
319 1121 389 1155 quia
408 1121 448 1147 sic
468 1120 511 1147 illi
530 1120 692 1154 faciebant,
713 1120 800 1154 hujus
820 1119 937 1153 signum

166 1166 234 1194 fecit
246 1167 338 1201 illud,
356 1166 464 1193 scilieet
478 1166 646 1201 flagellum,
663 1175 676 1190 »
700 1167 753 1192 etc.
775 1166 785 1181 ³
808 1166 864 1198 Vae,
889 1166 937 1198 qui

168 1214 279 1240 trahitis
298 1214 471 1247 iniquitatem
496 1214 525 1239 in
543 1213 674 1244 funiculis
693 1213 836 1239 vanitatis.
852 1211 862 1226 ⁴
876 1212 936 1237 Ini-

166 1261 284 1294 quitates
298 1267 353 1286 suoe
367 1261 477 1293 capiunt
491 1261 612 1293 impium.

204 1308 246 1333 17.
262 1307 295 1332 Et
309 1305 441 1340 sequitur
456 1305 587 1337 tertium,
603 1304 710 1331 scilicet
724 1303 936 1331 recordationis

167 1351 379 1387 discipulorum
398 1351 575 1386 specificatio
587 1371 596 1384 ‚
611 1350 653 1377 ibi
670 1359 675 1377 :
696 1350 856 1382 Recorduti,
870 1352 935 1382 ete„

166 1397 223 1425 hoc
249 1397 323 1425 viso.
353 1397 397 1425 Ait
426 1397 527 1424 Glossa
541 1417 551 1430 ,
574 1399 638 1431 quia
658 1398 789 1430 scriptum
814 1398 851 1423 est
867 1397 935 1422 :Ze-

167 1445 223 1477 lus,
239 1446 292 1471 etc.
315 1445 346 1471 Et
363 1444 393 1470 in
414 1444 471 1471 hoe
487 1443 569 1478 quod
586 1443 639 1476 ait,
656 1442 788 1475 comedit,
802 1444 867 1475 etc„
884 1450 933 1468 no-

166 1492 242 1518 tatur
258 1490 288 1525 (e)
305 1490 491 1517 vehementia
508 1489 562 1516 zeli
579 1498 585 1516 z
608 1488 689 1524 quod
710 1488 788 1515 enim
807 1487 934 1514 comedi-

167 1538 222 1569 tur,
237 1536 321 1571 quasi
336 1535 367 1562 in
382 1535 587 1563 comedentem
601 1535 731 1568 vertitur,
748 1536 775 1561 et
786 1534 846 1561 vita
857 1533 935 1560 illius

166 1585 194 1610 et
208 1582 350 1617 regimine
361 1582 466 1617 agitur.
482 1584 513 1609 Et
524 1581 560 1608 de
570 1581 627 1608 hoc
635 1580 810 1615 Augustinus
821 1580 896 1607 bene
907 1581 916 1596 ⁵
927 1590 932 1607 :

168 1629 262 1663 «Qui,
278 1629 388 1664 inquit,
404 1629 568 1656 comeditur
586 1628 649 1656 zelo
669 1628 776 1655 domus
792 1627 854 1662 Dei,
873 1635 935 1654 om-

165 1675 215 1703 nia
230 1683 295 1711 quae
305 1675 347 1702 ihi
362 1675 441 1702 videt
453 1683 592 1710 perversa
604 1675 708 1709 satagit
722 1674 843 1708 corrigi,
855 1674 935 1709 cupit

166 1721 330 1756 emendari3
352 1722 375 1748 si
396 1722 553 1749 emendare
571 1724 686 1758 potest,
709 1729 771 1748 non
792 1720 932 1755 quiescit5

165 1768 189 1795 si
209 1776 270 1796 non
289 1770 398 1803 potest,
414 1769 534 1802 tolerat,
555 1768 653 1803 gemit.
670 1777 683 1792 »
702 1769 733 1794 Et
747 1767 788 1794 ibi
808 1767 934 1793 multum

165 1816 192 1842 et
205 1815 281 1842 bene
297 1814 333 1841 de
349 1814 405 1842 hoe
419 1823 425 1841 :
437 1814 533 1848 Unde,
549 1814 587 1841 ad
607 1813 800 1841 imitationem
815 1813 933 1846 Christi,

165 1861 227 1894 ejus
238 1861 373 1887 membra
387 1863 414 1887 et
429 1860 616 1895 spiritualiter
626 1860 814 1895 praesidentes
825 1861 851 1886 et
863 1867 933 1894 prae-

167 1906 297 1934 dicantes
319 1907 428 1934 debent
448 1907 564 1934 comedi
590 1906 653 1933 zelo
678 1906 742 1938 Dei,
764 1906 795 1933 id
817 1907 874 1940 est,
891 1905 933 1932 in-

167 1953 327 1987 flammari,
344 1956 371 1980 et
384 1953 434 1980 illo
450 1954 497 1988 agi
515 1955 542 1980 et
561 1953 632 1987 regi.
648 1952 728 1979 Unde
742 1952 932 1986 Augustinus,

167 1999 209 2026 ibi
222 2008 228 2026 ε
249 2008 261 2024 (ι
276 2000 303 2027 Si
317 1999 348 2027 in
363 1999 454 2027 domo
474 2001 541 2033 tua,
555 2007 592 2026 ne
607 1999 679 2034 quid
695 2006 864 2034 perversum
879 1998 933 2032 sit,

168 2045 288 2079 satagis,
307 2045 337 2072 in
359 2045 449 2073 domo
466 2045 529 2078 Dei,
544 2045 595 2072 ubi
611 2045 689 2072 salus
703 2045 855 2080 proposita
875 2046 934 2078 est,

169 2091 258 2119 debes
272 2091 332 2126 pati
351 2093 495 2127 quantum
511 2091 541 2118 in
564 2094 590 2119 te
611 2094 670 2125 est,
686 2091 709 2118 si
728 2091 799 2126 quid
817 2098 934 2126 perver-

167 2145 232 2165 sum
252 2137 291 2165 ibi
307 2138 412 2165 vides?
426 2148 440 2163 »
459 2138 542 2173 quasi
563 2138 641 2165 dicat
661 2147 667 2164 :
690 2139 762 2165 Non.
786 2139 818 2164 Et
836 2137 934 2172 sequi-

166 2185 213 2211 tur
229 2193 235 2210 :
255 2184 408 2211 «Prohibe
423 2192 499 2220 quos
522 2186 623 2220 potes,
644 2186 709 2211 tene
731 2183 813 2218 quod
833 2185 935 2218 potes,

166 2231 241 2257 terre
264 2238 339 2265 quos
356 2232 456 2265 potes,
470 2230 606 2258 blandire
628 2229 736 2265 quibus
754 2231 856 2264 potes,
874 2228 935 2256 noli

167 2276 327 2311 quiescere.
340 2286 354 2302 η
372 2279 410 2304 Ac
429 2277 550 2304 demum
567 2286 574 2304 :
589 2286 602 2302 «
617 2276 709 2304 Nolite
729 2276 876 2310 quiescere
892 2275 936 2302 lu—

168 2322 242 2350 crari
263 2323 375 2350 animas
394 2322 522 2356 Christo,
542 2323 593 2358 qui
615 2322 682 2350 estis
705 2322 808 2349 lucrati
825 2330 842 2348 a
857 2321 935 2349 Chri-

167 2371 222 2396 sto.
238 2379 252 2394 »
268 2370 332 2396 Haec
346 2369 405 2396 ille.
422 2371 454 2397 Et
471 2369 512 2397 ibi
534 2369 611 2396 bene
631 2369 668 2396 de
683 2369 739 2396 hoe
755 2370 764 2385 ‘⁵
781 2378 787 2395 ε
807 2378 820 2394 α
831 2368 852 2394 Ο
871 2367 935 2401 filii,

167 2415 350 2443 aemulatores
377 2415 451 2451 legis
478 2417 578 2443 estote.
608 2426 622 2441 »
653 2416 686 2442 Et
713 2414 755 2442 ihi
784 2415 936 2442 enumerat

201 2511 207 2524 ¹
222 2511 297 2542 Aug„
313 2511 338 2534 in
351 2511 431 2541 loun„
447 2512 519 2534 tract.
533 2516 558 2539 X,
575 2516 600 2533 n.
617 2510 638 2538 4,
656 2511 678 2533 5.
695 2522 724 2526 -
739 2509 747 2522 ²
763 2508 830 2532 Psal.
846 2515 934 2540 xxxw,

171 2546 209 2569 ¹5.
223 2558 254 2563 —
269 2546 279 2561 ³
293 2547 351 2575 Im„
367 2552 392 2575 ν,
410 2547 446 2570 ¹8.
465 2559 491 2563 —
512 2545 523 2561 ¹·
536 2545 619 2573 Pron„
634 2550 658 2573 v,
674 2545 712 2567 22.
729 2557 760 2561 --
778 2544 788 2560 ⁵
803 2545 876 2574 Aug„
892 2544 935 2568 ubi

169 2587 237 2610 sup.,
252 2588 277 2605 n.
294 2582 316 2604 9.
331 2594 361 2598 -
380 2582 389 2598 ⁶
406 2582 411 2604 l
428 2581 518 2609 Maeli„
536 2586 563 2609 1¹,
579 2582 618 2603 50.
632 2592 662 2597 -
676 2579 686 2595 ‘¹
701 2579 800 2607 Ezecli.‚
818 2585 850 2609 iv,
867 2582 889 2602 3.
907 2593 933 2596 -

169 2614 180 2630 ⁰
195 2615 280 2646 Greg.,
296 2617 322 2639 in
336 2616 434 2645 Ezecli„
449 2617 489 2640 lib.
509 2617 527 2645 Ι,
542 2615 612 2638 hom.
631 2620 678 2644 xli,
693 2621 718 2637 n.
735 2616 773 2638 30.
789 2627 819 2631 —
834 2616 842 2627 Ἀ
858 2615 934 2644 Rom,

169 2655 196 2678 x,
208 2651 232 2673 2.
245 2663 275 2668 —
291 2651 310 2668 ¹⁰
320 2651 406 2681 Rem„
419 2652 444 2675 in
458 2652 540 2679 Cant„
555 2656 631 2674 serm.
647 2655 719 2678 xmx,
734 2656 760 2672 n.
775 2651 798 2673 5.
811 2662 841 2667 —
853 2650 870 2666 ¹¹
888 2650 935 2679 ld„

1703 232 1758 261 291

993 287 1128 322 exempla
1141 288 1268 322 patrum.
1287 289 1323 316 De
1339 288 1395 316 hoe
1414 290 1518 318 dicitur
1529 293 1539 308 ⁷
1556 301 1562 319 :
1581 302 1594 318 t(
1608 294 1694 322 sume
1709 296 1761 324 tibi

992 333 1168 367 sartaginem
1190 333 1333 369 ferream,
1355 345 1368 360 n
1390 338 1443 363 ete.
1463 337 1630 366 Secundum
1653 342 1761 376 Grego-

991 379 1069 406 rium
1080 380 1089 395 ⁸
1105 389 1111 406 :
1132 390 1144 405 «
1159 381 1277 408 Nullum
1292 381 1486 417 omnipotenti
1506 386 1563 412 Deo
1585 387 1761 415 sacrificium

992 427 1047 453 tale
1063 429 1119 461 est,
1137 428 1224 462 quale
1240 428 1318 455 zelus
1333 430 1509 458 animarum.
1524 442 1537 457 u
1557 433 1645 460 Debet
1665 436 1763 461 tamen

991 472 1070 499 zelus
1085 481 1146 500 esse
1162 474 1312 509 regulatus
1335 478 1414 503 recta
1435 477 1555 506 scientia
1569 500 1576 513 ,
1593 487 1628 506 ne
1652 481 1763 508 eontin-

991 520 1041 553 gat
1061 519 1136 546 illud
1148 521 1158 537 ⁹
1175 530 1181 547 ε
1200 530 1214 545 ι(
1234 521 1457 549 AEmulationem
1482 524 1530 551 Dei
1554 525 1664 553 habent
1678 547 1687 560 ,
1711 527 1763 554 sed

992 572 1053 591 non
1069 565 1232 593 secundum
1248 567 1408 595 scientiam.
1425 579 1438 594 »
1456 569 1536 597 Unde
1547 572 1710 599 Bernardus
1722 573 1761 600 ¹⁰:

995 620 1008 636 α
1021 612 1084 644 Quo
1098 611 1239 640 fervidior
1262 615 1303 640 est
1317 614 1412 649 zelus,
1429 623 1463 642 eo
1480 617 1574 651 magis
1588 617 1708 646 scientia
1722 622 1765 646 est

992 658 1164 685 necessaria.
1181 669 1195 683 »
1213 661 1245 686 Et
1259 660 1338 687 idem
1354 661 1371 677 ¹¹
1392 671 1397 688 :
1414 671 1427 687 «
1449 662 1566 690 Dilectio
1586 666 1612 691 et
1636 665 1763 699 cognitio

992 706 1059 731 sunt
1072 705 1237 732 necessaria
1253 713 1320 732 cum
1343 707 1405 734 zelo
1420 717 1426 734 :
1444 707 1513 742 ista,
1538 717 1574 736 ne
1599 710 1696 745 inflet3
1713 711 1765 739 illa

992 757 1028 776 ne
1053 752 1150 777 erret:
1174 751 1224 778 tali
1248 752 1311 779 zelo
1336 752 1445 779 debent
1469 762 1529 781 esse
1554 755 1659 783 fervidi
1681 757 1765 784 electi

992 796 1058 829 Dei,
1081 797 1216 832 exemplo
1239 800 1408 825 sanctorum
1430 801 1546 827 Petrum
1561 823 1569 834 ,
1593 802 1714 829 Phinees
1738 805 1766 829 et

992 841 1129 869 aliorum.
1145 853 1158 867 n
1176 844 1280 871 Coram
1296 845 1375 872 enim
1391 846 1498 873 Catone
1520 847 1619 874 nullus
1634 850 1696 876 erat
1710 857 1764 876 au-
1780 860 1840 880 cmo.

992 896 1077 915 surus
1091 897 1229 924 peccare,
1246 891 1286 918 ait
1298 892 1405 919 Seneca
1421 893 1451 919 ¹³.

1030 936 1071 962 18.
1088 936 1120 962 Et
1134 937 1266 972 sequitur
1280 937 1330 965 illa
1345 946 1428 973 pars,
1441 939 1472 965 in
1484 947 1544 975 qua
1554 940 1590 967 de
1603 941 1764 976 interroga-

991 980 1070 1008 tione
1089 982 1258 1010 Judaeorum
1273 992 1290 1011 a
1304 984 1374 1012 Filio
1396 985 1463 1019 Dei,
1480 986 1521 1013 ibi
1541 996 1547 1013 z
1564 988 1764 1022 Responderunt

991 1035 1070 1061 erqo,
1092 1030 1144 1055 etc.
1173 1030 1204 1056 Et
1229 1029 1271 1056 ibi
1294 1033 1420 1065 quatuor
1437 1041 1443 1058 :
1460 1033 1567 1067 primo,
1592 1034 1656 1068 ipsa
1678 1034 1765 1062 inter—

991 1074 1106 1108 rogatio
1116 1084 1124 1109 ς
1141 1076 1288 1111 secundo,
1304 1077 1406 1104 Christi
1429 1079 1598 1114 responsio,
1614 1080 1655 1107 ibi
1677 1089 1683 1107 :
1700 1083 1764 1107 Res-

988 1121 1106 1154 pondit,
1122 1123 1188 1156 etc.;
1213 1123 1297 1150 tertio
1314 1124 1344 1159 (f)
1357 1145 1365 1158 ,
1387 1124 1488 1152 iterata
1511 1133 1614 1153 eorum
1635 1127 1760 1155 interro-

991 1167 1088 1201 gatio,
1109 1167 1151 1195 ibi
1169 1178 1175 1194 ε
1194 1170 1328 1197 Diaeerunt
1340 1191 1350 1203 ,
1373 1173 1426 1199 etc.
1442 1181 1450 1203 ;
1469 1174 1585 1207 quarto,
1600 1174 1739 1209 temporis
1750 1195 1760 1207 ,

991 1221 1051 1248 quo
1072 1212 1189 1242 suerunt
1208 1215 1344 1252 discipuli
1359 1217 1504 1245 recordati
1520 1219 1665 1246 dictorum
1680 1220 1760 1247 Chri-

990 1259 1041 1292 sti,
1056 1261 1246 1295 speeificatio,
1262 1262 1303 1289 ibi
1317 1272 1323 1289 :
1338 1264 1489 1291 Recordatc'.

1025 1306 1071 1333 Ait
1097 1316 1103 1333 :
1122 1307 1198 1339 Quod
1221 1310 1327 1343 sianum
1349 1310 1466 1337 ostendis
1483 1332 1491 1344 ,
1514 1312 1566 1338 etc.
1592 1313 1624 1338 Et
1646 1312 1675 1339 in
1703 1312 1760 1340 hoc

990 1354 1068 1386 patet
1092 1360 1194 1380 eorum
1216 1354 1344 1389 insania3
1365 1356 1445 1384 unde
1467 1357 1690 1392 chrysostomus
1712 1359 1732 1375 ¹³
1751 1368 1758 1386 :

992 1407 1006 1422 «
1021 1398 1126 1433 Signo,
1141 1399 1250 1435 inquit,
1266 1409 1340 1436 opus
1354 1404 1428 1435 erat,
1445 1412 1458 1429 >³
1476 1403 1559 1438 quasi
1574 1404 1669 1432 dicat:
1686 1406 1758 1439 Non,

993 1446 1052 1471 «ut
1073 1453 1108 1472 ea
1130 1454 1195 1481 quae
1218 1447 1295 1474 male
1320 1447 1432 1475 fiebant
1456 1457 1568 1477 cessare
1592 1450 1711 1485 faceret,
1734 1454 1761 1478 et

990 1490 1113 1518 domum
1138 1492 1262 1527 eriperet
1294 1501 1311 1520 e.
1338 1495 1417 1521 tanta
1441 1496 1637 1523 verecundia?
1661 1497 1761 1524 Zelum

989 1536 1068 1564 enim
1089 1537 1178 1565 talem
1204 1547 1259 1574 pro
1282 1539 1373 1567 domo
1405 1541 1454 1568 Dei
1484 1542 1636 1577 accipere,
1660 1551 1759 1571 nonne

989 1583 1152 1611 maximum
1167 1585 1284 1619 signum
1299 1586 1412 1614 virtutis
1426 1588 1475 1615 Dei
1491 1590 1571 1616 erat?
1587 1599 1599 1614 n
1622 1591 1685 1617 Haec
1699 1590 1757 1621 ille,

989 1629 1045 1656 Sed
1062 1631 1216 1665 quaeritur:
1233 1640 1324 1667 quare
1339 1634 1479 1668 petebant
1496 1635 1629 1670 signum,
1646 1644 1681 1663 ex
1699 1644 1759 1671 quo

989 1678 1071 1702 erant
1085 1676 1194 1712 invidi,
1217 1680 1244 1705 et
1264 1678 1358 1706 facere
1374 1680 1492 1714 signum
1508 1684 1582 1708 esset
1601 1682 1639 1709 ad
1655 1690 1759 1709 eorum

989 1721 1212 1749 confusionem?
1227 1725 1259 1750 Et
1279 1725 1318 1751 ad
1333 1725 1389 1752 hoe
1409 1727 1567 1761 respondet
1590 1728 1757 1763 chrysosto-

988 1774 1054 1793 mus
1064 1788 1070 1800 ,
1087 1768 1169 1803 quod
1186 1778 1200 1794 (ι
1215 1777 1232 1796 a
1246 1770 1324 1805 turpi
1338 1770 1421 1798 lucro
1439 1780 1492 1799 suo
1508 1772 1654 1805 interciso,
1671 1774 1702 1801 id
1717 1776 1759 1801 est

989 1812 1102 1848 ablato,
1120 1814 1253 1842 dolentes
1269 1818 1360 1848 erant,
1377 1818 1405 1844 et
1424 1817 1491 1845 ideo
1515 1819 1669 1854 opinantes
1689 1828 1757 1847 eum

988 1860 1156 1894 prohibere,
1166 1861 1273 1889 scilicet
1285 1870 1302 1889 a
1316 1863 1407 1898 priori
1420 1863 1507 1898 sacto,
1521 1865 1561 1892 sic
1573 1866 1727 1901 petierunt.
1741 1877 1754 1892 n

989 1905 1045 1932 Sed
1061 1907 1199 1941 quaeritur
1211 1910 1279 1935 tunc
1293 1917 1299 1935 :
1317 1917 1408 1944 quare
1424 1918 1484 1937 non
1501 1911 1569 1939 fecit
1583 1912 1707 1947 aliquod
1721 1913 1757 1939 si-

989 1959 1081 1986 gnum
1096 1953 1135 1980 ad
1149 1961 1252 1981 eorum
1267 1954 1470 1983 confusionem
1481 1957 1494 1983 ‘t
1518 1958 1549 1984 Et
1571 1958 1608 1985 ad
1628 1958 1684 1986 hoc
1698 1967 1758 1986 res-

989 1998 1101 2033 pondet
1114 1999 1210 2033 idem,
1227 2001 1309 2035 quod
1332 2010 1345 2026 «
1363 2004 1484 2037 propter
1506 2003 1640 2031 ultimam
1655 2013 1759 2033 eorum

989 2045 1241 2074 insensibilitatem
1270 2049 1298 2074 et
1326 2048 1463 2077 dolosam
1491 2053 1620 2078 mentem
1643 2052 1759 2079 nullum

989 2091 1105 2126 signum
1123 2092 1190 2120 feeit
1210 2093 1227 2109 ¹⁴
1247 2101 1253 2119 :
1273 2102 1286 2118 «
1309 2095 1460 2122 Generatio
1486 2096 1619 2124 adultera
1643 2098 1759 2133 signum

989 2138 1091 2172 quaerit
1103 2148 1112 2172 3
1144 2139 1196 2166 sed
1229 2147 1290 2167 non
1327 2140 1445 2168 dabitur
1478 2141 1523 2176 ei,
1560 2143 1615 2170 nisi
1643 2144 1759 2179 signum

989 2184 1068 2211 Jonae
1082 2185 1241 2220 prophetae.
1257 2196 1270 2211 »
1289 2188 1320 2213 Et
1330 2187 1371 2214 ibi
1383 2187 1563 2215 manifestius
1578 2189 1617 2216 ait
1628 2191 1760 2225 Evange-

988 2229 1054 2257 lista
1061 2240 1070 2265 3
1082 2230 1128 2258 hic
1143 2233 1239 2259 autem
1249 2233 1343 2267 magis
1354 2233 1534 2268 aenigmatice
1547 2237 1668 2270 propter
1677 2244 1759 2264 men-

989 2277 1047 2303 tem
1063 2285 1166 2304 eorum
1188 2278 1392 2313 perniciosam.
1410 2290 1422 2305 »
1440 2281 1502 2308 Haee
1524 2281 1756 2317 Chrysostomus.

1026 2324 1068 2350 19.
1092 2325 1124 2350 Et
1142 2324 1274 2359 sequitur
1293 2326 1446 2360 responsio
1467 2326 1590 2354 Christi:
1611 2329 1759 2363 Respondit

990 2368 1113 2396 Christus
1126 2378 1135 2396 .·
1154 2370 1254 2398 Solvite
1270 2373 1396 2406 temptum
1409 2372 1470 2407 hoc,
1487 2374 1540 2400 etc.
1562 2374 1618 2401 Sed
1634 2375 1759 2410 qualiter

990 2462 1060 2486 hom.
1084 2469 1154 2487 xus.
1177 2477 1202 2480 —
1232 2465 1252 2480 ¹²
1272 2466 1372 2494 Senec„
1396 2465 1426 2488 cle
1451 2466 1546 2490 Consol.
1570 2467 1604 2491 ml
1625 2468 1755 2496 Marcion„

991 2504 1013 2521 c.
1027 2504 1070 2527 n,
1083 2499 1149 2522 cirea
1162 2499 1229 2523 med.
1242 2512 1272 2517 -
1286 2500 1302 2515 ¹³
1316 2500 1457 2531 chrysost„
1473 2503 1499 2525 in
1513 2503 1594 2532 doum,
1606 2503 1677 2527 hom.
1691 2510 1757 2531 xxii.

990 2533 1021 2556 al.
1036 2539 1111 2563 xxiii,
1125 2540 1151 2556 11.
1168 2536 1192 2557 2.
1207 2547 1237 2552 -·
1253 2535 1272 2550 ¹⁸
1286 2535 1385 2564 Matth„
1401 2542 1453 2565 xvi,
1470 2538 1492 2560 si.

1023 2582 1054 2611 (a)
1071 2582 1129 2605 Caes.
1149 2582 1209 2605 edit.
1230 2583 1369 2613 flagellatus
1392 2586 1437 2608 est,
1452 2598 1482 2603 —
1501 2586 1535 2616 (h)
1555 2587 1613 2610 Item
1628 2588 1755 2617 praecepit.

991 2630 1015 2633 -—
1045 2617 1075 2646 (c)
1103 2618 1162 2640 [lem
1196 2620 1295 2642 testem.
1322 2632 1351 2636 —-
1383 2620 1417 2649 (d)
1462 2621 1522 2643 Item
1547 2622 1700 2645 addendum.
1729 2636 1754 2639 ἢ

991 2652 1022 2681 (e)
1048 2652 1108 2675 Item
1132 2655 1248 2676 vocatur.
1268 2666 1298 2671 -—
1324 2655 1357 2684 (Γ)
1380 2655 1441 2677 Item
1469 2656 1550 2679 tertia.

1786 1651 1830 1671 Cur
1842 1658 1877 1677 pe<

1774 1682 1845 1702 terent
1852 1682 1879 1701 si-

1792 1718 1861 1738 gnum

1785 1744 1864 1763 Judaei.

1795 1922 1839 1941 Cur
1850 1922 1877 1942 si-

1790 1958 1859 1978 gnum

1773 1991 1816 2005 non
1823 1986 1878 2006 fece>

1774 2015 1879 2036 ritDumi-

1773 2052 1823 2066 nus.
