1987 3032
207 253 265 282 14⁶.)
747 248 958 280 EVANGELH
979 248 1118 280 SANCTI
1142 247 1253 279 LUCAE

207 318 294 349 sione
309 320 433 359 aperta,
450 319 531 350 sicut
544 319 589 349 illi
607 327 625 349 a
642 319 678 358 (a)
697 318 813 358 quibus
827 316 978 347 Dominus

207 372 354 412 quaesivit
375 373 381 389 ¹
401 383 408 403 z
429 372 535 403 «Licet
557 372 694 402 sabbatis
714 370 913 407 benefacere,
937 378 977 399 an

207 424 309 455 male?
325 425 464 456 animam
490 426 610 455 salvam
635 425 747 461 facere,
764 433 804 453 an
825 423 978 462 perdere?

208 478 249 509 At
262 478 307 507 illi
319 479 474 509 tacebant.
490 478 527 508 Et
540 479 551 494 ²
566 478 699 517 :ulmpii
710 476 891 507 intenebris
903 485 979 506 con-

211 531 369 570 ticescent,
386 543 400 560 »
420 534 477 562 etc.

250 587 301 615 ⁶27.
324 585 529 616 Accesserant
537 588 645 614 ntalem
659 583 803 624 quidam,
820 585 878 614 etc.
895 581 981 613 Post-

212 646 308 677 quam
331 637 503 668 confutavit
518 637 735 667 infidelitatem
749 635 925 667 errantium
940 644 980 665 ex

212 690 343 727 malitia,
360 690 410 721 hie
423 691 562 721 secundo
576 690 715 721 confutat
729 689 980 720 incredulitatem

211 744 384 774 errantium
399 753 439 774 ex
454 744 647 783 ignorantia.
663 744 701 775 Et
714 744 809 774 habet
821 744 891 774 haee
907 752 980 782 pars

212 799 316 836 partes
330 797 407 828 duas
419 797 468 828 :in
484 797 589 837 prima
599 798 885 828 confutaterrorem
897 796 979 826 eirca

212 851 491 888 resurrectionem
515 851 547 880 in
567 851 705 881 secunda
723 860 810 888 vero,
833 850 914 880 circa
934 849 981 879 iu-

213 905 439 942 carnationem,
450 904 492 934 ibi
503 905 514 920 ⁸
529 914 535 934 :
553 905 642 935 Dz'aez't
653 908 760 934 autem
771 904 815 934 acl
829 903 909 941 illos,
921 905 978 933 etc.

213 957 249 987 In
263 958 466 988 describendo
481 959 588 988 autem
604 957 850 987 confutationem
866 956 981 986 erroris

212 1010 458 1042 Sadducaeorum
479 1011 517 1041 de
542 1011 628 1041 finali
650 1010 890 1047 resurreetione,
908 1018 981 1048 pro-

212 1063 292 1094 cedit
306 1064 364 1094 hoc
379 1064 489 1094 ordine
514 1074 520 1094 :
541 1064 645 1103 primo
664 1072 802 1103 namque
818 1062 981 1102 prazmittit

211 1116 419 1156 quaestionem
448 1126 629 1154 erroueam3
661 1117 799 1147 secundo
831 1115 981 1155 adjungit

211 1170 450 1209 responsionem
472 1170 660 1206 veridicam,
682 1169 725 1199 ibi
740 1169 750 1185 ⁸
769 1180 775 1199 :
794 1169 839 1200 Et
858 1169 904 1198 az'l
920 1167 982 1198 illis

212 1222 324 1253 Jesus:
343 1223 419 1253 Filii
441 1222 547 1261 hujus,
573 1225 631 1253 ete.
657 1222 744 1253 Circa
773 1222 980 1260 quaestionem

213 1283 380 1305 erroneam
406 1275 651 1306 introducuntur
676 1274 840 1305 Saddueaei
869 1276 905 1304 ut
931 1282 982 1303 ne-

212 1331 325 1367 gantes
338 1337 463 1365 verum,
480 1331 516 1358 ut
536 1328 710 1367 allegantes
723 1329 930 1367 praeceptum,
946 1329 983 1356 ut

210 1384 422 1421 proponentes
445 1391 570 1420 casum,
600 1384 636 1412 ut
662 1381 897 1420 interrogantes
923 1380 983 1411 du-

212 1434 315 1471 bium,
331 1444 386 1474 per
397 1435 479 1474 quod
495 1435 773 1475 praecipitabantur
787 1435 820 1465 in
842 1443 981 1465 errorem

212 1487 411 1527 praedictum.

254 1540 360 1571 Primo
374 1549 464 1580 ergo,
482 1543 635 1580 quantum
652 1541 689 1571 ad
703 1549 843 1571 errorem
859 1539 982 1571 Saddu-

214 1602 352 1624 caeoruxn
368 1594 558 1632 negantium
573 1603 698 1630 verum,
724 1594 798 1624 dicit
815 1604 822 1623 z
840 1594 982 1624 Accesse-

214 1648 291 1675 rwzt
301 1648 408 1674 autem
424 1644 557 1684 qusclam
572 1644 838 1681 Sadducaeorum,
855 1644 914 1684 qui
929 1651 982 1674 ne-

215 1702 365 1737 yantesse
380 1698 643 1728 resurrectionem
653 1721 660 1734 ,
677 1700 707 1727 et
720 1706 776 1736 per
790 1706 984 1736 consequens

216 1751 419 1780 destruebant
440 1750 683 1781 fundamentum
703 1749 819 1780 divinae
838 1750 982 1779 culturae.

220 1803 305 1833 Unde
320 1802 563 1843 Chrysostomus
574 1803 583 1819 ⁵
596 1814 602 1833 ε
619 1814 633 1831 «
643 1802 676 1832 ln
685 1803 773 1833 omni
786 1812 820 1833 re
831 1805 886 1832 aut
900 1804 983 1839 actu,

216 1856 332 1894 agendi
347 1857 451 1887 virtus
471 1865 541 1895 spes
558 1858 604 1886 est
618 1856 743 1895 praemii
757 1855 868 1892 futuri,
882 1858 917 1885 ut
931 1855 986 1894 qui

217 1912 296 1946 arat,
315 1910 383 1938 arat
403 1911 439 1938 ut
457 1911 569 1946 metat3
593 1911 623 1938 et
641 1908 697 1948 qui
712 1910 846 1947 pugnat,
862 1909 987 1947 pugnat

217 1963 253 1991 ut
268 1962 385 1992 vineat.
401 1972 415 1989 »
436 1961 473 1992 Et
488 1964 557 2001 post
575 1972 581 1991 z
604 1972 618 1989 (t
632 1960 718 1991 Tolle
732 1969 811 1999 ergo
826 1969 913 2000 spem
935 1969 986 1990 re-

217 2014 430 2052 surrectionis,
456 2016 486 2044 et
511 2014 613 2044 soluta
637 2015 684 2044 cst
703 2016 768 2044 tota
787 2012 987 2044 observantIa

217 2067 351 2107 pietatis.
370 2078 385 2095 n
409 2067 418 2083 ⁶
441 2078 456 2095 «
476 2067 557 2104 Quid
577 2067 690 2097 sacient
709 2066 764 2106 qui
789 2066 988 2106 baptizantur

217 2129 275 2160 pro
296 2120 447 2152 mortuis?
464 2120 501 2150 Et
521 2120 546 2149 si
568 2120 699 2150 omnino
719 2119 835 2150 mortui
854 2128 920 2149 non
936 2127 985 2148 re—

217 2176 365 2213 surgunt,
382 2175 417 2203 ut
432 2172 508 2212 quid
529 2174 559 2202 et
575 2172 775 2212 baptizantur
789 2181 846 2211 pro
860 2171 937 2202 illis?
952 2174 988 2202 ut

219 2226 294 2266 quid
309 2228 338 2256 et
351 2235 409 2256 nos
422 2225 638 2265 periclitamur
660 2225 747 2255 omni
766 2225 865 2254 hora?
885 2235 899 2252 >2
925 2224 987 2254 Re-

220 2279 446 2310 surrectionem
476 2282 582 2310 autem
612 2279 773 2318 negabant
801 2277 965 2308 Sadducaei
976 2302 986 2315 ,

221 2335 289 2362 tum
304 2335 430 2372 propter
450 2332 631 2362 animarum
653 2331 875 2362 mortalitatem
891 2340 987 2370 quarn

221 2385 399 2421 credebant,
416 2386 500 2416 unde
520 2385 627 2416 Glossa
641 2385 651 2401 ⁷
668 2394 675 2415 :
705 2396 719 2414 «
738 2384 903 2415 Sadducaei
918 2393 989 2414 cre-

221 2438 336 2469 debant
350 2438 471 2468 animas
484 2438 611 2468 interire
628 2447 700 2468 eum
720 2446 867 2476 corpore3
884 2447 898 2464 ι)
919 2439 988 2467 tum

222 2491 316 2522 etiam
340 2493 468 2530 propter
488 2499 656 2530 corporum
681 2489 987 2528 irreparabilitatem.

221 2546 260 2577 Et
274 2554 331 2585 pro
345 2545 389 2575 eis
401 2544 523 2575 videtur
539 2553 607 2574 esse
622 2545 707 2583 quod
726 2544 841 2575 dieitur
853 2543 886 2574 in
900 2543 991 2575 Psal-

253 2609 260 2624 ¹
275 2608 364 2637 Mare,
381 2612 436 2635 viu,
453 2607 473 2630 4.
490 2620 515 2623 -
531 2606 541 2621 ⁴²
557 2606 563 2628 l
581 2606 687 2636 lteq.,11‚
702 2608 725 2630 9.
738 2619 767 2623 -
779 2606 789 2622 ³
805 2605 860 2636 tur„
875 2612 899 2628 v,
912 2606 990 2628 41,-

223 2644 230 2658 ⁴
248 2644 303 2672 ins„
316 2650 341 2666 v.
353 2644 391 2665 254.
409 2655 439 2658 —
453 2643 460 2655 ³·
474 2643 526 2664 tino
541 2643 629 2664 auctor
644 2642 715 2672 Oper.
736 2641 870 2671 z'1nperf.‘z'1z
884 2641 986 2669 illailla,

222 2678 292 2702 hom.
305 2684 369 2702 xLu.
387 2690 417 2695 —
433 2677 444 2692 ὅ
459 2678 464 2699 1
483 2678 550 2705 σωκ,
565 2682 607 2705 xv,
620 2678 701 2700 253-30.
713 2690 743 2693 -
759 2677 765 2689 ⁷
782 2676 863 2699 Closs.
879 2676 987 2699 interlin.

223 2714 249 2737 in
265 2714 334 2737 hunc
345 2712 394 2736 loc.
406 2725 437 2730 —
450 2712 459 2726 ⁸
473 2711 541 2735 Psat.
553 2717 628 2741 cxix,
643 2713 666 2735 4.
684 2724 712 2728 —
725 2712 734 2725 ⁹
747 2711 813 2734 Psal.
830 2716 936 2740 exunt,
950 2712 987 2734 12.

1034 325 1087 346 mo
1103 315 1113 331 ⁸
1129 326 1135 346 :
1153 327 1167 343 «
1181 315 1286 346 Exibit
1298 314 1430 354 spiritus
1440 316 1467 354 ej
1474 324 1519 351 us,
1535 316 1565 344 et
1578 315 1755 344 revertetur
1768 311 1803 342 in

1034 370 1163 404 terrain,
1185 380 1200 396 »
1219 370 1277 399 etc.
1301 367 1379 398 Item
1400 370 1410 386 ⁹
1431 377 1439 398 t
1470 379 1484 396 α
1502 366 1675 407 Sepulchra
1694 373 1804 396 eorum

1034 421 1148 452 domus
1174 421 1301 451 illorum
1332 421 1365 450 in
1389 424 1556 451 aeteruum.
1576 432 1590 448 υ
1617 419 1654 450 Et
1681 419 1738 450 Job
1758 419 1804 448 ¹⁰:

1037 487 1051 504 α
1064 475 1166 505 IIoino
1178 484 1250 505 cum
1261 473 1437 511 dormierit,
1454 482 1518 504 non
1534 474 1691 511 resurget,
1708 471 1807 502 donec

1035 529 1187 558 atteratur
1211 527 1338 563 ccelum,
1362 536 1376 554 n
1395 528 1453 557 ete.
1471 526 1530 556 Sed
1546 526 1599 556 hie
1618 534 1684 556 non
1698 525 1807 554 dicunt

1036 580 1298 611 resurrectionem
1319 588 1383 610 non
1403 588 1471 609 esse
1494 579 1647 616 suturam,
1672 577 1726 608 sed
1750 585 1805 617 po-

1037 634 1100 664 tius
1111 643 1211 673 usque
1219 633 1258 663 ad
1268 632 1483 672 finemjudicii
1497 631 1714 662 differendam.
1726 629 1807 661 Nam

1037 687 1120 726 quod
1144 687 1274 726 spiritus
1291 686 1355 716 sint
1378 685 1590 723 immortales,
1609 684 1671 715 hoe
1696 683 1808 723 probat

1037 739 1179 779 ipsorum
1201 739 1377 770 intellectus
1399 739 1568 779 appetitus,
1593 739 1624 768 et
1638 738 1728 766 actus
1742 735 1806 766 vir—

1038 795 1164 830 tuosus3
1181 793 1266 832 quod
1282 801 1358 822 vero
1379 800 1512 831 corpora
1532 791 1730 830 reparentur,
1747 788 1808 818 hoc

1037 845 1216 875 manifestat
1231 844 1326 875 simul
1345 845 1454 875 divina
1465 844 1600 883 justitia,
1618 843 1727 874 divina
1742 841 1808 872 cle-

1038 898 1167 936 mentia,
1184 900 1213 929 et
1224 898 1331 929 divina
1342 898 1491 937 potentia.
1507 897 1594 928 Unde
1611 898 1719 927 contra
1731 895 1809 925 tales

1037 951 1152 981 dieitur
1168 951 1186 968 ¹¹
1207 962 1213 981 :
1233 962 1247 979 «
1262 950 1323 981 Sed
1339 950 1413 981 dicit
1428 950 1542 990 aliquis
1559 961 1565 981 :
1584 948 1748 986 Quomodo
1762 956 1810 978 re-

1038 1006 1178 1042 surgunt
1202 1004 1337 1034 mortui?
1362 1003 1448 1043 quali
1464 1005 1571 1033 autem
1599 1010 1730 1042 corpore
1752 1009 1807 1032 ve-

1037 1057 1144 1087 nient?
1162 1057 1328 1097 insipiens,
1350 1058 1384 1086 tu
1399 1056 1483 1096 quod
1499 1056 1636 1086 seminas
1650 1064 1716 1086 non
1731 1055 1810 1086 vivi-

1038 1109 1162 1148 ficatur,
1184 1110 1244 1140 nisi
1263 1110 1351 1150 prius
1371 1111 1544 1146 moriatur;
1565 1111 1595 1139 et
1612 1108 1698 1148 quod
1713 1108 1810 1139 semi-

1037 1172 1106 1200 nas,
1122 1173 1187 1194 non
1207 1172 1320 1202 corpus
1334 1162 1417 1202 quod
1435 1162 1578 1192 futurum
1599 1164 1644 1192 est
1659 1162 1807 1199 seminas,

1037 1217 1090 1247 sed
1111 1217 1233 1247 nudum
1254 1224 1410 1255 granum,
1427 1217 1540 1254 utputa
1556 1215 1661 1253 tritici,
1679 1217 1735 1245 aut
1748 1215 1808 1245 ali—

1038 1271 1130 1309 cujus
1148 1274 1347 1301 caeterorum.
1375 1268 1456 1299 Deus
1469 1269 1552 1299 enim
1571 1268 1623 1298 dat
1637 1268 1682 1298 illi
1695 1277 1809 1308 corpus

1038 1323 1118 1354 sicut
1134 1323 1213 1360 vult,
1231 1325 1261 1352 et
1274 1322 1450 1361 unicuique
1465 1322 1625 1352 seminum
1641 1321 1808 1361 proprium

1038 1385 1164 1416 corpus.
1175 1387 1189 1404 >³
1204 1376 1242 1407 Et
1252 1378 1322 1415 post
1338 1386 1345 1405 z
1367 1387 1381 1404 «
1395 1375 1521 1415 Oportet
1535 1374 1738 1414 corruptibile
1749 1374 1809 1405 hoc

1037 1430 1168 1460 induere
1189 1429 1469 1468 incorruptIOnem,
1488 1430 1517 1458 et
1537 1427 1669 1458 mortale
1682 1427 1743 1458 hoe
1757 1427 1809 1458 in-

1038 1482 1135 1513 duere
1148 1482 1430 1512 immortalitatem.
1444 1492 1458 1509 »

1080 1535 1234 1572 Secundo,
1251 1537 1406 1574 quantum
1426 1534 1465 1564 ad
1482 1535 1718 1574 inquisitionem
1732 1535 1810 1566 Sad-

1039 1588 1223 1619 ducaeoruxn
1241 1588 1450 1626 allegantium
1474 1590 1681 1627 praeceptum,
1705 1588 1812 1619 subdi-

1039 1643 1091 1671 tur
1107 1653 1113 1671 :
1133 1642 1177 1672 Et
1187 1641 1465 1680 interroqarerwzt
1483 1649 1555 1670 eum
1572 1641 1612 1679 ᾖν.
1629 1641 1691 1680 ⁶28),
1708 1640 1812 1672 (licen-

1040 1698 1083 1724 tes
1098 1703 1108 1724 .·
1124 1695 1287 1733 ,Πηρὼ-τεν,
1304 1694 1430 1733 Moyses
1452 1694 1578 1733 set-[psit
1596 1694 1697 1731 nobis,
1718 1694 1812 1734 scrip-

1040 1749 1111 1777 tura
1132 1747 1246 1777 scilicet
1270 1746 1463 1784 authentica,
1481 1748 1620 1786 ctJusta‚
1636 1747 1812 1778 secundum

1040 1800 1118 1831 illud
1136 1801 1157 1818 ¹³
1177 1811 1184 1830 :
1203 1812 1217 1827 «
1234 1800 1348 1838 Legem
1365 1799 1528 1830 mandavit
1543 1798 1665 1839 Moyses
1679 1799 1713 1829 in
1728 1809 1810 1840 prae-

1041 1853 1137 1892 ceptis
1147 1853 1356 1892 Justitiarum.
1369 1863 1383 1880 »
1402 1851 1490 1883 Unde
1506 1852 1621 1882 dieitur
1634 1851 1654 1868 ¹³
1671 1863 1677 1882 :
1693 1863 1708 1880 «
1722 1851 1811 1883 Post-

1041 1913 1139 1943 quam
1158 1903 1280 1943 scripsit
1303 1902 1426 1943 Moyses
1441 1903 1540 1934 verba
1559 1902 1640 1941 legis
1660 1902 1758 1942 hujus
1779 1902 1814 1932 in

1042 1956 1216 1994 volumine,
1233 1958 1327 1995 atque
1341 1956 1521 1995 complevit,
1533 1955 1682 1995 praeeepit
1697 1954 1814 1985 Levitis

1042 2009 1096 2048 qui
1107 2009 1273 2049 portabant
1284 2018 1387 2039 arcam
1400 2009 1526 2039 foederis
1536 2008 1672 2045 Domini,
1689 2008 1794 2038 dicens
1805 2017 1812 2038 :

1042 2061 1153 2092 Tollite
1164 2062 1281 2092 librum
1293 2062 1402 2100 istum,
1418 2064 1448 2092 et
1458 2062 1565 2101 ponite
1578 2070 1653 2092 eum
1670 2061 1703 2091 in
1717 2061 1815 2091 latere

1043 2124 1136 2153 arcae,
1153 2125 1167 2143 »ι
1187 2118 1245 2145 etc.
1263 2114 1422 2153 Quidquid
1441 2123 1519 2153 ergo
1540 2114 1664 2154 Moyses
1678 2114 1811 2153 scrIpsit‚

1043 2168 1262 2199 authenticum
1284 2170 1331 2197 est
1352 2178 1359 2197 z
1383 2169 1413 2197 et
1436 2167 1506 2198 ideo
1530 2167 1719 2206 scripturam
1745 2168 1814 2206 ejus

1043 2224 1196 2260 tanquam
1221 2220 1436 2251 authenticam
1463 2222 1656 2259 proponunt,
1686 2221 1816 2259 propter

1043 2274 1128 2314 quod
1143 2273 1283 2304 subdunt
1302 2281 1310 2303 :
1334 2273 1375 2304 Si
1392 2273 1496 2311 frater
1516 2272 1655 2312 alicujus
1669 2275 1815 2302 mortuus

1043 2328 1155 2367 fuerit,
1186 2326 1302 2357 habens
1324 2334 1469 2364 uxorem,
1496 2329 1525 2355 et
1545 2325 1595 2356 hic
1620 2326 1687 2356 sine
1709 2324 1815 2356 liberis

1043 2381 1155 2419 fuerit,
1174 2384 1209 2410 ut
1224 2379 1360 2418 accipiat
1378 2388 1450 2408 eam
1466 2379 1570 2417 frater
1585 2378 1652 2417 ejus
1667 2386 1812 2415 uxorem,

1044 2439 1074 2464 ee
1088 2435 1214 2465 suscitet
1226 2442 1332 2464 semen
1346 2433 1448 2471 fratri
1459 2442 1528 2462 suo.
1545 2432 1610 2462 Hoc
1626 2431 1815 2462 describitur

1045 2487 1075 2517 in
1091 2487 1337 2518 Deuteronomio
1354 2486 1374 2502 ¹⁸
1390 2495 1400 2516 .·
1425 2497 1439 2515 «
1457 2485 1587 2523 Quando
1602 2484 1814 2515 habitaverint

1047 2540 1085 2580 (b)
1098 2541 1210 2571 fratres
1218 2540 1324 2577 simul,
1336 2542 1367 2570 et
1375 2548 1459 2570 unus
1469 2548 1509 2569 ex
1523 2538 1567 2569 eis
1576 2538 1694 2578 absque
1706 2537 1814 2568 liberis

1044 2616 1075 2621 —
1092 2603 1110 2619 ¹⁰
1131 2602 1185 2633 lob,
1201 2609 1256 2633 xw,
1278 2603 1316 2626 12.
1336 2614 1367 2619 -
1386 2602 1404 2617 ¹¹
1422 2602 1429 2624 Ι
1455 2600 1522 2630 Cor„
1546 2606 1589 2630 xv,
1610 2601 1694 2630 35-38,
1721 2600 1759 2624 53.
1785 2612 1812 2616 -

1045 2639 1064 2654 ¹²
1079 2638 1165 2667 Eccli„
1177 2643 1246 2669 xxiv,
1259 2639 1297 2662 33.
1308 2650 1339 2655 -
1353 2636 1373 2653 ¹³
1387 2636 1470 2665 Dent„
1486 2642 1561 2666 xxxi,
1575 2637 1656 2660 24—26.
1669 2634 1814 2665 -¹⁴1bid.‚

1070 2679 1076 2684 ν
1119 2675 1144 2690 τ’,
1792 2679 1796 2683 .

1045 2674 1190 2740 ῃῖιιϊῖῗιὶι.
1203 2709 1263 2733 edit.
1279 2709 1344 2732 deest
1357 2715 1380 2732 a.
1397 2720 1427 2725 —
1442 2707 1475 2738 (b)
1492 2707 1552 2730 Item
1567 2706 1752 2731 habitaverunt.
