1987 3032
213 185 271 214 346

210 251 330 277 venerat
351 249 389 278 ad
410 251 528 279 turbam
545 252 654 280 scilicet
667 259 769 280 rumor
784 251 821 280 de
835 252 978 280 miraculo

211 297 239 323 et
251 296 493 332 multiplicatione
508 306 619 333 panum
637 308 643 325 :
660 299 694 325 Et
709 307 762 325 non
780 301 837 326 erat
856 300 911 326 nisi
925 307 979 326 una

211 344 352 376 navicula,
372 343 402 370 in
422 351 479 379 qua
502 344 642 380 potuisset
665 346 746 372 Jesus
767 345 905 380 transire;
928 345 979 372 sed

210 396 271 416 non
286 390 433 423 transivit,
448 390 498 418 sed
519 390 573 418 soli
596 390 751 426 discipuli,
769 393 796 419 et
816 391 884 419 ideo
899 391 978 419 dice-

210 436 298 471 bant,
315 437 396 472 quob
411 437 583 465 mirabiliter
598 438 784 465 transivisset.
800 439 838 474 (v.
851 440 895 473 c23)
908 440 980 466 Aliae

210 492 269 512 uero
296 493 374 511 naves
399 491 606 519 supervenerunt
633 494 649 512 a
675 485 814 512 Tiberiade
839 495 846 512 :
871 487 898 512 et
923 485 980 513 hoc

210 532 331 566 propter
345 531 521 558 miraculum
536 531 573 558 de
592 532 835 567 multiplicatione
857 539 978 567 panum.

212 576 281 604 Ideo
305 576 344 603 ait
361 585 367 603 ε
387 577 472 604 Juxta
500 578 584 604 locum
609 579 657 605 ubi
676 578 902 605 manducaverant
928 586 980 612 pa-

211 630 282 655 nem,
292 623 346 650 etc.
358 624 390 650 Et
402 623 441 658 (v.
452 623 497 659 24)
512 632 570 650 cum
580 624 712 651 vidissent
724 625 794 659 quod
804 625 840 660 (a)
850 632 901 651 non
916 627 980 651 esset

211 669 249 694 ibi
253 670 269 695 J
271 676 338 701 esus,
346 669 518 696 ascenderunt
528 672 552 697 et
559 673 686 697 venerunt
694 671 893 705 Capharnaum.
900 671 980 698 Unde

212 714 314 749 quaerit
337 715 580 750 Chrysostomu5¹
596 737 605 751 ,
627 724 719 752 quare
744 718 803 744 tam
826 716 981 752 diligenter

210 760 265 788 ista
281 760 508 790 describuntur?
524 765 555 790 Et
576 763 614 790 ad
634 763 690 790 hoc
705 763 882 799 respondet,
898 764 981 799 quod

212 806 316 840 turbis,
332 807 383 834 etsi
397 815 459 835 non
473 808 624 836 manifeste
634 830 641 842 ‚
658 809 740 836 dedit
752 809 874 836 latenter
888 810 982 845 suspi-

211 852 286 887 cari,
303 853 445 888 quoniam
458 855 536 890 pede
551 855 693 882 transiens
716 863 797 882 mare
811 855 979 883 advenerat.

211 899 281 926 Item
299 900 401 934 quaerit
415 901 435 934 ᾖ,
458 909 548 936 quare
570 909 631 929 non
655 902 828 929 ascenderat
848 909 955 929 navem
968 904 981 929 ἰ)

211 946 244 972 Et
258 945 297 972 ad
311 945 367 973 hoc
389 947 562 981 respondet,
578 948 660 983 quod
676 948 744 975 ideo
760 956 820 975 non
835 948 981 983 ascendit,

211 990 388 1018 miraculum
400 993 496 1027 majus
519 994 635 1028 operari
656 994 773 1027 volens,
790 995 817 1021 et
833 994 921 1021 simul
937 994 981 1021 di-

211 1036 362 1065 vinitatem
377 1038 438 1072 ejus
453 1040 584 1067 revelare
599 1040 736 1075 apertius.

246 1084 291 1110 25.
307 1086 342 1111 Et
356 1085 484 1112 dixerunt
499 1088 524 1113 ei
538 1096 545 1113 ε
562 1087 661 1120 Βαὸὺί,
679 1087 784 1121 quando
799 1089 848 1114 huc
862 1090 982 1115 venisti?

212 1129 244 1156 id
258 1132 310 1161 est,
328 1131 453 1165 qualiter
466 1132 523 1159 huc
535 1133 658 1160 venisti?
671 1134 702 1160 ut
715 1133 836 1168 exponit
855 1134 981 1169 Chryso-

212 1179 333 1204 stomus.
348 1178 402 1205 Sed
418 1179 568 1213 quaeritur,
580 1188 615 1206 ex
630 1188 690 1215 quo
707 1180 854 1214 viderant,
869 1181 916 1208 vel
932 1190 982 1208 au-

213 1223 327 1250 dierant
334 1224 509 1251 miraculum
520 1226 554 1252 de
563 1225 804 1260 multiplicatione
812 1235 934 1262 panum,
943 1228 981 1254 ad

213 1269 286 1304 quid
300 1272 436 1304 quaerunt
452 1270 488 1298 de
504 1271 632 1298 adventu
647 1280 700 1299 suo
716 1272 806 1300 illuc?
823 1275 854 1300 Et
871 1273 909 1300 ad
925 1274 981 1300 hoc

211 1316 371 1350 respondet
385 1317 608 1352 chrysostomus
631 1319 640 1335 ³
657 1319 739 1354 quod
762 1319 830 1346 ideo
853 1320 981 1355 inquire-

210 1361 292 1396 bant,
299 1362 430 1390 volentes
440 1371 540 1391 rursus
548 1372 650 1391 mensa
658 1365 756 1400 potiri,
763 1365 844 1401 quali
852 1366 980 1401 etprius:

212 1416 272 1435 non
282 1408 360 1436 enim
371 1409 447 1436 ultra
457 1418 511 1445 pro
521 1411 668 1445 prioribus
680 1411 914 1439 admirabantur.
926 1413 982 1440 Sed

212 1455 359 1489 quaeritur,
383 1463 474 1491 quare
498 1457 562 1484 fecit
584 1457 760 1484 miraculum
783 1458 818 1485 de
834 1458 981 1493 panibus,

211 1502 370 1536 antequam
384 1501 504 1529 intraret
515 1503 740 1538 Capharnaum‘?
754 1506 785 1531 Et
800 1504 838 1531 ad
853 1504 909 1531 hoc
924 1513 982 1532 res-

210 1546 336 1582 pondet,
353 1548 434 1583 quod
449 1549 505 1575 hoc
521 1549 656 1576 decenter
677 1550 758 1583 fecit,
778 1550 882 1577 nolens
898 1551 980 1578 illam

211 1593 317 1620 duram
331 1596 358 1620 et
372 1594 573 1622 insuasibilem
594 1595 701 1623 intrare
716 1606 723 1622 .-
739 1596 886 1623 sufficiens
902 1597 981 1624 enim

211 1642 273 1667 erat
294 1640 409 1667 mollire
433 1641 581 1675 lapidem,
595 1641 626 1668 id
650 1643 707 1675 est,
732 1642 869 1670 duritiem
891 1643 980 1677 illius,

210 1686 310 1713 videre
326 1687 426 1714 turbas
440 1687 481 1713 sic
501 1687 655 1722 advenire3
672 1696 726 1715 nec
738 1690 837 1715 tamen
852 1689 894 1716 illi
916 1692 982 1716 sunt

211 1733 326 1760 molliti.
339 1735 460 1768 Propter,
472 1734 554 1769 quod
569 1735 760 1770 exprobravit
774 1735 816 1762 illi
833 1735 939 1763 civitati
951 1737 960 1752 '⁴
975 1746 980 1763 :

214 1788 227 1803 «
242 1780 274 1806 Et
287 1781 329 1812 tu,
344 1780 564 1815 Capharnaum,
581 1791 594 1806 »
611 1783 664 1808 etc.
681 1783 721 1808 Ex
735 1781 780 1808 his
795 1784 874 1817 patet
884 1803 892 1815 ,
909 1790 980 1818 qua·

210 1825 274 1852 liter
295 1825 341 1852 isti
361 1826 561 1861 sequebantur
585 1827 729 1854 Christum
754 1837 760 1854 z
784 1835 845 1855 non
868 1828 982 1855 fervore

209 1871 295 1905 fidei,
309 1871 362 1898 sed
387 1872 534 1900 desiderio
559 1872 632 1907 cibi,
647 1873 695 1900 vel
720 1873 868 1908 alimenti,
885 1874 932 1901 vel
946 1882 980 1902 ex

210 1917 275 1944 visu
289 1917 336 1944 vel
356 1917 459 1945 auditu
475 1918 616 1946 miraculi.
638 1919 682 1947 Sic
703 1921 730 1946 et
751 1920 835 1947 multi
849 1923 983 1955 quaerunt

210 1964 325 1997 Jesum,
342 1971 403 1991 non
414 1967 534 1999 propter
549 1966 646 1992 Jesum
656 1986 665 1999 ,
680 1966 732 1993 sed
746 1968 779 1993 ut
797 1966 873 1993 bene
887 1966 923 1993 sit
941 1967 982 1994 eis

211 2010 241 2037 in
254 2018 391 2045 corpore,
409 2010 448 2037 ait
461 2010 562 2038 Glossa
576 2012 596 2038 ⁵.
614 2013 650 2038 De
665 2012 773 2047 quibus
787 2013 817 2039 in
833 2014 936 2040 Psalmo
949 2014 959 2029 θ
972 2022 978 2040 :

215 2066 228 2081 «
253 2056 474 2084 Confitebuntur
503 2057 571 2092 tibi,
596 2066 663 2085 cum
686 2058 865 2086 benefeceris
890 2059 941 2086 eis.
966 2069 979 2084 n

213 2103 222 2119 ⁷
240 2112 253 2127 «
275 2102 352 2130 Multi
377 2103 456 2130 enim
479 2105 546 2131 sunt
569 2104 656 2132 amici
681 2104 760 2132 dona
783 2105 945 2133 tribuentis.
966 2115 979 2132 n

211 2149 291 2176 Unde
306 2157 407 2176 versus
427 2159 433 2177 2

245 2235 359 2265 Morbus,
373 2236 454 2267 signa,
468 2236 548 2265 cibus,
560 2236 728 2267 blasphemia,
740 2237 842 2268 dogma,
855 2238 925 2262 fuere

277 2272 376 2301 Causae,
392 2278 436 2295 cur
452 2271 589 2295 Dominum
604 2272 677 2295 turba
691 2275 777 2296 secuta
792 2273 845 2297 fuit.

257 2306 369 2335 Morbus,
384 2313 466 2335 amor,
482 2306 554 2334 mira,
570 2307 703 2337 sapientia,
718 2307 798 2331 virtus
813 2310 838 2331 et
852 2308 906 2332 ira:

278 2341 322 2364 His
336 2341 387 2372 egit
400 2341 492 2371 varias,
508 2341 588 2372 plebs,
604 2342 658 2372 tibi,
673 2342 781 2373 Christe,
795 2343 857 2367 vias.

249 2427 294 2453 26.
324 2428 356 2454 Et
383 2427 513 2462 sequitur
542 2435 631 2463 pars,
655 2428 685 2455 in
712 2437 772 2464 qua
799 2430 983 2465 sequentium

215 2471 300 2500 dictis
312 2472 409 2500 modis
423 2474 613 2509 reprehensio
635 2482 702 2502 cum
725 2475 923 2503 exhortatione
944 2477 983 2504 ad

246 2546 253 2562 ²
271 2545 411 2577 Chrysost„
429 2546 471 2569 ubi
491 2554 557 2577 sup„
576 2554 601 2571 n.
622 2550 643 2572 1.
657 2560 687 2566 --
707 2548 715 2562 ²
734 2548 806 2578 thid„
821 2549 900 2573 multo
915 2552 982 2574 ante.

214 2580 315 2611 ³1bid.‚
336 2588 358 2604 n.
381 2583 404 2605 2.
426 2594 452 2599 ——
474 2582 482 2595 ⁴
498 2582 599 2611 Mutela,
622 2589 662 2613 sl,
683 2585 720 2608 223.
738 2597 765 2601 —
786 2585 795 2600 ⁵
816 2585 851 2608 Ex
873 2586 937 2615 Aug.
958 2586 982 2608 z'n

216 2616 299 2646 loon„
320 2618 392 2642 tract.
413 2623 472 2645 xxv,
500 2624 526 2642 n.
551 2619 587 2641 10.
608 2630 639 2635 -
657 2619 667 2634 ⁶
690 2618 756 2642 Psal.
778 2625 873 2649 xmiu,
896 2622 930 2644 ¹9.
953 2633 983 2638 -

725 184 938 216 EVANGELII
959 184 1099 217 SANCTI
1119 186 1284 220 JOANNIS

1033 253 1194 288 petendum
1204 262 1308 283 verum
1317 256 1432 291 cibum,
1445 258 1518 285 sicut
1533 258 1682 286 continuat
1691 258 1800 286 Glossa.

1034 300 1065 326 Et
1079 299 1130 326 illa
1151 300 1180 327 in
1196 300 1269 328 duas
1284 311 1290 328 :
1306 302 1402 338 primo
1418 324 1426 337 ‚
1451 304 1590 339 praedicta
1614 304 1801 340 reprehensio

1033 353 1101 373 cum
1116 346 1336 382 exhortatione;
1357 351 1503 384 secundo,
1520 351 1580 378 veri
1605 351 1663 378 cibi
1685 350 1803 378 humilis

1034 393 1193 428 appetitio,
1213 396 1240 421 et
1260 395 1387 422 veritatis
1416 397 1559 431 eruditio,
1583 397 1623 424 ibi
1641 406 1647 424 :
1671 399 1803 424 vixerunt

1033 446 1093 472 erqo
1108 440 1144 466 ad
1165 448 1224 467 eum
1237 449 1246 467 :
1271 442 1397 473 Domine,
1415 445 1467 469 etc.
1491 445 1521 470 ln
1541 444 1636 478 prIma
1650 443 1703 471 tria
1720 453 1727 470 :
1741 443 1802 479 pri-

1034 490 1099 517 mo,
1114 483 1178 518 ipsa
1192 484 1352 520 increpatio
1366 487 1394 512 et
1408 486 1534 514 hortatio
1546 497 1553 522 ;
1565 487 1711 520 secundo,
1724 487 1803 522 ipso-

1034 536 1101 556 rum
1128 529 1278 565 inquisitio
1303 539 1371 558 cum
1401 532 1558 560 salvatoris
1585 533 1776 569 responsione
1794 554 1804 567 ,

1034 575 1077 602 ibi
1089 584 1095 602 ι
1108 577 1241 603 Discerant
1256 585 1333 611 erqo,
1349 580 1415 612 etc.;
1433 578 1531 613 tertio,
1548 579 1586 606 ab
1603 579 1713 607 eisdem
1728 580 1804 614 signi

1034 621 1135 656 petitio
1146 642 1154 654 ,
1177 624 1204 650 et
1224 622 1382 650 salvatoris
1402 625 1574 659 responsio,
1589 625 1630 652 ibi
1647 635 1654 653 ι
1671 627 1804 654 Dt'aeerunt

1035 675 1095 702 ergo
1113 669 1156 702 ei,
1172 670 1226 695 etc.

1070 714 1114 741 Ait
1129 722 1198 748 ergo
1216 724 1222 742 :
1236 716 1383 750 Respondit
1399 717 1436 742 eis
1453 718 1538 750 Jesus,
1555 720 1580 744 et
1599 717 1673 744 discit
1690 726 1696 744 :
1713 719 1803 748 Amen,

1036 768 1111 787 amen
1127 761 1186 787 dico
1196 762 1280 794 vobis,
1296 763 1418 795 quem-itis
1430 771 1484 795 me,
1503 771 1553 790 non
1568 765 1634 797 qaia
1648 764 1758 791 vidistis
1769 766 1807 791 si-

1036 815 1099 840 qua,
1115 806 1223 834 scilicet
1242 815 1302 835 non
1319 815 1356 834 ex
1370 810 1447 835 recta
1462 808 1536 843 fide3
1552 809 1598 836 sed
1613 811 1678 844 quia
1692 810 1806 837 mandu-

1036 854 1132 886 castis,
1146 855 1199 880 etc.
1212 863 1217 880 :
1238 853 1268 880 id
1284 856 1341 887 est,
1361 864 1373 879 α
1384 856 1503 889 propter
1522 863 1640 882 carnem
1659 856 1786 891 quaeritis
1797 877 1806 890 ,

1037 906 1097 926 non
1109 902 1229 935 propter
1239 900 1384 935 spiritum,
1393 912 1406 926 »
1420 901 1459 928 ait
1470 901 1648 936 Augustinus
1657 902 1677 929 ⁸.
1690 913 1703 927 α
1713 903 1806 935 Quam

1037 945 1115 972 enim
1129 946 1301 984 multi-sunt,
1311 947 1361 982 qui
1379 955 1438 974 non
1449 950 1583 983 quaerunt
1593 949 1700 981 Jesum,
1711 948 1766 975 nisi
1777 951 1808 976 ut

1036 991 1112 1018 bene
1123 992 1160 1019 sit
1169 992 1210 1018 eis
1218 993 1381 1020 secundum
1392 995 1507 1028 tempus
1516 994 1577 1021 Nix
1584 994 1808 1029 quaeritursesus

1036 1040 1270 1073 propterJesum,
1278 1050 1291 1065 ι)
1303 1040 1342 1066 ait
1349 1040 1654 1074 Augustinusibidem.
1666 1040 1722 1068 Sed
1730 1049 1808 1075 quae-

1036 1084 1123 1118 ritur,
1139 1093 1230 1120 quare
1247 1085 1286 1112 ita
1300 1085 1418 1120 publice
1429 1086 1559 1121 increpat
1573 1094 1639 1120 cos,
1652 1094 1719 1114 cum
1734 1089 1809 1115 esset

1037 1130 1113 1157 mitis
1132 1133 1159 1158 et
1178 1131 1305 1158 humilis.
1324 1134 1354 1159 Et
1373 1132 1412 1159 ad
1432 1132 1487 1159 hoc
1509 1132 1666 1168 respondet
1687 1133 1808 1169 Chryso-

1037 1179 1148 1204 stomus
1168 1178 1177 1193 ⁹
1196 1178 1279 1213 quod
1296 1188 1309 1203 α
1322 1181 1507 1205 mansuetum
1526 1186 1588 1206 esse
1607 1180 1635 1206 et
1660 1179 1725 1206 lene
1746 1187 1807 1207 non

1037 1223 1149 1258 ubique
1161 1227 1203 1251 est
1217 1224 1296 1258 utile,
1310 1224 1361 1251 sed
1377 1224 1539 1259 aliquando
1553 1225 1702 1260 percussio
1715 1226 1760 1260 (b),
1775 1226 1806 1252 id

1038 1271 1079 1296 cst
1094 1269 1250 1304 disciplina
1261 1279 1335 1306 opus
1350 1274 1391 1298 est
1404 1271 1555 1306 magistro,
1572 1279 1639 1298 cum
1653 1272 1739 1299 suerit
1752 1272 1808 1299 dis-

1039 1316 1154 1351 cipulus
1168 1317 1252 1344 deses
1263 1320 1422 1352 etgrossus.
1440 1320 1471 1345 Et
1481 1319 1643 1353 oportetuti
1655 1319 1783 1353 stimulo,
1791 1330 1805 1345 »

1038 1363 1147 1390 scilicet
1156 1363 1363 1399 increpationis
1373 1364 1393 1380 ¹⁰
1406 1372 1431 1391 :a
1443 1366 1494 1392 Per
1503 1365 1645 1392 tristitiam
1656 1365 1735 1392 enim
1745 1365 1809 1393 vul-

1039 1410 1084 1436 tus
1099 1410 1254 1445 corrigitur
1274 1410 1391 1437 animus
1407 1411 1637 1447 delinquentis.»
1653 1411 1721 1439 Ideo
1741 1412 1781 1439 ait
1799 1421 1806 1440 ε

1038 1457 1224 1490 Ληῑεη,ανηρη,
1242 1465 1309 1483 cum
1324 1457 1495 1484 certitudine
1510 1460 1537 1484 et
1552 1457 1805 1486 determinatione.

1038 1503 1119 1536 item,
1131 1504 1162 1529 ut
1177 1502 1216 1529 ait
1229 1503 1507 1537 Chrysostomus¹¹,«
1516 1503 1737 1531 blandientibus
1751 1504 1807 1531 sibi

1039 1548 1174 1580 ostendit,
1187 1549 1269 1583 quod
1284 1556 1344 1575 non
1360 1549 1538 1583 concupiscit
1548 1549 1693 1576 honorem
1702 1550 1738 1577 ab
1754 1550 1807 1578 ho-

1037 1594 1177 1628 minibus,
1193 1595 1244 1621 scd
1258 1602 1350 1621 unum
1365 1594 1461 1622 solum
1476 1595 1601 1630 inspicit,
1616 1595 1740 1623 salutem
1755 1604 1807 1624 eo-

1037 1647 1104 1667 rum
1118 1640 1236 1667 scilieet.
1255 1642 1287 1667 Et
1307 1640 1363 1668 hoc
1383 1649 1451 1668 eum
1475 1649 1585 1676 magna
1611 1642 1760 1676 parcitate,
1777 1642 1807 1669 id

1039 1688 1090 1720 est,
1107 1686 1223 1714 lenitate
1241 1696 1247 1713 ι
1264 1694 1325 1714 non
1340 1688 1418 1714 enim
1434 1688 1472 1715 ait
1488 1696 1493 1714 :
1511 1690 1532 1715 Ο
1545 1688 1640 1722 gulosi
1656 1690 1684 1716 et
1698 1689 1808 1716 ventris

1037 1733 1113 1759 servi
1127 1734 1132 1758 !
1150 1734 1190 1760 tot
1203 1733 1368 1767 mirificavi,
1386 1735 1413 1760 ct
1426 1742 1487 1761 non
1502 1734 1567 1761 estis
1582 1734 1690 1768 secuti,
1710 1743 1807 1770 neque

1038 1780 1175 1807 admirati
1197 1789 1205 1813 ;
1238 1780 1290 1807 sed
1313 1780 1409 1808 solum
1438 1783 1503 1815 qaia
1528 1782 1560 1808 de
1582 1783 1698 1816 panibus
1731 1791 1808 1809 man—

1038 1827 1167 1854 ducastis.
1197 1828 1260 1853 Haec
1287 1826 1345 1853 ille.
1375 1828 1406 1853 Et
1425 1835 1485 1854 non
1509 1827 1606 1854 solum
1629 1830 1685 1855 stat
1715 1837 1808 1864 usque

1039 1873 1077 1900 ad
1099 1873 1374 1908 reprehensionem,
1390 1873 1442 1900 sed
1463 1876 1490 1900 et
1512 1873 1677 1901 doctrinam
1692 1875 1807 1910 adjecit,

1039 1919 1138 1946 dicens
1150 1919 1189 1954 (v.
1205 1920 1250 1954 27)
1267 1928 1273 1946 :
1291 1920 1448 1954 Operamini
1472 1928 1523 1947 uon
1541 1920 1628 1946 cibum
1639 1941 1647 1954 ,
1664 1922 1712 1955 qui
1723 1922 1807 1956 perit,

1038 1965 1069 1993 id
1089 1968 1147 1999 est,
1163 1966 1245 1993 nulla
1259 1966 1293 1993 sit
1315 1966 1397 1993 vobis
1415 1974 1485 1993 eura
1499 1967 1586 2002 huJ'us
1602 1967 1659 1994 cibi
1675 1967 1810 1995 materia-

1038 2012 1084 2045 lis,
1099 2012 1152 2039 sed
1171 2012 1229 2039 cibi
1243 2012 1410 2048 spiritualis.
1430 2013 1499 2040 Ideo
1516 2013 1555 2040 ait
1571 2022 1577 2040 :
1597 2013 1763 2048 Operamini,
1778 2013 1809 2041 id

1039 2062 1095 2094 est,
1124 2068 1247 2095 operose
1271 2060 1408 2095 requirite
1438 2062 1465 2087 et
1488 2060 1660 2087 desiderate.
1684 2061 1704 2077 ¹²
1727 2071 1741 2087 ει
1754 2062 1809 2088 No-

1038 2107 1087 2134 lite
1116 2106 1230 2133 solliciti
1259 2114 1320 2133 esse
1350 2106 1478 2133 dicentes
1495 2115 1501 2133 :
1518 2106 1592 2139 Quid
1619 2107 1810 2134 manducabi-

1039 2161 1121 2187 mus,
1145 2164 1158 2178 »
1178 2154 1231 2179 etc.
1261 2153 1349 2179 Cibus
1377 2152 1455 2179 enim
1484 2152 1642 2178 materialis
1670 2153 1745 2188 perit
1765 2153 1785 2169 ¹³
1800 2162 1807 2180 ε

1042 2209 1056 2225 ιι
1071 2200 1162 2226 Omne
1177 2198 1259 2234 quod
1274 2199 1360 2226 intrat
1377 2206 1430 2234 per
1445 2206 1478 2225 os
1493 2199 1522 2225 in
1540 2200 1672 2225 ventrem
1685 2199 1776 2226 vadit.
1792 2210 1806 2225 »

1039 2245 1096 2273 Sed
1110 2245 1266 2280 spiritualis
1289 2244 1387 2277 cibus,
1405 2244 1514 2271 scilicet
1527 2245 1651 2271 verbum
1665 2245 1746 2278 fidei,
1761 2247 1809 2280 qui

1039 2300 1086 2326 per
1094 2295 1181 2318 manet
1195 2293 1223 2317 z'n
1234 2293 1317 2318 vitam
1331 2293 1472 2317 aeternam:
1487 2292 1508 2307 ¹⁸
1519 2302 1530 2314 a
1541 2292 1603 2318 Non
1615 2291 1735 2318 enimin
1745 2291 1808 2319 solo

1038 2345 1115 2373 pane
1144 2337 1232 2365 esurit
1250 2337 1358 2370 homo,
1379 2336 1431 2364 sed
1452 2336 1482 2363 in
1505 2337 1586 2364 omni
1607 2337 1700 2364 verbo
1722 2346 1729 2364 :
1751 2347 1764 2363 »
1782 2341 1809 2364 et

1040 2393 1115 2419 quem
1127 2385 1200 2418 filius
1220 2384 1333 2410 hominis
1352 2383 1426 2410 dabie
1444 2384 1463 2400 ¹⁵
1481 2392 1487 2410 :
1507 2392 1520 2409 a<
1536 2383 1634 2410 Venite
1651 2383 1690 2410 ad
1704 2391 1763 2417 me,
1780 2386 1808 2410 et

1040 2467 1047 2480 ⁷
1062 2467 1144 2494 Pron„
1160 2471 1215 2495 xix,
1229 2466 1252 2489 6.
1269 2476 1298 2483 —
1314 2465 1323 2478 ⁸
1339 2466 1413 2494 Aug„
1428 2465 1471 2488 ubi
1487 2472 1542 2495 sup.
1557 2477 1587 2481 -—
1602 2465 1611 2478 ς’
1625 2464 1766 2495 Chrysost„
1781 2465 1805 2488 ιή

1039 2502 1118 2527 Joan..
1137 2501 1207 2524 hom.
1226 2506 1300 2529 mu,
1316 2500 1349 2524 al.
1366 2506 1475 2529 x1,1v,u.
1494 2503 1514 2524 ¹.
1529 2513 1559 2517 —
1578 2501 1596 2517 ¹0
1611 2500 1766 2529 Eccle.‚v11‚
1783 2503 1804 2524 4.

1040 2549 1069 2554 —
1088 2538 1105 2553 ¹¹
1122 2536 1264 2566 Chrysost„
1280 2535 1341 2559 ibid.
1354 2549 1385 2553 -
1401 2537 1419 2551 '¹
1432 2535 1532 2565 Mami„
1549 2541 1583 2565 Vi,
1599 2536 1636 2558 25.
1654 2548 1682 2552 —
1698 2535 1717 2551 ¹³
1733 2536 1805 2566 thid„

1040 2579 1082 2601 xv,
1101 2573 1135 2594 ¹17.
1149 2584 1176 2588 —
1193 2571 1213 2587 ¹⁸
1228 2571 1310 2599 Dein„
1329 2576 1392 2601 vui,
1407 2572 1430 2595 3,
1445 2583 1475 2588 -
1490 2571 1509 2587 ¹⁵
1524 2570 1625 2598 Manli„
1639 2576 1679 2600 xi,
1695 2572 1732 2594 28.

1072 2622 1103 2649 (α)
1114 2620 1187 2649 Vulg.
1195 2620 1256 2643 Cum
1263 2625 1322 2649 erqo
1328 2619 1505 2643 vidissetturba
1511 2620 1579 2650 quia.
1587 2632 1616 2636 —
1623 2618 1655 2649 (b)
1663 2620 1718 2650 Leq.
1725 2619 1804 2650 virga.

1832 1143 1876 1162 Cur·
1889 1148 1927 1168 pu·

1826 1173 1881 1192 blica
1891 1178 1923 1193 re-

1829 1204 1921 1229 prehen-

1854 1234 1894 1253 sin.

1823 1929 1894 1948 Verus
1900 1928 1929 1948 oi-

1852 1960 1900 1981 bus.

1972 1494 1987 1564 -ησι
