1987 3032
638 215 676 245 IN
697 214 782 245 CAP.
806 214 858 245 XV
880 213 1017 245 SANCTl
1039 213 1210 244 JoANNIS.

128 285 190 310 tum
205 285 247 310 θεῖ
261 282 437 311 continentia
457 281 492 315 (a)
515 280 609 308 omnis
628 280 764 316 praecepti
784 280 893 316 perfec-

128 332 206 363 tum3
221 329 301 356 unde
318 327 472 362 Gregorius
485 328 493 343 ¹
510 336 534 354 z«
551 327 653 354 Omnia
668 327 703 362 (b)
714 334 807 354 unum
820 334 894 361 pree-

128 377 244 410 ceptum
267 377 370 402 sunt.»
389 375 420 400 Et
435 373 518 408 ponit
543 373 712 408 exemplum
736 373 772 399 de
795 372 894 400 radice

127 421 256 454 arboris,
274 423 300 447 et
320 420 357 446 de
371 419 460 446 ramis
474 418 485 433 ⁹·
501 428 507 446 ε
527 429 538 444 α
561 418 715 446 Plenitudo
731 418 809 445 enim
823 418 895 453 legis

127 469 168 494 est
191 466 318 493 dilectio.
333 476 346 491 >³
362 467 433 493 Item
456 466 512 493 hoc
533 467 710 501 p1·aeceptum
733 467 774 491 est
798 465 894 499 digni-

127 513 184 540 tate
206 519 366 546 magnum3
389 512 428 539 ait
455 511 528 546 legis
553 511 656 538 doctor
671 512 681 528 ³
698 520 704 538 ε
725 511 834 544 «Quod
854 513 896 539 est

126 559 300 586 mandatum
322 559 485 586 maximum
511 561 537 585 et
560 559 713 594 primum?
733 568 745 583 u
763 558 813 585 Cui
837 566 895 585 res-

127 604 232 640 pondit
245 606 326 632 Jesus
343 614 349 632 :
369 614 381 629 α
397 605 502 639 Diliges
518 605 674 632 Dominum
692 606 781 631 Deum
800 606 892 631 tuum.

127 651 186 677 Hoc
205 652 247 677 est
266 650 429 677 maximum
447 653 474 677 et
494 650 624 686 primum
646 652 834 685 praeceptum.
850 651 895 676 Se-

128 696 259 724 cundum
269 704 340 723 vero
354 696 449 723 simile
464 696 533 723 huic
546 705 552 723 ε
566 696 673 730 Diliges
686 695 864 731 proximum.
878 706 892 721 »

126 744 158 770 Et
173 743 336 770 secundum
355 743 412 770 hoc
425 763 434 776 ,
457 742 532 769 illud
547 745 589 769 est
606 750 748 776 magnum
762 741 771 756 ⁶
789 750 795 767 :
815 751 826 767 «
842 742 895 774 Qui

127 789 205 816 enim
221 788 315 822 diligit
328 788 515 823 proximum,
529 788 625 822 legem
639 788 781 823 implevit⁴
799 798 811 813 >i
824 789 895 815 Item

126 835 183 862 hoc
196 836 373 870 praeceptum
385 836 427 861 est
441 834 570 861 efficacia
580 834 757 868 virtuosum;
769 842 858 869 supra
867 835 876 850 ⁵
888 843 894 861 ς

129 881 319 908 «Mandatum
329 888 441 907 novum
451 880 490 907 do
502 880 597 907 vobis.
609 890 622 905 n
634 880 675 907 lbi
683 880 859 914 Augustinus
867 879 876 895 ⁸
888 889 894 907 t

131 936 143 951 «
156 927 224 954 Ideo
235 926 408 954 mandatum
420 934 541 960 novum,
554 926 623 961 quia
635 928 722 952 exuto
736 927 833 953 vetere
843 926 895 953 ho-

127 973 223 1006 mine,
236 972 332 999 induit
345 980 399 999 nos
414 980 525 999 novum
539 972 692 1000 hominem
709 983 713 998 :
730 972 851 999 innovat
862 973 894 1007 (c)

127 1019 237 1054 quippe
243 1018 422 1052 audientem,
430 1018 579 1053 velpotius
587 1018 784 1045 obedientem.
795 1029 808 1043 »
816 1019 895 1045 {tieri-

127 1067 156 1092 to
166 1072 235 1099 ergo
244 1064 469 1099 adimplendum
480 1066 522 1091 est
532 1064 608 1091 istud
618 1066 805 1099 praeceptum.
816 1064 895 1091 L'nde

127 1110 303 1145 Augustinus
317 1111 327 1126 ⁷
343 1110 389 1137 hic
403 1120 409 1137 :
424 1110 487 1138 «lbi
500 1110 609 1137 dictum
625 1112 666 1136 est
677 1117 771 1136 novum
786 1110 896 1136 manda-

127 1159 183 1182 tum
193 1177 200 1188 ,
216 1164 253 1183 ne
271 1155 302 1183 in
321 1158 461 1184 vetustate
476 1159 575 1183 nostra
589 1163 811 1191 perseveremus
827 1165 833 1182 ε
848 1156 896 1183 hic

127 1202 238 1229 dictum
259 1204 300 1229 est
317 1212 322 1227 :
344 1203 432 1229 Meum
455 1205 636 1237 proeceptum,
652 1209 688 1229 ne
706 1203 896 1228 contemnen-

127 1247 200 1275 dum
220 1250 401 1283 putaremus.
421 1259 433 1274 »
450 1250 482 1276 Et
501 1248 636 1274 subditur
660 1248 822 1275 secundum
839 1256 845 1274 :
863 1248 897 1274 Ut

128 1294 255 1327 diligatis
271 1295 401 1328 invicem,
417 1302 478 1321 non
494 1294 619 1321 audiatis
634 1293 819 1326 detestando,
836 1301 896 1320 non

127 1340 319 1367 contemnatis
346 1340 526 1375 negligendo
542 1362 551 1374 ,
575 1348 628 1367 nec
653 1339 777 1367 timeatis
799 1339 896 1366 solum

126 1385 335 1420 formidando,
351 1386 403 1413 sed
419 1386 547 1420 diligatis
561 1386 676 1413 bonum
698 1385 826 1421 optando
840 1407 847 1419 ‚
870 1387 897 1412 et

126 1431 256 1459 volendo
272 1432 408 1459 invicem.
425 1432 568 1466 Diligatis,
591 1432 730 1467 inquam,
746 1431 897 1458 ordinabi-

126 1477 201 1511 liter,
219 1477 372 1512 diligendo
388 1478 417 1504 in
432 1478 551 1505 homine
566 1478 603 1512 (cl)
620 1478 702 1513 quod
718 1480 760 1504 est
774 1478 897 1512 diligen-

127 1524 215 1557 dum;
232 1526 259 1550 et
273 1524 355 1559 quod
371 1527 412 1551 est
427 1524 625 1558 diligendum,
638 1523 746 1550 scilicet
760 1524 840 1550 unde
856 1526 897 1551 θεῖ

126 1570 164 1597 ad
189 1570 349 1604 imaginem
374 1570 420 1596 Dei
438 1578 444 1596 :
466 1577 526 1597 non
550 1571 671 1605 propter
691 1569 872 1604 voluptatem
886 1591 895 1604 ,

125 1624 217 1651 quam
241 1623 275 1642 ex
303 1623 339 1643 eo
363 1616 454 1651 capit,
480 1616 553 1642 sicut
575 1616 666 1642 homo
693 1614 787 1649 diligit
809 1623 895 1642 avem

125 1661 291 1696 garrulam;
317 1669 370 1688 nec
394 1664 514 1696 propter
537 1660 797 1694 commoditatem,
823 1661 896 1688 sicut

125 1707 216 1734 homo
230 1706 325 1741 diligit
336 1707 517 1742 jumentum3
534 1714 588 1734 nec
606 1708 726 1741 propter
747 1706 895 1734 carnalem

125 1755 333 1789 cognationem
347 1754 459 1788 solam,
476 1762 529 1780 nec
544 1754 664 1789 propter
677 1753 809 1789 corporis
831 1753 895 1788 pul-

125 1800 321 1828 chritudinem
330 1810 337 1835 ;
355 1800 407 1828 sed
423 1800 502 1827 unde
518 1801 560 1827 est
572 1800 663 1826 homo
677 1799 715 1826 ad
730 1799 778 1826 Dei
792 1799 895 1834 imagi-

125 1855 193 1874 nem
221 1856 227 1873 :
251 1846 291 1873 sic
317 1846 395 1873 enim
421 1846 508 1873 debet
530 1846 620 1872 homo
646 1845 766 1879 diligere
791 1848 894 1873 semet-

124 1893 220 1928 ipsum
230 1913 239 1925 ,
251 1894 341 1928 prout
354 1893 393 1919 ait
408 1891 592 1926 Augustinus.
609 1890 619 1906 ⁸
641 1900 654 1916 <t
669 1891 774 1926 Diliges
793 1892 893 1926 proxi-

125 1947 207 1965 mum
231 1938 312 1965 tuum
336 1938 408 1965 sicut
430 1938 566 1973 teipsum.
586 1948 598 1963 »
620 1939 689 1964 Item
712 1941 744 1964 ut
765 1938 894 1972 diligatis

124 1984 249 2011 invicem
265 1983 421 2011 salubriter
435 1985 462 2010 et
483 1983 690 2010 beneficienter
701 2003 709 2015 ,
725 1991 813 2010 omne
834 1991 894 2010 ma-

126 2030 187 2057 lum
211 2038 228 2057 a
251 2030 387 2065 proximo
412 2029 599 2061 amovendo,
616 2031 643 2055 et
668 2036 755 2055 omne
779 2029 894 2056 honum

124 2076 261 2111 proprius
276 2084 305 2102 se
327 2076 358 2111 (e)
379 2075 567 2102 conferendo.
584 2076 617 2101 Ut
631 2074 709 2101 enim
725 2075 764 2101 ait
782 2078 893 2109 Augus-

124 2123 201 2149 tinus
218 2131 224 2149 :
242 2132 255 2147 «
269 2122 312 2149 Ad
328 2122 513 2149 dilectionem
528 2121 656 2156 proximi
672 2121 796 2156 pertinet
810 2121 894 2149 inno-

124 2168 231 2202 centia,
253 2176 313 2203 qua
335 2168 408 2195 nulli
430 2175 592 2201 nocemus;
618 2169 645 2194 et
667 2167 892 2201 benevolentia,

124 2222 185 2250 qua
205 2222 384 2249 prosumuS,
408 2214 516 2249 quibus
540 2221 707 2249 possumus.
734 2223 746 2238 »
772 2215 803 2240 Et
826 2214 892 2241 idco

124 2260 273 2295 signanter
288 2260 328 2286 ait
350 2267 438 2294 supra
452 2259 461 2275 ⁵
478 2269 484 2286 :
505 2269 518 2284 «
537 2260 715 2294 Praeceptum
733 2260 764 2293 (f)
781 2267 893 2287 novum

124 2305 164 2334 do
178 2305 281 2340 vohis,
298 2308 328 2332 ut
352 2305 481 2340 diligatis
500 2305 637 2332 invicem.
663 2315 676 2331 »
697 2305 738 2332 lbi
760 2305 894 2339 Augusti-

124 2360 178 2379 nus
197 2353 207 2369 ⁹
228 2361 234 2379 :
255 2361 268 2376 «
288 2351 415 2380 Medicus
439 2351 517 2378 enim
542 2353 617 2378 recte
642 2351 746 2378 dicitur
768 2353 893 2386 aegrotos

125 2397 260 2433 diligere,
277 2397 347 2433 quia
370 2404 430 2424 non
455 2396 550 2432 diligit
570 2397 601 2424 in
620 2397 660 2424 eis
672 2417 680 2430 ,
696 2397 750 2424 nisi
769 2398 892 2425 salutem

155 2458 264 2487 ¹Greg„
287 2457 311 2479 iu
332 2457 440 2487 Evanq.,
459 2456 527 2480 110111.
550 2462 631 2486 xxvxi,
653 2464 677 2480 n.
701 2459 721 2480 t.
739 2469 765 2473 -
788 2457 795 2470 ²
816 2457 892 2488 Rom„

125 2499 166 2522 xv,
184 2495 220 2516 14.
233 2505 263 2509 —-
277 2493 287 2509 ³
300 2492 402 2522 Manli„
418 2498 470 2515 xxxi
483 2510 488 2520 ,
504 2494 583 2515 :iti-tif).
598 2505 623 2508 -
641 2492 650 2508 ⁴
663 2492 737 2520 Rom„
756 2498 812 2521 xm,
827 2494 849 2514 S.
863 2506 892 2510 —-

124 2528 134 2543 ⁸
147 2528 227 2557 dorm„
243 2533 300 2554 xm,
317 2529 356 2550 34.
371 2540 400 2544 --
418 2528 426 2539 '³
442 2528 514 2557 Aug„
531 2527 556 2550 in
570 2528 734 2555 J0r171.‚tr.1ct⁴
753 2533 810 2555 mv,
829 2534 854 2550 n.
873 2531 891 2551 1.

127 2575 151 2579 —
172 2562 180 2576 ⁷
199 2562 357 2591 1bid.,tract.
376 2567 485 2591 Lxxmn,
502 2569 526 2584 11.
543 2564 565 2585 5.).
583 2574 612 2578 -
627 2562 636 2577 ⁸
652 2562 751 2590 Allante,
769 2568 834 2590 xxii,
854 2564 892 2586 38.

125 2611 155 2614 —
172 2599 181 2611 ‘³
198 2599 270 2627 Aug„
288 2598 312 2620 1ἠ
329 2598 408 2621 donn„
425 2599 498 2621 tract.
515 2603 572 2620 mv.
591 2604 606 2620 n
634 2598 659 2626 2,Δ
675 2597 758 2628 quoad
778 2604 891 2621 sensnm.

128 2645 153 2649 —-
179 2633 195 2646 ¹⁰
217 2634 222 2655 Ι
245 2634 327 2660 ,Ιοαηυ
349 2639 391 2662 111,
416 2636 451 2656 18.
473 2645 502 2650 —-
521 2634 536 2648 Ι·
558 2633 632 2662 Hug.5
652 2632 681 2655 de
703 2632 814 2656 Sacram,
836 2633 892 2662 fill-s

1658 214 1715 242 587

949 288 1040 316 quam
1061 279 1141 315 cupit
1163 287 1318 313 revocare,
1343 281 1370 306 et
1391 279 1454 306 odit
1476 279 1613 306 morbum
1627 286 1715 314 quem

949 326 1011 353 vult
1031 325 1186 361 expellere.
1203 325 1247 352 Sic
1268 333 1323 352 nos
1344 324 1485 352 debemus
1506 324 1631 351 invicem
1652 324 1716 351 dili-

949 380 1031 406 gere,
1057 372 1180 398 salutem
1203 373 1336 398 mutuam
1360 371 1526 405 diligendo,
1552 372 1579 397 et
1604 370 1716 397 malum

950 417 1096 451 odiendo,
1112 427 1124 442 »
1141 419 1192 444 etc.
1217 418 1279 444 Haec
1293 417 1352 444 ille.
1376 418 1408 444 Εῖ
1429 416 1469 443 ibi
1492 417 1567 443 bene
1591 416 1627 442 cle
1648 416 1713 443 hoc.

950 464 1019 490 item
1033 465 1064 490 ut
1080 463 1208 497 diligatis
1222 463 1349 490 invicem
1363 462 1520 496 veraciter,
1536 469 1596 488 non
1613 461 1716 488 dolose

950 509 996 536 vel
1011 509 1153 536 fallaciter
1168 509 1187 525 ¹⁰
1203 518 1209 535 2
1229 519 1242 534 «
1256 510 1319 536 Non
1333 508 1491 543 diligamus
1505 507 1595 534 verbo
1620 515 1716 542 neque

949 555 1065 589 lingua,
1081 555 1133 581 sed
1148 563 1236 590 opere
1248 557 1275 582 et
1286 554 1416 581 veritate.
1432 564 1444 579 n
1464 555 1533 581 Item
1548 555 1579 580 ut.
1590 553 1717 587 diligatis

950 600 1163 634 ordinabiliter,
1186 600 1294 628 scilicet
1316 600 1466 634 diligendo
1492 601 1582 626 Deum
1605 600 1635 626 iu
1650 606 1717 634 pro-

950 647 1029 674 ximo
1046 668 1054 681 ,
1084 649 1111 673 et
1134 647 1293 674 crescendo
1316 646 1346 673 in
1371 646 1525 673 dilectione
1549 646 1597 672 Dei
1617 653 1652 672 ex
1671 645 1716 672 di-

948 694 1071 721 lectione
1088 694 1121 728 (q)
1140 694 1278 729 proximi.
1295 695 1328 720 Ut
1341 694 1420 721 enim
1436 693 1474 720 ait
1491 695 1572 728 Hugo
1590 693 1604 708 '¹
1620 701 1626 719 ;
1647 702 1660 718 «
1674 692 1718 720 Sic

950 742 991 767 est
1020 740 1056 767 de
1081 739 1236 766 dilectione
1263 739 1312 766 Dei
1341 741 1367 766 et
1393 739 1521 774 proximi
1543 760 1551 772 ,
1582 739 1656 765 sicut
1681 738 1718 766 de

950 786 1105 813 dilectione
1135 785 1229 812 mellis
1263 787 1291 812 et
1312 784 1370 812 favi
1403 794 1409 812 :
1440 784 1509 820 quia
1536 792 1597 811 non
1625 784 1719 818 diligit

950 832 1040 858 homo
1064 831 1095 858 in
1119 831 1186 858 favo
1204 831 1261 858 nisi
1285 831 1359 865 me13
1376 830 1416 857 sic
1435 838 1495 857 non
1520 830 1607 856 debet
1627 830 1717 857 homo

950 878 1071 911 diligere
1087 878 1117 904 in
1135 877 1255 904 homine
1271 877 1325 904 nisi
1347 878 1447 904 Deum.
1464 876 1517 903 Mel
1533 876 1611 903 enim
1626 876 1718 910 diligi-

950 926 995 950 tur
1020 925 1140 959 propter
1167 931 1197 950 se
1214 943 1223 956 ,
1247 923 1331 950 favus
1357 924 1477 958 propter
1500 922 1598 949 mel.»
1621 923 1653 949 Et
1677 922 1718 949 ibi

951 970 1025 996 bene
1049 969 1086 996 de
1108 969 1174 996 hoc.
1194 970 1211 985 '³2
1230 978 1243 993 (1
1259 969 1286 996 Si
1302 960 1460 1003 diligamus
1486 968 1628 1000 invicem,
1646 969 1719 994 Deus

951 1015 979 1042 in
995 1015 1081 1042 nobis
1102 1018 1210 1042 manet.
1227 1015 1271 1042 Sic
1291 1017 1364 1041 Deus
1380 1014 1480 1041 dilexit
1494 1022 1565 1047 nos,
1582 1024 1594 1038 i>
1612 1013 1719 1040 scilicet

951 1063 1027 1088 recte
1043 1061 1103 1088 sive
1125 1060 1350 1094 rationabiliter,
1376 1068 1408 1087 ac
1428 1060 1654 1094 beneficienter,
1670 1067 1720 1086 ve-

950 1107 1054 1133 raciter
1069 1109 1097 1133 et
1111 1106 1323 1134 ordinabiliter.
1337 1107 1359 1123 ¹³
1373 1115 1386 1130 «
1402 1107 1432 1132 ln
1451 1105 1605 1132 dilectione
1630 1107 1656 1132 et
1675 1105 1718 1132 in-

951 1153 1103 1187 dulgentia
1123 1161 1175 1180 sua
1197 1152 1322 1180 redemit
1336 1159 1405 1183 nos,
1423 1162 1434 1176 n
1453 1152 1533 1178 etc.¹'⁴
1552 1161 1564 1176 «
1580 1154 1610 1179 ln
1624 1151 1719 1178 chari-

950 1201 1005 1225 tate
1021 1201 1162 1233 perpetua
1180 1198 1269 1225 dilexi
1289 1200 1326 1225 te.
1347 1208 1359 1223 >1
1379 1198 1397 1216 1⁵
1415 1208 1428 1222 «
1443 1200 1505 1233 Ipse
1525 1197 1605 1232 prior
1620 1197 1720 1224 dilexit

950 1253 1004 1273 nos
1020 1267 1028 1279 ,
1055 1248 1081 1272 et
1108 1245 1186 1272 misit
1206 1245 1301 1271 tilium
1323 1252 1419 1271 suum⁴
1443 1255 1455 1269 »
1478 1245 1570 1279 Supra
1590 1245 1632 1278 (v.
1657 1244 1688 1278 9)
1710 1253 1716 1270 :

953 1302 965 1317 «
990 1291 1066 1319 Sicut
1088 1291 1189 1318 dilexit
1212 1299 1259 1318 me
1284 1292 1379 1325 pater,
1401 1290 1440 1316 ita
1461 1292 1488 1317 et
1512 1290 1600 1316 dilexi
1622 1298 1684 1316 vos.
1704 1300 1716 1315 »

950 1338 1026 1365 Infra
1040 1337 1146 1364 eodem
1163 1337 1210 1372 (v.
1235 1336 1288 1371 13)
1314 1345 1320 1362 :
1349 1345 1362 1361 «
1387 1336 1525 1370 Majorem
1551 1336 1719 1363 charitatem

951 1392 1037 1411 nemo
1052 1384 1151 1416 habet,
1166 1393 1179 1409 η
1198 1385 1250 1410 etc.
1267 1384 1298 1410 Et
1312 1382 1331 1399 ¹⁶
1347 1392 1353 1410 :
1372 1392 1385 1408 (‹
1401 1382 1527 1409 Christus
1542 1382 1641 1409 dilexit
1654 1390 1719 1416 nos,

951 1432 978 1457 et
1004 1430 1122 1457 tradidit
1145 1429 1333 1464 semetipsum
1357 1436 1411 1464 pro
1435 1428 1530 1455 nobis.
1547 1438 1559 1453 υ
1583 1428 1719 1463 Praecepti

951 1484 1020 1510 ergo
1047 1483 1162 1502 summa
1186 1475 1364 1508 auctoritas,
1399 1475 1440 1501 rei
1467 1476 1617 1509 praeceptae
1642 1474 1720 1508 justa

950 1522 1088 1557 aequitas,
1104 1521 1187 1548 modi
1202 1520 1386 1556 adimplendi
1409 1522 1586 1555 praeceptum
1611 1520 1720 1555 perfec-

951 1568 1085 1601 tibilitaS,
1100 1567 1139 1594 ad
1159 1567 1351 1594 imitationem
1367 1566 1522 1601 dignatiwe
1537 1566 1700 1593 dilectionis
1710 1587 1719 1600 ,

951 1622 1010 1649 qua
1025 1613 1112 1641 Filius
1129 1613 1176 1640 Dei
1193 1613 1296 1640 dilexit
1310 1620 1371 1639 nos.

1079 1715 1192 1741 Collatio
1211 1715 1460 1747 seaeayesimanona,
1480 1721 1526 1746 xv,
1548 1714 1589 1739 14.

989 1799 1040 1825 Vos
1055 1799 1136 1824 amici
1156 1798 1208 1824 mei
1232 1799 1313 1831 estis,
1332 1798 1357 1823 si
1374 1798 1493 1830 feceritis
1513 1805 1571 1831 quae
1588 1798 1718 1831 proecz'pz'o

949 1845 1031 1871 vobis.
1049 1844 1204 1877 Quoniam,
1220 1845 1250 1870 ut
1265 1843 1302 1870 ait
1316 1843 1442 1878 sapiens,
1458 1844 1554 1870 honor
1566 1844 1608 1869 θεῖ
1622 1842 1652 1869 111
1666 1843 1718 1869 110-

949 1893 1083 1923 norante,
1100 1890 1209 1917 seilicet
1223 1889 1454 1922 vanus‚t'eltcitas
1468 1890 1509 1916 θεῖ
1523 1889 1553 1916 111
1568 1888 1713 1915 felicitate.

950 1938 1008 1964 Hoc
1024 1938 1066 1963 est
1081 1936 1189 1963 dictum
1206 1944 1212 1963 ε
1229 1935 1259 1962 in
1274 1936 1414 1970 potestate
1428 1935 1555 1962 hominis
1569 1935 1718 1962 honoran-

950 1983 983 2009 tis
999 1984 1040 2009 θεῖ
1054 1983 1201 2009 honorare
1224 1981 1384 2016 quemlibet
1402 1989 1457 2016 pro
1479 1981 1643 2014 voluntate;
1665 1980 1717 2007 sed

949 2028 1069 2055 felicitas
1088 2027 1220 2055 redditur
1242 2027 1355 2054 merito.
1377 2028 1409 2054 Et
1431 2028 1500 2062 quia
1519 2026 1646 2054 amicitia
1668 2026 1716 2053 Dei

950 2078 991 2102 est
1003 2082 1111 2109 magna
1126 2073 1244 2100 felicitas
1254 2094 1261 2106 ,
1277 2073 1344 2100 ideo
1357 2073 1559 2108 praesupponit
1579 2072 1715 2099 meritum

949 2121 978 2147 in
992 2121 1097 2148 amico.
1114 2122 1146 2147 Et
1159 2120 1220 2146 111θο
1233 2119 1293 2146 duo
1307 2119 1338 2146 in
1350 2119 1394 2146 his
1406 2119 1504 2146 verbis
1519 2118 1715 2152 insinuantur,

949 2174 1077 2201 quorum
1093 2165 1221 2201 primum
1237 2167 1278 2192 est
1292 2165 1386 2192 meriti
1409 2165 1529 2192 virtuosi
1550 2164 1716 2200 perfectibi-

948 2213 1030 2246 litas,
1043 2212 1084 2239 ibi
1102 2220 1108 2238 ε
1128 2212 1158 2239 δι’
1180 2213 1298 2244 feceritis
1316 2219 1373 2246 quae
1391 2213 1533 2246 proecipz'0;
1554 2210 1716 2237 secundum

949 2260 990 2285 est
1004 2258 1133 2293 gloriosa
1147 2257 1270 2291 bonitaS,
1287 2257 1327 2284 ibi
1344 2266 1350 2283 z
1368 2258 1454 2284 Amici
1468 2258 1520 2283 mci
1532 2258 1617 2283 critis.

985 2305 1028 2332 Ait
1047 2312 1117 2339 ergo
1135 2312 1141 2330 :
1163 2304 1195 2330 Si
1212 2305 1332 2337 feceritis
1351 2311 1409 2337 quoe
1422 2304 1551 2337 praecipio
1565 2303 1649 2336 vobis,
1664 2302 1715 2329 sci-

1734 2045 1835 2065 Amicitia

1731 2075 1770 2095 Dei
1786 2081 1833 2095 mn-

1731 2111 1774 2131 gna
1784 2105 1833 2126 seli-

1732 2135 1793 2158 citas.

948 2351 1013 2378 ficet
1036 2350 1065 2377 in
1089 2349 1238 2385 praemisso
1261 2351 1405 2384 praecepto
1431 2348 1467 2376 de
1491 2348 1663 2382 dilectione,
1685 2347 1715 2375 in
1756 2355 1763 2358 ‘

949 2415 990 2438 liii.
1012 2415 1042 2444 Γ,
1061 2416 1124 2444 part.
1142 2414 1208 2443 Mil,
1223 2420 1245 2437 c.
1264 2419 1302 2443 xl,
1317 2415 1375 2442 post
1389 2413 1456 2436 med.
1475 2425 1504 2430 —
1523 2413 1540 2428 ¹²
1557 2413 1562 2435 l
1581 2413 1662 2439 Joan„
1680 2418 1714 2442 1v,

952 2452 991 2479 1²2,
1018 2452 1053 2472 11.
1069 2462 1098 2466 -
1119 2449 1137 2465 ¹³
1153 2450 1212 2477 Im„
1230 2454 1288 2477 ων,
1305 2450 1327 2471 9.
1344 2461 1372 2465 -
1394 2448 1413 2463 ¹4
1431 2449 1530 2478 Jercm„
1551 2453 1627 2477 xxxi,
1643 2450 1665 2470 3.
1687 2460 1715 2464 —-

950 2486 969 2501 ¹⁸
985 2486 990 2508 1
1007 2485 1088 2512 loun„
1105 2489 1138 2513 w,
1157 2485 1192 2507 10.
1206 2496 1235 2500 —-
1250 2484 1270 2499 ¹⁶
1284 2483 1383 2513 Ephcs„
1401 2488 1423 2513 V,
1439 2486 1460 2506 2.

981 2528 1014 2556 (u)
1037 2526 1151 2549 fortasse
1175 2525 1221 2555 leq.
1250 2524 1425 2548 summarium.
1449 2538 1474 2542 —
1504 2524 1537 2555 (lt)
1567 2524 1627 2546 Coet.
1652 2523 1712 2546 edit.

949 2564 1028 2585 Omne
1044 2562 1240 2591 praeceptum-
1260 2560 1291 2590 (c)
1306 2560 1346 2583 vel
1363 2561 1448 2583 novat.
1461 2573 1486 2576 -
1504 2559 1537 2588 (tl)
1557 2559 1669 2582 nomine.
1684 2571 1714 2575 —

951 2599 978 2626 (a)
998 2597 1111 2619 Fortasse
1131 2595 1260 2625 leyemlum
1280 2602 1326 2625 pro
1341 2601 1425 2625 posse.
1441 2607 1469 2612 --
1486 2596 1510 2624 (f
1518 2596 1523 2623 )
1551 2593 1623 2624 Vulq.
1639 2594 1712 2617 Man-

949 2633 1043 2655 datum.
1066 2643 1095 2647 —
1117 2631 1149 2659 Ul)
1168 2632 1226 2653 t'oet.
1241 2630 1299 2653 edit.
1316 2629 1488 2653 dilectionem.
