1987 3032
65 912 144 930 Lutum

53 940 131 960 dieitur

39 971 144 997 1111111111ΙίἼ

39 1000 100 1022 citer.

744 187 947 219 EXPOSITlO
970 186 1008 216 IN
1033 185 1118 216 CAP.
1144 185 1194 217 IX.

166 256 374 283 illuminatum.
389 256 422 281 Ut
440 254 480 282 ait
499 252 674 287 Augustinus
690 253 716 279 ¹:
737 262 750 278 1(
769 253 932 286 Nativitate,

166 302 276 337 inquit,
298 309 351 329 sua
371 299 526 334 collyrium
549 297 632 332 fecit,
653 298 733 326 unde
754 300 935 334 tergerentur

166 348 243 376 oculi
267 347 377 380 cordis,
401 348 429 373 et
451 352 604 380 possemus
630 344 729 371 videre
753 345 934 379 majestatem

164 402 217 430 per
234 393 454 421 humanitatem.
469 392 592 419 Irruerat
612 391 646 425 (a)
663 390 774 417 homini
788 390 886 426 pulvis
902 390 931 417 in

165 440 298 473 oculum,
317 438 416 466 videre
435 445 496 464 non
514 438 627 472 poterut
647 436 760 470 lucen];
782 436 932 470 inungitur

163 488 248 519 terra,
265 484 385 511 mittitur
398 485 430 510 ut
448 483 584 510 salvetur.
601 492 614 508 »
630 484 692 510 Haec
705 482 763 509 ille.
778 484 809 509 Et
824 482 860 509 de
874 482 931 509 hoc

162 530 316 565 Gregorius
329 530 351 564 2,
367 537 454 565 super
467 529 541 556 illud
555 529 608 556 Job
625 530 634 546 ³
647 538 653 556 :
673 538 686 553 «
701 530 733 555 Ut
748 529 870 563 glutiam
884 536 930 555 sa-

160 577 250 604 livam
264 584 370 603 meam.
392 586 404 601 »
427 586 439 601 κ
455 577 494 602 Ex
513 575 622 610 capite,
637 575 746 610 inquit,
761 574 869 601 labitur
885 581 931 601 sa-

159 622 236 650 liva:
253 630 306 657 per
320 624 408 657 caput
422 622 562 654 Christus,
580 629 631 656 per
647 621 769 647 salivam
784 628 872 655 sapor
886 619 931 646 in-

160 669 237 696 timae
249 668 513 703 contemplationis,
523 667 602 694 unde
618 667 795 701 Redemptor
807 666 930 693 salivam

159 716 221 742 luto
236 715 365 748 miscuit,
381 717 408 742 et
422 714 489 741 caeci
504 713 606 740 oculos
616 713 781 748 reparavit:
799 713 869 747 quia
883 720 930 738 su-

158 769 252 797 perna
279 761 372 795 gratia
394 759 542 788 carnalem
565 758 772 793 cogitationem
799 759 930 785 nostram

158 815 212 842 per
227 807 437 834 admixtionem
450 804 705 840 contemplationis
720 812 779 831 suae
793 804 928 838 irradiat,

160 857 186 880 et
203 853 237 888 (b)
254 853 293 880 ad
312 852 492 879 intellectum
511 851 681 878 reformat.»
700 852 731 878 Et
746 850 787 877 ibi
803 850 877 877 bene
892 850 929 877 de

158 899 225 927 hoc.
241 901 272 926 Et
291 901 361 926 nota
381 898 462 934 quod
478 898 573 925 lutum
594 897 699 923 dicitur
717 896 927 931 multipliciter,

160 948 191 973 ut
210 945 249 973 ait
262 945 417 980 Gregorius
437 943 457 978 ¹⁹,
474 952 564 979 super
582 943 657 970 illud
677 942 731 970 Job
756 943 765 959 5
792 951 798 969 ε
824 943 928 969 Sternet

159 993 211 1019 sibi
225 1001 321 1019 aurum
335 992 415 1026 quasi
430 992 525 1017 lutum.
541 990 662 1017 Nomine
685 989 739 1016 luti
766 989 927 1024 aliquando

158 1038 289 1072 signatur
317 1040 500 1065 terrenorum
526 1044 625 1063 rerum
656 1035 856 1070 multiplicitas
883 1036 892 1051 ⁶
919 1045 925 1062 :

161 1093 174 1109 (1
189 1085 345 1119 Usquequo
374 1084 513 1118 aggravat
537 1084 640 1109 contra
668 1089 698 1108 se
732 1081 858 1108 densum
881 1081 927 1108 lu-

158 1133 220 1157 tum
232 1131 245 1157 ⁵?
270 1141 281 1154 υ
314 1129 481 1164 Aliquando
509 1136 580 1155 vero
615 1127 746 1162 signatur
771 1127 926 1154 sordidum

157 1176 268 1210 dogma
289 1175 404 1211 sapiens
423 1177 538 1202 terrena
551 1175 578 1201 ⁷:
597 1173 706 1200 «Viam
726 1173 818 1200 fecisti
843 1173 926 1208 cquis

156 1223 212 1249 tuis
229 1222 259 1248 in
280 1221 341 1248 luto
363 1229 508 1256 aquarum
531 1220 701 1247 multarum.
727 1229 739 1244 n
756 1219 924 1254 Aliquando

155 1276 226 1295 vero
254 1267 358 1294 dicitur
384 1267 506 1294 sordida
533 1267 685 1301 voluptas,
713 1265 743 1292 in
770 1266 875 1292 Psalmo
890 1267 899 1281 ⁸
916 1275 922 1293 ε

157 1324 171 1339 <t
190 1314 272 1349 Eripe
290 1321 338 1340 me
355 1313 391 1340 de
412 1313 484 1340 luto.
502 1323 514 1336 »
539 1313 601 1338 Haec
623 1311 674 1338 ibi.
700 1302 866 1346 Aliquando
887 1311 924 1338 si-

154 1362 260 1393 gnatur
274 1359 393 1386 nomine
408 1359 460 1385 luti
472 1360 582 1385 naturae
597 1357 750 1392 fragilitas,
761 1357 924 1384 secundum

155 1406 237 1441 quod
254 1407 295 1432 est
310 1405 484 1440 expositum.

189 1454 215 1478 8.
235 1453 275 1483 Et,
286 1451 416 1486 sequitur
434 1450 486 1477 illa
504 1457 589 1485 pars,
605 1449 636 1476 in
651 1457 710 1484 qua
724 1448 858 1476 miraculi
873 1457 922 1476 ca-

151 1497 317 1530 lumniatio,
328 1496 384 1523 ibi:
400 1497 495 1530 Itaque
509 1497 604 1529 vicini,
616 1497 670 1522 etc.
684 1497 716 1522 Et
728 1495 778 1522 illa
788 1495 818 1521 in
832 1495 920 1522 duas:

151 1542 248 1578 primo
264 1541 397 1569 miraculi
421 1541 459 1568 ab
473 1541 537 1568 aliis
559 1541 771 1576 deprehensio,
787 1542 815 1568 et
828 1540 922 1576 inqui-

151 1588 216 1616 sitio
232 1588 268 1615 de
285 1587 444 1621 miracu103
461 1586 590 1614 secundo
601 1607 609 1620 ‚
623 1587 691 1614 caeci
711 1587 868 1614 illuminati
883 1587 921 1615 ad

151 1634 309 1662 Phariszeos
329 1633 559 1661 calumniaturos
580 1632 735 1667 adductio,
754 1632 795 1660 ibi
810 1633 838 1660 ⁹:
859 1634 921 1660 Ad-

151 1682 261 1714 ducunt,
277 1682 331 1707 etc.

187 1727 231 1754 Ait
240 1727 309 1760 er'go
318 1735 324 1753 z
334 1727 428 1760 ltaque
441 1726 535 1758 vicini,
546 1727 571 1752 et
582 1726 629 1759 qui
638 1725 764 1752 viderant
774 1733 842 1758 eum,
854 1727 920 1760 etc.,

150 1773 293 1800 dicebant:
313 1773 406 1800 Nonne
425 1772 467 1798 hic
487 1774 538 1801 est,
562 1772 614 1797 etc.
634 1772 664 1798 Ut
683 1770 761 1798 enim
782 1771 821 1798 ait
835 1771 921 1806 Chry-

150 1820 296 1845 sostomus
305 1818 335 1851 ¹⁰,
345 1818 382 1844 de
394 1817 441 1844 Dei
452 1816 606 1843 elementia
618 1818 690 1850 erat,
703 1817 785 1852 quod
794 1817 844 1844 11ὺί
857 1817 920 1844 des-

150 1864 304 1897 cendebat,
316 1871 365 1890 eos
380 1863 430 1898 qui
441 1862 651 1889 mendicabant
663 1863 795 1897 curabat,
805 1864 817 1890 J
822 1863 920 1890 udaeos

151 1910 304 1937 obstruens
315 1930 324 1942 ,
354 1908 495 1944 quoniam
523 1916 583 1936 non
615 1909 773 1944 praeclaros
785 1930 794 1943 ,
822 1917 919 1945 neque

149 1955 295 1991 principes
310 1955 446 1989 curabat,
462 1954 569 1982 scilicet
588 1954 701 1989 solum,
720 1955 773 1982 sed
791 1958 818 1982 et
831 1956 918 1990 igno-

149 2001 224 2028 biles
247 2001 350 2028 eadem
379 2000 556 2035 dignabatur
580 2001 781 2035 providentia,
811 2002 920 2030 scilicet

150 2054 268 2074 curare:
285 2048 317 2073 ut
327 2047 363 2073 de
375 2046 548 2081 paralytico,
562 2055 651 2082 supra
660 2047 689 2081 ¹¹,
705 2049 731 2074 et
743 2047 778 2074 de
790 2056 876 2081 caeco,
888 2050 920 2075 ut

148 2093 195 2119 hic
210 2094 298 2127 patet.
315 2093 377 2118 Alit
391 2093 530 2126 dicebaut,
545 2095 610 2127 quia
627 2094 669 2119 hic
685 2095 738 2126 est,
755 2093 802 2128 (v.
820 2094 855 2128 9)
869 2095 920 2121 aliz·

148 2146 326 2172 nequaquam.
343 2138 556 2165 Altercantibus
572 2138 637 2173 illis,
650 2138 699 2166 ille
715 2139 770 2166 ait:
788 2140 858 2171 Quia
875 2148 919 2174 eqo

147 2192 215 2211 sum.
236 2185 269 2210 L't
287 2184 365 2211 enim
381 2184 420 2212 ait
435 2185 660 2219 Chrysostomus
676 2185 695 2204 ¹2
710 2194 715 2211 :
731 2194 743 2210 «
760 2187 822 2212 Non
836 2193 916 2213 vere-

148 2230 292 2257 cundatus
308 2230 348 2257 de>
363 2231 456 2266 priori
477 2231 618 2265 caecitate,
639 2239 735 2266 neque
750 2231 920 2260 formidavit

146 2275 277 2303 furorem
297 2276 414 2311 plebis,
434 2285 531 2312 neque
551 2277 647 2304 renuit
668 2278 820 2305 ostendere
844 2278 920 2313 seip-

147 2329 227 2353 sum,
254 2323 286 2350 ut
315 2323 453 2358 praedicet
478 2323 705 2350 benefactorem.
730 2333 744 2349 ν
771 2324 834 2350 Haec
857 2324 917 2351 illc.

184 2368 227 2395 10.
253 2370 379 2397 Dicebant
398 2377 456 2403 erqo
472 2370 515 2396 ei:
534 2369 666 2402 Quomodo
686 2372 748 2395 sunt
767 2372 857 2404 aperti
869 2371 919 2397 tibi

178 2426 185 2441 ¹
205 2429 279 2456 Aug,
295 2428 319 2450 in
334 2428 413 2456 Jorm„
430 2429 501 2450 tract.
517 2433 542 2456 11,
557 2434 582 2450 11.
601 2430 637 2450 16.
654 2441 677 2444 -
694 2429 700 2442 -¹
716 2430 801 2458 (irem,
818 2429 919 2459 moral„

147 2459 192 2486 lib.
209 2464 275 2492 Vlll,
291 2470 313 2486 c.
328 2469 402 2493 xviii,
418 2462 618 2491 a1.xxx,11.40.
637 2476 664 2478 ἡ
681 2462 754 2491 3.ΙοΙι,
772 2469 818 2492 vii,
840 2466 873 2488 lli.
888 2478 919 2482 —

150 2497 160 2513 ¹*
175 2498 259 2527 Greg„
276 2497 377 2526 Marah,
394 2497 436 2520 tib.
453 2497 562 2523 XXXIV,
582 2506 603 2519 c.
620 2503 668 2520 xli.
685 2497 716 2520 al.
734 2503 775 2527 XV,
792 2505 817 2521 11.
835 2500 873 2522 27.
889 2513 918 2517 ——

151 2533 160 2547 5
174 2532 231 2561 lob,
247 2537 298 2562 ΗΛ,
314 2534 352 2556 21,
366 2545 393 2548 —
410 2532 616 2562 nllabae.‚11,¹j.
635 2546 657 2548 ἡ
678 2532 771 2561 7111111.,
791 2539 826 2563 111,
842 2535 877 2557 13).
889 2547 918 2552 —

152 2566 162 2581 Β
182 2566 249 2590 Psal.
272 2572 365 2597 vam,
388 2569 426 2591 135.
447 2580 474 2584 —
492 2570 499 2579 ⁸
521 2568 577 2595 lull,
594 2568 629 2590 13.
697 2568 716 2583 ¹⁰
734 2568 874 2599 Chrys-ost„
893 2571 918 2593 in

151 2601 234 2631 doum,
247 2601 316 2626 hom.
330 2608 381 2631 ml,
393 2602 424 2625 ul.
439 2608 541 2632 Lv11,n.
559 2605 565 2626 i
584 2603 746 2633 .-1151ψ.,
768 2608 790 2633 v,
802 2607 814 2627 li
829 2607 852 2628 ct
863 2613 917 2637 seq.

1700 190 1754 219 391

989 254 1080 279 oculi?
1099 252 1206 287 quibus
1226 253 1272 287 (v.
1290 252 1339 287 11)
1362 254 1518 287 respondit:
1544 254 1594 280 Ille
1614 253 1688 280 homo
1710 255 1758 288 qui

989 298 1089 325 dicitur
1107 299 1196 332 Jesus,
1217 299 1270 325 etc.
1284 299 1317 325 Ut
1331 298 1409 325 enim
1424 298 1464 326 ait
1477 299 1699 334 Chrysostomus
1714 300 1735 316 ¹³
1748 308 1755 326 :

992 354 1003 369 ιι
1015 344 1090 371 Nihil
1106 352 1248 379 magnum
1262 346 1385 372 noverat
1407 344 1456 372 ille
1476 344 1512 371 de
1528 344 1656 377 Christo,
1670 353 1756 372 verus

987 392 1085 417 tamen
1095 390 1148 418 fuit
1159 401 1164 418 ε
1177 391 1259 426 quod
1271 391 1349 418 enim
1361 398 1421 418 non
1431 392 1563 425 noverat,
1576 398 1637 418 non
1648 391 1753 418 dixit.»

987 436 1094 469 Quaerit
1113 439 1211 464 autem
1232 437 1455 472 chrysostomus
1470 435 1507 463 ¹⁴:
1529 446 1542 462 «
1557 439 1597 465 Ex
1618 444 1678 472 quo
1697 439 1757 464 erat

987 490 1096 516 caecuS,
1120 483 1244 518 qualiter
1262 484 1344 511 novit
1367 483 1449 518 quod
1471 483 1558 511 Filius
1579 482 1627 510 Dei
1649 483 1757 510 fecerat

985 528 1125 556 lutum?1›
1142 531 1172 557 Et
1186 530 1358 565 respondet,
1376 530 1457 564 quod
1476 529 1557 556 «hoc
1568 531 1689 557 noverat
1702 537 1756 565 per

985 575 1118 602 auditum
1131 584 1244 609 eorum,
1260 585 1325 611 quae
1340 579 1422 604 erant
1437 577 1514 604 dicta
1529 576 1567 604 ad
1583 576 1755 611 discipulos,

985 624 1011 649 et
1036 629 1088 656 per
1116 630 1206 658 opera
1227 625 1447 658 consequenter.
1477 633 1490 649 »
1521 622 1577 650 Sed
1605 622 1754 658 quaeritur,

985 676 1075 704 quare
1093 669 1132 695 ait
1153 668 1298 696 Christus:
1321 669 1396 695 Vade
1416 670 1453 695 ad
1472 670 1638 696 natatoriam
1657 669 1754 701 Siloae,

985 717 1009 741 et
1030 716 1113 741 lava?
1133 717 1164 742 Et
1179 715 1217 742 ad
1238 715 1295 742 hoc
1309 715 1467 750 respondet
1482 715 1706 751 Chrysostomus
1722 713 1752 748 ¹⁵,

984 761 1067 796 quod
1085 771 1098 787 1(
1113 761 1180 788 ideo
1200 761 1278 788 misit
1293 761 1331 788 ad
1357 761 1482 794 Siloam,
1505 762 1537 788 ut
1559 761 1668 793 discas,
1686 761 1755 786 Caecz'

983 808 1092 841 vident,
1112 810 1139 834 et
1158 809 1189 834 ut
1209 807 1372 834 destruatur
1392 807 1560 834 Judscorum
1575 805 1724 833 indevotio
1745 814 1751 832 ε

983 853 1089 881 decens
1110 853 1188 881 enim
1203 856 1277 887 crat,
1296 855 1327 880 ut
1342 861 1444 880 omnes
1465 853 1515 888 qui
1534 852 1669 879 viderant
1685 859 1753 878 eum

983 900 1154 933 abeuntem,
1178 902 1205 927 et
1227 900 1321 927 lutum
1345 907 1433 935 super
1457 899 1558 926 oculos
1577 899 1751 932 habentem,

982 954 1034 981 per
1048 947 1169 981 longam
1182 946 1261 974 viam
1280 946 1374 973 facere
1384 966 1391 978 ,
1413 948 1439 973 et
1453 947 1536 972 testes
1552 947 1578 972 et
1598 944 1752 979 diligentes

982 993 1162 1028 inspectores
1190 992 1423 1027 inopinabilitate
1453 990 1705 1019 considerationis.
1735 1000 1748 1016 »

982 1042 1044 1067 Haee
1064 1039 1123 1066 ille.
1141 1041 1173 1066 Et
1187 1039 1255 1066 ideo
1271 1039 1310 1066 ait
1326 1047 1332 1065 :
1352 1039 1432 1071 Abii,
1449 1041 1473 1065 et
1489 1039 1555 1070 lavi,
1571 1040 1596 1064 et
1610 1038 1687 1065 video
1702 1036 1751 1072 (c),

981 1085 1157 1113 miraculum
1172 1086 1212 1112 sic
1226 1084 1403 1112 confirmans
1419 1086 1446 1111 et
1460 1083 1624 1119 publicans.

1017 1134 1060 1159 13.
1074 1134 1105 1159 Et
1121 1132 1251 1167 sequitur
1263 1139 1348 1166 pars,
1361 1131 1390 1157 in
1405 1138 1465 1165 qua
1479 1129 1619 1157 adductio
1635 1129 1697 1164 ejus
1712 1128 1752 1156 ad

981 1176 1212 1204 calumniaturos
1227 1197 1235 1210 ,
1255 1175 1297 1202 ibi
1319 1184 1326 1202 :
1349 1175 1498 1201 Adducunt
1519 1182 1577 1201 eum
1600 1174 1636 1200 ad
1658 1174 1753 1208 phari-

980 1229 1060 1253 soeos,
1075 1222 1127 1247 etc.
1146 1222 1177 1248 Et
1191 1220 1243 1247 illa
1265 1220 1296 1247 in
1310 1222 1366 1247 tres
1380 1228 1386 1246 :
1400 1219 1518 1254 primo,
1536 1226 1589 1246 sua
1611 1217 1750 1245 adductio

981 1267 1019 1294 ad
1032 1266 1203 1302 pharisaeos,
1224 1268 1367 1293 eteorum
1382 1265 1570 1292 calumniatio
1583 1274 1591 1298 3
1607 1263 1749 1298 secundo,

979 1316 1134 1349 parentum
1150 1312 1228 1339 illius
1247 1311 1314 1338 caeci
1328 1311 1444 1338 vocatio
1454 1332 1462 1345 ‚
1479 1313 1507 1338 et
1522 1318 1625 1338 eorum
1640 1309 1751 1337 exami-

979 1359 1059 1387 natio
1074 1368 1092 1387 a
1103 1358 1266 1394 pharisaeis,
1285 1358 1327 1385 ibi
1341 1357 1361 1375 ¹⁶
1375 1367 1380 1384 :
1398 1360 1458 1385 Non
1473 1357 1660 1390 crediderunt,
1678 1358 1731 1383 etc.
1740 1365 1749 1390 ς

979 1406 1074 1439 tertio,
1090 1405 1157 1432 caeci
1172 1405 1275 1432 iterata
1289 1404 1403 1432 vocatio
1415 1405 1443 1431 et
1451 1402 1651 1437 calumniatio,
1661 1401 1747 1429 ibi¹⁷:

981 1454 1146 1479 Vocaverunt
1160 1459 1220 1485 erqo
1230 1473 1238 1485 ,
1255 1453 1307 1478 etc.
1325 1453 1356 1478 ln
1370 1450 1466 1485 prima
1480 1451 1607 1485 quatuor
1619 1458 1625 1475 :
1638 1449 1748 1484 primo,

978 1498 1117 1526 adductio
1139 1499 1202 1532 ejus
1221 1497 1260 1524 ad
1278 1496 1437 1532 pharisaeos
1449 1517 1458 1530 ,
1475 1498 1503 1523 et
1524 1495 1664 1530 temporiS
1684 1502 1748 1530 spe-

978 1545 1101 1572 cificatio
1118 1543 1294 1578 curationis3
1311 1542 1457 1576 secundo,
1473 1542 1605 1577 ipsorum
1624 1541 1746 1568 interro-

978 1590 1067 1625 gatio,
1089 1591 1117 1617 et
1138 1589 1205 1617 caeci
1225 1588 1387 1624 responsio,
1403 1587 1445 1614 ibi
1461 1587 1481 1604 ¹⁸
1496 1596 1502 1614 z
1519 1588 1620 1613 Iterum
1633 1587 1748 1612 interro-

977 1637 1093 1670 gabant,
1111 1638 1185 1669 etc.;
1207 1635 1307 1668 tertio,
1326 1634 1446 1661 illorum
1466 1631 1650 1660 oblocutoria
1669 1639 1747 1658 mur-

976 1681 1113 1715 muratio,
1130 1681 1172 1708 ibi
1188 1681 1208 1698 ¹⁹
1224 1689 1230 1707 :
1247 1681 1383 1711 Dicebant,
1403 1681 1455 1706 etc.
1470 1688 1478 1713 3
1499 1680 1622 1713 quarto,
1645 1677 1747 1704 iterata

976 1727 1182 1762 interrogatio,
1199 1726 1240 1754 1ὺί
1254 1726 1294 1753 ²0:
1311 1728 1409 1753 Dicunt
1425 1733 1500 1760 erqo,
1514 1726 1567 1752 etc.

1012 1776 1043 1801 Et
1058 1774 1114 1800 hoc
1129 1775 1185 1807 est,
1202 1772 1284 1808 quod
1299 1772 1338 1800 ait
1351 1781 1357 1799 :
1374 1771 1521 1799 Adducunt
1536 1770 1572 1798 ad
1589 1771 1745 1805 pharz'soeos,

975 1821 1048 1848 sicut
1062 1820 1100 1848 ad
1113 1820 1311 1855 sapientiores.

1014 1869 1056 1894 ¹14.
1072 1868 1140 1893 Erat
1164 1869 1252 1893 autem
1272 1866 1420 1892 sabbatum.
1440 1866 1471 1891 Et
1489 1864 1518 1891 in
1533 1863 1590 1890 hoc
1606 1861 1746 1897 temporis

976 1912 1163 1948 specificatio.
1180 1911 1317 1940 Miracula
1332 1911 1457 1938 iaciebat
1470 1910 1501 1937 in
1514 1908 1659 1941 sabbatis,
1676 1907 1746 1943 quia

976 1962 1045 1986 tunc
1070 1958 1285 1986 conveniebant
1308 1957 1346 1985 ad
1371 1957 1533 1992 templum,
1557 1957 1588 1982 ut
1610 1954 1745 1982 habitum

976 2008 1018 2033 est
1032 2013 1120 2040 supra
1135 2012 1153 2032 a
1168 2005 1386 2040 chrysostomo.

1014 2053 1055 2078 15.
1071 2053 1106 2078 Et
1122 2052 1323 2084 z'nterroqabant
1345 2050 1473 2084 quomodo
1493 2049 1619 2082 vidisset,
1643 2048 1745 2074 dantes

976 2098 999 2125 ei
1017 2097 1202 2125 occasionem
1217 2096 1404 2129 detrahendi,
1420 2095 1459 2122 ait
1473 2095 1697 2130 chrysostomus
1712 2094 1742 2120 ²¹.

975 2146 1024 2171 Ille
1038 2148 1126 2171 autem
1144 2144 1216 2170 dimit
1231 2145 1269 2170 eis
1285 2153 1292 2169 :
1305 2144 1399 2170 Lutum
1415 2144 1514 2176 posuit,
1528 2143 1580 2168 etc.
1598 2141 1629 2167 Et
1643 2140 1673 2166 in
1687 2139 1744 2166 hoc

974 2192 1052 2227 patet
1075 2190 1153 2217 illius
1176 2189 1347 2217 constantia.
1364 2188 1444 2215 Unde
1464 2185 1718 2223 Chrysostomus2²
1735 2195 1742 2213 z

978 2247 990 2262 1(
1005 2238 1037 2264 In
1051 2236 1195 2272 ampliore
1211 2236 1314 2264 timore
1334 2235 1503 2263 constitutus
1522 2242 1618 2268 neque
1638 2234 1743 2267 negat,

975 2291 1070 2318 neque
1095 2283 1241 2310 contraria
1261 2282 1330 2309 dicit
1353 2282 1511 2317 prioribus.
1533 2290 1546 2306 >³
1563 2281 1595 2307 Et
1610 2279 1681 2315 quia
1701 2279 1743 2306 illi

975 2337 1035 2357 non
1050 2330 1185 2365 poterant
1201 2336 1268 2356 eum
1282 2330 1462 2364 pervertere,
1475 2335 1504 2354 se
1518 2327 1690 2354 convertunt
1705 2325 1743 2352 ad

975 2431 1005 2435 —-
1028 2419 1045 2434 ¹²
1067 2418 1207 2448 Chrysort„
1228 2418 1270 2440 ubi
1292 2424 1347 2446 sup.
1368 2430 1388 2433 —-
1419 2418 1436 2432 ¹³³
1457 2417 1528 2444 111111,
1548 2423 1573 2439 n.
1597 2418 1603 2439 i
1628 2418 1652 2439 et
1671 2417 1693 2439 2.
1712 2429 1743 2432 -

978 2456 994 2469 ¹¹
1016 2454 1089 2482 thid„
1110 2460 1135 2476 u.
1157 2455 1178 2476 2.
1205 2466 1230 2469 —
1257 2453 1275 2469 ¹5
1300 2453 1370 2478 lbisl..
1396 2460 1420 2475 u.
1447 2454 1468 2475 1.
1484 2464 1514 2469 --
1541 2452 1557 2465 ¹⁴*
1581 2451 1637 2481 tut,
1657 2452 1694 2474 18.
1713 2463 1742 2467 ——

980 2488 996 2503 ¹⁷
1017 2489 1062 2511 int'.
1080 2490 1119 2511 24.
1134 2501 1161 2505 —
1183 2489 1200 2503 Ι*
1219 2488 1274 2516 inf„
1296 2489 1331 2510 15.
1348 2500 1377 2504 -
1394 2487 1483 2516 ¹⁹1nt.‚
1502 2488 1538 2510 111.
1553 2499 1582 2503 -
1599 2486 1618 2502 ’·0
1635 2486 1690 2516 tus„
1707 2487 1740 2508 17.

975 2537 1004 2540 -
1022 2524 1037 2538 ²³¹
1056 2523 1177 2552 Chrysus-t
1190 2540 1197 2551 ,
1212 2523 1254 2545 ubi
1270 2530 1335 2552 sup„
1354 2529 1379 2546 11.
1396 2524 1418 2545 2.
1433 2535 1463 2539 —-
1479 2522 1499 2537 ³²
1515 2522 1586 2551 ibid„
1604 2528 1630 2544 u.
1649 2524 1670 2544 2.

988 2588 989 2591 =
1008 2576 1040 2605 (η’)
1056 2577 1116 2599 Cra—l.
1135 2576 1196 2600 edet.
1212 2578 1274 2599 erat.
1298 2589 1323 2592 -—
1345 2576 1377 2606 (b)
1393 2575 1481 2606 Suppl.
1497 2575 1527 2599 ab
1542 2573 1656 2604 originali
1672 2573 1743 2597 cccci-

975 2613 1022 2635 tat«,—
1038 2611 1175 2635 homiuem.
1192 2625 1220 2629 --
1238 2612 1263 2642 (c)
1281 2612 1342 2637 Caut-
1358 2611 1408 2636 odit
1433 2611 1492 2636 virli.
