1987 3032
56 614 159 640 Angelus.

92 1123 164 1143 Conti-

76 1154 149 1174 nunno

61 1187 150 1210 Evange
155 1195 162 1199 -

83 1718 107 1736 lu
115 1723 165 1742 qua-

61 1750 109 1767 tuor
120 1754 167 1772 pai·-

61 1780 95 1798 tes
114 1778 166 1798 divi-

61 1809 166 1829 diturhoc

61 1841 135 1866 caput.

97 2042 169 2062 Prima

65 2081 115 2101 pars
134 2074 167 2093 di-

76 2105 155 2125 viditur

63 2137 85 2156 in
113 2142 168 2162 qua-

65 2170 121 2188 tuor.

754 218 1020 250 EXPOSPTHJIN
1043 219 1190 250 CAP.IL

177 289 274 314 autem
299 286 535 314 ministraverunt
553 285 650 319 angeli
674 284 786 312 Christo
810 287 942 320 tempore

176 332 342 365 nativitatis,
357 333 459 365 crucis,
470 330 699 364 resurrectioniS,
713 333 740 358 et
754 331 942 364 ascensionis,

177 379 399 414 Chrysostomus
414 378 422 394 ¹
444 376 657 412 exemplificat,
677 378 704 404 et
721 378 802 412 patet
820 377 851 404 in
870 377 942 404 serie

177 424 352 459 evangelica.
368 423 544 458 Augustinus
559 424 658 450 autem
675 423 795 458 exponit
808 423 818 438 ²
833 422 870 450 de
889 430 942 450 an-

176 470 263 505 gelis,
280 470 312 496 id
331 471 372 496 est
391 469 634 504 praedicatoribus
655 468 883 504 praedicantibus
899 477 944 496 ar-

176 524 249 544 cana
264 515 378 549 divina,
395 516 422 542 et
439 515 648 542 incarnationis
662 514 801 550 mysteria
821 515 857 542 de
872 515 943 542 Filio

174 562 237 596 Dei,
252 563 284 588 ut
296 563 374 597 patet
389 561 419 588 in
433 561 541 589 Glossa.
558 563 590 588 Ut
604 561 683 588 enim
698 562 737 589 ait
751 561 905 596 Gregorius
921 563 942 593 ³,

174 607 257 643 quod
271 615 363 642 graece
378 607 515 642 Angelus,
526 608 582 634 hoc
596 607 684 634 latine
696 607 815 634 nuntius
828 607 943 634 dicitur.

174 655 259 681 Recte
272 675 280 688 ,
299 654 350 689 qui
365 653 498 680 nuntiare
517 661 689 688 supremum
705 653 838 687 judicem
858 653 945 681 mitti-

174 701 231 732 tur,
245 700 361 733 Angelus
373 699 512 727 vocatur⁴
525 708 531 726 :
547 708 560 724 «
575 699 664 727 Labia
675 699 834 727 sacerdotis
850 701 946 727 custo-

176 745 260 772 diunt
273 746 437 780 scientiam3
453 756 465 771 n
484 753 518 772 ac
536 745 688 781 sequium:
710 756 722 770 tt
742 745 869 780 Angelus
890 746 946 772 Do-

175 792 248 819 mini
270 791 449 819 exercituum
469 793 521 819 est.
538 802 551 817 1>
575 793 607 819 Et
624 791 666 818 ibi
694 791 849 826 Gregorius
870 792 946 819 bene

177 837 214 865 de
231 837 299 864 hoc.
315 839 347 864 Et
367 837 403 864 de
424 837 470 864 his
494 837 620 872 angelis,
638 840 665 864 et
689 845 793 865 eorum
812 845 945 871 ascensu,

177 885 208 911 in
217 885 378 913 Collatione
392 886 413 919 ⁵,
425 887 452 913 et
467 885 498 912 in
507 885 565 913 hoc
585 885 759 919 terminatur}
774 884 852 913 istud
871 885 946 919 capi-

177 930 282 958 tulum.

428 1023 691 1056 CAPUTIL

215 1118 239 1142 t.
255 1117 290 1143 Et
305 1116 349 1143 die
363 1118 442 1143 tertia
456 1118 560 1151 πυρεῖα)
573 1118 654 1149 factae
668 1119 741 1149 sunt,
753 1118 805 1143 etc.
822 1117 948 1144 Narratis

178 1162 348 1189 testimoniis
362 1162 441 1189 beati
454 1162 573 1189 Joannis
588 1162 624 1189 dc
640 1162 711 1189 Filio
727 1162 790 1196 Dei,
807 1164 834 1189 et
847 1162 948 1190 habita

177 1208 330 1235 vocatione
346 1208 576 1243 discipulorum,
604 1208 651 1235 hic
670 1208 796 1235 ostendit
813 1216 843 1235 se
861 1208 949 1236 Filius

177 1254 226 1281 Dei
249 1254 407 1287 miraculo,
424 1254 497 1281 sicut
511 1254 662 1281 continuat
676 1254 786 1282 Glossa.
803 1255 883 1282 Unde
899 1263 948 1282 ex-

178 1300 245 1327 hinc
266 1302 365 1327 narrat
388 1301 571 1335 Evangelista
594 1309 684 1336 opera
706 1301 899 1334 miraculosa,
923 1304 950 1328 et

178 1346 318 1373 salvificat
336 1346 513 1374 documenta
527 1346 590 1373 Filii
612 1347 675 1380 Dei,
697 1348 725 1373 et
738 1349 950 1382 consequenter

179 1395 295 1420 enarrat
317 1393 353 1419 de
376 1392 511 1427 passione
533 1394 560 1419 et
582 1393 803 1420 resurrectione.
828 1395 859 1421 Et
878 1402 950 1429 quo-

179 1439 258 1466 niam
282 1439 408 1474 capitula
430 1446 490 1466 non
514 1441 581 1465 suut
606 1439 741 1466 continue
763 1439 801 1466 ad
822 1439 949 1467 invicem

179 1477 391 1519 dependentia,
409 1484 480 1519 quia
502 1484 560 1511 alia
575 1486 602 1511 et
620 1484 679 1511 alia
692 1485 834 1512 miracula
855 1487 883 1512 et
897 1485 952 1512 do-

180 1533 314 1558 cumenta
327 1538 388 1557 non
403 1532 470 1557 sunt
484 1530 522 1557 ad
536 1530 662 1558 invicem
675 1531 884 1566 consequentia
897 1539 950 1559 nec

180 1577 355 1610 coniuncta:
376 1576 444 1604 ideo
464 1577 703 1612 compendiosius
723 1580 750 1604 et
774 1578 952 1605 doctrinabi-

180 1622 235 1649 lius
256 1622 372 1649 videtur
390 1622 546 1658 quodlibet
570 1623 731 1658 capitulum
746 1623 777 1650 in
796 1632 825 1650 se
846 1624 949 1651 dividi.

181 1670 212 1695 Et
227 1668 390 1696 secundum
410 1669 478 1703 hoc,
497 1669 576 1696 istud
593 1669 754 1704 capitulum
775 1669 805 1696 in
824 1672 951 1705 quatuor

180 1717 289 1750 partes:
301 1715 398 1750 primo
409 1717 543 1743 narratur
554 1715 590 1742 de
602 1715 779 1743 miraculosa
789 1716 951 1744 mutatione

181 1769 264 1796 aquae
279 1762 309 1788 in
324 1761 439 1795 vinum;
456 1762 598 1796 secundo,
614 1762 651 1789 de
667 1762 810 1790 descensu
825 1763 953 1798 Caphar-

180 1815 281 1841 naum,
295 1807 354 1834 ibi:
369 1809 430 1834 Post
445 1808 508 1841 hoec,
525 1809 578 1834 etc.
587 1817 595 1841 ;
614 1808 696 1835 tertio
708 1811 844 1836 narratur
859 1809 895 1836 de
910 1818 953 1837 as-

181 1861 269 1880 censu
284 1853 314 1879 in
326 1853 496 1886 Jerusalem,
512 1856 539 1880 et
553 1853 589 1880 de
605 1854 746 1888 ejectione
761 1856 952 1883 vendentium

182 1902 208 1926 ct
223 1899 398 1932 ementium,
420 1899 478 1926 ibi:
494 1901 529 1927 Et
541 1908 625 1934 prope
646 1903 701 1927 erat
723 1902 826 1928 Pascha
845 1903 953 1929 Judoeo-

181 1954 250 1979 rum,
267 1947 336 1979 etc.;
353 1947 458 1980 quarto
480 1948 613 1974 narratur
633 1947 669 1974 de
692 1948 862 1976 credulitate
876 1949 954 1976 mul-

182 1994 280 2018 torum
297 1991 326 2018 in
341 1992 500 2026 Christum,
516 1992 557 2020 ibi
572 2001 578 2019 ε
604 1993 669 2020 Cum
690 1997 778 2021 autem
796 1998 861 2022 esset
882 1997 954 2022 ,16νο-

182 2039 304 2071 solymis,
322 2040 376 2065 etc.
395 2039 490 2066 Prima
508 2039 538 2065 in
558 2041 702 2074 quatuor:
722 2041 819 2075 primo
841 2045 954 2070 antece-

184 2083 316 2111 dentium
337 2083 434 2119 ipsum
455 2084 632 2112 miraculum
651 2087 811 2120 praemissio
832 2088 892 2115 sive
908 2097 954 2116 oc-

183 2130 261 2156 casio
267 2139 275 2164 3
304 2130 435 2157 secundo
444 2151 453 2165 ,
480 2131 570 2166 ipsius
595 2131 729 2160 miraculi
759 2132 872 2161 effectio
893 2134 954 2162 sive

184 2177 332 2211 operatio,
356 2177 419 2204 ibi:
444 2178 530 2204 Erant
554 2180 640 2205 autem
665 2179 706 2205 ibi
729 2180 859 2214 lapideoe,
882 2182 953 2216 etc.;

183 2223 267 2250 tertio
278 2223 412 2251 miraculi
424 2224 619 2253 manifestatio
632 2226 680 2252 vel
695 2226 882 2261 approbatio,
896 2227 952 2254 ibi:

185 2270 264 2295 Dz‘oez‘t
279 2272 365 2296 autem
379 2271 468 2302 Jesus,
485 2273 557 2304 etc.;
574 2273 678 2306 quarto
694 2271 807 2299 ordinis
821 2272 955 2300 miraculi

185 2315 361 2349 subjunctio,
372 2315 430 2343 ibi:
448 2317 502 2343 Hoc
516 2321 605 2344 autem
618 2319 740 2351 initium,
753 2320 806 2345 ete.
819 2320 848 2346 In
861 2319 956 2354 prima

185 2364 284 2389 narrat
298 2363 422 2397 quatuor
441 2364 659 2398 antecedentia,
680 2373 746 2399 quce
762 2367 828 2393 sunt
843 2366 956 2401 nuptia-

185 2416 252 2435 rum
272 2408 445 2443 celebratio,
467 2411 494 2436 et
514 2409 604 2445 ipsius
627 2413 694 2439 Jesu
718 2419 751 2439 ac
776 2420 897 2440 suorum
918 2414 957 2442 ad

186 2454 264 2489 ipsas
279 2455 410 2489 vocatio,
432 2455 559 2483 defectus
579 2457 640 2484 vini
661 2465 678 2484 a
693 2457 780 2486 beata
794 2460 886 2487 matre
901 2459 957 2494 ipsi

187 2501 252 2528 lesu
266 2501 433 2536 insinuatio,
445 2505 473 2530 ct
483 2503 616 2537 ejusdem
627 2504 682 2539 ipsi
692 2505 778 2532 matri
792 2506 956 2541 responsio,

223 2574 229 2586 ¹
242 2573 382 2604 Chrysost„
397 2575 440 2598 ubi
455 2582 511 2605 sup.
522 2588 552 2593 —
564 2577 574 2591 2
589 2577 663 2606 Aug„
675 2577 719 2600 ubi
731 2584 787 2607 sup.
802 2590 831 2596 —
845 2578 855 2594 ³
871 2579 958 2609 Greg„

192 2614 217 2629 ιη
231 2608 336 2639 Evuny.,
351 2610 421 2634 hom.
438 2617 472 2642 xi,
486 2618 512 2634 n.
528 2613 550 2634 5.
568 2624 595 2628 —
614 2612 816 2643 'Mulae-„152
830 2627 860 2631 -
875 2615 885 2631 ⁵
902 2615 958 2638 ud.

192 2641 249 2672 ini„
269 2643 359 2668 Collat.
378 2651 403 2670 x.
428 2658 457 2665 -·-
479 2647 487 2660 ὕ
507 2646 648 2677 Clu-yson„
662 2648 705 2672 ubi
725 2654 782 2679 sup.
796 2661 825 2667 —
841 2650 849 2663 ⁷
865 2650 958 2680 Eccle„

1708 224 1767 252 283

999 287 1026 313 et
1046 286 1179 320 ejusdem
1200 285 1300 313 matris
1323 285 1461 313 ministris
1486 286 1660 321 praeceptio,
1684 289 1716 314 ut
1737 287 1767 315 in

998 331 1094 359 littera
1106 333 1194 367 patet.

1034 379 1109 412 Ergo
1124 378 1176 405 ait:
1194 379 1284 405 Tertia
1298 378 1353 411 die,
1367 380 1395 405 et
1409 378 1440 405 in
1454 378 1511 405 hoc
1520 379 1637 405 notatur
1652 380 1767 414 tempus

999 424 1174 458 nuptiarum.
1196 425 1228 450 In
1244 424 1332 457 Cana,
1355 425 1383 451 et
1403 423 1433 450 in
1454 423 1511 451 hoc
1533 425 1650 451 notatur
1673 424 1766 452 locus.

999 469 1111 504 Nuptz'ae
1124 471 1221 503 factoe,
1237 471 1265 497 et
1278 470 1309 497 in
1322 470 1380 497 hoc
1394 477 1498 497 eorum
1510 470 1677 498 celebratio.

1035 517 1061 542 2.
1073 518 1104 543 Et
1116 516 1186 551 quia
1195 518 1282 544 notus
1292 518 1353 544 erat
1360 516 1401 543 ibi
1411 517 1502 550 Jesus,
1512 517 1544 543 ut
1554 516 1592 544 ait
1601 517 1769 552 Chrysosto-

1000 569 1067 589 mus
1080 563 1101 595 ⁶,
1111 561 1179 590 ideo
1195 562 1248 590 fuit
1260 565 1377 597 vocatus,
1394 565 1417 590 et
1432 565 1517 590 mater
1524 571 1554 590 ac
1566 563 1704 598 discipuli.
1714 563 1770 590 Sed

1001 607 1139 643 quaeritm
1154 608 1278 643 qualiter
1292 609 1344 636 ivit
1356 609 1394 636 ad
1405 609 1533 644 nuptias,
1544 617 1611 637 cum
1620 609 1652 636 in
1663 609 1770 637 talibus

1001 657 1215 683 consueverunt
1233 663 1294 683 esse
1314 656 1446 691 vulgaria
1465 655 1601 684 convivia
1615 658 1642 683 et
1656 663 1769 683 comes-

1002 701 1142 728 sationes:
1157 709 1226 736 ergo
1240 709 1301 729 non
1317 702 1439 729 decebat
1452 710 1520 730 eum
1534 702 1603 729 illuc
1617 702 1668 729 ire.
1680 703 1751 729 ltem
1760 701 1770 716 '¹

1005 747 1137 774 «melius
1158 749 1200 774 est
1222 747 1264 774 ire
1286 748 1324 775 ad
1345 748 1468 775 domum
1490 748 1601 782 luctus,
1621 755 1711 783 quam
1730 747 1770 775 ad

1002 793 1126 821 domum
1140 793 1278 821 convivii.
1294 804 1306 819 »
1329 795 1361 821 Et
1378 793 1417 822 ita
1431 796 1462 821 ut
1480 794 1571 829 prius.
1593 795 1626 821 Et
1640 793 1679 821 ad
1693 793 1771 820 istud

1001 839 1243 874 respondendum
1283 840 1445 867 secundum
1480 840 1722 875 chrysostomum
1742 839 1771 872 Β,

1002 885 1085 921 quod
1103 885 1191 920 «ipse
1206 886 1245 913 ad
1265 886 1435 920 dignitatem
1455 894 1538 914 suam
1556 893 1616 913 non
1637 885 1772 920 respicie-

1002 931 1067 965 bat,
1079 931 1131 958 sed
1147 932 1186 959 ad
1200 932 1379 959 beneficium
1394 934 1526 960 nostrum
1538 941 1544 959 z
1557 932 1609 968 qui
1620 931 1698 959 enim
1709 939 1771 959 non

1003 977 1178 1012 dedignatus
1203 980 1244 1005 est
1262 978 1338 1005 servi
1360 978 1487 1006 formam
1507 978 1657 1013 accipere,
1678 977 1771 1005 multo

1003 1024 1097 1059 magis
1109 1032 1163 1051 nec
1178 1024 1353 1059 dedignatus
1364 1026 1406 1052 est
1420 1024 1458 1052 ad
1470 1024 1587 1060 nuptias
1599 1023 1708 1058 venire,
1721 1024 1772 1058 qui

1004 1078 1070 1098 cum
1080 1070 1246 1105 publicanis
1259 1070 1402 1097 recubuit.
1416 1080 1428 1096 »
1442 1071 1506 1097 Haec
1520 1070 1579 1097 ille.
1597 1072 1677 1104 ltem,
1691 1071 1723 1096 ut
1734 1069 1774 1096 ait

1002 1116 1082 1143 idem
1098 1116 1350 1152 chrysostomuffi,
1363 1127 1376 1142 (ι
1388 1116 1427 1143 1111
1443 1116 1494 1151 qui
1508 1117 1697 1150 vocaverunt,
1713 1122 1774 1142 non

1001 1163 1152 1190 habebant
1167 1163 1203 1190 de
1220 1171 1254 1190 eo
1271 1163 1376 1190 decens
1387 1162 1543 1198 judicium,
1559 1170 1655 1197 neque
1671 1163 1702 1188 ut
1714 1170 1775 1189 ma-

1003 1217 1096 1244 gnum
1111 1209 1241 1245 aliquem
1256 1209 1452 1243 aestimabant3
1470 1208 1521 1235 sed
1537 1210 1569 1235 ut
1588 1215 1681 1234 unum
1696 1207 1774 1234 mul-

1003 1257 1117 1290 torum3
1139 1256 1222 1291 quod
1236 1255 1420 1290 Evangelista
1433 1254 1613 1289 aenigmatice
1634 1254 1774 1288 ostendit,

1005 1301 1126 1336 qnando
1141 1302 1194 1329 ait:
1210 1303 1277 1328 Erat
1291 1302 1332 1328 tbi
1342 1304 1426 1328 mater
1439 1303 1501 1328 Jesu
1516 1309 1546 1327 ac
1559 1302 1661 1333 fratres
1677 1301 1742 1334 ejus.
1756 1311 1769 1325 n

1005 1349 1068 1375 Hcec
1088 1347 1147 1374 ille.
1169 1347 1256 1374 Aliter
1276 1347 1435 1382 respondet
1453 1347 1627 1381 Augustinus
1643 1347 1674 1380 ¹⁰,
1691 1346 1775 1381 quod

1005 1394 1073 1421 ideo
1091 1393 1229 1421 Dominus
1242 1393 1322 1420 venit
1336 1393 1374 1420 ad
1388 1393 1520 1428 nuptias,
1537 1392 1608 1428 quia
1623 1394 1705 1419 erant
1719 1392 1776 1419 hoe-

1005 1440 1085 1467 retici
1095 1439 1184 1466 futuri
1195 1439 1385 1474 prohibentes
1397 1438 1524 1466 nubere:
1540 1438 1608 1466 idco
1620 1438 1659 1465 ad
1672 1446 1776 1465 eorum

1006 1485 1235 1513 confutationem
1247 1485 1383 1519 dignatus
1395 1487 1436 1512 est
1447 1486 1528 1512 Jesus
1537 1484 1638 1512 venire
1651 1485 1689 1512 ad
1703 1492 1776 1519 nup-

1005 1533 1068 1560 tias.
1080 1534 1117 1559 De
1129 1535 1261 1567 tempore
1271 1531 1377 1558 harum
1387 1531 1569 1566 nuptiarum,
1582 1534 1609 1558 et
1621 1539 1659 1558 an
1672 1530 1777 1558 eadem

1006 1579 1067 1612 die,
1084 1578 1168 1605 annis
1182 1578 1336 1612 revolutis,
1351 1578 1494 1605 adventus
1509 1579 1659 1611 Magorum
1675 1579 1702 1604 et
1715 1585 1778 1603 mu-

1006 1625 1076 1652 tatio
1097 1633 1182 1660 aquae
1203 1624 1233 1651 in
1253 1624 1357 1651 vinum
1375 1624 1497 1658 suerint,
1519 1624 1549 1650 in
1569 1624 1700 1650 Historiis
1720 1625 1777 1651 Ma-

1006 1672 1093 1707 gister
1108 1672 1144 1698 de
1158 1672 1214 1698 hoc
1221 1680 1229 1705 3
1245 1673 1273 1698 et
1282 1671 1355 1698 sicut
1367 1673 1476 1698 tactum
1487 1672 1529 1698 est
1538 1678 1637 1705 supra,
1648 1670 1777 1705 primum

1007 1718 1167 1745 adventum
1182 1717 1296 1745 Domini
1311 1717 1341 1743 in
1356 1716 1503 1744 Galilaeam
1518 1718 1584 1752 post
1598 1716 1778 1751 baptismum

1007 1764 1093 1791 silent
1113 1763 1163 1791 alii
1185 1762 1391 1797 Evangelistae:
1417 1763 1454 1789 de
1476 1770 1536 1798 quo
1558 1770 1626 1789 cum
1648 1762 1779 1796 loquitur

1006 1810 1069 1843 hic,
1084 1812 1111 1837 et
1126 1809 1205 1837 idem
1216 1809 1454 1844 Chrysostomus,
1469 1810 1501 1835 ut
1512 1808 1646 1836 habitum
1660 1809 1712 1835 est.
1728 1809 1780 1835 Per

1006 1856 1075 1884 istas
1090 1856 1206 1890 nuptias
1220 1856 1383 1890 figurantur
1402 1855 1510 1890 nuptiae
1527 1853 1629 1881 Christi
1644 1855 1671 1881 et
1685 1854 1780 1881 Eccle-

1007 1903 1072 1935 siae,
1088 1909 1153 1937 quae
1167 1902 1284 1929 suerunt
1300 1901 1382 1928 factae
1404 1900 1485 1927 tertia
1501 1900 1563 1933 die,
1584 1899 1692 1927 scilicet
1706 1901 1779 1927 tem-

1007 1956 1079 1983 pore
1092 1948 1202 1982 gratiae.
1218 1947 1282 1974 Tria
1297 1947 1376 1974 enim
1387 1948 1532 1982 tempora,
1548 1945 1655 1973 scilicet
1665 1947 1781 1980 tempus

1009 1996 1074 2022 ante
1088 1994 1201 2028 legem,
1218 1994 1246 2020 et
1260 1994 1374 2028 tempus
1389 1992 1479 2028 legis,
1496 1994 1523 2019 et
1537 1993 1652 2027 tempus
1667 1991 1779 2026 gratiae,

1008 2042 1076 2067 sunt
1089 2042 1146 2067 tres
1161 2039 1239 2073 dies,
1254 2039 1285 2066 in
1300 2039 1408 2074 quibus
1424 2040 1497 2066 Deus
1512 2037 1689 2065 illuminavit
1705 2037 1781 2064 elec-

1008 2089 1053 2114 tos
1075 2093 1144 2114 suos
1163 2085 1275 2113 lumine
1296 2093 1350 2112 suo
1366 2086 1406 2111 ¹¹:
1431 2094 1444 2110 «
1459 2084 1623 2111 Viviflcabit
1643 2091 1697 2110 nos
1716 2084 1783 2118 post

1009 2133 1084 2161 duos
1098 2132 1171 2166 dieS,
1183 2133 1210 2159 et
1224 2131 1307 2158 tertia
1317 2131 1364 2158 die
1377 2130 1528 2158 suscitabit
1542 2138 1606 2157 nos.
1619 2139 1632 2156 1)
1645 2131 1676 2156 Et
1688 2129 1724 2156 de
1737 2129 1782 2156 his

1008 2178 1118 2214 nuptiis
1131 2178 1163 2205 in
1177 2177 1340 2206 Collatione
1356 2175 1384 2203 ¹2.

1045 2227 1070 2253 3.
1088 2227 1119 2252 Et
1143 2224 1277 2252 subditur
1296 2223 1459 2251 secundum
1474 2221 1658 2255 antecedens,
1674 2220 1783 2248 scilicet

1009 2272 1166 2300 insinuatio
1186 2270 1286 2298 matris
1308 2270 1344 2296 de
1365 2268 1479 2296 defectu
1494 2267 1565 2301 vini,
1582 2267 1623 2294 ibi
1639 2276 1645 2294 :
1659 2268 1695 2294 Et
1716 2267 1782 2300 den-

1009 2321 1092 2346 ciente
1106 2320 1177 2352 vino,
1192 2318 1259 2343 (licit
1274 2319 1367 2343 mater.
1385 2316 1417 2342 Et
1436 2315 1466 2341 in
1480 2314 1536 2341 hoc
1556 2315 1634 2349 patet
1648 2321 1782 2348 compas-

1010 2365 1073 2392 siva
1091 2364 1183 2400 pictas
1198 2362 1298 2390 matris
1312 2361 1420 2396 inopiae
1441 2362 1468 2387 et
1484 2359 1677 2394 verecundiae,
1695 2359 1782 2386 etiam

1011 2411 1180 2439 diffidentiae
1204 2408 1303 2445 sponsi
1333 2410 1361 2435 ct
1386 2415 1511 2443 sponsae,
1530 2408 1558 2434 et
1582 2414 1685 2434 eorum
1710 2414 1782 2441 quo-

1010 2466 1077 2487 rum
1101 2459 1162 2486 erat
1189 2455 1354 2484 necessaria
1375 2454 1544 2490 providere.
1569 2455 1640 2482 Item
1666 2455 1783 2481 notatur

1013 2541 1057 2563 vii,
1074 2536 1098 2557 3.
1112 2545 1141 2550 —
1159 2534 1166 2546 ⁸
1182 2532 1322 2562 chrysost.y
1339 2530 1382 2554 ubi
1401 2538 1456 2561 sup.
1474 2544 1500 2548 —
1519 2531 1528 2544 ⁹
1544 2530 1606 2554 tbid.
1624 2543 1654 2548 —
1669 2520 1690 2547 Μ’)
1705 2530 1780 2558 Aug„

1013 2571 1039 2593 in
1052 2571 1132 2597 loun„
1151 2570 1222 2591 tract.
1241 2573 1279 2597 ix,
1294 2574 1322 2590 n.
1342 2569 1365 2590 2.
1385 2580 1415 2584 —
1434 2567 1449 2582 '¹
1467 2567 1530 2595 Osca,
1548 2572 1588 2596 w,
1604 2567 1625 2589 3.
1643 2579 1671 2583 -
1689 2568 1705 2580 '³
1723 2566 1777 2588 Yid.

1014 2605 1103 2629 c'ollut.
1121 2610 1157 2626 241.

1046 2650 1077 2680 (a)
1094 2648 1153 2673 Caet.
1169 2647 1229 2672 edit.
1247 2646 1288 2671 ad.

1791 378 1887 403 Tempus

1792 408 1877 433 nuptia-

1783 443 1840 457 rum.
1848 439 1886 457 Lo*

1784 474 1829 487 cus.

1784 507 1885 527 Celebra-

1783 538 1822 557 tio.

1798 603 1888 624 Cui-ive-

1799 634 1826 653 rit
1848 634 1875 653 ai

1785 665 1880 691 nuptias.

1791 1394 1891 1415 Haeretici

1790 1425 1894 1446 contutati

1821 1949 1873 1969 Tria

1795 1981 1892 2006 tempora

1796 2012 1846 2031 sunt
1856 2012 1900 2031 tres

1795 2041 1849 2061 dies.

1831 2361 1902 2381 Pietas

1810 2392 1886 2411 matris

1803 2422 1892 2442 Christi.

1798 2453 1892 2473 Pruden-
