1987 3032
204 210 262 239 368

203 273 342 301 armentis
354 272 463 300 vadent
486 272 525 299 ad
547 270 740 307 quaerendum
759 268 930 302 Dominum,
946 269 973 295 et

202 328 263 348 non
278 320 436 347 invenient.
451 328 464 344 »
481 320 550 346 Item
566 319 632 345 sunt
648 317 808 352 quaerentes
824 314 927 342 Filium
943 314 972 341 in

202 368 432 395 tumultuositate
456 366 614 393 mundante
637 362 838 399 occupationis
857 360 904 388 vel
925 368 972 388 ne<

202 414 369 449 gotiationis
385 414 392 429 ¹
410 422 416 440 :
434 424 447 438 ιι
462 411 597 439 circuibo
616 410 763 438 civitatem
784 416 837 444 per
851 407 932 435 vicos
946 409 973 434 et

200 461 334 496 plateas,
360 466 489 495 quaeram
515 465 604 493 quem
629 456 724 490 diligit
745 455 845 482 anima
868 461 969 480 mea.»

202 509 233 535 Et
245 507 375 542 sequitur
392 515 398 533 ε
413 516 426 530 ιι
441 506 503 532 Non
519 502 618 531 inveni
633 510 711 529 cum.
727 512 740 527 »
753 500 833 528 Unde
849 500 973 528 Ambro-

201 553 284 580 sius²
300 562 307 580 :
326 562 339 578 ιι
363 554 426 579 Non
454 550 565 578 invenit
591 548 736 577 Christum
755 569 764 582 ,
794 547 844 582 qui
870 545 974 581 quzerit

202 607 270 626 eum
286 599 315 625 in
329 598 411 632 soro,
422 597 474 624 ubi
490 596 553 624 lites
569 597 650 629 sunt,
665 594 717 622 ubi
732 593 871 620 nundinae
887 594 972 619 sunt:

201 653 261 673 non
284 645 346 672 ulla
363 643 489 680 pecunia
512 643 699 677 comparatur
720 639 857 668 Christus.
874 648 886 664 n
904 640 973 665 Item

201 693 268 719 sunt
282 692 333 726 qui
349 691 484 726 quierunt
504 689 649 717 Christum
669 687 699 714 in
715 685 827 713 deliciis
849 684 974 712 carnalis

201 737 444 774 concupiscentiae
458 738 468 754 ³
484 746 490 764 z
510 747 523 761 «
538 738 568 764 ln
582 735 690 763 lectulo
713 742 779 761 mco
801 741 855 769 per
875 734 974 760 noctes

202 784 340 820 quaesivi‚
356 794 368 809 n
386 785 439 811 ete.
455 785 487 810 Et
500 781 650 817 sequitur:
670 790 682 806 ιι
698 779 821 813 Quaesivi
841 779 927 806 illum
948 780 975 805 et

203 839 263 859 non
287 830 395 858 inveni.
412 840 425 856 »
442 828 452 844 '¹
475 830 566 856 «Non
590 828 669 854 enim
694 825 885 854 inveniturin
900 826 975 852 terra

203 878 331 906 suaviter
354 877 530 910 viventium,
549 886 563 901 »
578 875 686 902 scilicet
700 873 843 909 sapientia
861 873 920 900 Dei.
943 874 975 899 Et

205 925 241 952 de
256 924 313 952 hoc
324 923 488 951 Bernardus
502 923 512 939 ⁵
529 931 535 950 :
553 933 565 947 «
581 923 718 955 Quaerens
733 928 801 947 eum
816 927 877 946 non
891 919 974 946 inve-

204 971 263 1005 nit,
279 970 387 998 scilicet
397 977 465 997 cum
478 977 540 996 non
560 968 591 995 in
610 969 742 1002 tempore
757 966 857 993 debito
871 965 976 1000 quoerit

205 1025 289 1052 eum;
314 1017 362 1044 vel
383 1024 444 1044 non
461 1016 535 1043 sicut
557 1016 688 1050 oportet,
705 1012 807 1049 quaerit
826 1020 893 1039 eum
905 1033 913 1045 ‚
928 1010 976 1038 vel

204 1072 265 1092 non
298 1063 351 1091 ubi
384 1064 508 1098 oportet.
537 1072 551 1087 n
581 1061 634 1094 Qui
659 1067 730 1094 ergo
760 1059 823 1086 vult
845 1057 976 1085 invenire

204 1110 349 1138 Christum
364 1130 372 1143 ,
400 1108 504 1136 humili
538 1107 627 1135 corde
656 1108 683 1133 et
711 1105 835 1140 simplici
865 1106 977 1139 quaerat

204 1165 272 1184 eum
285 1155 295 1171 ⁶
310 1165 316 1183 :
337 1166 349 1181 κ
364 1157 395 1183 In
409 1154 593 1190 simplicitate
609 1152 707 1180 cordis
727 1151 847 1187 quaerite
864 1158 942 1177 eum.
961 1160 973 1175 n

239 1205 283 1230 35.
294 1204 326 1230 Et
340 1202 470 1238 sequitur
484 1201 614 1228 secunda
627 1199 781 1235 particula,
794 1198 824 1225 in
839 1206 898 1233 qua
914 1205 976 1224 mu-

205 1251 253 1277 tua
270 1249 419 1284 inquisitio
440 1247 609 1275 „ludaeorum
630 1254 635 1272 :
658 1247 791 1272 Diaeerunt
808 1252 867 1278 erqo
887 1244 977 1270 Judaei

205 1296 240 1323 ad
262 1297 416 1330 semctipsos
431 1302 437 1321 τ
455 1295 511 1326 Quo
533 1294 574 1319 hic
590 1294 678 1319 iturus
693 1293 752 1319 est?
777 1292 810 1317 Ut
829 1290 868 1317 ait
887 1290 977 1324 Chry-

205 1344 350 1370 sostomus
369 1342 378 1358 ⁷
400 1350 406 1368 :
432 1350 445 1365 ιι
467 1340 571 1375 Aliqua
591 1338 669 1374 passi
691 1339 758 1365 suut
778 1337 816 1364 ab
836 1336 892 1370 his,
911 1344 977 1371 quae

205 1388 393 1421 dicebantur,
419 1386 486 1413 ideo
515 1385 660 1412 insensate
689 1383 869 1418 inquirentes
898 1390 977 1417 quae-

203 1436 271 1462 runt
291 1442 298 1460 :
318 1433 459 1467 Numquid
483 1434 511 1458 in
534 1432 725 1465 dispersionem
747 1431 866 1463 gentium
888 1430 977 1455 iturus

204 1484 241 1508 est
250 1483 284 1507 P»
297 1481 330 1506 Ut
339 1479 417 1506 enim
430 1478 469 1505 ait
481 1478 706 1513 Chrysostomus
715 1476 725 1492 ⁸
739 1485 744 1503 :
760 1486 773 1500 «
786 1474 877 1502 Judaei
888 1482 976 1501 voca-

203 1527 275 1554 bant
298 1528 397 1561 gentes
416 1526 628 1558 nispe-sionem,
652 1522 722 1557 quia
745 1521 856 1556 ubique
884 1520 975 1547 disse-

203 1573 322 1600 minatae
342 1573 424 1599 erant
439 1580 445 1597 ε
462 1569 621 1605 antiquitus
637 1570 734 1595 autem
748 1569 808 1594 tota
824 1574 905 1601 gens,
922 1565 976 1592 sci-

202 1619 268 1646 licet
289 1618 470 1650 Judaeorum,
484 1616 514 1643 in
533 1623 626 1642 unum
646 1614 745 1641 locum
764 1613 886 1640 collecta
904 1613 976 1646 erat,

203 1667 230 1693 et
244 1673 306 1693 non
328 1666 388 1691 erat
409 1662 479 1690 alibi
495 1661 626 1689 invenire
643 1659 788 1691 Judaeum,
807 1658 862 1685 nisi
882 1658 911 1685 in
926 1659 977 1685 Pa-

203 1711 314 1739 laestina
329 1711 402 1738 sola.
418 1711 449 1736 Et
464 1708 532 1735 ideo
549 1706 708 1742 gloriantes
730 1705 759 1732 in
775 1712 804 1731 se
820 1704 910 1739 ipsos,
925 1711 977 1731 vo-

202 1760 269 1785 cant
291 1759 401 1792 gentes,
421 1755 481 1783 sive
504 1754 637 1781 Hellenas
656 1752 704 1788 (a),
725 1752 976 1778 Dissemincztionem

203 1804 264 1831 sive
287 1803 492 1838 Dispersionem.
507 1810 520 1826 >³
539 1801 571 1827 Ut
587 1799 627 1826 ait
645 1797 823 1832 Augustinus
834 1797 844 1813 ⁹
861 1806 867 1824 :
887 1807 900 1822 «
914 1798 977 1823 Non

203 1850 281 1877 enim
304 1849 435 1876 sciebant
456 1855 520 1882 quae
540 1846 686 1879 dixerunt,
701 1844 753 1871 sed
773 1843 843 1878 quia
862 1842 909 1870 ille
926 1850 976 1869 vo-

202 1896 266 1930 luit,
278 1895 540 1931 prophetaverunt.
556 1894 648 1920 lturus
660 1891 739 1918 enim
754 1891 815 1917 erat
826 1889 865 1916 ad
878 1890 977 1924 gentes

202 1950 263 1970 non
286 1941 439 1977 praesentia
459 1939 591 1975 corporis
612 1938 667 1971 sui,
684 1937 736 1964 sed
755 1936 882 1972 pedibus
905 1935 975 1970 suis,

204 1988 255 2024 qui
279 1987 370 2023 pedes
395 1988 476 2014 erant
495 1984 636 2021 Apostoli.
653 1994 665 2009 η
688 1983 766 2011 Infra
783 1983 801 1998 '⁰
821 1991 829 2008 :
850 1981 976 2008 «Habeo

204 2034 277 2062 alias
298 2041 378 2068 oves,
396 2043 410 2059 »
430 2034 483 2060 etc.
502 2032 518 2048 '¹
537 2041 550 2057 ιι
569 2030 698 2066 Populus
713 2029 792 2056 enim
807 2036 897 2064 quem
915 2035 976 2055 non

204 2081 331 2116 cognovi
347 2079 465 2107 servivit
479 2077 561 2111 mihi,
578 2088 590 2103 n
614 2078 667 2104 etc.
683 2077 716 2102 Et
734 2074 912 2110 inquirendo
932 2081 975 2100 re-

202 2127 313 2163 plicant
335 2133 502 2153 sermonem
523 2125 560 2159 (v.
575 2122 620 2158 36)
642 2132 649 2148 .·
674 2123 739 2155 Quis
759 2123 797 2148 est
820 2121 863 2147 hic
881 2127 975 2154 sermo,

203 2182 279 2208 quem
300 2174 374 2200 dimit
399 2181 405 2199 ε
432 2172 561 2204 Quaeretis
584 2177 636 2200 me.
663 2171 718 2196 etc.
741 2167 846 2200 Quoerit
867 2168 977 2201 Augus-

204 2219 344 2254 1111115(1ι)1“2
351 2218 402 2245 ubi
409 2217 500 2245 Judaei
508 2215 704 2252 quaesiverunt
711 2213 873 2241 Christum?
881 2214 913 2239 Et
920 2220 976 2239 res-

204 2265 326 2301 pondet,
343 2264 425 2300 quod
449 2274 461 2288 «
484 2261 604 2298 quando
626 2260 763 2288 mulieres
784 2258 975 2294 plangebant,

204 2314 232 2339 et
252 2319 319 2338 cum
338 2310 439 2337 civitas
463 2308 644 2344 capiebatur,
664 2316 677 2332 1)
701 2305 810 2333 scilicet
831 2312 848 2332 a
867 2304 927 2331 Tito
950 2306 977 2331 et

204 2357 353 2391 Romanis,
367 2355 593 2392 quadragesimo
604 2352 734 2380 secundo
745 2358 823 2379 anno
834 2352 901 2386 post
913 2358 977 2385 pas-

237 2429 244 2444 ¹
262 2428 346 2456 Cant„
369 2433 412 2456 111,
431 2429 452 2450 52.
473 2439 502 2444 --
525 2427 533 2440 ²
554 2425 683 2455 Ambros„
705 2424 733 2447 de
752 2423 821 2447 Isaac
841 2424 864 2445 et
881 2421 975 2450 Auim„

204 2471 226 2487 c.
242 2469 267 2493 v,
282 2469 308 2486 n.
327 2463 366 2486 38.
379 2475 410 2479 —
425 2463 433 2475 ³
449 2463 532 2491 Cant„
552 2467 598 2490 111,
616 2463 638 2490 1,
653 2461 676 2484 2.
693 2473 724 2478 —
737 2459 744 2473 ⁴
760 2458 813 2487 Jol),
830 2463 920 2487 11111111,
938 2458 975 2481 13.

204 2512 234 2517 —
248 2499 256 2512 ⁵
271 2499 357 2527 Bern„
376 2498 401 2520 iu
423 2497 507 2525 Cant„
527 2503 606 2520 serm.
621 2501 699 2524 LxxV,
718 2502 745 2518 n.
761 2495 784 2517 3.
799 2506 830 2510 —
848 2493 858 2509 ὅ
872 2493 942 2522 Sap„
957 2498 975 2522 1,

206 2537 226 2559 1.
240 2547 271 2551 -
283 2534 292 2550 '¹
309 2533 452 2563 Chrysost.‚
466 2532 508 2555 ubi
524 2539 591 2562 sup.,
606 2539 631 2555 n.
647 2532 669 2554 8.
685 2544 715 2548 —
731 2530 740 2546 Β
756 2529 818 2553 ibid.
833 2542 864 2546 —
876 2529 885 2542 0
902 2529 975 2557 Aug„

203 2569 246 2594 uhi
261 2575 328 2599 sup„
348 2575 374 2591 11,
394 2569 430 2591 10.
443 2580 473 2584 -
490 2568 509 2583 ¹⁸
527 2567 584 2596 tut,
599 2573 626 2595 x,
642 2568 677 2590 1fi.
697 2578 726 2583 —
742 2566 761 2581 ¹²
774 2563 839 2588 Psal.
856 2569 920 2593 xvii,
935 2564 975 2587 45.

203 2619 234 2623 —
256 2605 276 2621 ²2
297 2604 439 2634 chrysost„
460 2601 503 2625 ubi
525 2609 591 2631 sup.5
613 2608 639 2624 n.
660 2603 682 2624 2.
705 2613 735 2618 -
758 2600 778 2616 ¹³
802 2598 861 2629 lus„
886 2600 925 2622 40.
946 2611 976 2615 —

204 2641 223 2656 ’δ
240 2640 297 2669 tuf„
314 2640 353 2663 45.
372 2651 402 2656 —
419 2638 439 2654 ²¹⁵
458 2636 516 2667 lus„
536 2638 574 2660 50.
592 2649 623 2654 -—
643 2637 662 2652 ¹⁶
683 2636 824 2666 Chrysost.⁷
848 2634 874 2657 in
894 2634 974 2662 Joan..

724 200 937 234 EVANGELH
959 199 1097 232 SANCTI
1119 199 1135 231 J
1138 198 1257 231 OANNl
1263 200 1283 230 S

1029 267 1142 294 sionem
1154 275 1160 292 :
1177 275 1189 291 ιι
1204 267 1282 293 Tunc
1293 266 1372 294 enim
1384 268 1445 294 erat
1457 274 1623 303 congruum
1635 269 1801 298 meminisse

1029 312 1130 340 Christi
1144 314 1171 339 et
1183 312 1394 340 miraculorum
1409 314 1480 348 ejus
1498 324 1510 340 »

1064 362 1110 387 37.
1130 361 1161 387 [Ξῖ
1180 360 1309 395 sequitur
1323 360 1374 388 illa
1389 369 1467 396 pars,
1484 362 1512 389 in
1533 370 1592 398 qua
1611 362 1648 390 de
1668 363 1802 392 doctrina

1029 406 1129 433 Christi
1150 406 1179 433 in
1199 406 1301 433 ultimo
1324 406 1371 434 ‹lic
1390 407 1562 442 festivitatis,
1578 409 1619 436 ibi
1637 418 1643 436 :
1660 410 1693 436 In
1710 411 1801 438 novis-

1028 454 1095 479 simo
1116 455 1203 479 autem
1225 452 1280 486 (lie,
1301 454 1354 479 etc.
1377 455 1408 480 Et
1434 454 1486 482 illa
1508 463 1576 490 pars
1600 455 1629 482 in
1651 457 1800 491 quatuor:

1029 499 1137 534 primo,
1159 497 1298 525 doctrinae
1321 499 1499 534 proemissio;
1525 501 1666 536 secundo,
1689 502 1804 530 audito-

1028 553 1095 572 rum
1109 544 1191 571 varia
1206 544 1242 571 de
1259 545 1323 579 ipso
1339 545 1451 580 opinio,
1468 546 1508 574 ibi
1528 547 1548 564 ¹³
1563 556 1570 574 :
1587 549 1630 575 Ez·
1650 549 1699 575 illa
1714 552 1804 576 autem

1030 591 1120 623 turba,
1136 592 1201 625 etc.;
1218 591 1311 624 tertio,
1326 591 1527 619 ministrorum
1542 593 1581 620 ad
1596 594 1740 622 Christum
1757 603 1804 623 ca-

1028 636 1172 671 piendum
1193 637 1347 671 regressio,
1371 639 1399 664 et
1422 637 1591 665 auditorum
1614 640 1803 674 renuntiatio,

1029 682 1070 710 ibi
1088 682 1108 700 ¹4
1124 691 1130 710 :
1144 684 1279 710 Venerunt
1295 691 1364 717 erqo,
1380 685 1423 711 ete
1442 693 1449 718 3
1467 686 1583 719 quarto,
1599 685 1749 714 Nicodemi
1763 687 1805 714 al-

1029 728 1137 763 legatio
1153 731 1180 756 ct
1195 729 1322 757 aliorum
1337 729 1497 765 inquisitio,
1511 731 1552 758 ibi
1567 732 1587 748 ¹⁵
1602 741 1608 758 :
1626 733 1705 759 Discit
1719 733 1803 760 Nico-

1031 775 1133 809 demus,
1147 777 1199 802 cte.

1065 821 1110 848 Ait
1125 829 1196 855 ergo
1211 830 1219 847 .-
1242 824 1273 849 lu
1288 823 1430 849 novissimo
1447 825 1536 850 autem
1556 823 1610 858 die,
1626 825 1678 852 etc.
1694 824 1806 852 Primus

1031 867 1110 894 enim
1130 867 1192 894 dies
1212 869 1240 894 et
1258 867 1434 895 novissimus
1449 868 1528 896 illius
1549 869 1710 897 festivitatis
1724 872 1807 898 erant

1031 914 1171 941 celebres.
1187 914 1284 942 stabat
1302 916 1388 949 Jesus,
1401 915 1563 943 ostendens
1583 924 1667 944 suam
1683 925 1808 952 praesen-

1032 961 1101 988 tiam
1108 970 1115 994 3
1133 963 1155 988 et
1177 962 1321 995 clamabat,
1338 963 1458 997 propter
1478 962 1601 990 multam
1622 963 1750 995 turbam,
1767 963 1807 991 ait

1031 1007 1256 1042 Chrysostomus
1273 1008 1302 1034 ¹⁰.
1320 1008 1376 1034 Sed
1389 1008 1538 1043 quaeritur,
1554 1017 1645 1044 quare
1660 1009 1725 1037 aliis
1745 1009 1807 1037 die-

1031 1053 1088 1080 bus
1111 1061 1172 1081 non
1191 1053 1338 1081 clamavit.
1354 1055 1385 1082 Et
1407 1054 1446 1081 ad
1466 1055 1522 1082 hoc
1542 1055 1701 1091 respondet
1719 1056 1808 1092 Chry-

1032 1102 1178 1127 sostomus
1197 1100 1228 1134 ¹⁷,
1252 1100 1335 1135 quod
1362 1111 1374 1125 ιι
1398 1101 1496 1136 prima
1515 1101 1563 1128 die
1586 1109 1648 1129 non
1671 1103 1808 1137 apparuit

1031 1148 1152 1180 propter
1169 1154 1270 1173 causas
1285 1146 1419 1181 superius
1433 1146 1538 1181 dietas3
1555 1147 1629 1174 alios
1644 1147 1706 1175 dies
1721 1148 1806 1176 inter-

1032 1192 1146 1219 medios
1155 1192 1368 1220 consumebant
1379 1192 1417 1220 ad
1427 1192 1624 1228 voluptatem
1635 1194 1736 1222 ultima
1746 1194 1804 1229 die,

1032 1245 1100 1265 cum
1114 1238 1294 1265 recedebant
1308 1238 1443 1272 domum,
1458 1239 1563 1266 viatica
1578 1239 1659 1267 dedit
1673 1239 1712 1266 ad
1727 1239 1806 1267 salu-

1033 1286 1127 1311 tem.»
1149 1286 1180 1311 Et
1199 1286 1278 1319 patet
1298 1284 1346 1311 hic
1371 1284 1541 1320 exemplum
1564 1285 1806 1320 praedicatoribus

1033 1330 1225 1358 denuntiandi
1249 1331 1426 1359 documenta
1454 1331 1513 1365 Dei,
1537 1334 1679 1367 tanquam
1700 1332 1806 1361 viatica

1032 1377 1143 1410 salutis,
1158 1377 1188 1404 in
1211 1376 1298 1404 festis.
1320 1379 1352 1404 Et
1378 1377 1511 1405 similiter
1533 1380 1612 1413 patet
1635 1379 1806 1414 exemplum

1031 1422 1153 1450 firmiter
1176 1423 1383 1458 perseverandi
1415 1424 1444 1451 in
1463 1423 1590 1458 justitia;
1620 1424 1700 1452 unde
1727 1424 1768 1452 ait
1796 1434 1803 1452 :

1031 1469 1125 1496 Stabat
1145 1470 1228 1496 Jesus.
1253 1471 1284 1496 Et
1302 1469 1434 1497 similiter
1457 1470 1626 1505 exemplum
1647 1470 1804 1499 affectuose

1032 1515 1240 1548 denuntiandi,·
1258 1515 1337 1542 unde
1353 1516 1391 1543 ait
1406 1525 1414 1542 .-
1430 1516 1567 1547 Clamateat
1581 1517 1665 1544 Jesus.
1684 1517 1704 1534 ¹⁸
1723 1517 1805 1544 «Ste-

1031 1562 1126 1588 terunt
1149 1561 1314 1589 sacerdotes
1339 1562 1369 1588 in
1394 1564 1499 1589 ornatu
1522 1570 1575 1590 suo
1599 1570 1667 1589 cum
1685 1563 1771 1590 tubis.
1787 1574 1801 1589 i>

1032 1608 1051 1623 ¹⁰
1074 1618 1086 1633 «
1102 1607 1345 1635 Exclamaverunt
1365 1607 1418 1634 filii
1437 1610 1533 1635 Aaron
1547 1616 1615 1636 eum
1632 1609 1720 1636 tubiS.
1736 1619 1750 1635 n
1773 1609 1805 1636 Si

1031 1655 1092 1688 quis
1103 1655 1175 1687 sitit,
1191 1655 1282 1681 veniat
1297 1654 1331 1680 ad
1346 1662 1400 1687 me,·
1417 1654 1502 1689 quasi
1517 1654 1595 1682 dicat
1610 1664 1616 1681 :
1632 1654 1751 1682 Nullum
1766 1655 1804 1683 de

1031 1700 1199 1727 necessitate
1210 1701 1260 1727 aut
1268 1700 1296 1726 vi
1307 1700 1420 1727 attraho
1428 1709 1435 1734 3
1445 1700 1497 1727 sed
1510 1700 1533 1727 si
1544 1701 1610 1736 quis
1625 1700 1714 1730 habet
1729 1701 1804 1728 desi-

1031 1747 1157 1781 derium,
1173 1747 1252 1774 hunc
1276 1755 1362 1775 voco.
1381 1749 1480 1774 Veniat
1503 1748 1539 1774 ad
1562 1756 1612 1781 me,
1633 1758 1646 1773 ιι
1670 1756 1730 1776 11011
1754 1756 1804 1784 pe-

1032 1793 1130 1826 dibus,
1146 1793 1198 1820 sed
1213 1793 1377 1827 affectibus,
1392 1803 1406 1819 »
1423 1793 1462 1820 ait
1475 1793 1650 1828 Augustinus
1664 1794 1696 1820 ²⁰.
1712 1795 1747 1821 Et
1760 1794 1802 1821 bi-

1032 1840 1088 1874 bat,
1105 1839 1243 1875 Spiritum
1262 1839 1436 1867 hauriendo.
1455 1840 1486 1866 Et
1505 1839 1643 1874 explanat
1665 1840 1702 1874 (v.
1725 1839 1770 1875 38)
1795 1848 1802 1867 :

1031 1887 1086 1919 Qui
1107 1887 1192 1914 credit
1215 1889 1244 1914 in
1263 1895 1313 1921 me,
1333 1889 1401 1914 sicut
1425 1888 1492 1914 dicit
1516 1888 1668 1922 Scriptura,
1690 1889 1804 1922 flumina

1031 1933 1063 1959 de
1082 1935 1171 1960 ventre
1192 1933 1262 1968 eius,
1288 1935 1342 1961 etc.
1370 1933 1479 1967 Quaerit
1501 1934 1726 1969 Chrysostomus
1749 1932 1769 1950 ²¹
1795 1943 1802 1962 :

1033 1988 1047 2003 «
1062 1979 1115 2006 Ubi
1133 1979 1172 2006 ait
1191 1979 1248 2007 hoc
1263 1980 1431 2015 Scriptura?
1444 1991 1456 2005 n
1482 1982 1513 2007 Et
1530 1980 1700 2015 respondet,
1722 1980 1805 2016 quod

1033 2034 1046 2050 «
1070 2033 1228 2060 nusquam.
1250 2035 1262 2051 »
1288 2027 1320 2053 Et
1340 2025 1408 2053 ideo
1434 2026 1474 2053 sic
1496 2026 1585 2053 debet
1608 2025 1804 2061 subdistingui

1031 2071 1195 2099 secundum
1210 2072 1307 2107 ipsum
1324 2081 1330 2099 :
1350 2081 1363 2098 ot
1379 2072 1406 2100 Si
1426 2072 1492 2107 quis
1506 2071 1598 2099 credit
1611 2071 1643 2099 in
1655 2079 1715 2106 me,
1731 2071 1805 2099 sicut

1031 2117 1132 2145 dicunt
1146 2118 1309 2153 Scripturas,
1324 2129 1337 2143 ν)
1355 2126 1445 2154 supra
1456 2117 1476 2132 ‘²²
1490 2127 1518 2145 :«
1528 2118 1701 2146 Scrutamini
1712 2118 1804 2153 Serip-

1031 2167 1110 2192 turas
1124 2174 1131 2192 :
1148 2176 1160 2190 »
1177 2166 1303 2192 Flumina
1321 2166 1353 2192 cle
1368 2167 1458 2192 ventre
1472 2165 1528 2199 ejus
1542 2167 1634 2198 fluent,
1653 2164 1685 2192 id
1699 2167 1751 2199 est,
1767 2164 1804 2192 de

1031 2211 1130 2238 corde.
1154 2212 1186 2238 Et
1206 2211 1236 2238 in
1256 2211 1314 2239 hoe
1338 2213 1424 2238 vocat
1443 2211 1646 2246 copiositatem
1667 2212 1694 2238 et
1716 2211 1804 2238 uber-

1030 2258 1128 2291 tatem,
1143 2257 1200 2284 hoc
1215 2259 1256 2285 est
1270 2257 1394 2285 multam
1409 2257 1542 2292 gratiam,
1559 2265 1649 2293 supra
1662 2258 1684 2274 ²³
1700 2267 1707 2284 :
1723 2267 1736 2283 «
1750 2257 1804 2291 Qui

1031 2304 1122 2331 credit
1141 2304 1171 2331 in
1191 2311 1250 2338 me,
1264 2305 1314 2332 fiet
1333 2304 1363 2332 in
1382 2312 1417 2332 eo
1437 2304 1502 2332 fons
1521 2312 1605 2340 aquae
1625 2304 1753 2332 salientis
1774 2304 1805 2331 in

1030 2351 1121 2379 vitam
1135 2353 1284 2379 oeternam.
1299 2361 1312 2377 n
1330 2351 1375 2378 Ait
1388 2353 1484 2378 tamen
1495 2350 1595 2378 Glossa
1605 2359 1693 2386 super
1704 2350 1778 2378 illud
1794 2358 1801 2377 :

1030 2397 1103 2424 Sicut
1119 2398 1187 2424 dicit
1202 2397 1348 2433 Scriptura
1363 2406 1370 2424 :
1391 2408 1404 2422 «
1424 2397 1591 2424 Secundum
1611 2396 1700 2424 aliam
1715 2398 1804 2424 trans-

1030 2479 1100 2503 hom.
1116 2485 1140 2510 L,
1155 2479 1187 2503 al.
1208 2485 1243 2510 LI,
1258 2486 1284 2503 n.
1304 2481 1326 2503 1.
1341 2492 1370 2496 —
1388 2479 1406 2495 ¹⁷
1422 2477 1486 2503 thid.
1501 2491 1531 2496 —
1546 2479 1565 2495 ¹⁸
1579 2479 1587 2502 1
1603 2477 1690 2507 Esdr..
1707 2483 1748 2508 111,
1764 2479 1802 2503 10.

1030 2528 1061 2532 -
1076 2515 1095 2531 ¹⁴³
1113 2515 1200 2546 Eccli„
1217 2521 1242 2544 L,
1259 2516 1296 2538 18.
1312 2528 1342 2533 —
1355 2515 1376 2531 ²⁰
1391 2515 1465 2545 Aug,
1485 2515 1510 2538 in
1524 2514 1605 2542 loun..
1627 2515 1699 2537 tract.
1718 2519 1803 2544 xxxii,

1030 2557 1055 2573 n.
1080 2552 1100 2573 1.
1115 2563 1146 2568 —
1166 2550 1182 2564 ²¹
1200 2550 1343 2581 Chrysost„
1361 2550 1403 2574 ubi
1424 2557 1480 2580 sup.
1493 2561 1523 2566 —
1542 2549 1564 2564 ²²
1580 2550 1653 2579 Sup.‚
1676 2555 1701 2579 v,
1720 2550 1758 2574 39.
1774 2561 1804 2567 —

1030 2585 1050 2601 ³³
1064 2586 1138 2616 Sup.‚
1153 2592 1189 2616 ιν,
1207 2587 1243 2609 14.

1063 2635 1095 2664 (α)
1116 2634 1177 2658 Caet.
1197 2634 1256 2659 edil.
1278 2634 1396 2659 Helliues.
1415 2646 1446 2652 —
1466 2633 1496 2664 (b)
1518 2633 1575 2663 Leq.
1595 2633 1802 2664 Chrysostomus.

1848 1293 1925 1312 Exem-

1842 1324 1902 1350 pium

1820 1354 1924 1380 prolita-

1826 1385 1917 1405 toribus,
