1987 3032
186 219 245 248 540

187 283 289 310 vinum
312 283 394 319 quod
414 284 517 312 miscui
536 285 640 318 vobis,
653 294 666 309 ι)
685 283 793 310 scilicet
808 291 875 310 cum
890 290 954 310 om-

187 329 274 356 nibus
289 329 442 357 odoriferis
460 331 614 367 speciebus
632 329 780 366 sapientiae
796 335 803 351 ¹
821 338 827 356 ε
847 339 860 354 α
876 329 956 356 Dabo

187 375 240 402 tibi
264 377 367 411 potum
387 384 423 404 ex
446 377 515 404 vino
536 376 665 404 condito.
685 387 698 402 »
715 377 747 403 Et
763 375 840 403 istud
855 376 958 402 vinum

188 424 230 449 est
244 423 254 438 2
276 422 472 457 «germinans
492 422 635 457 virgines,
650 433 663 448 »
682 424 709 450 ct
729 422 853 449 inebriat
875 430 958 449 aver-

188 470 251 496 tens
268 469 306 496 ab
327 469 407 496 omni
428 476 528 496 amore
549 468 659 496 carnali
674 470 684 485 ³
701 477 707 495 z
727 478 740 494 (ι
756 468 847 495 Bibite
867 470 895 495 et
918 468 959 495 in-

188 514 342 542 ebriamini
358 535 367 547 ,
387 525 400 540 »
424 517 477 542 etc.
503 516 535 542 Et
557 515 623 542 licet
646 514 723 542 istud
749 514 834 541 fuerit
857 514 959 541 vinum

188 561 318 594 bonum,
339 560 529 588 nihilominus
550 560 637 588 Filius
658 561 705 588 Dei
727 560 884 596 proponit,
898 560 959 587 sive

189 606 275 634 mittit
289 606 347 633 alia
361 606 446 641 vina,
463 607 547 642 quasi
563 606 743 634 excellentia.
761 606 866 633 Vinum
881 606 960 633 enim

189 653 327 687 lacrymae
351 655 417 680 sunt
439 653 664 688 poenitentium,
686 653 724 680 ait
752 652 915 680 Bernardus
929 652 958 686 '⁴3

191 699 227 726 de
249 707 309 734 quo
328 699 356 726 in
374 700 477 726 Psalmo
492 700 502 715 ³
520 708 526 726 :
547 709 560 724 «
580 699 685 726 Potasti
708 707 762 725 uos
786 698 855 725 vino
880 706 961 725 com-

189 745 366 782 punctionis.
382 756 395 772 ι)
410 748 479 773 ltem
494 746 597 773 vinum
610 747 652 773 est
668 745 704 781 (a)
720 744 858 779 charum,
877 747 908 772 ut
921 744 961 772 ait

190 792 356 819 Bernardus
370 792 390 818 ⁶.
405 793 415 809 ⁷
433 802 446 817 a
462 792 525 820 Bibi
545 792 648 819 vinum
673 800 773 819 meum
797 800 864 818 cum
888 791 961 823 lacte

191 847 268 866 meo.
285 840 381 866 »Item
399 839 502 866 vinum
527 838 655 866 dulcedo
677 838 857 872 devotionis,
879 838 961 874 quod

190 885 302 913 bibitur
316 885 347 913 in
362 886 508 919 oratione,
525 887 556 913 ut
573 886 612 914 ait
625 885 789 913 Bernardus
801 886 820 912 ⁸.
837 886 847 902 ⁹
866 895 878 910 «
893 886 963 913 Gut-

191 934 237 959 tur
260 933 343 959 tuum
372 932 446 960 sieut
479 933 582 960 vinum
613 933 768 968 optimum.
796 944 808 956 »
832 933 901 960 ltem
922 933 963 959 est

190 978 294 1006 vinum
315 978 511 1013 corruptionis
527 979 574 1014 (b),
589 980 620 1006 ut
642 978 682 1006 ait
700 979 909 1014 Hieronymus,
926 978 963 1005 de

191 1032 252 1060 quo
267 1024 287 1041 ¹⁰
302 1033 309 1051 :
325 1033 338 1050 α
353 1024 460 1052 Insudit
474 1025 576 1052 vinum
591 1027 618 1052 et
634 1025 745 1052 oleum.
762 1035 775 1050 n
794 1026 847 1052 Per
861 1025 963 1052 vinum

192 1070 271 1098 enim
285 1071 469 1098 mundantur
488 1072 624 1107 putrida2
640 1080 694 1107 per
714 1071 813 1099 oleum
828 1071 964 1099 foventur

191 1116 338 1151 sananda,
360 1119 390 1144 ut
413 1118 452 1144 ait
475 1118 629 1153 Gregorius
654 1118 729 1145 illud
745 1126 896 1153 exponens
919 1118 935 1134 ¹¹
956 1126 962 1144 ε

192 1163 244 1190 uhi
267 1163 328 1196 ait,
349 1163 431 1198 quod
456 1172 508 1199 per
534 1164 638 1191 vinum
666 1164 797 1198 signatur
825 1164 964 1191 severitas

192 1209 392 1244 correptionis.
419 1210 495 1237 Istud
519 1210 634 1237 bonum
657 1210 761 1236 vinum
777 1231 785 1244 ,
811 1210 894 1245 quod
923 1212 965 1237 est

193 1254 382 1290 Evangelium
393 1277 400 1289 ,
417 1256 543 1283 servavit
557 1257 638 1283 Jesus
654 1264 747 1291 usquc
762 1263 856 1289 nunc,
869 1255 900 1282 id
913 1258 964 1290 est,

192 1309 286 1336 usque
302 1301 340 1328 ad
356 1302 446 1329 finem
465 1302 580 1328 mundi.
602 1301 698 1329 Primo
719 1302 798 1328 enim
821 1301 903 1328 dedit
923 1301 965 1329 le-

194 1356 260 1382 gem
276 1349 303 1375 et
316 1348 503 1383 prophetias,
519 1356 608 1383 supra
624 1351 642 1368 ¹²
659 1357 665 1375 ε
685 1358 697 1372 «
713 1349 769 1375 Lex
782 1356 834 1383 per
849 1350 966 1384 Moysen

194 1394 262 1421 data
277 1397 333 1428 est,
346 1405 359 1420 ›)
379 1402 468 1429 quam
483 1402 544 1421 non
559 1396 718 1429 potuerunt
730 1394 853 1429 implere
864 1415 871 1428 ‚
885 1397 912 1422 et
926 1394 966 1422 sic

194 1440 381 1474 confitentes,
401 1440 510 1467 scilicet
532 1440 738 1475 impotentiam
755 1461 763 1475 ,
790 1443 817 1467 et
841 1440 967 1468 humiles

193 1487 277 1521 facti,
294 1489 468 1522 acceperunt
489 1487 614 1521 gratiam
638 1488 664 1513 et
685 1487 837 1514 veritatem
859 1495 912 1522 per
924 1489 968 1514 Je-

195 1541 261 1560 sum
275 1533 428 1566 Christum,
445 1541 533 1569 supra
548 1534 580 1567 ¹³,
595 1535 626 1560 ut
641 1534 680 1560 ait
694 1533 735 1560 ibi
749 1534 925 1568 Augustinus
936 1535 965 1560 ¹³.

194 1579 247 1607 Ubi
263 1579 349 1607 etiam
367 1579 407 1606 ait
427 1588 432 1606 :
453 1589 466 1604 «
485 1579 665 1606 Confitentur
684 1580 802 1614 aegroti,
816 1580 894 1607 venit
909 1588 969 1607 me-

196 1626 294 1660 dicus,
311 1628 338 1653 et
353 1625 467 1652 sanavit
487 1625 620 1653 deferens
633 1625 757 1660 gratiam
776 1628 803 1653 et
819 1626 968 1660 Evangelii

195 1672 358 1699 veritatem.
381 1682 394 1697 ι)
418 1671 503 1704 Quod
528 1671 718 1706 Evangelium
737 1674 779 1699 est
796 1671 915 1704 vinum,
932 1671 969 1699 de

197 1726 257 1754 quo
275 1719 292 1734 ¹⁵
311 1727 317 1745 z
335 1727 349 1743 «
364 1717 491 1745 comede
516 1718 546 1744 in
561 1718 661 1745 laetitia
683 1725 792 1753 panem
815 1719 917 1752 tuum,
943 1720 970 1745 et

197 1764 269 1791 bibe
284 1764 315 1791 in
330 1764 440 1799 gaudio
453 1763 556 1791 vinum
572 1766 665 1791 tuum.
681 1773 694 1789 »

349 1867 463 1894 Collati«)
484 1867 702 1902 decimaquarta,
722 1875 758 1901 ιι,
780 1869 822 1894 16.

233 1951 325 1979 Nolite
339 1952 427 1984 facere
438 1951 543 1978 domum
560 1951 652 1978 Patris
667 1953 719 1978 mei
734 1951 839 1978 domum
855 1953 972 1985 negotia-

200 1998 291 2024 tionis.
311 1997 342 2024 ln
362 1996 407 2023 his
423 1996 519 2023 verbis
541 1997 602 2023 duo
626 1997 827 2030 insinuantur,
843 2005 971 2032 quorum

199 2043 328 2078 primum
353 2045 394 2070 est
419 2043 551 2070 Ecclesiae
575 2043 622 2070 Dci
638 2064 646 2077 ,
668 2043 716 2070 vel
739 2045 844 2070 sanctae
867 2044 972 2070 animae

201 2089 308 2116 divinis
323 2089 425 2116 usibus
444 2089 641 2125 mancipatio,
657 2091 684 2117 et
700 2089 833 2124 ejusdem
850 2091 908 2116 Deo
924 2089 973 2116 de-

201 2135 324 2167 dicatio,
340 2135 381 2162 ibi
399 2144 404 2162 z
422 2137 533 2162 Domum
550 2136 643 2162 Patris
662 2137 715 2162 mei
725 2145 733 2168 ,·
749 2136 911 2162 secundum
932 2137 973 2162 est

201 2181 407 2215 assignationis
423 2181 501 2208 illius
516 2181 554 2209 ad
576 2181 650 2209 alios
671 2190 739 2209 usus
759 2181 887 2209 districta
907 2190 973 2216 pro-

201 2227 306 2255 hibitio
319 2249 327 2262 ‚
348 2227 390 2254 ibi
406 2236 412 2254 ε
429 2229 520 2255 Nolite
542 2229 628 2260 facere
648 2228 751 2254 domum
771 2230 971 2262 negotiationis.

239 2273 283 2300 Ait
298 2281 369 2308 ergo
383 2283 389 2301 :
402 2275 511 2301 Domum
525 2275 615 2301 Patris
633 2275 696 2309 mei,
711 2274 808 2310 qualis
821 2276 863 2301 est
875 2276 974 2301 sancta

204 2319 345 2354 Ecclesia,⁴
368 2320 477 2347 scilicet
498 2320 536 2348 ab
556 2320 695 2348 omnibus
713 2320 815 2348 usibus
838 2320 974 2347 humanis

236 2402 242 2416 ¹
259 2402 342 2429 Cant..
360 2407 418 2428 vlit,
432 2404 456 2426 ἱ).
470 2415 500 2420 ——
515 2403 522 2416 ²
537 2402 673 2430 Zach.,1x‚
692 2404 727 2426 17.
744 2415 773 2419 —
788 2402 798 2418 ³
813 2402 896 2431 Cant„
911 2408 933 2432 v,
951 2404 973 2426 1.

203 2450 234 2455 —-
249 2437 259 2453 ⁴
276 2438 363 2467 Bern,
379 2444 403 2459 ιη
422 2437 525 2468 Ερι“μ1ι.,
540 2444 616 2461 serui.
633 2444 670 2468 111,
682 2437 707 2461 in
720 2438 761 2461 fin.
774 2450 804 2455 —-
819 2438 827 2451 ⁵
839 2438 905 2461 mal.
922 2444 974 2468 Lux,

204 2474 228 2497 5.
240 2485 269 2489 —
280 2473 290 2488 ⁶
302 2473 389 2501 Beru.‚
403 2473 428 2495 in
440 2474 521 2501 Cant„
534 2480 610 2496 serm.
625 2479 677 2503 ιιν,
690 2480 769 2504 prope
780 2473 822 2497 tin.
834 2486 861 2490 —
872 2473 880 2488 '¹
894 2474 975 2503 Cant„

204 2514 230 2539 ν,
251 2511 272 2532 1.
287 2521 318 2525 —
333 2508 343 2524 Β
357 2509 444 2537 Rem„
459 2509 484 2531 iu
501 2509 583 2537 ΗΜΛ,
602 2516 678 2532 serm.
694 2515 771 2536 xviii,
792 2511 849 2539 post
864 2509 930 2532 med.
947 2522 976 2526 —

205 2544 214 2558 ⁹
232 2543 316 2572 Cant„
332 2549 378 2574 ΥΠ,
393 2546 415 2566 9.
430 2556 461 2560 ——-
479 2544 499 2559 ¹⁰
514 2544 579 2572 Lau,
595 2550 624 2573 x,
641 2545 678 2568 34.
695 2556 724 2561 —
744 2545 757 2560 ¹¹
775 2545 860 2575 Greg„
876 2544 976 2574 Merui„

204 2579 248 2602 lib.
266 2579 324 2609 XX,
343 2585 365 2602 c.
386 2584 445 2606 vni,
464 2579 496 2601 al.
517 2585 550 2609 iv,
566 2586 591 2602 ιι.
612 2580 645 2602 tl».
667 2591 694 2595 —-
716 2580 733 2594 ¹2
747 2580 829 2605 doun.
851 2586 871 2609 1,
892 2581 929 2603 Π.
947 2592 977 2596 -

206 2614 225 2630 ¹³
245 2613 307 2637 ibid.
330 2627 358 2631 —-
384 2614 402 2630 ¹⁸
424 2615 540 2644 August„
561 2615 587 2637 in
607 2614 687 2639 Joan..
711 2616 783 2637 tract.
801 2621 843 2643 ιιι,
863 2622 888 2638 n.
908 2616 930 2638 ⁵2.
950 2627 975 2631 -—

209 2649 227 2665 ²⁵
241 2649 328 2678 lit-cle..
349 2655 388 2678 ix,
409 2650 431 2673 7.
451 2662 481 2667 --
502 2650 520 2665 ¹⁶
536 2650 606 2678 Gen„
625 2655 719 2679 xxviii,
741 2651 856 2672 17.—*⁷
876 2649 977 2679 Maseli„

693 216 958 248 COLLATIONES
981 216 1277 248 PRAEDICABILES

1012 285 1168 318 evacuata,
1185 283 1224 311 ab
1247 282 1375 310 inferiori
1395 285 1536 318 potestate
1556 288 1711 321 exempta,
1725 286 1781 314 soli

1012 331 1070 357 Deo
1084 329 1235 364 dedicata,
1248 328 1349 357 divino
1365 329 1455 357 cultui
1469 333 1495 358 et
1511 331 1600 358 sacris
1614 331 1782 359 ministeriis

1013 376 1152 411 deputata
1163 377 1183 394 ¹⁶
1200 384 1226 402 z«
1237 376 1299 403 Non
1315 376 1357 402 est
1370 375 1417 402 hic
1432 376 1513 403 aliud
1529 377 1583 404 nisi
1599 377 1706 405 domus
1721 377 1780 413 Dei,

1013 425 1041 450 et
1054 424 1138 457 porta
1156 421 1232 449 eoeli.
1249 432 1262 447 »
1280 421 1347 449 ldeo
1363 421 1468 450 dieitur
1483 424 1502 440 ¹⁷
1520 433 1533 448 ι(
1548 423 1656 451 domus
1676 424 1782 451 oratio-

1013 469 1067 495 nis.
1085 478 1097 493 »
1114 470 1145 496 Et
1159 468 1220 495 haec
1235 470 1278 495 est
1292 468 1398 495 domus
1411 468 1547 503 ‚gloriosa
1571 471 1721 504 majestate
1736 470 1756 487 ’Β
1773 479 1780 498 :

1016 525 1030 539 «
1055 516 1180 542 Domum
1203 514 1361 549 majestatis
1383 522 1455 541 meae
1475 515 1660 549 glorificabo.
1681 526 1694 542 υ
1712 518 1782 544 ltem

1014 561 1077 588 haec
1093 560 1200 588 domus
1220 562 1320 588 sancta
1334 562 1362 587 et
1383 561 1495 588 munda
1512 562 1647 597 puritate.
1663 562 1683 579 ¹⁹
1700 574 1713 588 α
1728 565 1783 591 ista

1015 609 1055 634 est
1070 607 1118 634 lex
1137 607 1244 634 domus
1260 607 1290 633 in
1310 606 1474 634 summitate
1494 607 1601 634 montis
1618 617 1624 634 ι
1643 609 1738 636 omnis
1752 608 1784 636 fi-

1015 653 1060 680 nis
1075 653 1137 688 ejus
1151 653 1181 679 in
1206 652 1327 680 circuitu
1343 654 1476 679 sanetum
1499 655 1668 681 sanctorum
1689 654 1750 682 erit.
1766 665 1780 681 n

1016 702 1046 726 et
1060 700 1090 726 in
1105 700 1209 726 Psalmo
1225 699 1246 715 ²⁰
1261 708 1267 726 :
1288 710 1301 724 «
1319 700 1443 725 Domum
1468 701 1548 726 tuam
1575 699 1658 727 decet
1677 700 1785 727 sancti-

1016 746 1087 773 tudo
1102 746 1133 772 iu
1152 744 1369 780 longitudinem
1386 745 1499 772 dierum
1513 747 1518 772 !
1537 755 1550 771 u
1568 746 1638 773 Item
1652 745 1715 773 haee
1730 745 1786 774 do—

1016 800 1082 819 mus
1106 799 1213 826 magna
1236 790 1431 826 amplitudine
1453 791 1471 808 ²¹
1494 800 1500 818 :
1521 802 1534 816 «
1557 792 1651 824 Quam
1677 799 1787 827 magna

1017 838 1124 865 domus
1139 839 1195 872 est,
1212 837 1319 865 domus
1334 838 1393 865 Dei.
1414 848 1426 863 ι)
1447 840 1516 866 ltcm
1534 838 1596 866 haee
1617 838 1724 866 domus
1738 838 1786 867 de-

1017 892 1086 912 cora
1100 884 1292 919 speciositate.
1311 886 1341 911 ln
1354 885 1458 911 Psalmo
1474 886 1494 901 ²⁹
1511 893 1536 911 :«
1553 885 1685 919 Domine,
1697 884 1786 912 dilexi

1018 930 1156 958 decorem
1176 931 1284 957 domus
1307 932 1372 957 tuae.
1398 941 1412 956 »
1435 932 1513 958 Hanc
1538 931 1676 967 prohibet
1700 930 1788 958 Filius

1019 977 1066 1004 Dei
1081 976 1176 1004 facere
1192 977 1316 1004 domum
1331 977 1552 1012 negotiationis,
1565 979 1596 1004 ut
1611 977 1716 1005 dicitur
1728 976 1788 1012 hic,

1019 1026 1045 1051 et
1064 1023 1145 1059 apud
1167 1025 1275 1051 Lucam
1297 1024 1329 1050 ²³.
1346 1024 1439 1059 Super
1463 1024 1545 1059 quod
1571 1023 1728 1058 Gregorius
1743 1022 1786 1051 ²⁴:

1023 1080 1035 1095 t<
1055 1072 1126 1097 Dum
1151 1078 1302 1097 sacrorum
1332 1070 1472 1097 ordinum
1498 1069 1597 1098 locum
1622 1069 1788 1105 accipiunt,

1019 1119 1124 1144 sanctae
1139 1116 1291 1151 religionis
1311 1116 1441 1144 officium
1459 1117 1489 1144 in
1509 1116 1720 1144 commercium
1735 1117 1790 1143 ter-

1019 1171 1096 1190 reme
1108 1163 1316 1198 negotiationis
1329 1165 1453 1190 vertunt.
1466 1162 1629 1190 vendentes
1641 1161 1790 1197 intemplo

1020 1211 1104 1243 sunt,
1119 1210 1171 1245 qui
1192 1209 1249 1236 hoe
1271 1209 1353 1244 quod
1375 1209 1556 1244 quibusdam
1578 1208 1732 1244 competit,
1751 1207 1791 1235 ad

1020 1256 1174 1292 praemium
1200 1255 1375 1290 largiuntur.
1403 1255 1546 1282 Justitiam
1574 1255 1703 1282 vendere
1729 1255 1790 1288 est,

1020 1303 1096 1329 hanc
1118 1310 1173 1337 pro
1200 1301 1316 1337 praemii
1345 1301 1515 1337 acceptione
1542 1308 1666 1328 servare.
1692 1312 1704 1324 ι»
1730 1301 1793 1327 Haec

1022 1348 1070 1375 ille
1089 1357 1094 1374 ι
1117 1347 1169 1375 ubi
1188 1347 1264 1375 bene
1281 1347 1318 1374 de
1333 1347 1401 1374 hoc.
1425 1348 1492 1374 ideo
1509 1347 1614 1374 dicitur
1626 1347 1645 1363 ²⁵
1662 1355 1688 1374 :a
1702 1348 1792 1374 Nemo

1022 1394 1151 1421 militans
1167 1395 1224 1421 Deo
1239 1393 1372 1429 implicat
1384 1402 1413 1420 se
1428 1393 1616 1421 saecularibus
1628 1392 1789 1428 negotiis.»

1024 1442 1055 1467 Et
1083 1440 1276 1475 Hieronymus
1301 1440 1322 1456 ³¹³
1345 1448 1350 1466 :
1378 1449 1392 1465 «
1407 1439 1622 1474 Negotiatorem
1653 1439 1791 1467 clericum

1023 1487 1107 1522 quasi
1127 1486 1290 1521 quamdam
1309 1488 1420 1522 pestem
1442 1486 1518 1520 suge.
1535 1495 1549 1512 »
1572 1487 1603 1512 Et
1617 1485 1659 1513 ibi
1675 1484 1711 1512 de
1725 1485 1793 1512 hoc.

1024 1533 1112 1567 Hujus
1123 1535 1220 1559 autem
1235 1532 1441 1566 negotiationis
1455 1535 1552 1567 partes
1566 1531 1614 1558 hic
1629 1531 1792 1566 signantur.

1024 1581 1076 1607 Per
1091 1579 1168 1606 enim
1191 1579 1353 1606 vendentes
1372 1586 1457 1612 oves,
1480 1586 1546 1613 quae
1565 1580 1632 1605 sunt
1655 1577 1795 1606 animalia

1024 1625 1180 1661 simplicia,
1194 1625 1346 1659 signantur
1362 1624 1533 1651 simulantes
1554 1624 1736 1652 sanctitatem
1749 1624 1770 1642 ²⁷
1786 1632 1792 1650 :

1028 1683 1041 1698 «
1056 1672 1109 1705 Qui
1132 1672 1253 1699 veniunt
1275 1671 1305 1697 in
1331 1670 1511 1698 vestimentis
1532 1670 1653 1704 ovium,
1669 1672 1696 1697 et
1719 1670 1796 1697 intus

1025 1720 1091 1745 sunt
1104 1717 1167 1753 lupi
1187 1724 1320 1753 rapaces.
1336 1726 1348 1742 »
1373 1718 1425 1744 Per
1445 1716 1605 1743 vendentes
1619 1716 1711 1743 boves
1722 1737 1732 1750 ,
1745 1715 1796 1751 qui

1026 1767 1093 1792 sunt
1114 1764 1254 1792 animalia
1273 1763 1438 1797 laboriosa,
1455 1762 1618 1797 figurantur
1635 1761 1797 1798 praediean—

1026 1813 1067 1838 tes
1083 1819 1137 1847 pro
1153 1812 1282 1846 quaestu,
1294 1809 1340 1837 vel
1354 1817 1409 1844 pro
1423 1809 1648 1845 temporalibus,
1663 1804 1717 1836 Per
1729 1816 1798 1836 ven-

1027 1857 1128 1884 dentes
1153 1856 1308 1884 columbas
1321 1877 1330 1889 ,
1351 1856 1515 1890 figurantur
1534 1855 1694 1883 vendentes
1717 1854 1798 1883 dona

1027 1903 1148 1938 Spiritus
1175 1902 1276 1930 sancti.
1307 1904 1358 1930 Per
1387 1909 1504 1929 mensas
1527 1901 1796 1929 nummulariorum

1026 1949 1189 1984 figurantur
1200 1948 1362 1975 vendentes
1381 1948 1521 1982 justitiam
1538 1955 1593 1983 pro
1614 1947 1749 1983 pecunia.
1766 1948 1798 1974 Et

1028 1997 1064 2025 de
1083 1996 1127 2023 his
1143 1994 1321 2030 Augustinus
1336 1994 1384 2021 hie
1400 1993 1430 2020 ²⁸.
1451 1995 1482 2021 Et
1502 1993 1658 2028 Gregorius
1672 1994 1692 2010 ²⁹
1707 2000 1797 2029 expo-

1027 2050 1100 2070 nens
1114 2041 1207 2074 istud,
1229 2040 1310 2076 quod
1328 2050 1342 2065 «
1358 2040 1512 2067 columbas
1531 2039 1677 2074 vendere,
1694 2041 1736 2066 est
1747 2039 1799 2066 im-

1027 2089 1205 2125 positionem
1220 2094 1325 2114 manus
1335 2107 1343 2120 ,
1357 2094 1417 2121 qua
1431 2085 1552 2121 Spiritus
1565 2088 1682 2112 sanctus
1693 2084 1800 2120 accipi-

1030 2139 1084 2169 tur,
1100 2142 1161 2161 non
1183 2133 1221 2160 ad
1244 2133 1310 2160 vitae
1329 2132 1485 2166 meritum,
1510 2131 1562 2159 sed
1583 2131 1621 2158 ad
1642 2130 1799 2166 praemium

1030 2181 1110 2208 dare.
1129 2190 1142 2206 ι)
1160 2181 1191 2208 Et
1203 2178 1315 2206 ibidem
1330 2177 1497 2212 distinguit.
1512 2177 1593 2212 quod
1609 2186 1622 2202 α
1638 2179 1679 2204 est
1694 2176 1800 2211 triplex

1029 2235 1153 2260 munus,
1170 2225 1278 2253 seilicet
1293 2232 1311 2251 a
1329 2231 1431 2257 manu,
1447 2225 1479 2250 ut
1492 2223 1635 2258 pecunia3
1653 2231 1670 2250 a
1688 2223 1800 2258 lingua,

1031 2276 1062 2301 ut
1073 2274 1156 2301 favor
1171 2274 1199 2300 et
1215 2278 1341 2304 munus;
1358 2270 1396 2297 ab
1418 2269 1562 2304 obsequio
1574 2289 1582 2302 ,
1598 2269 1672 2296 sicut
1685 2268 1802 2303 subjec-

1030 2320 1070 2347 tio
1085 2319 1216 2346 indebite
1238 2318 1392 2352 impensa,
1408 2323 1463 2351 pro
1485 2315 1594 2351 quibus
1618 2314 1650 2342 fit
1663 2314 1803 2350 praedicta

1032 2399 1091 2421 xxi,
1110 2394 1146 2416 13.
1166 2405 1191 2408 —
1218 2390 1236 2407 ¹⁸
1257 2391 1315 2419 Im„
1331 2395 1377 2419 Lx,
1392 2390 1415 2413 7.
1432 2402 1462 2406 —
1475 2390 1493 2405 ¹⁹
1510 2388 1608 2418 Ezecli„
1625 2389 1802 2418 xL111‚t2.—

1032 2430 1051 2445 2⁰
1067 2428 1132 2452 I’snl.
1149 2433 1211 2455 xcn,
1227 2428 1250 2450 5.
1265 2439 1294 2443 —
1309 2426 1326 2441 2¹
1343 2427 1414 2453 Bar„
1429 2431 1472 2455 111,
1490 2427 1528 2449 24.
1546 2438 1571 2441 -
1587 2425 1606 2440 ²²
1620 2424 1687 2448 Psal.
1703 2428 1763 2453 Ην,
1777 2424 1801 2446 8.

1034 2478 1060 2481 -
1076 2464 1094 2480 ²¹3
1107 2464 1174 2492 Luc„
1186 2469 1242 2491 xix,
1254 2463 1265 2484 4
1278 2465 1291 2484 “-.
1305 2474 1335 2478 -
1345 2462 1365 2474 ²⁸
1378 2460 1620 2491 Greg.‚1'nEvnnq.,
1633 2460 1701 2483 hom.
1713 2464 1801 2488 xxxtx,

1033 2506 1058 2523 u.
1075 2502 1096 2522 u.
1115 2512 1145 2516 -
1160 2499 1178 2512 ²¹⁵
1194 2499 1212 2521 ΙΙ
1232 2497 1305 2524 Tim„
1320 2502 1346 2525 ιι,
1362 2498 1383 2519 4.
1403 2509 1428 2512 —
1446 2496 1466 2512 2⁶
1482 2495 1596 2524 Hieron..
1612 2494 1646 2518 ad
1661 2493 1801 2523 Nepotian„

1033 2535 1116 2565 Epist.
1133 2540 1161 2563 ιι,
1176 2535 1234 2557 ante
1250 2532 1316 2556 med.
1333 2545 1362 2549 —
1379 2531 1399 2548 ²¹¹
1414 2531 1515 2559 amum,
1531 2536 1580 2560 vii,
1599 2531 1634 2552 ¹5.
1651 2541 1677 2546 -
1694 2528 1714 2544 ²⁸
1728 2529 1803 2559 Aug„

1034 2571 1060 2593 in
1079 2570 1159 2599 .Ιοιιιι.,
1180 2570 1253 2592 tract.
1275 2574 1305 2597 x,
1327 2574 1353 2590 n.
1373 2568 1394 2590 6.
1419 2580 1445 2583 -
1469 2567 1488 2580 ²³
1513 2566 1629 2595 Gregor.‚
1649 2565 1673 2586 1'v1
1697 2565 1802 2594 Erana,

1034 2605 1105 2629 hom.
1122 2610 1158 2634 ιν,
1172 2611 1198 2627 n.
1216 2605 1237 2626 4.

1066 2649 1100 2679 (a)
1117 2650 1175 2671 t'oet.
1193 2648 1253 2671 edit.
1270 2649 1334 2670 et.—
1348 2646 1381 2677 (b)
1397 2646 1450 2675 Ley.
1464 2643 1668 2674 incorruptionis.
