1987 3032
193 227 231 256 96

192 292 324 329 sionem,
342 290 518 321 secundum
547 288 624 319 illud
641 291 647 307 ¹
669 299 674 318 :
694 298 708 316 α
725 285 837 317 Velum
852 286 962 326 templi

191 345 326 375 scissum
341 346 399 374 est.
415 360 454 366 —
466 343 511 374 Et
524 351 588 373 mm
599 340 819 381 intelliqehant
833 349 905 380 quw
918 339 964 369 cli-

192 398 343 428 cebcmtw·
356 406 366 427 :
382 400 411 427 et
426 397 496 434 hoc,
513 396 587 435 quia
602 395 683 425 hanc
707 394 873 424 veritatem
899 401 963 423 non

192 450 376 490 diligebant.
404 450 481 481 Cum
503 449 587 478 enim
616 447 775 477 Christum
794 445 964 477 carnaliter

192 504 371 544 diligerent,
387 503 570 543 displicebat
584 502 628 532 eis
643 501 727 540 quod
751 500 891 530 Christus
905 500 963 530 de-

192 557 284 588 bebat
300 566 356 596 pro
371 556 460 586 nobis
475 556 566 592 mori,
596 555 676 584 sicut
692 555 723 584 et
742 553 854 584 Petrus
878 553 961 584 dice-

192 612 285 641 bat²z
307 610 426 640 «Absit
451 619 469 638 a
490 611 537 646 te,
555 607 705 645 Domine,
736 615 801 637 non
831 606 889 636 erit
906 606 961 635 tibi

192 665 261 695 hoe.
278 675 292 691 »
311 663 398 693 Unde
422 662 530 692 Glossa
551 660 644 691 Bedae
663 671 669 690 :
690 671 704 688 (ι
724 659 873 698 Discipuli
895 668 961 689 ser-

192 726 320 747 monem
340 715 507 746 dominicae
527 713 681 754 passionis
709 713 800 743 toties
829 712 961 752 replica-

193 773 260 801 tum
275 770 345 800 ideo
360 769 537 808 intelligere
551 777 615 799 nou
628 767 750 804 valent,
767 767 842 806 quia
867 775 962 806 quem

192 824 331 854 maxime
360 823 468 853 vivere
497 821 692 859 desiderant,
732 822 802 859 ejus
827 822 962 850 mortem

192 877 303 907 audire
318 886 383 906 non
396 877 539 915 possunt3
557 876 587 905 et
602 882 699 913 quem
708 882 773 904 non
788 873 892 903 solum
904 872 961 902 ho-

193 930 311 960 minem
338 931 553 965 innocentem,
583 927 636 957 sed
664 929 695 957 et
721 936 834 957 verum
863 926 962 956 Deum

193 992 260 1013 esse
271 983 385 1020 sciunt,
404 982 484 1012 mori
499 990 590 1021 posse
612 989 675 1010 non
689 981 814 1019 putant.
831 978 869 1009 Et
886 988 963 1018 quo-

192 1037 250 1066 ties
269 1036 343 1066 dicit
368 1034 484 1074 aliquid
501 1034 539 1065 de
557 1043 615 1065 sua
628 1033 791 1073 passione,
808 1032 868 1063 hoc
883 1032 958 1062 alle-

195 1089 301 1128 gorice
321 1089 440 1119 dictum
462 1090 582 1127 putant.
608 1086 655 1117 Ex
669 1096 731 1126 quo
749 1088 878 1126 apparet
903 1094 965 1116 cae-

194 1143 270 1172 citas
285 1142 386 1172 cordis
400 1141 552 1178 humani,
569 1149 641 1180 quae
665 1139 815 1179 mysteria
839 1139 962 1169 redem-

194 1196 310 1236 ptionis
326 1196 374 1226 sui
390 1204 454 1226 non
471 1194 630 1233 intelligit,
646 1193 707 1223 nisi
716 1193 798 1223 Deus
813 1195 964 1232 tanquam

194 1258 276 1280 caeco
301 1249 411 1279 lumen
438 1248 580 1278 ostendat
603 1257 670 1278 suae
690 1247 784 1284 lucis,
804 1249 835 1276 et
856 1246 964 1276 reddat

193 1302 371 1332 contuitum
394 1301 547 1333 veritatis.
570 1312 584 1328 »
614 1301 684 1331 ideo
713 1302 798 1330 recte
822 1299 964 1338 sequitur

193 1355 384 1386 miraculum
408 1355 445 1385 de
467 1355 699 1385 illuminatione
727 1353 816 1391 caeci,
847 1353 879 1382 in
900 1362 964 1392 quo

194 1409 383 1447 intelligitur
395 1407 585 1438 illuminatio
595 1407 722 1445 generis
732 1406 876 1443 humani,
889 1406 964 1445 quia

194 1471 297 1501 genus
307 1462 487 1492 humanum
502 1470 558 1500 per
572 1470 605 1491 se
621 1460 749 1499 ignorat
770 1460 963 1498 redemptio-

194 1516 242 1546 nis
256 1525 348 1555 opus,
358 1517 389 1545 et
398 1516 553 1554 quantum
569 1514 608 1544 ad
622 1514 750 1551 factum,
763 1515 793 1543 et
805 1515 963 1552 quantum

193 1570 231 1600 ad
246 1569 412 1606 rationem,
430 1571 460 1598 et
475 1570 632 1607 quantum
659 1567 697 1597 ad
724 1566 912 1606 mysterium
926 1566 936 1581 ³
955 1577 961 1596 ;

197 1622 289 1652 «Nos
317 1623 424 1652 autem
448 1620 657 1660 praedicamus
681 1619 838 1650 Christum
863 1619 963 1648 crnci-

193 1677 306 1713 tixum,
322 1675 336 1706 J
342 1675 440 1706 udaeis
461 1674 588 1714 quidem
600 1673 795 1710 scandalum,
813 1673 963 1712 gentibus

192 1730 298 1759 autem
321 1728 497 1758 stultitiam.
518 1739 532 1756 »
559 1727 689 1758 Necesse
711 1729 757 1757 est
778 1735 856 1765 ergo
878 1726 962 1765 qnod

193 1782 333 1813 Christus
345 1790 472 1811 sensum
492 1781 584 1812 nobis
598 1781 718 1820 aperiat
731 1781 771 1811 ad
787 1780 963 1819 intelligen-

192 1835 278 1865 dum.

233 1890 280 1918 35.
294 1889 429 1920 Factum
444 1891 490 1918 est
502 1891 621 1925 autem,
631 1896 705 1917 cum
718 1887 960 1926 appropt‘nqaa-

192 1945 255 1977 ret,
286 1944 345 1971 etc.
380 1941 549 1980 Postquam
585 1940 750 1979 proposuit
778 1939 961 1978 exemplum

192 1994 343 2024 imitabile
358 1994 390 2023 in
406 1993 550 2033 passione
571 1991 729 2029 Crucifixi,
755 1992 806 2022 hic
832 1992 963 2031 exponit

192 2048 308 2077 sactum
329 2046 512 2076 admirabile
533 2046 565 2075 in
592 2045 822 2075 illuminatione
843 2054 963 2084 paupe-

192 2101 236 2130 ris
248 2100 338 2138 caeci,
355 2100 388 2129 in
404 2108 468 2138 quo
490 2099 585 2129 simul
611 2098 828 2128 manifestatur
849 2097 961 2127 Christi

192 2156 338 2192 potestas,
355 2155 386 2183 et
400 2153 596 2191 benignitas,
615 2154 645 2181 et
668 2151 763 2181 etiam
785 2153 963 2190 acceptatur

192 2206 400 2236 mendicantis
415 2209 592 2245 paupertas
609 2205 658 2235 Ad
672 2205 769 2243 huius
784 2206 889 2234 autem
906 2205 962 2233 mi-

193 2258 292 2288 raculi
306 2259 550 2288 insinuationem
566 2257 809 2296 explanandam,
826 2259 963 2296 quatuor

193 2310 438 2341 introducuntur
462 2311 501 2341 ab
529 2310 748 2349 Evangelista,
776 2308 891 2339 scilicet
912 2318 963 2348 op-

194 2363 370 2402 portunitas
392 2363 616 2401 mendicantis,
639 2361 862 2402 importunitas
885 2370 960 2400 sup-

194 2416 348 2456 plicantis,
366 2416 534 2446 liberalitas
556 2415 728 2453 medentis,
745 2417 776 2446 et
794 2414 963 2452 integritas

194 2469 347 2499 sanitatis.

235 2521 341 2552 Primo
360 2521 471 2560 igitur,
492 2523 644 2560 quantum
673 2521 712 2551 ad
740 2520 963 2560 opportunita-

196 2577 259 2606 tem
274 2574 565 2613 seugnecessitatem
586 2574 809 2611 mendicantis,
833 2573 938 2604 subdit
954 2582 962 2603 t

229 2657 238 2672 ¹
249 2656 351 2686 Mami„
366 2661 452 2686 xxvu,
466 2657 504 2679 51.
515 2668 546 2673 —
561 2656 572 2672 ἵ
586 2655 659 2685 thid„
676 2660 728 2686 xvl,
745 2657 784 2679 22.
799 2668 829 2673 -
843 2656 852 2670 ³
870 2656 877 2679 1
895 2655 962 2684 Cor..

196 2699 218 2724 1,
239 2694 279 2718 23.
298 2705 327 2711 --
345 2692 356 2709 ⁴
373 2692 459 2723 Apoc„
479 2697 524 2723 111,
549 2694 587 2716 17.
609 2705 636 2711 —
658 2692 666 2706 ⁵
689 2691 789 2722 matth„
809 2698 853 2722 xv,
875 2693 912 2716 14.
934 2704 964 2710 —

737 218 949 251 EVANGELII
973 219 1111 251 SANCTI
1134 221 1247 252 LUCAE

1022 288 1154 319 Factum
1169 292 1214 319 est
1227 293 1346 328 autem,
1365 299 1437 320 cum
1453 289 1728 330 appropinquaret
1740 289 1788 320 Je-

1018 342 1119 380 richo,
1138 352 1237 373 ccccus
1271 342 1404 383 quidam
1434 342 1560 373 sedebat
1593 352 1680 373 secus
1701 343 1788 373 viam

1019 395 1213 426 mendicans.
1234 395 1314 426 Vere
1333 396 1384 426 hic
1401 396 1564 426 mendicus
1579 398 1662 433 erat,
1678 395 1734 435 qui
1749 395 1788 425 si-

1019 448 1086 478 mul
1101 448 1265 487 indigebat
1284 458 1364 488 pane
1382 452 1412 480 et
1430 449 1514 487 luce,
1541 458 1614 489 quae
1639 448 1788 479 omnibus

1019 503 1231 533 communiter
1251 512 1283 533 se
1304 503 1407 533 offert.
1426 502 1464 532 Et
1487 503 1632 542 designat
1651 502 1702 532 hic
1731 510 1788 532 cae-

1019 564 1074 585 cus
1092 564 1192 594 genus
1204 556 1381 586 humanum
1391 579 1400 593 ,
1417 555 1502 594 quod
1517 564 1637 586 caecum
1652 557 1718 586 erat
1733 563 1789 595 per

1019 610 1187 639 carentiam
1202 609 1280 639 lucis
1295 609 1456 649 sapientiae
1468 632 1475 646 ‚
1491 611 1521 638 et
1537 608 1719 639 mendicans
1733 618 1789 649 per

1019 662 1174 692 desectum
1191 662 1304 699 gratiae
1320 664 1350 692 et
1361 661 1503 700 justitiaz,
1516 660 1599 691 unde
1614 661 1672 691 sibi
1687 663 1787 700 potest

1018 713 1080 743 dici
1102 713 1178 743 illud
1195 713 1204 728 Δ
1223 724 1228 743 :
1250 725 1264 741 «
1286 712 1392 743 Nescis
1419 713 1494 752 quia
1516 714 1551 742 tu
1573 721 1607 742 es
1629 711 1742 749 miser,
1758 714 1789 742 et

1019 767 1215 802 miserabilis,
1233 769 1263 796 ct
1278 775 1411 805 pauper,
1426 768 1457 796 et
1471 774 1584 803 caecus,
1601 767 1632 795 et
1645 764 1784 796 nudus.»

1019 819 1057 850 Et
1079 820 1118 850 de
1147 820 1314 850 Pharisaeis
1340 819 1453 850 dicitur
1480 820 1489 835 ⁵
1517 830 1523 849 2
1545 830 1560 847 «
1576 818 1674 849 Sinite
1695 818 1789 857 illos,-

1019 874 1092 904 caeci
1107 875 1197 910 sunt,
1216 876 1246 903 et
1261 873 1357 904 duces
1378 881 1570 903 caecorum.»
1586 872 1788 903 Excaecatum

1019 929 1064 957 est
1076 929 1182 957 auten}
1200 936 1304 965 genus
1318 927 1498 956 humanum
1514 934 1570 965 per
1584 925 1788 965 cupiditatem

1020 980 1242 1020 temporalium
1257 980 1267 995 ὃ
1284 991 1290 1009 ;
1308 991 1322 1008 «
1339 979 1552 1018 Supercecidit
1569 978 1665 1017 ignis,
1680 980 1710 1008 et
1725 986 1790 1008 non

1019 1034 1169 1065 viderunt
1201 1034 1310 1064 solem.
1338 1044 1352 1061 ι)
1386 1031 1475 1063 Unde
1511 1032 1610 1071 hujus
1644 1031 1790 1062 notabilis

1020 1090 1126 1127 figura
1140 1087 1299 1127 praecessit
1322 1088 1356 1117 in
1378 1086 1491 1124 Tobia,
1517 1086 1573 1116 ubi
1597 1086 1642 1115 sic
1662 1085 1788 1122 dicitur,

1019 1142 1103 1181 quod
1124 1142 1213 1172 fieret
1240 1150 1342 1171 caecus
1368 1140 1406 1170 de
1429 1138 1620 1170 stercoribus
1646 1137 1790 1169 hirundi-

1020 1204 1109 1226 num.
1126 1194 1163 1225 Et
1178 1195 1237 1225 hoc
1251 1196 1401 1225 consonat
1414 1203 1422 1231 3
1437 1193 1512 1232 qnia
1532 1201 1633 1222 caecus
1655 1191 1708 1222 ille
1722 1194 1791 1222 erat

1015 1250 1110 1287 Juxta
1134 1248 1269 1278 Jerich0.
1294 1247 1418 1278 Jericho
1444 1246 1529 1276 enim
1562 1246 1790 1285 interpretatur

1020 1302 1123 1339 Luna,
1138 1304 1168 1331 et
1182 1301 1326 1339 designat
1341 1300 1583 1330 mutabilitatem
1593 1307 1702 1329 rerum
1713 1301 1790 1328 tem-

1020 1354 1187 1394 poralium,
1204 1363 1243 1383 ex
1258 1362 1395 1392 quarum
1411 1361 1519 1382 amore
1537 1352 1634 1382 homo
1655 1360 1792 1382 excaeca-

1020 1411 1073 1437 tur
1087 1410 1117 1437 et
1132 1407 1246 1437 stultus
1265 1406 1399 1436 efficitur
1413 1409 1422 1424 ⁷
1439 1415 1446 1435 :
1468 1405 1595 1436 «Homo
1618 1407 1744 1435 sanctus
1758 1404 1791 1434 in

1019 1460 1171 1499 sapientia
1199 1462 1316 1496 manet,
1342 1459 1422 1489 sicut
1437 1458 1490 1489 Sol
1500 1469 1507 1495 ;
1524 1467 1598 1488 nam
1614 1458 1730 1488 stultus
1745 1457 1791 1487 si-

1019 1516 1071 1542 cut
1095 1513 1183 1542 Luna
1205 1514 1356 1542 mutatur.
1377 1523 1390 1539 »
1409 1510 1446 1541 Et
1461 1511 1511 1541 hie
1539 1520 1640 1541 caecus
1665 1519 1729 1541 non
1744 1512 1791 1541 est

1020 1565 1052 1594 in
1068 1565 1134 1601 via,
1151 1564 1202 1595 sed
1226 1573 1315 1594 secus
1335 1563 1438 1600 viam,
1468 1562 1643 1592 secuudum
1658 1562 1735 1592 illud
1751 1564 1762 1579 ³
1781 1573 1787 1592 :

1020 1630 1034 1647 (ι
1048 1618 1232 1649 Erravimus
1244 1627 1263 1647 a
1277 1616 1485 1652 viaveritatis,
1498 1618 1526 1645 et
1538 1614 1670 1654 justitiae
1681 1615 1789 1645 lumen

1018 1681 1082 1702 non
1097 1671 1179 1701 luxit
1194 1670 1294 1707 nobis,
1318 1672 1348 1700 et
1368 1669 1413 1699 sol
1428 1668 1647 1706 intelligentiae
1662 1676 1726 1698 non
1743 1670 1790 1698 est

1019 1727 1107 1756 ortus
1130 1724 1231 1754 nobis.
1247 1734 1261 1752 »
1283 1722 1343 1753 Sed
1359 1725 1434 1753 tunc
1454 1730 1557 1752 caecus
1583 1720 1670 1751 sedet
1697 1729 1789 1751 secus

1018 1778 1120 1814 viam,
1135 1777 1262 1817 quando
1277 1777 1316 1806 ad
1333 1776 1443 1806 lumen
1460 1774 1602 1805 veritatis
1616 1774 1787 1813 appropin-

1019 1834 1096 1872 quat
1115 1841 1156 1863 ex
1179 1830 1427 1861 consideratione
1448 1838 1514 1859 sure
1537 1827 1651 1867 inopiae
1675 1829 1705 1857 et
1732 1836 1790 1858 va—

1018 1885 1207 1915 riabilitatis.
1222 1883 1311 1914 Unde
1326 1883 1433 1913 Glossa
1448 1893 1455 1912 z
1475 1893 1489 1910 (ι
1503 1881 1628 1912 Jericho
1638 1881 1790 1920 interpre-

1019 1941 1103 1968 tatur
1118 1938 1221 1975 Lmza,
1237 1947 1293 1977 per
1315 1945 1412 1975 quam
1432 1936 1570 1966 defectus
1592 1933 1790 1964 mortalitatis

1019 1990 1219 2029 intelligitur.
1245 2001 1260 2018 ι)
1290 1989 1369 2019 Dum
1397 1997 1475 2027 ergo
1500 1987 1641 2017 Verbum
1667 1986 1718 2016 Dei
1739 1986 1788 2015 in-

1018 2044 1203 2074 firmitatem
1219 2045 1334 2073 nostrae
1351 2042 1453 2073 carnis
1467 2040 1597 2079 suscipit
1611 2064 1619 2077 ‚
1638 2040 1735 2070 homo
1750 2038 1788 2069 ad

1020 2096 1237 2135 cognoscenda
1252 2096 1360 2126 divina
1374 2094 1465 2125 redit.

1060 2150 1221 2187 Secundo,
1257 2150 1415 2188 quantum
1445 2147 1484 2176 ad
1517 2145 1788 2185 importunitatem

1020 2203 1206 2243 postulantis
1217 2227 1224 2240 ‚
1242 2202 1388 2233 subditur
1403 2202 1445 2239 (v.
1463 2202 1511 2238 36)
1535 2210 1541 2229 ;
1556 2199 1602 2230 Ec
1612 2207 1686 2228 cum
1700 2197 1790 2228 aude·-

1020 2262 1067 2287 νει
1082 2258 1209 2287 turbam
1220 2258 1477 2295 proeterezmtem.
1493 2252 1529 2282 ln
1540 2260 1604 2291 quo
1614 2251 1790 2291 explicatur

1019 2310 1243 2350 importunitas
1267 2307 1341 2338 caeci
1365 2306 1499 2342 orantis,
1523 2307 1554 2335 et
1575 2304 1678 2335 dantis
1698 2303 1790 2334 nobis

1020 2363 1203 2403 exemplum
1225 2360 1354 2397 orandi3
1378 2359 1493 2399 quaerit
1513 2358 1618 2395 enim,
1643 2356 1734 2396 petit,
1759 2358 1790 2386 et

1019 2417 1139 2456 pulsat,
1160 2415 1335 2445 secundum
1350 2413 1428 2443 illud
1443 2413 1452 2428 ⁹
1470 2422 1476 2442 :
1499 2422 1513 2439 «
1529 2410 1643 2447 Petite,
1661 2412 1689 2439 et
1705 2409 1786 2439 acci-

1020 2469 1127 2509 pietis;
1154 2468 1306 2508 quaerite,
1332 2469 1362 2497 et
1386 2463 1572 2500 invenietis3
1595 2461 1734 2502 pulsate,
1757 2463 1789 2491 et

1020 2523 1180 2563 aperietur
1200 2521 1302 2551 vobis.
1322 2532 1336 2547 »
1361 2518 1480 2556 Quaerit
1499 2524 1576 2555 ergo
1598 2514 1727 2545 sollicite
1747 2523 1788 2545 ex

1020 2575 1132 2606 auditu
1146 2574 1265 2611 turbae;
1286 2574 1414 2613 propter
1430 2569 1514 2610 quod
1530 2567 1604 2599 dicit
1620 2578 1626 2597 :
1642 2567 1788 2598 Interro-

1021 2654 1109 2679 6Ριςαί.
1125 2660 1192 2684 Lvn,
1206 2656 1229 2677 9.
1245 2667 1275 2671 -
1290 2654 1296 2667 ⁷
1312 2651 1402 2681 Eccli„
1415 2655 1502 2678 xxvu,
1519 2649 1555 2671 12.
1569 2660 1598 2664 -
1615 2646 1626 2662 ⁸
1641 2646 1710 2677 sap„
1727 2652 1751 2677 v,
1765 2648 1789 2670 6.

1021 2703 1050 2709 —
1065 2691 1074 2705 ⁹
1087 2689 1193 2720 Mami„
1207 2695 1254 2720 vn,
1269 2690 1292 2712 Ἰ.

1813 1253 1900 1274 serieho

1827 1283 1887 1310 quid.
