1987 3032
234 264 252 292 2
780 249 991 282 EVANGELH
1012 247 1153 279 SANCTI
1177 247 1288 278 LUCAE

233 326 313 356 Huic
327 332 454 355 summo
473 322 590 354 doctori
611 321 748 357 Cbristo,
769 318 1002 358 appropinqua-

231 381 309 410 bant
324 381 355 409 et
369 376 516 417 pharisaei
533 377 563 406 et
580 373 755 414 publicani3
779 372 830 401 sel
856 368 1004 410 pliarisffli

233 432 399 468 simulate,
425 429 598 461 secundum
616 427 711 457 illud¹
730 437 735 456 :
762 437 775 452 «
794 424 893 462 Prope
916 432 948 452 es
970 423 1004 451 tu

233 486 279 517 ori
295 493 420 522 eorum,
433 486 464 514 et
474 483 599 522 lougea
611 480 740 511 renibus
755 486 865 509 eorum
878 487 883 506 :
901 487 914 504 ι)
929 475 1005 514 quia

232 538 309 568 tales
323 546 380 577 per
395 535 575 566 simulatam
593 532 748 573 justitiam
765 530 911 559 videntur
930 536 1003 566 pro-

232 591 330 628 ximi,
349 589 401 620 sed
418 597 474 628 per
489 587 642 617 occultam
658 583 839 624 superbiam
854 583 927 610 sunt
942 580 1007 609 lou-

234 644 366 683 giuqui,
390 641 563 672 secundum
586 639 685 669 illud²
703 647 709 666 :
738 648 751 665 «
768 635 815 666 Me,
836 634 951 665 etenim
968 632 1005 663 de

233 698 283 727 die
299 697 332 726 in
347 696 429 726 diem
446 694 612 733 quierunt,
629 693 659 721 et
676 690 754 720 scire
770 689 837 718 vias
852 694 938 716 meas
954 694 1006 714 vo-

233 751 314 787 lunt,
326 749 417 789 quasi
429 744 752 786 gensquaejixstitiam
762 740 878 775 fecerit,
890 737 1007 777 etjudi-

234 804 318 834 cium
331 803 383 833 Dei
395 802 442 832 sui
458 798 670 838 dereliquerit.
687 796 808 834 Rogant
824 802 873 823 mc
885 791 1005 831 judicia

230 856 373 896 jilstitiae,
386 857 416 885 et
431 852 683 893 appropinquare
699 850 760 879 Deo
772 847 891 877 volunt.
904 846 1006 882 Quare

231 909 464 949 jejunavimus,
486 910 516 937 et
536 914 599 936 non
624 902 772 943 aspexisti
782 906 794 931 ζ’
820 898 1006 930 humiliavi-

236 972 307 992 mus
317 963 438 992 animas
448 962 583 995 nostras,
597 960 627 987 ct
637 956 760 987 nescisti
770 956 784 984 ἱ)
796 966 810 982 1)
828 953 865 983 Et
877 951 983 981 subdit
998 961 1004 980 :

239 1028 252 1044 «
268 1016 355 1051 Ecce,
372 1015 404 1044 iu
419 1011 593 1052 ‹lieJejunii
610 1009 706 1040 vestri
721 1007 881 1038 iuvenitur
896 1005 1007 1035 volun-

237 1071 282 1099 tas
296 1070 418 1104 vestra,
435 1077 449 1093 1)
469 1068 528 1095 etc.
548 1062 710 1094 Publicani
734 1070 810 1091 vero
834 1057 1006 1098 appropin-

235 1123 367 1161 quantes
382 1122 472 1149 erant
487 1126 559 1146 vcrc
576 1119 610 1146 ut
625 1115 787 1149 audirent,
803 1114 834 1142 et
850 1111 973 1145 audito,
991 1118 1009 1138 a

236 1174 328 1204 ruatis
343 1182 399 1212 per
414 1170 633 1211 poeniteutiam
649 1167 879 1205 resipiscerent,
896 1172 1010 1193 secuu-

236 1227 312 1257 dum
333 1225 525 1255 Dominicam
549 1220 801 1252 exhortationem
815 1218 824 1233 ὃ
844 1228 850 1247 ;
872 1228 885 1244 «
906 1215 1009 1246 l'oeni-

235 1279 364 1309 tentiam
379 1277 475 1316 agite,
493 1272 757 1314 appropinquavit
773 1271 857 1301 euim
873 1277 1009 1307 regnum

237 1331 407 1367 coelorum3
420 1340 434 1357 n
449 1331 479 1358 et
494 1331 528 1358 ut
541 1325 698 1357 audiendo
711 1324 889 1358 obedirent,
903 1330 1012 1350 secun-

237 1385 315 1415 dum
336 1384 433 1414 illud⁶
451 1391 458 1412 :
479 1379 633 1411 «Custodi
653 1378 765 1417 pedem
787 1378 879 1406 tuum
902 1374 1010 1411 ingre-

240 1438 328 1467 diens
339 1437 469 1467 domum
483 1434 550 1471 Dei,
563 1434 593 1462 et
604 1430 823 1471 appropinqua
838 1429 874 1457 ut
890 1426 1010 1456 audias.

240 1490 337 1521 Multo
366 1489 450 1519 enim
480 1486 592 1517 melior
621 1486 668 1514 est
694 1481 884 1517 obedientia,
915 1488 1013 1518 quam

239 1544 409 1574 stultorum
425 1540 573 1572 victimae.
586 1548 600 1565 n

281 1596 444 1631 Secundo,
461 1594 616 1633 quantum
631 1590 670 1620 ad
696 1587 932 1628 expressionem
953 1585 1014 1615 im-

240 1650 366 1690 pietatis
381 1649 552 1686 conceptze,
571 1644 718 1675 subditur
734 1642 779 1680 (v.
795 1640 830 1679 2)
847 1651 853 1670 :
871 1640 916 1670 Et
929 1647 1015 1668 mur-

242 1703 413 1733 muruham
435 1698 590 1740 plzm‘lsoez‘
609 1701 637 1727 et
660 1695 780 1725 scribae.
806 1691 1015 1723 Murmur-dvo

243 1760 289 1787 est
303 1754 476 1790 oblocutio,
492 1760 564 1791 quae
586 1760 642 1780 uec
659 1748 792 1779 omnino
813 1745 1014 1785 exprimitur,

244 1820 300 1840 uec
321 1807 452 1839 omnino
478 1805 636 1835 reticetur.
661 1802 670 1818 ⁵
688 1814 702 1829 «
724 1800 818 1831 Auris
846 1799 903 1828 zeli
930 1797 1018 1827 audit

244 1862 366 1898 omnia,
396 1861 427 1890 et
452 1857 608 1888 tumultus
635 1853 927 1885 murmurationum
953 1859 1017 1880 non

245 1913 442 1945 abconditur.
463 1909 620 1941 Custodite
635 1916 713 1945 ergo
729 1915 785 1935 vos
801 1914 819 1934 a
835 1912 1018 1934 murmura-

246 1968 346 2003 tione,
369 1974 442 2004 quze
463 1962 543 1993 uiliil
564 1961 704 2001 prodest,
732 1961 762 1988 et
786 1968 804 1987 a
828 1956 1019 1988 detractione

248 2020 363 2060 parcite
377 2019 517 2056 liuguae,
535 2014 685 2054 quoniam
701 2020 804 2042 sermo
818 2010 971 2040 obscurus
986 2008 1018 2037 in

248 2081 387 2104 vacuum
404 2080 468 2101 uon
483 2069 577 2099 ibit.»
598 2067 635 2097 Et
650 2066 719 2096 ideo
743 2063 878 2094 diciturG
899 2071 906 2092 :
931 2073 944 2090 α
958 2061 1020 2091 Ne-

249 2136 310 2166 que
334 2121 628 2155 murmuraveritis,
656 2119 736 2148 sicut
762 2116 888 2156 quidam
911 2123 1021 2144 eorum

251 2176 534 2209 murmuraverunt
544 2198 551 2212 ,
564 2175 594 2203 et
607 2171 769 2211 perierunt
780 2169 819 2199 ab
835 2167 1022 2198 extermina-

252 2235 328 2261 tore.
344 2242 357 2259 1)
376 2229 463 2260 Hanc
486 2224 772 2258 murmurationem
787 2221 852 2251 odit
872 2219 1023 2250 Dominus

254 2284 410 2320 maxime,
434 2281 509 2320 quia
528 2278 608 2309 nihil
629 2276 769 2317 prodest,
793 2284 852 2304 nec
868 2273 947 2309 sibi,
966 2282 1024 2303 nec

254 2335 416 2376 proximo⁷
431 2345 437 2364 z
455 2346 468 2362 (ι
480 2332 559 2369 Quid
570 2328 889 2361 murmuravithomo
900 2327 1022 2363 vivens,

255 2390 304 2419 vir
317 2397 373 2428 pro
386 2386 521 2427 peccatis
535 2385 622 2414 suis‘?
635 2395 649 2412 n
665 2382 753 2422 quasi
766 2381 864 2411 dicat:
878 2379 1022 2416 Frustra,

256 2445 286 2473 ct
300 2442 373 2481 quia
387 2438 526 2479 procedit
539 2446 579 2467 ex
595 2436 686 2466 corde
706 2434 859 2472 maligno,
879 2433 953 2472 quia
970 2442 1026 2462 nec

257 2495 350 2525 audet
365 2494 470 2533 aperte
486 2498 633 2529 arguere,
651 2497 708 2518 nec
724 2489 830 2517 tamen
846 2487 947 2525 potest
962 2494 1027 2515 cor-

146 2559 242 2579 Murmu-
257 2548 303 2579 dis
318 2546 471 2577 malitiam
485 2542 651 2574 occultare.
676 2539 764 2570 Unde
786 2538 845 2569 hoc
868 2540 957 2568 sonat
976 2538 1026 2577 ip-

288 2644 294 2656 *
307 2642 407 2671 Jerem„
423 2646 472 2671 xxi,
487 2641 508 2664 2.
521 2652 551 2657 -—
566 2639 574 2653 ²
591 2638 649 2662 1511..
663 2642 736 2665 Lvlu,
751 2636 788 2658 23.
806 2647 835 2652 -
851 2633 861 2650 ³
876 2634 977 2664 Mami„
993 2640 1026 2665 lv,

256 2679 335 2702 17.—
350 2678 356 2691 ⁴
372 2677 463 2704 Eccle.‚
478 2681 514 2704 iv,
530 2676 567 2698 17.
582 2687 612 2691 —
625 2674 634 2689 ⁵
650 2674 720 2700 Sap„
738 2672 894 2700 1,10-11.—
909 2671 917 2684 ὓ
937 2671 944 2693 Ι
961 2670 1028 2697 Cor„

255 2720 285 2741 x,
308 2715 344 2737 ιο.
365 2725 394 2729 -
417 2712 424 2726 ⁷
449 2711 546 2738 Tarm,
565 2715 609 2739 ιιι,
635 2709 672 2731 39.
696 2719 727 2724 -
746 2705 757 2721 ⁸
784 2705 870 2736 Num„
896 2711 934 2733 xi,
963 2708 982 2730 1.
1001 2719 1025 2722 —

1059 324 1130 345 sum
1144 314 1334 345 vocabulutr.
1346 313 1571 344 Mnrmumre:
1588 313 1703 344 dicitur
1715 312 1800 343 enim
1811 321 1830 343 a

1063 368 1175 405 Mulio,
1188 368 1296 405 Malis,
1307 367 1441 406 quodest
1452 366 1626 406 quasivelle
1634 366 1719 406 loqui
1727 369 1758 396 et
1767 375 1831 396 non

1061 422 1177 451 audere
1194 421 1294 451 ¹fateri.
1315 420 1349 450 Et
1365 421 1466 451 oritur
1486 420 1656 459 aliquando
1678 429 1718 450 ex
1739 420 1830 450 intir-

1060 475 1186 504 1111111113Β
1201 485 1207 504 z
1227 486 1239 502 (ι
1251 474 1361 505 Ortum
1377 475 1422 503 est
1438 482 1585 503 umrmur
1600 473 1722 512 populi,
1740 472 1829 512 quasi

1060 527 1234 556 dolentium
1259 536 1315 565 pro
1340 526 1445 556 labore
1473 528 1581 555 contra
1608 525 1794 562 Dominum,
1811 537 1825 553 n

1061 580 1230 619 aliquando
1246 588 1285 608 cx
1301 579 1481 617 ignorantia
1497 580 1527 609 ct
1549 586 1673 614 errore,
1694 578 1774 608 sicut
1795 578 1831 608 il-

1061 632 1114 662 lud
1141 632 1270 661 Joaunis
1285 632 1295 647 ⁹
1314 644 1319 662 :
1349 644 1362 659 (ι
1380 631 1525 661 Murmur
1550 631 1685 661 multum
1710 634 1777 661 erat
1799 630 1832 660 in

1061 685 1155 714 turba
1175 685 1212 714 de
1236 694 1282 715 co.
1305 684 1438 720 Quidam
1458 684 1543 714 enim
1563 684 1729 714 dicebant:
1755 683 1834 720 Quia

1062 738 1164 767 bonus
1190 740 1236 767 est
1252 740 1264 766 ἱ)
1296 737 1356 767 Alii
1386 739 1492 766 antem
1525 736 1670 767 dicebant
1696 747 1703 766 :
1740 735 1810 767 Non
1823 761 1831 774 ,

1061 790 1113 819 scd
1138 790 1258 820 seducit
1274 790 1395 820 turbas.
1410 789 1509 820 Nemo
1524 792 1629 819 tamen
1655 789 1758 829 palam
1785 789 1832 820 lo-

1062 843 1221 882 quebatur
1243 843 1280 873 dc
1305 843 1369 873 illo.
1387 854 1400 870 υ
1427 843 1603 882 Aliquando
1625 852 1664 873 cx
1688 842 1835 882 maligni-

1063 899 1124 926 tate
1135 896 1172 926 ¹⁰:
1195 907 1209 923 «
1225 896 1380 926 lucreduli
1396 896 1433 926 ad
1445 905 1622 926 sermonem
1638 895 1761 925 Domini
1781 895 1834 925 Dei

1064 949 1158 979 vestri
1172 974 1178 987 ,
1213 949 1436 979 murmurastis
1467 949 1497 978 iu
1525 948 1734 979 tabernaculis
1762 957 1832 978 ves-

1064 1003 1136 1039 tris,
1168 1005 1261 1042 atque
1287 1002 1409 1032 dixistis
1436 1013 1442 1031 z
1474 1002 1543 1032 Odit
1570 1010 1628 1031 nos
1660 1001 1832 1037 Dominus,

1063 1059 1093 1085 ct
1119 1056 1233 1086 idcirco
1258 1056 1366 1086 eduxit
1388 1065 1445 1086 nos
1463 1056 1499 1085 de
1523 1058 1608 1085 terra
1630 1054 1774 1094 AEgypti,
1800 1056 1836 1084 ut

1064 1109 1199 1139 traderet
1215 1118 1272 1138 nos
1291 1109 1324 1138 in
1347 1118 1461 1139 manus
1480 1107 1671 1138 Amorrhaei.
1685 1118 1699 1135 ))
1718 1106 1836 1137 Simili-

1065 1164 1112 1191 ter
1134 1164 1163 1192 et
1188 1162 1219 1191 lii
1246 1162 1366 1192 bonum
1393 1162 1618 1192 convertebant
1637 1160 1669 1190 in
1691 1159 1834 1197 malum,

1065 1215 1180 1244 scilicet
1195 1215 1436 1253 publicanorum
1458 1214 1692 1254 poenitentiam,
1713 1215 1743 1243 et
1762 1212 1837 1243 Jesu

1066 1268 1315 1297 misericordiam
1325 1292 1332 1305 ,
1350 1270 1380 1297 et
1395 1267 1427 1297 in
1441 1268 1501 1297 hoc
1515 1267 1630 1297 vitium
1646 1266 1836 1303 incidebant,

1067 1321 1142 1359 quia
1157 1322 1247 1350 ciunt
1262 1321 1389 1360 superbi
1405 1322 1435 1350 ct
1458 1320 1636 1350 inhumani.
1662 1319 1703 1350 De
1722 1319 1839 1359 quibus

1068 1375 1168 1412 potest
1184 1373 1316 1411 intelligi
1334 1373 1410 1402 illud
1423 1373 1440 1388 ¹¹
1456 1384 1462 1402 z
1479 1385 1493 1401 «
1507 1373 1566 1409 Qui
1582 1374 1690 1403 dicunt
1702 1382 1709 1403 ε
1722 1372 1839 1403 Recede

1068 1436 1086 1456 a
1101 1436 1162 1465 me,
1181 1436 1245 1456 non
1256 1426 1491 1466 appropinques
1505 1427 1596 1464 mihi,
1609 1427 1683 1466 quia
1697 1426 1840 1456 immuu-

1068 1480 1127 1510 dus
1141 1489 1185 1510 es.
1204 1480 1256 1510 Isti
1274 1480 1380 1510 fumus
1391 1482 1485 1510 erunt
1498 1480 1530 1509 in
1543 1480 1650 1511 furore
1660 1488 1742 1518 meo,
1756 1479 1841 1519 ignis

1069 1533 1182 1563 ardens
1198 1535 1262 1563 tota
1277 1533 1338 1563 die.
1351 1544 1365 1561 n

1109 1586 1231 1623 Tertio,
1249 1588 1404 1626 quantum
1425 1587 1463 1616 ad
1483 1587 1718 1618 simulationem
1737 1586 1840 1626 aequi-

1070 1640 1141 1670 tatis
1155 1639 1302 1679 ‚justitiam
1319 1639 1483 1670 subditur:
1508 1640 1668 1677 Βὶεεηίθς,
1691 1641 1770 1680 quia
1792 1639 1842 1670 Ιιίε

1068 1697 1245 1733 peccatores
1260 1693 1380 1732 *rec-ipit,
1397 1695 1553 1732 quantuni
1571 1694 1607 1724 ad
1625 1693 1842 1724 affabilitatem

1071 1746 1215 1785 colloquii
1229 1756 1236 1782 ;
1253 1746 1298 1776 Ec
1315 1745 1488 1776 manducat
1504 1755 1575 1775 cum
1592 1746 1669 1783 illis,
1685 1748 1842 1786 quantum

1071 1800 1109 1830 ad
1126 1799 1371 1829 familiaritatem
1389 1799 1537 1830 convivii.
1562 1799 1595 1829 In
1611 1808 1675 1839 quo
1695 1800 1845 1830 volebant

1073 1853 1179 1891 ipsum
1194 1851 1407 1890 redarguere,
1428 1854 1580 1891 tanquam
1600 1853 1755 1883 fautorem
1774 1862 1844 1883 ma-

1072 1905 1177 1934 lorum
1190 1906 1219 1933 et
1233 1907 1481 1943 contemptorem
1498 1908 1739 1945 praeceptorum.
1757 1905 1845 1936 Unde

1074 1958 1215 1987 ‹}10ssa¹²
1229 1966 1235 1986 :
1257 1968 1270 1985 α
1283 1956 1379 1992 Quasi
1395 1958 1571 1987 contrarius
1585 1961 1666 1989 esset
1679 1958 1756 1998 legi,
1769 1968 1844 1999 quae

1074 2010 1133 2041 hoc
1147 2010 1302 2049 prohibet.
1314 2020 1327 2037 ›)
1346 2009 1380 2039 lu
1393 2010 1463 2048 lege
1477 2011 1561 2040 enim
1577 2011 1764 2050 prohibetur
1776 2021 1847 2043 con-

1074 2065 1175 2093 tactus
1190 2063 1234 2093 rei
1249 2063 1442 2100 immundae,
1460 2063 1492 2093 in
1508 2073 1571 2102 quo
1589 2064 1780 2104 intelligitur
1794 2066 1847 2095 vi-

1075 2116 1150 2146 tatio
1166 2116 1331 2146 societatis.
1349 2115 1436 2146 Unde
1451 2116 1567 2147 dicitur
1579 2119 1601 2136 ¹³
1615 2128 1620 2148 :
1643 2129 1657 2145 «
1670 2117 1738 2148 Non
1753 2119 1848 2149 inibis

1076 2178 1149 2199 cum
1164 2170 1208 2199 eis
1222 2169 1324 2199 foedus
1335 2192 1342 2205 ‚
1360 2171 1431 2205 ete„
1449 2178 1552 2209 neque
1567 2170 1700 2201 sociabis
1715 2180 1788 2202 cum
1803 2172 1848 2202 eis

1077 2222 1239 2261 conjugia.
1253 2233 1267 2250 »
1286 2221 1344 2252 Sed
1358 2246 1365 2260 ,
1381 2223 1461 2252 sicut
1478 2223 1550 2253 dicit
1566 2224 1673 2255 Glossa
1690 2225 1720 2264 ¹⁵,
1744 2225 1850 2265 dupli-

1078 2276 1154 2305 citer
1169 2277 1290 2311 errant,
1308 2275 1383 2315 quia
1398 2277 1428 2305 et
1449 2285 1481 2306 se
1501 2277 1605 2315 justos
1626 2279 1755 2317 putant,
1778 2287 1850 2309 cum

1079 2329 1140 2358 sint
1156 2330 1294 2368 superbi,
1307 2332 1336 2359 et
1348 2329 1418 2359 illos
1433 2332 1620 2369 peccatores,
1634 2332 1779 2371 cumJ'am
1787 2340 1852 2371 poe-

1080 2382 1211 2412 niteant.
1229 2381 1317 2412 Unde
1332 2382 1392 2421 ipsi
1408 2382 1588 2414 simulando
1602 2385 1783 2424 aequitatem
1798 2394 1850 2415 ca-

1080 2434 1196 2464 debant
1217 2434 1249 2464 in
1270 2435 1462 2474 impietatem
1484 2436 1640 2475 peccando
1659 2437 1691 2467 in
1710 2437 1829 2477 seipsos
1842 2461 1850 2475 ,

1080 2487 1293 2526 superbiendo
1305 2499 1310 2518 :
1323 2488 1408 2527 quod
1419 2492 1653 2520 consueverunt
1664 2490 1765 2521 faeere
1777 2490 1854 2521 Pha-

1083 2540 1165 2570 risaei
1176 2540 1196 2557 ¹⁵
1210 2551 1217 2571 ι
1232 2540 1318 2571 «Vos
1331 2541 1405 2572 estis
1415 2541 1470 2581 qui
1481 2542 1663 2581 justificatis
1676 2552 1733 2574 vos
1747 2552 1853 2574 coram

1083 2639 1092 2653 Β
1106 2638 1187 2667 lomi„
1210 2644 1259 2668 vu,
1281 2640 1405 2663 12-13.—
1428 2639 1448 2656 ¹⁰
1469 2639 1548 2667 neue„
1571 2646 1594 2669 1,
1614 2641 1694 2665 26-27.
1710 2654 1737 2658 -
1761 2642 1776 2656 ¹¹
1795 2642 1855 2674 lm„

1084 2679 1142 2701 va,
1159 2675 1181 2697 ὅ.
1198 2686 1227 2691 —
1248 2674 1267 2689 ¹²
1282 2674 1363 2698 Closs.
1381 2674 1490 2699 interlin.
1506 2675 1531 2698 in
1545 2675 1612 2699 bunc
1627 2675 1677 2700 loc.
1691 2689 1722 2694 -—
1740 2676 1758 2693 ¹³
1772 2677 1856 2708 Dent„

1084 2713 1129 2737 vu,
1149 2710 1172 2731 Ξ.
1187 2723 1215 2726 -
1233 2710 1248 2723 1*
1267 2709 1359 2740 (ilos-sn,
1375 2709 1436 2733 ibid.
1454 2723 1480 2727 ——
1502 2710 1518 2726 ¹⁵
1532 2711 1608 2739 infra,
1623 2717 1676 2742 xvi,
1692 2713 1730 2736 55.

1853 321 1891 336 ue
1897 314 1948 342 quid

1837 347 1914 367 sonet.
