1987 3032
706 200 909 233 EXPOSITIO
932 201 971 232 IN
993 201 1079 233 CAP.
1103 201 1166 233 XX.

138 270 185 296 tur
201 277 207 294 :
225 270 251 295 et
265 266 433 294 istomodo
457 268 649 302 Evangelium
663 267 744 295 velut
767 277 784 295 a
812 267 906 303 capite

139 322 232 350 usque
260 314 299 341 ad
325 313 433 348 pedeS‚
460 314 499 341 ab
526 314 609 341 initio
630 322 722 349 usque
750 314 788 341 ad
816 313 907 340 finem

138 360 343 396 significabant
371 367 431 387 esse
453 360 661 388 nuntiandum.
688 371 700 385 n
727 360 813 394 Quod
836 367 907 387 vero

139 406 239 433 dicunt
270 405 366 440 angeli
391 413 398 431 :
424 406 496 438 Quid
524 407 633 441 ploras?
662 416 675 431 «
704 406 788 442 quasi
808 405 909 441 prohi-

137 452 238 480 bentes
265 452 351 485 ssere,
379 452 605 487 quodammodo
628 452 770 488 gaudium
793 452 909 479 nuntia-

137 499 218 530 bant,
229 508 243 523 »
260 498 300 525 ait
314 498 393 525 idem
408 499 585 534 Augustinus
602 499 625 531 ¹;
642 508 655 524 «
671 498 753 534 quod
762 506 833 525 vero
849 498 906 525 ait:

139 546 268 571 Tulerunt
288 546 429 571 Dominum
452 554 550 579 meum,
566 545 800 580 intelligendum,
826 544 908 579 quod

137 590 177 617 ibi
193 590 316 617 sumitur
331 592 424 617 totum
438 598 493 625 pro
504 593 586 626 parte
598 590 677 617 :sola
687 590 766 617 enim
781 598 849 617 caro
865 598 908 616 se-

136 637 219 672 pulta
234 639 284 664 est.
301 646 314 661 ›>
330 637 411 663 Unde
426 638 581 671 Gregorius
594 638 603 653 ²
619 646 626 664 ε
645 647 658 662 «
674 638 742 664 Usus
757 636 831 664 sacri
846 635 908 663 elo-

138 682 201 717 quii
215 684 266 716 est,
281 684 314 709 ut
329 682 492 718 aliquando
508 692 542 710 ex
556 685 638 718 parte
652 684 756 716 totum,
772 682 907 717 aliquan-

139 729 177 756 do
193 737 209 756 e
225 729 380 763 contrario,
398 732 428 756 ut
448 729 506 763 hic,
528 738 563 756 ex
586 731 645 756 toto
665 729 822 764 designans
842 736 908 764 par-

137 777 206 802 tem.
222 785 236 801 »
252 775 419 802 Secundum
438 783 508 802 vero
529 777 557 802 Β.
579 775 751 810 Gregorium
766 776 787 809 ³,
803 783 856 810 per
874 775 909 801 is-

138 823 182 848 tos
197 821 272 848 duos
296 821 418 855 angelos
444 821 595 855 signantur
620 821 826 856 praedicatores
847 821 909 847 :ad

137 869 225 902 caput
239 867 348 900 sedent,
362 866 413 901 qui
427 866 587 901 praedicant
603 876 610 893 ε
631 868 745 894 Verbum
764 868 909 901 inprinci-

135 914 192 947 pio.
220 912 264 941 Ad
278 912 370 948 pedes
394 921 475 947 vero,
503 913 554 948 qui
578 913 739 948 praedicont
762 922 768 940 ;
796 914 909 940 Verbum

137 951 312 991 caro'faclum
328 962 374 985 est.
390 959 440 985 Vel
459 967 511 994 per
527 959 596 986 istos
614 959 688 986 duos
708 959 829 994 angelos
848 959 908 986 duo

137 1007 318 1032 Testamenta
333 1005 494 1040 signantur,
507 1014 572 1041 quse
587 1006 749 1040 ligurantur
761 1006 771 1022 ¹·
785 1013 837 1040 per
848 1006 908 1032 duo

137 1051 294 1084 Cherubin,
308 1059 373 1086 quae
388 1054 489 1086 tegunt
503 1052 740 1087 propitiatorium
755 1061 760 1078 :
782 1051 909 1079 Christus

137 1097 215 1123 enim
230 1099 272 1124 est
286 1098 295 1113 ⁵
313 1107 325 1122 «
341 1097 508 1132 propitiatio
528 1106 582 1132 pro
605 1098 731 1133 peccatis
753 1097 867 1125 nostris
893 1107 906 1123 u

136 1144 250 1169 Novum
264 1144 476 1170 Testamentum
489 1145 598 1178 spectat
612 1143 650 1170 ad
666 1146 763 1178 caput,
773 1145 855 1170 vetus
871 1143 909 1170 ad

136 1187 227 1223 pedes
238 1188 248 1204 6
265 1198 270 1215 :
288 1198 301 1213 «
316 1188 434 1215 Duabus
457 1188 510 1215 alis
523 1189 663 1216 velabant
679 1190 776 1224 caput,
793 1189 909 1216 duabus

136 1233 236 1268 pedes.
253 1245 266 1258 n
284 1234 370 1267 Quod
386 1236 483 1261 autem
499 1235 595 1269 angeli
621 1235 804 1270 apparebant
823 1234 853 1261 in
869 1235 910 1262 al-

137 1279 192 1314 bis,
207 1280 303 1315 figura
326 1280 388 1313 fuit,
407 1281 476 1315 quia
495 1281 655 1308 festivitatis
680 1284 785 1308 nostrae
800 1281 909 1316 gaudia

137 1326 360 1354 annuntiabant,
381 1336 393 1351 «
409 1328 440 1353 Et
453 1327 624 1354 vestimenta
636 1327 742 1361 angeli,
762 1327 835 1354 sicut
847 1327 907 1361 nix,

137 1372 187 1406 qui
204 1372 340 1408 apparuit
365 1372 538 1399 mulieribus
559 1373 579 1406 ⁷,
596 1384 608 1398 ι)
634 1375 665 1400 ut
692 1373 731 1400 ait
753 1373 909 1408 Gregorius

137 1418 178 1446 ibi
197 1419 217 1450 ⁸,
240 1420 296 1446 «et
315 1421 448 1454 aspectus
466 1419 540 1446 sicut
562 1419 670 1453 fulgur,
692 1419 761 1454 quia
786 1421 858 1446 Deus
883 1421 910 1446 et

138 1464 266 1492 blandus
277 1465 372 1500 Justis‚
387 1467 414 1491 et
427 1464 563 1491 terribilis
582 1465 694 1499 injustis
714 1465 877 1500 apparebit,
894 1476 920 1506 u⁴

137 1511 177 1538 ait
188 1511 300 1538 ibidem
315 1510 481 1544 Gregorius
498 1512 529 1537 Et
549 1513 629 1546 patet
650 1511 697 1538 hic
713 1511 884 1546 mysterium
901 1520 907 1538 :

136 1564 190 1592 per
203 1557 324 1591 angelos
339 1556 416 1583 enim
431 1556 626 1583 custodientes
646 1557 759 1590 locum,
775 1556 826 1583 ubi
848 1556 907 1583 fue-

135 1604 181 1630 rat
206 1610 314 1638 corpus
340 1602 453 1629 Domini
468 1602 608 1637 positum,
625 1603 778 1638 signantur
797 1602 908 1637 praelati

136 1648 279 1682 Ecclesiae,
294 1648 340 1675 vel
363 1648 567 1683 praedicatores
588 1649 787 1682 ecclesiastici,
812 1648 908 1675 Eccle-

136 1694 210 1721 siam
236 1694 432 1721 custodientes
449 1703 455 1720 ι
472 1694 501 1720 in
517 1694 624 1728 quibus
649 1694 736 1721 debet
761 1702 821 1721 esse
844 1695 909 1721 vitre

137 1740 295 1767 eminentia
322 1740 382 1767 sive
405 1740 578 1773 sublimitas,
599 1740 630 1766 in
651 1740 708 1767 hoe
732 1740 815 1775 quod
836 1740 875 1767 ait
899 1748 905 1766 :

137 1787 264 1820 Angelos.
282 1787 319 1812 De
334 1786 403 1821 ipsis
424 1786 454 1812 in
469 1785 582 1813 Psalmo
598 1786 608 1801 ⁹
624 1796 629 1811 :
650 1795 663 1811 «
686 1785 739 1818 Qui
760 1785 831 1812 facis
855 1793 908 1813 an-

137 1831 218 1866 gelos
233 1833 299 1858 tuos
314 1831 440 1866 spiritus.
458 1842 470 1857 »
488 1831 619 1858 Secundo
635 1831 766 1866 signatur
780 1831 908 1866 perfecta

137 1877 260 1904 charitas
275 1877 316 1904 ibi
334 1886 340 1903 :
357 1879 437 1904 Duos.
453 1877 521 1904 ldco
536 1877 565 1903 in
582 1876 676 1911 figura
692 1877 770 1904 misit
789 1878 810 1894 ¹⁰
823 1877 908 1904 binos

137 1923 261 1951 etbinos
273 1924 339 1950 ante
355 1931 385 1950 se
398 1923 436 1950 ad
451 1923 682 1958 praedicandum.
699 1925 731 1950 Et
756 1923 786 1950 in
800 1923 856 1950 hoc
872 1924 909 1950 si-

136 1973 242 2005 gnatur
266 1971 400 2005 charitas,
416 1972 447 1998 ut
463 1970 501 1998 ait
515 1970 556 1997 ibi
572 1970 728 2004 Gregorius
742 1973 770 1996 ²¹.
788 1972 857 1997 Item
873 1971 909 1997 si-

137 2020 242 2053 gnatur
257 2018 286 2044 in
302 2018 358 2045 hoe
383 2016 583 2045 sanctimoniae
602 2016 722 2052 puritas,
739 2018 766 2043 et
784 2024 908 2045 conver-

136 2064 255 2091 sationis
271 2064 404 2098 charitas,
421 2064 462 2091 ibi
479 2072 484 2090 :
502 2064 533 2090 ln
549 2063 628 2089 albis.
639 2064 659 2080 ¹²
677 2072 690 2087 «
706 2062 908 2097 Sequebantur

137 2118 205 2137 eum
221 2111 251 2137 iu
267 2110 350 2145 equis
365 2109 451 2143 albis,
466 2120 478 2133 n
497 2108 606 2136 scilicet
620 2108 762 2135 exercitus
775 2109 826 2144 qui
842 2112 908 2137 sunt

136 2156 166 2184 in
184 2157 269 2192 coelo,
286 2157 317 2184 id
332 2160 384 2191 est,
408 2157 517 2192 praelati
534 2156 677 2189 Ecclesiae,
693 2156 743 2190 qui
768 2158 834 2183 sunt
856 2165 908 2191 pu-

136 2206 273 2238 gnatores
292 2203 322 2230 in
351 2203 526 2239 corporibus
552 2202 755 2229 immaculatis.
787 2203 906 2236 Quarto,

136 2250 267 2284 signatur
294 2249 428 2277 modesta
455 2248 648 2284 tranquillitas
675 2248 705 2275 iu
731 2247 906 2282 judicando,

137 2295 178 2322 ibi
195 2304 201 2322 z
217 2295 351 2322 Seelentes.
377 2306 389 2320 «
404 2295 519 2334 Sedere,
538 2294 616 2321 enim
639 2293 797 2328 judicantis
822 2296 873 2328 est,
890 2304 902 2320 »

137 2341 177 2368 ait
189 2341 344 2376 Gregorius
359 2340 413 2367 ¹³.¹⁸
428 2351 441 2366 ι(
456 2342 527 2368 Cum
542 2340 675 2367 sederem
690 2340 773 2375 quasi
787 2347 838 2367 rex
852 2340 905 2367 cir-

170 2412 174 2425 '
193 2413 266 2441 Auru,
283 2411 341 2434 ibid.
355 2425 385 2429 —
400 2412 408 2425 ²
423 2412 507 2441 Greg,
523 2412 548 2434 iu
566 2412 658 2441 livrmy.
674 2411 745 2434 hom.
764 2417 824 2441 ΧΗ,
840 2418 866 2435 n.
883 2413 904 2435 si.

136 2459 166 2462 —
178 2446 274 2476 311]ἰ(],,
293 2454 317 2470 ιι.
334 2448 356 2470 3.
373 2459 402 2464 —-
416 2450 424 2460 ⁴
441 2447 530 2476 tillem,
548 2452 605 2475 XXV,
626 2450 662 2470 zu.
681 2459 711 2462 —
725 2446 734 2461 ⁵
752 2446 905 2477 1J0nn.,11‚

136 2481 160 2504 2.
176 2494 202 2498 —
219 2482 228 2497 ⁶
244 2481 302 2511 lsu„
318 2487 340 2503 vi
351 2500 357 2511 ,
373 2482 395 2505 2.
413 2495 443 2498 —
456 2482 466 2498 ⁷
483 2482 583 2509 Mami,
601 2486 696 2508 xxviii,
713 2482 735 2504 3.
751 2493 780 2498 —
795 2481 805 2496 ³
819 2482 905 2511 Grcg„

137 2516 162 2538 in
178 2516 272 2547 Evanq.
285 2516 354 2539 hom.
369 2523 423 2546 xxi,
434 2524 450 2540 n
476 2519 498 2539 3.
511 2530 541 2533 -
556 2518 565 2530 ‘³
577 2515 642 2539 [cml.
656 2521 711 2545 cni,
728 2517 749 2539 i.
761 2528 791 2532 —
805 2516 823 2534 ’ὓ
837 2517 904 2547 Luc,

137 2556 168 2580 x,
193 2553 213 2574 1.
238 2564 265 2568 -
287 2552 305 2567 ¹¹
324 2553 410 2581 Grcg„
435 2554 460 2575 1⁷71
482 2552 588 2581 Emmy„
611 2551 678 2575 hom.
700 2556 768 2580 xvii,
788 2558 813 2575 n.
833 2553 854 2574 1.
875 2565 906 2570 —-

139 2586 156 2600 Π
172 2586 254 2616 Αροε.,
272 2592 331 2616 xlx,
354 2589 389 2611 Η.
408 2600 434 2604 -—
453 2588 469 2601 ¹³
487 2588 573 2617 Οτι-μ,
590 2587 613 2609 ιἰι
636 2587 728 2616 Ειάηῃ.
744 2586 813 2609 hom.
831 2593 905 2618 xxix,

137 2627 160 2643 n.
175 2621 197 2644 7.
214 2633 243 2638 —-
261 2621 342 2650 15101),
367 2629 440 2650 xxix,
455 2624 492 2646 35
508 2635 533 2638 -
549 2623 568 2638 ¹⁵
581 2623 665 2652 Greg,
685 2621 772 2645 illm-al.
790 2621 834 2645 liti.
851 2622 902 2652 XX,

1674 205 1729 234 511

962 269 1122 296 eumstante
1145 267 1312 295 exercitu.»
1330 267 1373 295 Ibi
1394 268 1548 302 Gregorius
1571 268 1589 288 1⁵
1613 268 1650 295 de
1675 269 1732 295 hoc

962 313 1046 341 bene.
1066 314 1182 347 Quinto,
1197 314 1341 349 figuratur
1362 313 1576 349 praedicationis
1598 314 1732 350 perfecti-

962 359 1059 387 bilitas
1074 360 1116 387 ibi
1133 369 1139 387 ε
1168 361 1253 386 Unum
1267 360 1302 386 ad
1321 362 1413 394 caput,
1439 361 1552 386 alterum
1572 360 1608 386 ad
1628 361 1707 394 pedes
1724 370 1732 387 :

962 413 1015 440 per
1038 406 1120 441 quod
1135 405 1288 440 signantur
1314 405 1520 440 praedicatores
1542 405 1733 441 praedicantes

962 451 1064 478 Christi
1095 451 1316 485 humanitatem,
1347 453 1373 478 et
1400 451 1583 478 divinitatem
1599 472 1608 485 ,
1635 454 1666 478 ut
1692 453 1734 480 est

962 497 1136 533 expositum.
1153 498 1246 532 Supra
1259 497 1279 514 ’ὃ
1295 506 1320 524 z«
1338 497 1476 524 Videbitis
1492 497 1612 531 angelos
1636 505 1733 524 ascen·
1748 505 1752 510 ·

962 542 1062 570 dentes
1078 545 1105 570 et
1119 543 1326 570 descendentes
1341 551 1428 578 super
1443 543 1548 570 Filium
1562 543 1701 571 hominis.
1717 554 1730 568 η

961 589 1057 623 Sexto,
1086 590 1230 623 figuratur
1257 589 1469 625 compassionis
1495 590 1603 625 pietas,
1630 598 1735 617 conso-

962 635 1050 662 lando
1067 635 1224 669 desolatos,
1241 638 1268 662 et
1289 635 1467 670 inquirendo
1492 644 1595 663 causas
1619 636 1734 664 desola-

962 681 1057 708 tionis.
1076 681 1156 708 Unde
1172 681 1272 709 dicunt
1293 691 1299 708 :
1323 682 1432 715 Mulier,
1449 682 1516 715 rJuz'cl
1529 683 1640 716 ploras?
1658 682 1734 709 Talis

963 729 1024 754 erat
1049 727 1121 761 Job3
1145 727 1261 754 dicebat
1283 727 1361 754 enim
1376 727 1394 742 ¹⁷
1411 736 1417 753 ε
1435 737 1449 752 «
1465 729 1546 754 Pater
1560 736 1640 754 eram
1661 735 1734 762 pau-

963 781 1086 807 perum3
1110 773 1219 800 flebam
1234 781 1320 808 super
1342 781 1387 807 eo,
1409 773 1460 808 qui
1475 773 1598 800 afflictus
1622 775 1693 800 erat.
1717 782 1730 798 »

963 820 995 846 Et
1006 819 1025 835 ¹³
1042 827 1048 845 :
1061 819 1112 846 «Si
1128 819 1245 854 negavi,
1260 819 1342 854 quod
1358 819 1503 852 volebant,
1514 820 1704 855 pauperibus.
1717 831 1730 846 »

962 865 1037 892 Talis
1053 865 1182 892 similiter
1196 868 1256 892 erat
1271 865 1386 899 Paulus,
1402 865 1439 892 de
1454 873 1514 900 quo
1532 866 1550 882 ¹⁹
1565 874 1591 892 z«
1604 866 1673 898 Quis
1687 866 1732 893 in-

962 910 1104 945 firmatur,
1122 913 1150 938 et
1171 919 1225 946 ego
1241 919 1301 938 non
1315 911 1470 938 infirmor?
1485 921 1498 936 »
1517 912 1596 939 Unde
1614 913 1653 940 ait
1671 912 1732 940 Sal-

962 959 1045 984 vator
1060 959 1080 974 70
1093 967 1119 984 .·«
1136 957 1212 990 Quid
1226 957 1269 984 vis
1284 960 1315 984 ut
1328 957 1436 984 faciam
1450 958 1501 984 tibi
1511 959 1524 984 ‘t
1539 967 1552 983 n

999 1004 1041 1030 14.
1059 1005 1091 1031 Et
1105 1003 1236 1038 sequitur
1250 1003 1334 1030 tertia
1348 1003 1503 1038 particula,
1519 1004 1550 1030 in
1564 1011 1624 1039 qua
1638 1004 1732 1031 mani-

961 1049 1074 1076 festatio
1094 1049 1157 1076 Filii
1178 1049 1226 1076 Dei
1247 1049 1302 1084 ipsi
1316 1050 1420 1083 Mai-ize,
1443 1052 1470 1076 et
1492 1052 1593 1077 mutua
1615 1050 1732 1078 collatio

961 1095 992 1121 in
1018 1095 1242 1129 interrogando,
1260 1098 1286 1122 et
1304 1095 1526 1130 respondendo,
1548 1098 1575 1123 ct
1599 1096 1732 1130 ejusdem

962 1141 1137 1174 admonitio,
1151 1142 1183 1167 ut
1205 1141 1236 1167 in
1255 1141 1350 1168 littera
1373 1143 1460 1176 patet.
1486 1142 1530 1168 Ait
1548 1150 1617 1176 ergo
1639 1151 1645 1168 τ
1670 1143 1732 1169 Hoec

962 1195 1021 1213 cum
1036 1187 1161 1220 dixisset,
1172 1195 1297 1214 conversa
1312 1190 1350 1214 est
1369 1190 1530 1221 retrorsum,
1548 1188 1587 1214 ad
1606 1188 1732 1215 litteram

962 1233 1162 1268 corporaliter.
1183 1233 1239 1260 Sed
1259 1233 1360 1268 quaerit
1381 1233 1604 1268 Chrysostomus
1623 1237 1641 1252 2¹
1667 1242 1734 1269 quae

962 1279 1015 1306 fuit
1043 1287 1131 1306 causa
1154 1279 1241 1313 hujus
1268 1279 1488 1306 conversionis?
1516 1281 1547 1306 Et
1574 1280 1733 1315 respondet

962 1325 1041 1360 ipsos
1057 1325 1177 1359 angelos
1193 1324 1433 1360 obstupefecisse,
1445 1325 1663 1352 considerantes
1680 1327 1731 1353 Do-

963 1371 1148 1403 minatorem,
1162 1372 1189 1397 et
1203 1371 1360 1405 schemate,
1377 1371 1408 1397 id
1424 1373 1475 1404 est,
1491 1371 1596 1406 figura,
1612 1372 1659 1398 vel
1675 1372 1734 1399 for-

963 1425 1022 1451 ma,
1039 1419 1066 1444 et
1089 1417 1286 1452 inspectione,
1307 1420 1334 1444 et
1354 1418 1436 1444 motu
1457 1417 1609 1444 ostendere
1625 1417 1662 1452 (a)
1686 1418 1732 1453 ip-

963 1471 1029 1490 sum
1052 1463 1220 1497 advenisse,
1239 1466 1267 1490 et
1284 1463 1341 1490 hoc
1362 1463 1516 1490 mulierem
1536 1464 1665 1491 converti
1689 1464 1732 1491 fe-

964 1509 1000 1536 cit
1018 1518 1023 1536 :
1040 1520 1052 1534 n
1071 1517 1137 1544 quae
1154 1509 1306 1536 conversio
1322 1509 1376 1535 fuit
1390 1509 1554 1536 reverentia
1565 1509 1669 1544 (b),vel
1682 1509 1733 1537 ad-

963 1555 1143 1589 mirationis,
1172 1555 1218 1582 vel
1258 1555 1449 1589 diligentioris
1480 1547 1661 1582 accensionis
1689 1556 1732 1590 (c).

964 1600 982 1615 ²²
994 1610 1008 1626 ι(
1025 1603 1056 1628 Et
1070 1609 1228 1628 conversus
1252 1609 1327 1634 sum,
1342 1603 1374 1628 ut
1388 1600 1519 1628 viderem
1535 1609 1649 1628 vocem.
1666 1601 1734 1629 »Vel

962 1647 1126 1674 secundum
1141 1647 1282 1680 Glossam,
1298 1648 1414 1681 tergum
1435 1647 1518 1681 quasi
1535 1647 1573 1674 ad
1589 1647 1734 1674 Christum

962 1693 1102 1726 habebat,
1122 1701 1211 1728 quem
1234 1693 1424 1720 resurrexisse
1446 1700 1507 1719 non
1526 1693 1673 1720 credebat.
1698 1694 1736 1720 Et

963 1739 1134 1765 vidithsum
1156 1741 1281 1771 stantem,
1297 1738 1405 1765 scilicet
1427 1738 1635 1772 immortalem,
1657 1739 1734 1766 mori

963 1792 1023 1811 non
1039 1786 1198 1819 potentem,
1219 1785 1249 1811 in
1269 1793 1390 1820 corpore
1415 1784 1574 1812 immortali
1594 1787 1731 1819 erectum,

963 1833 1098 1865 paratum
1113 1830 1151 1858 ad
1167 1830 1345 1858 elevandum
1365 1830 1515 1858 credentes
1530 1830 1559 1857 in
1574 1831 1691 1864 coelum,
1707 1832 1734 1858 et

963 1879 1133 1912 promptum
1148 1876 1187 1903 ad
1199 1876 1402 1904 auxiliandum
1416 1878 1582 1912 pugnantes
1597 1877 1733 1912 spiritua-

964 1922 1036 1950 liter.
1053 1924 1074 1940 23
1092 1932 1106 1947 «
1119 1923 1194 1950 Vidit
1208 1923 1369 1958 Stephanus
1383 1924 1479 1950 Jesum
1493 1924 1616 1950 stantem
1631 1931 1648 1950 a
1664 1923 1734 1950 dex-

963 1969 1012 1996 tris
1029 1969 1086 1996 Dei.
1103 1979 1116 1994 »
1135 1970 1214 1997 Stare
1233 1970 1312 1996 enim
1335 1972 1375 1997 est
1394 1970 1561 2005 pugnantis,
1582 1969 1629 1996 vel
1651 1969 1735 2004 adju-

964 2015 1073 2048 vantis,
1094 2017 1126 2042 ut
1144 2016 1183 2043 ait
1201 2015 1357 2050 Gregorius
1386 2023 1537 2051 exponens
1562 2015 1636 2042 iilud
1651 2014 1680 2042 ³¹⁵.
1697 2016 1733 2043 Ec

963 2069 1015 2088 nou
1028 2063 1136 2093 sciebat,
1152 2063 1218 2096 quia
1231 2063 1306 2088 Jesus
1321 2064 1368 2093 cs!;
1386 2064 1417 2088 ut
1432 2062 1471 2090 ait
1485 2061 1585 2089 Glossa
1601 2069 1606 2087 :
1624 2071 1637 2087 «
1650 2061 1734 2088 Vide-

964 2107 1024 2141 bat,
1040 2109 1067 2134 et
1083 2115 1144 2135 non
1159 2107 1366 2142 cognoscebat.
1383 2118 1396 2133 ›>

999 2155 1042 2180 15.
1060 2155 1133 2181 Dicit
1149 2155 1173 2180 εί
1185 2155 1259 2180 Jesus
1273 2162 1283 2180 .·
1299 2154 1409 2186 Mulier,
1425 2154 1493 2188 quid
1513 2154 1626 2188 ploras?
1649 2163 1663 2178 «
1678 2155 1733 2181 Re-

963 2200 1110 2235 dargucns
1126 2207 1201 2234 eam,
1225 2210 1238 2226 »
1257 2200 1296 2227 ait
1310 2199 1420 2227 Glossa.
1436 2202 1468 2227 Et
1487 2199 1681 2234 interrogatur
1696 2199 1733 2227 de

963 2255 1050 2274 causa
1073 2246 1202 2280 doloris,
1228 2247 1258 2273 ut
1277 2247 1419 2280 augeatur
1443 2245 1632 2273 desiderium.
1654 2245 1733 2273 Unde

963 2293 1023 2320 duo
1041 2292 1143 2327 quaerit
1159 2301 1164 2319 :
1182 2292 1278 2327 primo
1302 2300 1308 2318 :
1332 2292 1405 2323 Quid
1428 2293 1543 2326 ploras?
1565 2293 1596 2318 ut
1623 2291 1735 2319 auferat

962 2339 1112 2374 planctum
1124 2348 1131 2373 3
1155 2338 1227 2371 Quid
1247 2340 1365 2372 quaeris?
1381 2339 1411 2365 ut
1432 2338 1562 2366 conserat
1585 2337 1733 2366 desidera-

963 2411 985 2427 ‹..
1004 2409 1049 2430 vu,
1065 2403 1095 2426 al.
1114 2410 1136 2431 v,
1153 2409 1178 2425 u.
1200 2404 1235 2426 12.
1250 2415 1281 2418 —
1300 2403 1317 2417 ¹⁰
1338 2404 1409 2432 sup,
1426 2408 1442 2431 1,
1459 2404 1496 2426 51.
1514 2415 1544 2419 -—
1561 2403 1576 2416 ¹⁷
1590 2402 1645 2430 Job,
1660 2408 1732 2433 xxxx,

964 2443 990 2464 115
1003 2453 1031 2457 —
1044 2441 1064 2455 ¹⁶
1079 2439 1134 2469 jol),
1151 2445 1222 2464 xxxi.
1242 2440 1277 2462 16.
1291 2439 1350 2456 —1>'
1365 2439 1382 2461 lt
1398 2440 1466 2468 Cor..
1482 2445 1517 2469 xx,
1533 2440 1613 2462 29.—-
1628 2440 1648 2453 ²⁰
1664 2439 1731 2469 Luc„

962 2481 1036 2505 xxu',
1055 2477 1092 2498 41.
1108 2487 1137 2490 -
1153 2474 1171 2489 21
1190 2474 1332 2504 Chrys-ost„
1349 2473 1390 2496 ubi
1406 2481 1461 2504 sup.
1478 2487 1507 2492 —
1525 2475 1544 2490 Ἠ
1558 2474 1642 2504 Alme„
1660 2480 1676 2503 1,
1694 2476 1729 2498 12.

962 2523 991 2527 ——
1006 2511 1025 2523 Ἡ
1040 2510 1103 2536 Aet..
1120 2515 1168 2539 νη,
1185 2510 1223 2532 55.
1242 2522 1266 2525 -
1288 2508 1309 2524 ²⁸
1323 2509 1410 2539 Greg..
1426 2511 1451 2533 in
1467 2511 1561 2540 lit-any.
1576 2509 1645 2533 hom.
1658 2515 1731 2539 xxtx,

962 2548 1019 2576 post
1034 2545 1103 2568 med.

993 2588 1024 2617 (u)
1039 2586 1094 2616 Leq.
1106 2585 1260 2609 ostendisse.
1275 2598 1300 2602 ——
1312 2585 1347 2615 (b)
1361 2585 1413 2615 Leo.
1425 2586 1582 2610 reverentiae.
1593 2598 1622 2603 -
1634 2586 1661 2616 (c)
1673 2585 1730 2616 Leq.

961 2621 1140 2652 inquisitionis.
