1987 3032
88 761 174 782 Utilitas

87 793 154 812 divini

79 829 163 843 sermo-

101 854 142 873 nis.

89 897 173 917 Thema

68 927 94 946 nd
109 927 172 947 scho-

67 957 132 977 lares.

88 1777 147 1796 Mors

73 1807 160 1833 duplex.

751 226 955 260 EXPOSITIO
977 227 1017 258 IN
1040 227 1124 258 CAP.
1147 227 1227 258 VIII.

192 296 324 332 sequitur
339 305 346 323 :
365 304 379 321 «
396 296 458 322 Non
477 294 518 321 est
537 294 610 320 Deus
630 294 833 329 morientium,
851 295 903 322 sed
917 295 958 321 vi-

191 350 331 369 vorum.»
341 343 377 369 Et
387 343 415 367 tu
428 340 495 366 dicis
509 349 516 366 .·
527 340 628 376 Siquis
637 347 777 367 sermonem
786 349 880 374 mcum,
892 342 958 374 ete„

193 390 275 424 quasi
303 389 452 416 dicerent:
477 389 539 414 Non
565 388 606 413 est
628 394 746 421 verum,
772 388 853 422 quod
874 387 956 414 dicis.

192 435 331 469 Numquid
345 435 414 460 enim
428 436 458 460 tu
475 433 560 466 major
574 441 600 459 es
613 436 691 467 patre
703 436 791 460 nostro
807 434 958 460 Abraham?

192 482 224 507 Ut
241 480 318 507 enim
334 480 373 506 ait
387 479 611 514 Chrysostomus
622 479 641 513 ¹,
661 487 783 506 «rursus
798 479 836 506 ad
851 486 957 513 cogna-

191 526 300 553 tionem
321 525 356 560 (a)
372 525 494 552 Abrahae
518 525 684 559 diffugiunt,
709 534 722 549 »
748 525 905 559 gloriantes
926 526 958 551 ut

189 572 286 607 prius3
315 571 366 606 qui
393 572 492 598 tamen
516 571 653 597 Abraham
677 573 715 597 est
743 573 879 604 mortuus,
903 578 957 598 nec

188 625 250 644 non
265 619 290 644 et
303 618 438 651 prophetoe
455 618 553 643 mortui
567 619 644 650 sunt,
660 618 753 643 morte
769 616 877 643 scilieet
891 624 954 643 cor-

188 663 294 698 porali.
311 664 391 695 Quem
410 665 433 690 te
448 665 536 697 ipsum
549 664 633 696 facis,
659 664 689 689 ut
711 662 790 689 dieas
811 672 817 689 ε
835 663 956 694 01113ον-

187 717 288 735 monem
311 717 394 735 meum
419 710 582 740 servaverit,
609 711 719 735 mortem
746 716 795 735 non
817 710 957 743 quslabit?

190 755 233 782 Ait
247 755 366 782 Glossa:
387 765 398 779 1(
414 756 446 781 Et
459 756 537 789 patet
556 754 602 780 1110
625 754 731 781 utilitas
752 756 778 781 et
792 755 957 781 virt=1ositas

189 801 281 827 divini
296 801 453 834 sermonis,
478 800 598 835 quando
614 800 653 827 ait
672 809 678 826 ε
694 801 724 827 Si
741 802 800 834 quis
815 808 955 827 sermonem

188 855 273 873 meum
294 848 457 879 servaverit,
482 848 589 872 mortem
614 854 664 872 nrm
687 847 814 880 gustabit.
833 856 847 870 ))
865 847 956 881 Atque

187 893 285 927 posset
313 900 373 919 esse
396 892 495 919 thema
520 892 558 918 ad
586 891 748 924 scholares,
777 891 807 918 in
822 899 882 926 quo
903 891 957 918 tria

189 938 374 972 denotantur,
398 945 525 973 quorum
542 937 671 972 primum
691 939 734 964 est
757 937 895 964 doetrinae
911 945 957 964 su-

188 983 330 1018 blimitas,
358 984 398 1011 ibi
424 993 430 1010 :
460 985 607 1010 Sermonem
624 992 722 1015 meum,-
737 983 900 1010 secundum
916 985 957 1010 est

188 1029 269 1056 modi
298 1029 474 1065 suscipiendi
505 1029 630 1064 qualitas
644 1051 652 1063 ,
684 1030 725 1056 ibi
749 1039 755 1056 :
788 1031 954 1064 Servavert't3

187 1075 304 1102 tertium
319 1078 359 1102 est
374 1075 544 1102 servationis
557 1075 603 1102 vel
615 1076 753 1103 custodiae
767 1076 885 1110 utilitas,
895 1075 936 1102 ibi
949 1085 955 1102 :

186 1122 298 1148 Mortem
312 1130 364 1149 non
379 1123 506 1156 qustabz't.

222 1168 265 1195 Ait
280 1176 349 1202 ergo
363 1177 369 1195 z
386 1168 416 1195 St·
430 1169 490 1202 quis
508 1175 648 1194 sermonem
659 1176 760 1202 meum,
771 1168 802 1195 id
814 1170 870 1202 est,
887 1169 956 1196 doe-

187 1208 292 1241 trinam
311 1222 423 1247 meam,
445 1213 520 1241 infra
533 1213 543 1228 ²
568 1222 574 1240 :
609 1224 621 1239 «
638 1214 665 1240 Si
690 1214 755 1249 quis
777 1214 871 1249 diligit
891 1223 956 1248 me,

185 1267 352 1286 sermonem
379 1267 479 1287 meum
513 1260 654 1293 servabit,
672 1270 685 1285 ))
719 1260 769 1295 qui
806 1262 847 1287 est
868 1260 956 1287 subli-

186 1305 240 1332 mis
258 1306 285 1332 et
312 1305 402 1339 altus,
431 1313 517 1332 verus
537 1307 565 1332 et
584 1306 730 1332 virtuosus
750 1307 759 1322 ³
791 1315 796 1332 :
826 1315 838 1330 <‹
861 1305 957 1333 Omni—

187 1354 290 1387 potens
318 1360 414 1379 sermo
442 1355 516 1380 tuus.
533 1363 546 1378 ))
578 1354 610 1380 Et
637 1353 700 1380 talis
724 1354 766 1379 est
794 1353 956 1380 servandus

185 1397 215 1424 in
239 1397 428 1433 intelligentia
444 1400 471 1425 et
491 1398 521 1425 in
540 1398 683 1426 memoria
706 1398 901 1431 ruminando,
930 1400 955 1425 et

185 1443 215 1470 in
237 1443 296 1471 vita
319 1445 351 1479 (te)
382 1444 527 1471 servando
543 1445 573 1471 ὦε
595 1455 607 1469 1(
627 1444 735 1471 Inventi
756 1447 822 1472 sunt
846 1453 956 1472 sermo-

185 1497 236 1516 nes
252 1490 307 1523 1111,
321 1492 348 1517 et
363 1490 476 1517 comedi
491 1490 567 1517 illos.
579 1501 591 1514 u
609 1491 619 1506 5
635 1500 647 1515 «
659 1492 803 1526 Praecepta
813 1499 879 1518 mea
891 1499 954 1517 0115-

185 1535 278 1562 todiat
299 1543 349 1562 cor
370 1537 486 1562 tuum.»
508 1537 539 1562 Et
560 1536 600 1562 sic
616 1544 734 1563 servans
750 1544 810 1563 non
827 1537 955 1570 gustabit

184 1581 194 1595 ‘³
207 1592 219 1605 «
232 1583 356 1608 mortem
364 1583 501 1608 {eternam
511 1582 724 1616 gehennarum,
733 1584 857 1610 mortem
869 1582 952 1609 dam-

185 1627 310 1654 nationis
325 1635 393 1654 eum
407 1627 528 1655 diabolo
545 1629 571 1655 et
586 1628 697 1662 angelis
713 1629 789 1662 eJus.
804 1638 817 1653 ))
835 1636 900 1663 quae
913 1631 954 1655 est

183 1681 263 1700 mors
277 1673 414 1700 secunda.
431 1674 610 1708 Apocalypsis
621 1675 631 1690 ⁷
648 1683 653 1701 z
674 1684 686 1698 «
698 1674 751 1707 Qui
768 1674 882 1708 vicerit,
893 1682 953 1701 non

183 1719 304 1747 laedetur
327 1729 344 1747 a
368 1723 461 1748 morte
486 1720 626 1748 secunda.
643 1730 656 1745 ))
685 1720 851 1747 Secundum
875 1721 953 1747 enim

183 1766 376 1800 Augustinum
386 1767 406 1800 ⁸,
421 1766 530 1801 duplex
546 1768 587 1792 est
601 1773 695 1799 mors,
709 1765 817 1792 scilieet
830 1767 951 1799 aeterna,

183 1819 248 1846 quae
269 1814 311 1839 est
331 1820 411 1839 mors
427 1811 636 1843 damnationis,
655 1813 681 1838 et
695 1813 737 1838 est
751 1819 830 1838 mors
843 1814 952 1846 tempo-

182 1857 260 1884 ralis
285 1859 318 1884 Et
344 1858 398 1884 ista
422 1865 502 1884 mors
531 1868 543 1882 α
564 1857 699 1892 migratio
725 1859 781 1892 est,
803 1858 951 1885 derelictio

183 1903 329 1938 corporis,
341 1903 484 1937 depositio
494 1903 613 1930 sarcinae
624 1903 729 1938 gravis.
745 1913 758 1928 «
768 1906 797 1930 Et
809 1904 845 1931 (10
856 1904 952 1939 prima

182 1948 312 1983 loquitur
326 1949 373 1975 hie
396 1949 536 1982 Salvator,
558 1949 639 1984 quod
663 1949 685 1975 si
709 1949 774 1984 quis
795 1949 952 1983 gustaverit

182 2002 347 2022 sermonem
368 2002 469 2028 suum,
491 2003 551 2022 non
570 1995 697 2028 gustabit
723 1996 847 2022 mortem
867 2004 873 2022 :
899 1995 950 2022 illa

181 2048 261 2067 mors
277 2042 318 2067 est
332 2047 447 2073 amara,
469 2043 511 2067 est
531 2040 667 2074 horrida,
689 2042 730 2067 est
751 2040 890 2068 tristativa
911 2041 949 2068 ad

181 2086 374 2120 gustandum,
390 2088 417 2113 et
431 2088 472 2113 est
484 2086 684 2120 amaritativa,
700 2088 727 2114 et
740 2087 873 2114 neoativa
887 2087 948 2114 sine

180 2132 248 2159 fine.
278 2132 358 2159 Unde
387 2132 423 2159 de
440 2133 544 2160 talibus
567 2132 606 2160 ait
628 2132 773 2168 propheta
791 2134 801 2149 ‘³
819 2141 826 2160 :
847 2134 948 2160 «Mors

181 2177 318 2213 depascet
333 2186 416 2206 eos.»

215 2225 258 2250 54.
275 2225 306 2251 Et
320 2224 451 2259 sequitur
466 2224 548 2251 tertia
560 2224 718 2259 particula,
734 2224 763 2251 in
777 2232 836 2259 qua
851 2226 947 2252 osten-

180 2269 221 2296 dit
248 2269 374 2297 Christus
399 2277 483 2297 suam
507 2270 709 2297 excellentiam
734 2272 761 2296 et
783 2270 947 2298 :eternitatis

179 2323 238 2341 sum
254 2315 480 2342 indeficientiam
490 2336 499 2348 ,
514 2315 555 2342 ibi
568 2325 574 2342 :
590 2316 735 2350 Respondit
749 2317 824 2343 Jesus
838 2324 847 2343 :
861 2316 891 2343 Si
901 2324 945 2350 eqo

178 2362 296 2395 ylorifico
308 2369 347 2388 me
362 2363 463 2396 ipsum,
481 2362 569 2395 gloria
584 2370 642 2389 mea
656 2363 726 2388 nihil
739 2365 787 2389 est.
804 2362 859 2389 Sed
874 2370 947 2397 qua-

178 2406 242 2434 liter
256 2408 296 2434 ait.
308 2407 377 2441 1100,
395 2407 465 2443 quia
478 2415 553 2442 saepe
567 2408 602 2435 de
614 2408 679 2443 ipso
693 2407 764 2435 dixit
778 2407 907 2442 gloriosa
919 2410 945 2435 et

210 2469 216 2483 ¹
241 2467 383 2498 Chrysus-t„
407 2468 431 2490 in
455 2467 536 2496 Amin„
558 2467 627 2490 hom.
654 2474 705 2496 mv,
725 2468 755 2490 al.
774 2474 814 2496 ιν,
832 2475 856 2491 11.
878 2470 899 2491 1.
913 2481 942 2485 -

179 2503 190 2518 ²
206 2502 262 2531 ins„
283 2509 336 2531 xlv,
352 2505 391 2526 23.
408 2515 435 2519 —
451 2502 459 2515 Ρ·
474 2504 543 2532 Sap„
559 2508 635 2532 ΧνιΗ,
659 2504 695 2526 15.
714 2515 743 2519 -
764 2504 769 2516 ⁸
784 2504 886 2531 levem„
901 2509 942 2532 xv,

182 2538 217 2560 16.
233 2550 262 2554 -
278 2538 288 2553 ⁵
305 2538 386 2567 Pron„
407 2543 453 2566 111,
474 2539 494 2560 1.
510 2550 540 2554 -
555 2540 563 2549 ”
582 2539 655 2567 Aug„
672 2537 714 2560 uhi
729 2544 795 2567 sup„
813 2544 838 2561 n.
860 2539 897 2561 11.
915 2550 939 2554 —

180 2571 187 2584 ⁷
200 2571 282 2601 Almo,
302 2578 330 2602 11,
353 2574 389 2596 11.
407 2585 436 2589 -
448 2574 455 2585 ⁸
472 2573 544 2602 Aue,
562 2572 622 2595 ibid.
635 2584 665 2588 -—
679 2574 688 2585 ‘³
705 2572 770 2596 I’sul.
789 2578 868 2596 xmni
880 2590 886 2601 ,
904 2574 939 2596 πεῖ.

182 2619 207 2623 -
224 2607 242 2621 ¹⁰
261 2607 399 2637 Chrysost„
419 2607 462 2630 ubi
480 2614 546 2637 sup.y
567 2614 592 2630 11.
614 2607 629 2629 2
653 2619 682 2624 --
698 2607 714 2622 ¹¹
733 2609 804 2637 sup„
821 2613 844 2636 v,
859 2609 897 2630 31.
914 2621 940 2624 -

181 2642 199 2656 ¹²
214 2641 313 2670 Manli„
331 2647 368 2670 111,
386 2643 423 2665 17.
439 2655 466 2659 -
484 2643 502 2658 ¹³
519 2642 575 2670 lull,
591 2648 637 2671 Mt,
657 2644 691 2666 ts.
709 2654 738 2659 —
751 2642 770 2658 ¹⁴
785 2642 867 2672 Helm,
883 2649 901 2672 1,
917 2646 940 2665 ζ).

1724 226 1781 259 387

1013 293 1183 328 magnifica,
1207 294 1235 320 et
1260 293 1341 329 quod
1365 294 1426 320 erat
1448 293 1568 329 aequalis
1591 293 1666 321 Patri
1688 303 1693 319 :
1715 302 1781 329 quse

1014 340 1114 366 omnia
1140 341 1207 366 sunt
1233 347 1327 366 vera:
1352 347 1420 373 ergo
1447 339 1685 366 inconvenienter
1707 340 1746 367 ait
1772 349 1778 366 :

1013 385 1094 420 quod
1113 385 1207 419 gloria
1229 393 1281 412 sua
1296 385 1368 412 nihil
1383 387 1434 412 est.
1450 387 1481 412 Et
1505 385 1544 412 ad
1566 385 1645 412 istud
1659 393 1781 420 respon-

1013 431 1062 457 det
1076 431 1298 466 Chrysostomus
1320 432 1340 448 ¹⁰
1355 431 1438 466 quod
1458 441 1470 456 1(
1485 431 1541 459 1100
1557 433 1598 459 est
1616 431 1781 465 intelligen-

1013 476 1084 502 dum
1105 480 1247 511 quantum
1264 477 1302 504 ad
1316 478 1411 512 ipsos,
1427 477 1499 504 sieut
1511 485 1600 513 supra
1613 477 1642 511 ¹¹,
1659 477 1780 512 quando

1013 522 1052 550 ait
1065 532 1071 549 z
1090 532 1102 547 «
1118 523 1145 550 Si
1160 523 1358 550 testimonium
1371 524 1513 558 perhibeo
1523 524 1559 551 de
1574 532 1617 551 me
1632 524 1712 559 ipso,
1726 526 1780 551 tes-

1012 568 1168 596 timonium
1178 577 1277 596 meum
1291 577 1350 596 non
1361 572 1402 597 est
1411 578 1525 603 verum,
1536 580 1548 596 ))
1564 570 1673 597 scilieet
1687 577 1781 605 quan-

1012 616 1074 642 tum
1087 615 1126 642 ad
1138 615 1258 642 illorum
1273 616 1478 651 suspicionem.
1495 616 1539 643 Sic
1554 616 1685 651 loquitur
1697 615 1777 643 hie.»

1014 661 1061 687 Est
1076 663 1164 688 eutem
1180 664 1259 695 pater
1282 669 1353 689 meus
1375 664 1423 696 qui
1440 663 1572 696 qlorz'ficat
1593 670 1650 696 me,
1672 662 1703 689 id
1725 663 1779 696 est,

1014 706 1176 741 gloriosum
1205 707 1350 741 ostendit,
1380 709 1411 734 ut
1437 708 1477 735 ait
1506 708 1665 735 anselmus.
1700 709 1782 735 Pater

1012 752 1186 786 glorificavit
1210 753 1313 780 Filium
1338 753 1367 780 in
1393 753 1554 788 baptismo,
1579 753 1699 789 quando
1723 761 1782 780 vox

1012 798 1138 825 intonuit
1152 800 1173 816 ¹2
1190 807 1196 826 ε
1215 808 1228 824 κ
1245 799 1292 825 Hie
1313 801 1355 826 est
1375 799 1452 826 filius
1467 808 1551 826 meus
1566 800 1696 827 dilectus.
1710 809 1724 825 ))
1742 799 1783 827 Si-

1013 844 1119 871 militer
1140 845 1171 871 in
1194 844 1449 879 transfiguratione
1472 846 1502 872 in
1528 847 1646 879 monte,
1671 847 1698 872 et
1716 847 1782 872 ante

1012 890 1180 925 passionem
1192 911 1199 923 ,
1215 891 1290 918 infra
1302 891 1322 908 ¹³
1339 899 1344 918 :
1366 893 1421 918 «Et
1435 892 1608 925 clarificavi,
1628 894 1655 919 et
1677 891 1782 919 clarifi-

1013 936 1103 970 cabo,-
1120 947 1132 961 ι)
1151 938 1178 963 et
1192 937 1222 963 in
1244 945 1296 964 sua
1311 937 1496 972 ascensione,
1515 937 1635 973 quando
1655 937 1782 965 colloca-

1012 982 1054 1009 vit
1066 982 1085 998 ¹'⁴
1103 982 1168 1009 «ad
1184 982 1334 1010 dexteram
1355 983 1523 1018 majestatis.
1540 993 1553 1010 ))
1570 986 1602 1011 Et
1617 984 1653 1011 de
1667 984 1723 1011 1100
1738 984 1782 1010 111-

1011 1028 1065 1055 fra.
1093 1028 1174 1060 Quem
1195 1037 1240 1056 vos
1264 1029 1371 1062 dicitis,
1397 1031 1462 1064 quia
1483 1033 1508 1057 et
1535 1031 1604 1057 Deus
1628 1033 1714 1057 vester
1728 1033 1782 1064 est,

1013 1074 1083 1109 quia
1108 1074 1194 1109 elegit
1215 1075 1361 1110 populum
1387 1076 1575 1103 Israeliticum
1601 1076 1621 1092 ¹²⁵
1647 1085 1653 1103 :
1679 1085 1692 1101 κ
1707 1077 1783 1109 Quo-

1012 1120 1102 1147 modo
1126 1121 1305 1156 portaverim
1328 1129 1381 1149 vos
1396 1130 1483 1157 super
1498 1122 1560 1149 alas
1575 1122 1752 1157 aquilarum.
1766 1132 1779 1147 ))

1012 1167 1044 1193 Et
1056 1166 1076 1182 ¹⁴³
1089 1175 1116 1193 2«
1130 1168 1171 1193 En
1184 1167 1314 1202 populus
1328 1168 1444 1203 sapiens
1459 1169 1486 1195 et
1500 1167 1680 1203 intelligens,
1695 1178 1709 1194 ))
1727 1170 1780 1195 ete.

1048 1214 1090 1239 55.
1106 1213 1141 1239 Ec
1159 1221 1211 1240 uon
1228 1215 1386 1247 cognovistis
1408 1222 1481 1247 eum,
1507 1214 1615 1241 scilieet
1637 1213 1706 1241 fide.
1727 1215 1782 1248 qu

1013 1261 1101 1284 antem
1115 1261 1177 1285 novi
1191 1267 1260 1292 eum,
1279 1259 1368 1294 plena
1382 1260 1494 1287 notitia.
1510 1260 1603 1295 Supra
1615 1261 1634 1279 ¹⁷
1651 1269 1677 1286 2«
1690 1261 1780 1287 Nemo

1012 1303 1085 1330 vidit
1099 1305 1204 1338 Deum,
1220 1314 1233 1330 ))
1251 1304 1305 1331 nisi
1324 1314 1337 1330 ι(
1352 1305 1534 1340 unigenitus,
1549 1305 1600 1340 qui
1615 1306 1656 1332 est
1670 1305 1700 1332 in
1716 1305 1781 1332 sinu

1012 1349 1134 1376 Patris.»
1153 1351 1187 1376 Et
1202 1351 1227 1377 si
1241 1350 1335 1377 dioeero
1349 1360 1357 1377 .·
1372 1353 1437 1385 quia
1446 1352 1531 1378 nescio
1542 1359 1609 1383 eum,
1625 1359 1667 1378 ero
1683 1352 1782 1378 similis

1011 1396 1084 1422 vobis
1094 1396 1208 1422 mendum
1220 1404 1227 1423 ι
1244 1396 1325 1431 quia,
1337 1398 1368 1423 ut
1378 1397 1417 1424 ait
1430 1397 1680 1432 Chrysostomus¹8
1691 1405 1717 1423 :a
1724 1398 1782 1424 Vos

1012 1441 1139 1468 dicentes
1168 1441 1241 1469 seire
1263 1449 1346 1476 eum,
1375 1443 1539 1469 mentimini
1565 1453 1571 1469 :
1596 1443 1652 1477 ita,
1678 1443 1701 1470 si
1726 1451 1780 1477 ego

1011 1487 1114 1514 dixero
1128 1487 1255 1521 nescire,
1275 1496 1326 1515 ero
1341 1488 1443 1515 similis
1456 1489 1551 1516 vobis.
1568 1499 1581 1515 ))
1599 1491 1631 1516 Et
1644 1489 1779 1523 Augusti-

1010 1541 1065 1560 nus
1081 1534 1102 1549 ¹⁰
1118 1542 1124 1560 :
1140 1534 1238 1566 «Quia
1254 1534 1399 1562 dicendo:
1416 1536 1486 1563 Novi
1496 1543 1565 1569 eum,
1579 1535 1780 1570 judicantibus

1010 1579 1173 1606 secundum
1189 1588 1322 1614 earnem,
1347 1582 1461 1616 poterat
1481 1581 1607 1616 judicari
1626 1589 1778 1616 arrogans.

1010 1625 1066 1652 Sed
1080 1626 1248 1660 arrogantia
1272 1634 1332 1653 non
1357 1626 1396 1654 ita
1411 1629 1557 1661 caveatur,
1573 1629 1605 1654 ut
1618 1627 1724 1655 veritas
1737 1635 1780 1654 re-

1010 1671 1168 1706 linquatur.
1184 1682 1196 1696 »
1215 1672 1283 1699 Ideo
1299 1672 1339 1699 510
1353 1673 1485 1708 loquitur
1496 1683 1502 1700 ;
1515 1673 1567 1700 Sed
1581 1675 1633 1700 scio
1644 1681 1716 1706 eum,
1728 1673 1779 1708 qui

1009 1724 1074 1744 sum
1095 1718 1223 1745 Verbum
1238 1720 1393 1753 aeternum,
1417 1721 1442 1745 ec
1457 1727 1599 1746 sermonem
1614 1720 1670 1753 ejus
1688 1727 1778 1753 servo,

1009 1763 1060 1797 qui
1074 1770 1139 1789 sum
1155 1764 1282 1791 Verbum
1296 1772 1364 1791 earo
1379 1764 1498 1798 factum,
1518 1772 1606 1800 supra
1619 1763 1649 1791 ²⁰.
1663 1766 1695 1791 Et
1709 1765 1779 1799 quia

1008 1807 1063 1843 ipsi
1080 1808 1116 1835 de
1137 1809 1285 1836 Abraham
1299 1810 1511 1844 gloriabantur,
1532 1812 1559 1837 et
1574 1810 1777 1844 dedignaban-

1008 1857 1054 1880 tur
1078 1855 1160 1889 quod
1184 1855 1311 1882 Christus
1332 1858 1406 1883 esset
1429 1856 1534 1890 major,
1555 1858 1676 1891 propter
1695 1856 1777 1891 quod

1008 1899 1144 1927 dixerunt
1159 1909 1248 1936 supra
1262 1900 1281 1916 ²¹
1300 1910 1306 1928 ς
1323 1902 1405 1934 Quem
1427 1905 1452 1928 te
1471 1903 1559 1937 ipsum
1573 1903 1662 1934 facis?
1675 1901 1706 1928 id
1721 1903 1776 1935 est,

1007 1947 1169 1981 quantum?
1184 1946 1251 1974 ideo
1269 1947 1308 1974 ait
1319 1947 1357 1982 (v.
1370 1947 1414 1982 56)
1427 1956 1433 1974 z
1450 1947 1586 1974 Abraham
1598 1949 1679 1981 pater
1693 1950 1778 1974 vester

1006 1994 1139 2020 eaeultavz't
1153 1995 1184 2019 ut
1203 1993 1305 2019 videret
1326 1993 1396 2020 diem
1417 2001 1517 2027 meum,
1540 1992 1571 2019 id
1590 1994 1646 2027 est,
1662 1995 1776 2028 tempus

1005 2039 1070 2066 vitce
1092 2047 1173 2066 mete.
1194 2039 1274 2066 Unde
1297 2038 1473 2073 Augustinus
1488 2039 1510 2055 11
1533 2047 1567 2065 2«
1587 2040 1650 2066 Non
1666 2039 1774 2074 timuit,

1005 2085 1056 2112 sed
1073 2085 1209 2112 exultavit
1223 2086 1254 2112 ut
1268 2084 1388 2111 videret.
1405 2085 1470 2112 Erat
1484 2084 1563 2111 enim
1578 2084 1608 2112 in
1630 2093 1664 2112 eo
1680 2085 1774 2113 ohari-

1004 2132 1048 2158 tas
1071 2140 1077 2157 :
1108 2131 1228 2158 credens
1250 2130 1390 2157 exultavit
1415 2130 1574 2165 sperando,
1603 2132 1635 2157 ut
1662 2131 1774 2159 videret

1003 2176 1202 2211 intelligendo.
1225 2186 1239 2201 ))
1260 2178 1294 2203 Ec
1317 2177 1403 2209 vidit,
1428 2179 1452 2203 et
1479 2177 1586 2210 gavisus
1615 2179 1662 2203 est.
1692 2177 1772 2204 Unde

1002 2223 1178 2257 Augustinus
1205 2222 1227 2238 ²³
1262 2231 1268 2248 :
1297 2231 1310 2246 «
1332 2222 1429 2255 Diem,
1462 2222 1493 2249 id
1527 2224 1568 2250 est
1602 2224 1693 2250 totam
1725 2223 1770 2250 vi-

1002 2272 1061 2298 tam
1091 2269 1205 2297 Domini
1232 2268 1440 2303 temporalem,
1473 2269 1524 2304 qui
1561 2269 1652 2297 nescit
1688 2277 1771 2297 occa-

1001 2324 1077 2349 sum,
1099 2315 1173 2342 vidit
1192 2314 1340 2342 Abraham
1361 2314 1510 2341 credendo
1531 2316 1559 2342 et
1577 2316 1735 2350 sperando.
1752 2327 1765 2342 n

1000 2363 1032 2388 Et
1045 2361 1118 2396 hoe,
1130 2360 1251 2396 quando
1262 2362 1318 2388 tres
1327 2360 1450 2395 angelos
1461 2360 1544 2396 vidit,
1554 2362 1582 2389 et
1590 2369 1683 2389 unum
1694 2361 1767 2391 ado-

1000 2463 1025 2466 —
1045 2450 1064 2465 ¹⁵
1083 2449 1173 2477 lia-od„
1193 2454 1252 2478 xix,
1271 2450 1293 2472 4.
1309 2463 1339 2467 —
1360 2449 1379 2465 ¹⁶
1395 2449 1479 2477 Dent„
1496 2455 1531 2480 ιν,
1546 2451 1570 2473 6.
1584 2463 1614 2468 -
1628 2451 1647 2466 11
1663 2451 1734 2481 Sup.‚
1747 2457 1765 2481 1,

999 2486 1036 2508 18.
1052 2497 1082 2502 —
1102 2485 1121 2499 111
1140 2484 1281 2514 Chrysost„
1303 2484 1344 2507 ubi
1363 2491 1419 2514 sup.
1440 2497 1471 2502 —-
1493 2486 1511 2501 ¹³
1534 2486 1608 2516 Aug„
1631 2485 1675 2509 ubi
1698 2492 1765 2515 sup„

997 2526 1023 2542 n.
1040 2521 1079 2543 15.
1092 2532 1118 2535 —-
1134 2519 1154 2535 ²⁰
1169 2521 1241 2548 sup.¹
1256 2524 1274 2548 1,
1292 2520 1328 2542 14.
1342 2531 1371 2536 -
1386 2520 1404 2535 2¹
1420 2520 1491 2551 Sup.,
1507 2521 1544 2544 53.
1560 2533 1589 2538 -—
1602 2521 1620 2534 2²
1634 2523 1708 2551 Aug.,
1722 2520 1765 2544 ubi

996 2562 1062 2585 sup„
1077 2562 1102 2577 n.
1121 2556 1157 2578 16.
1173 2567 1203 2571 -
1220 2554 1316 2578 13111111.

1029 2608 1062 2637 (a)
1074 2608 1134 2630 ΟΜ.
1145 2606 1205 2630 edit.
1218 2607 1403 2637 cognitionem3
1417 2608 1542 2639 chrysost.
1556 2610 1606 2639 ipse
1615 2609 1761 2639 συγγένειαν.

995 2656 1024 2659 -
1039 2642 1074 2671 (lt)
1091 2642 1150 2665 Coet.
1165 2642 1224 2665 edit.
1239 2642 1326 2665 vitam.
