1987 3032
708 199 914 231 EXPOSlTlO
938 199 977 231 IN
1000 200 1085 231 CAP.
1109 200 1171 232 XV.

146 271 262 298 lationis
276 267 426 304 adjunctio
435 265 610 293 :Mementote
619 267 748 293 sermonis
756 268 818 300 mei,
825 267 891 300 etc„
900 275 913 292 n

145 325 234 353 supra
247 318 255 334 ¹
269 325 276 344 :
295 325 309 341 «
323 316 386 342 Non
398 314 438 340 est
452 318 553 339 servus
568 311 663 345 major
677 312 800 339 domino
815 320 884 346 suo,
901 322 914 336 n

144 366 185 393 ita
198 365 306 393 scilicet
319 361 402 398 quod
414 368 514 388 servus
529 359 565 386 sit
579 359 654 386 liber
666 367 683 386 a
694 360 895 394 persecutione
904 381 912 394 ,

145 419 236 447 quam
245 410 352 445 patitur
363 407 510 435 Dominus.
520 406 590 432 Item
603 405 640 441 (a)
651 404 661 419 2²
669 415 674 431 :
681 416 694 430 α
702 406 915 447 Sufficitservo,

143 457 168 484 si
182 457 218 484 sit
231 456 305 483 sicut
322 453 459 481 Dominus
475 452 571 486 ejus.»
589 453 621 478 Et
634 451 701 478 ideo
719 452 849 487 sequitur
863 460 870 478 ε
887 451 917 478 Si

144 511 184 530 me
199 503 330 537 persecuti
349 502 426 533 sunt,
443 502 467 525 et
482 506 526 525 τος
540 501 741 532 persequentur,
763 498 793 525 in
808 498 916 533 quibus

143 556 198 583 ego
218 556 298 581 sum,
325 546 364 574 ait
388 545 498 573 Glossa.
523 543 575 571 Ubi
598 543 677 570 enim
701 543 806 571 eadem
828 551 916 571 causa

143 594 220 628 odji,
234 595 262 620 et
283 593 363 620 idem
387 592 505 619 effeetus
522 600 529 617 z
550 590 602 617 sed
624 598 670 618 me
685 593 752 618 sunt
772 591 916 626 persecuti

143 642 264 675 propter
291 639 425 666 virtutem
455 638 486 664 in
514 637 666 671 arguendo
703 645 806 664 eorum
838 637 917 664 mala

144 695 248 722 opera,
264 693 353 721 supra
366 687 376 702 ³
390 706 397 711 .
416 694 428 710 «
443 686 483 711 Me
507 684 568 711 odit
585 683 713 710 mundus
723 703 731 716 ‚
754 683 824 718 quia
838 682 916 710 testi-

143 734 277 760 monium
292 731 435 767 perhibeo
451 730 484 757 de
508 730 570 757 illo.
595 739 607 755 n
631 730 662 757 Si'
676 737 819 757 sermonem
832 737 916 756 meum

143 781 325 811 servaverunt,
337 780 402 809 etc„
423 777 505 812 quasi
522 776 631 803 diceret
651 776 684 811 (b)
700 785 706 803 :
723 777 861 803 Neutrum
876 776 917 802 fa-

144 825 229 852 cient.
245 825 255 840 *
281 824 363 856 «Qui
384 831 438 850 vos
463 822 588 857 spernit,
605 829 651 849 me
674 822 800 857 spernit;
818 823 845 848 et
865 822 915 856 qui

143 878 197 897 vos
223 870 319 904 audit,
348 877 396 896 me
419 868 509 896 audit.
533 877 545 893 n
573 869 634 895 lmo
664 867 821 894 consilium
847 867 917 894 inie-

142 918 224 950 runt,
241 918 273 943 ut
286 917 422 951 caperent
437 922 504 942 eum
517 914 547 940 in
562 921 706 941 sermone.

178 965 222 989 21.
257 964 291 989 Et
321 962 373 988 lzoec
405 962 507 994 facient
535 963 643 994 propter
673 968 765 987 nomen
798 968 882 987 meum
906 969 916 987 .-

145 1015 234 1035 «non
257 1010 404 1040 vestrum,
428 1017 442 1032 n
473 1007 512 1033 ait
539 1006 715 1040 Augustinus
739 1007 758 1033 ⁵.
788 1007 819 1032 Et
846 1006 915 1033 ideo

146 1064 159 1080 α
174 1056 254 1082 tanto
270 1054 450 1086 mjseriores,
472 1055 582 1087 quanio
606 1052 750 1079 beatiores
776 1053 826 1087 qui
851 1060 918 1087 pro-

142 1102 206 1136 pter
228 1101 284 1127 hoc
307 1108 413 1127 nomen
430 1099 484 1125 ista
495 1098 684 1134 patiuntur,»
703 1099 742 1125 ait
758 1099 837 1125 idem
860 1101 915 1126 Au-

143 1145 277 1181 gustinus
290 1146 309 1172 ⁵.
337 1146 347 1161 '¹
375 1154 389 1170 «
416 1144 493 1171 Beati
523 1143 573 1178 qui
603 1144 836 1178 persecutionem
866 1151 917 1179 pa-

142 1192 252 1220 tiuntur
269 1194 389 1227 propter
406 1191 557 1225 justitiam.
575 1200 588 1215 »
618 1192 648 1217 Et
671 1190 727 1217 boc
744 1200 751 1217 .-
778 1191 846 1224 Quia
869 1199 914 1217 ne-

142 1241 232 1266 sciunt
246 1247 318 1271 eum,
330 1240 377 1272 qui
390 1238 465 1264 misit
480 1245 536 1270 me,
550 1236 657 1263 scilicet
672 1236 791 1263 scientia
806 1236 895 1263 fidei⁸
908 1245 914 1263 ι

146 1294 159 1310 α
174 1287 262 1312 Nosse
276 1286 322 1317 te,
338 1286 540 1310 consummata
556 1282 666 1316 justitia
681 1284 730 1309 est.
748 1293 760 1307 n
777 1285 809 1310 Et
821 1283 856 1309 de
872 1283 917 1309 his

144 1331 368 1366 chrysostomus
382 1331 392 1346 '³
405 1339 411 1356 ι
429 1339 443 1354 α
452 1331 514 1356 Non
524 1336 574 1355 vos
585 1329 615 1362 (c)
628 1328 739 1355 turbari
748 1327 917 1363 oportetde-

142 1378 245 1405 bentes
252 1377 385 1412 praelium
393 1376 549 1410 suscipere,
560 1383 622 1402 non
637 1374 715 1402 enim
725 1383 772 1401 me
788 1375 854 1402 estis
867 1382 917 1409 po-

142 1423 241 1458 tiores,
252 1431 342 1458 quem
356 1425 455 1450 tamen
467 1421 609 1456 persecuti
625 1423 701 1448 sunt.
714 1431 727 1446 »
745 1421 801 1448 Sed
815 1420 918 1456 quaeri-

143 1472 190 1497 tur
207 1470 243 1497 de
256 1470 312 1497 hoc
323 1490 330 1503 ,
348 1468 431 1504 quod
445 1468 501 1495 ait:
519 1467 634 1494 Mundus
649 1475 694 1494 tvos
707 1467 775 1501 odit,
789 1466 839 1502 qui
850 1474 917 1494 con-

142 1516 264 1544 trarium
279 1516 317 1543 ait
333 1523 422 1550 supra
438 1515 457 1531 ¹⁰
473 1523 479 1541 z
499 1523 513 1539 «
527 1516 590 1541 Non
608 1515 703 1548 potest
716 1513 846 1540 mundus
864 1521 917 1541 vos

143 1563 269 1596 odissse,
281 1573 294 1587 ι)
305 1564 358 1590 etc.
372 1564 403 1589 Et
416 1561 455 1589 ad
470 1561 543 1588 illud
558 1560 818 1595 respondendum,
835 1560 917 1595 quod

146 1609 189 1637 ibi
207 1609 338 1644 loquitur
361 1608 461 1643 quoad
483 1607 567 1640 illos,
593 1607 644 1641 qui
665 1609 746 1633 erant
766 1606 917 1641 imperfec-

146 1655 248 1689 tiores,
257 1658 284 1682 et
295 1657 436 1691 quantum
447 1653 485 1681 ad
493 1652 914 1688 affectionesimperfecti01=es;

143 1702 191 1730 hic
205 1704 303 1730 autem
325 1702 456 1737 loquitur
477 1701 514 1728 de
533 1700 607 1734 illis,
624 1700 654 1727 in
677 1702 821 1735 quantum
835 1702 918 1727 erant

143 1748 272 1784 perfecti,
280 1751 307 1775 et
317 1748 445 1775 maxime
454 1755 508 1782 pro
519 1748 605 1779 statu,
615 1746 645 1772 iu
656 1754 716 1781 quo
732 1748 815 1773 erant
828 1745 916 1773 futuri

141 1797 209 1830 post
232 1794 436 1830 impletionem
459 1792 580 1827 Spiritus
609 1792 723 1819 sancti:
747 1794 812 1818 ante
834 1792 917 1826 cujus

144 1841 303 1868 adventum
325 1842 406 1867 erant
426 1839 535 1872 timidi3
559 1838 610 1865 sed
633 1840 698 1873 post
719 1838 781 1872 ejus
805 1838 916 1865 adven-

142 1889 205 1914 tum
219 1889 302 1914 erant
318 1886 393 1913 adeo
411 1885 507 1921 parati
530 1885 559 1911 in
582 1884 720 1912 omnibus
735 1884 896 1918 gaudentes
906 1905 915 1918 ‚

143 1933 216 1960 sicut
239 1932 435 1967 exemplificat
449 1931 604 1966 Gregorius
620 1932 650 1957 ¹¹.
677 1931 749 1957 ltem
773 1930 913 1965 quaeritur

143 1979 180 2006 de
195 1979 267 2012 hoc,
290 1978 372 2014 quod
392 1978 430 2005 ait
444 1977 620 2012 Augustinus
635 1976 665 2010 ¹²,
685 1976 767 2011 quod
785 1976 915 2004 mundus

143 2025 207 2053 odit
220 2024 381 2057 mundum,
405 2032 474 2051 cum
498 2023 609 2050 dicatur
625 2023 646 2040 ¹³
673 2031 680 2049 z
699 2022 839 2056 «Diligite
861 2022 916 2050 ini-

143 2071 236 2098 micos
249 2073 392 2098 vestros.»
411 2069 467 2097 Sed
483 2069 538 2105 ipsi
553 2071 619 2096 sunt
633 2068 780 2103 mundus,
796 2069 847 2104 qui
861 2076 915 2096 vos

143 2117 205 2144 odit
221 2126 228 2144 2
245 2124 314 2151 ergo
337 2116 522 2151 praecipimur
543 2115 664 2149 diligere
685 2114 848 2149 mundum3
865 2123 914 2143 cu-

140 2163 189 2198 jus
203 2162 382 2190 contrarium
398 2162 418 2178 ¹⁶
434 2171 440 2188 :
453 2171 465 2187 «
480 2161 573 2189 Nolite
589 2161 711 2196 diligere
728 2161 886 2189 mundum.
899 2173 911 2187 η

142 2209 174 2236 Et
188 2208 226 2236 ad
242 2208 319 2236 istud
334 2208 492 2244 respondet
516 2207 694 2241 Augustinus
718 2207 799 2242 quod
814 2208 915 2242 praeci-

176 2277 180 2290 ¹
197 2277 268 2307 sup„
286 2282 343 2306 xiii,
360 2276 560 2306 16;Muttlz.‚x,
574 2277 649 2299 24.—
663 2276 671 2289 ²
688 2275 786 2305 Matth„
800 2281 826 2304 x,
845 2277 916 2300 25.—

144 2311 152 2326 ³
167 2312 238 2342 Sup.,
253 2317 298 2339 vu,
309 2313 365 2335 ’1.-
375 2311 385 2327 ⁴
401 2312 467 2341 Luc„
480 2317 504 2341 x,
518 2313 587 2335 ta—
601 2312 612 2328 ⁵
624 2314 698 2341 Aug„
713 2311 738 2334 in
750 2311 832 2338 Joan„
843 2313 913 2336 tract.

144 2352 270 2374 Lxxxvut.
285 2353 311 2371 n.
324 2348 380 2370 2.—
395 2347 404 2360 '³
419 2346 514 2370 lbid.—
536 2347 543 2360 ⁷
563 2346 664 2376 Mami„
681 2351 704 2375 v,
726 2347 795 2370 10.—
815 2346 826 2362 ⁸
844 2347 914 2378 Sue,

144 2387 186 2411 xv,
203 2383 227 2406 3.
240 2395 266 2399 —-
279 2383 288 2397 ⁹
300 2381 443 2413 chrysost„
457 2383 481 2405 in
495 2382 577 2412 Jotm„
588 2382 657 2405 hom.
670 2386 757 2410 mxw,
769 2381 802 2405 al.
814 2387 915 2412 mxvu,

144 2424 170 2441 n.
196 2419 219 2441 2.
243 2431 274 2435 —
297 2418 318 2435 ¹⁰
338 2418 410 2448 Sup.‚
436 2423 485 2446 vn,
509 2418 532 2441 Ἰ.
556 2430 581 2434 --
606 2417 624 2433 ¹¹
648 2417 734 2446 Greg,
759 2417 783 2440 in
808 2417 914 2449 Evanq„

144 2452 214 2477 hom.
242 2459 308 2483 xxx,
334 2459 360 2476 n.
388 2455 400 2475 ὅ
429 2454 453 2475 et
475 2459 528 2482 seq.
551 2465 581 2469 —
606 2452 626 2468 ¹²
647 2453 762 2482 August„
786 2453 810 2475 in
833 2452 914 2484 donn„

144 2489 217 2511 tract.
235 2493 358 2518 Lxxxvu,
375 2495 400 2511 n.
421 2489 449 2517 4,
464 2488 547 2518 quoad
565 2494 682 2517 sensum,
698 2489 722 2511 et
739 2487 797 2511 alibi
811 2489 914 2518 passim.

145 2534 176 2540 —
192 2522 210 2538 ’3
224 2522 326 2552 ΜαίίΙι.,
340 2529 364 2553 v,
382 2524 421 2546 41.
435 2536 466 2540 -
483 2523 500 2539 ¹⁴
516 2523 523 2545 1
539 2523 622 2551 loun„
636 2528 667 2552 11,
686 2524 721 2545 15.
736 2535 767 2539 —
784 2522 913 2555 ¹⁵11Cor¹⁷

146 2562 185 2587 vi,
207 2558 244 2580 it.
269 2570 299 2576 —
317 2558 340 2575 ¹⁸
357 2558 428 2588 Sap„
452 2563 484 2587 11,
508 2559 545 2582 15.
568 2570 599 2575 —-
623 2558 639 2571 ¹⁷
664 2559 736 2587 sup„
756 2563 803 2588 111,
825 2560 863 2582 20.
885 2573 915 2578 —

144 2592 164 2608 ¹·
180 2592 261 2622 Pron„
277 2599 317 2623 ix,
331 2595 354 2617 8.
369 2606 399 2611 —-
419 2593 436 2609 ¹⁹
450 2594 534 2623 Amos,
551 2598 580 2623 v,
598 2594 636 2617 10.
651 2605 679 2610 —
695 2592 714 2609 ²⁰
729 2593 798 2621 Gen„
814 2600 914 2626 xxxvii,

146 2628 167 2650 t.
188 2639 217 2643 —
237 2628 258 2644 ¹¹
279 2628 364 2657 Lavit,
389 2634 448 2658 xix,
474 2630 509 2652 17.
533 2641 562 2646 —
585 2628 603 2642 ²²
628 2629 634 2650 Ι
661 2629 741 2656 loon..
764 2633 810 2659 111,
831 2632 866 2655 ¹5.
885 2645 915 2649 —

1691 210 1745 239 461

973 267 1071 302 pimur
1086 267 1209 303 diligere
1225 269 1377 304 opificium
1392 270 1458 304 Dei,
1473 272 1500 298 et
1515 271 1644 300 diversas
1659 273 1746 302 boni-

973 312 1037 340 tatis
1052 321 1110 340 sure
1125 315 1361 350 constitutiones;
1384 316 1487 344 vitium
1509 320 1607 345 autem
1622 319 1744 354 diligere

972 359 1174 394 prohibemur,
1191 364 1243 389 etc.
1260 363 1292 389 Et
1309 362 1351 389 ibi
1375 363 1452 390 bene
1474 363 1512 391 de
1531 365 1596 392 hoc.
1614 367 1646 393 Et
1667 368 1747 401 patet

972 404 1019 431 hic
1034 406 1153 440 mundi,
1169 407 1199 434 id
1219 410 1277 441 est,
1295 410 1460 436 amatorum
1480 410 1543 444 ejus
1555 412 1745 446 perversitas,

973 450 1081 478 scilicet
1109 453 1190 487 quod
1214 454 1278 481 odit
1308 454 1412 482 Filium
1437 456 1501 490 Dei,
1526 457 1577 492 qui
1601 459 1642 484 est
1669 458 1746 484 veri-

972 498 1032 530 tas,
1062 500 1089 524 et
1116 498 1276 534 discipulos
1302 501 1384 536 ejuS,
1413 505 1533 537 propter
1552 503 1648 538 ipsam
1673 504 1746 531 veri-

972 545 1070 571 tatem.
1100 546 1180 572 Uude
1204 547 1291 581 tales,
1317 548 1426 576 scilicet
1451 550 1610 584 mundani,
1641 551 1746 579 odiunt

973 590 1132 625 discipulos
1147 592 1249 620 Christi
1267 594 1306 620 ob
1328 594 1391 622 vitae
1415 595 1697 632 dissimilitudinem,
1714 600 1746 624 ut

973 637 1080 663 tactum
1097 640 1137 664 est
1153 638 1183 665 in
1199 640 1383 674 expositione
1398 641 1529 669 littei-{12¹⁵
1546 652 1572 668 :«
1587 644 1655 676 Quae
1665 643 1745 670 enim

973 684 1014 709 est
1040 684 1223 720 participatio
1246 686 1363 720 justitiae
1389 695 1456 714 cum
1478 689 1630 724 iniquitate
1642 691 1656 716 ἰ)
1669 700 1682 716 »
1714 691 1748 717 ut

972 730 1080 756 tactum
1105 732 1146 757 est
1166 739 1265 766 supra.
1283 733 1303 749 ¹⁵
1321 742 1333 758 «
1349 733 1499 761 Dissimilis
1515 737 1557 762 est
1575 736 1662 763 nobis
1684 736 1745 764 vita

973 776 1043 810 ejus.
1063 787 1075 801 n
1094 777 1164 804 Item
1179 778 1283 806 odiunt
1302 782 1423 815 propter
1446 781 1512 808 vitae
1533 782 1680 816 justorum
1698 783 1744 810 lu—

972 821 1185 856 minositatem,
1211 826 1239 851 et
1263 824 1396 859 ipsorum
1418 827 1483 854 vitae
1503 827 1744 863 horribilitatem,

972 875 1061 902 supra
1076 868 1096 885 ¹⁷
1112 878 1119 895 z
1135 870 1216 902 «Qui
1235 871 1312 898 male
1334 872 1408 906 agit,
1433 873 1496 900 odit
1515 873 1620 901 lucem.
1639 884 1653 901 »
1676 876 1745 903 ltem

973 913 1077 941 odiunt
1098 915 1191 949 justos
1212 920 1331 952 propter
1355 918 1495 946 doctrinae
1517 928 1620 947 eorum
1642 921 1746 949 verita-

973 961 1041 987 tem.
1059 961 1077 977 ¹8
1097 970 1110 986 «
1123 962 1187 988 Noli
1202 970 1323 997 arguere
1335 964 1505 1000 derisorem,
1517 974 1553 993 ne
1569 967 1665 994 oderit
1676 969 1712 995 te.
1730 978 1743 994 »

974 1006 993 1022 ²⁹
1007 1017 1020 1031 «
1029 1007 1101 1034 Odio
1109 1007 1277 1036 habuerunt
1285 1010 1491 1046 corripientem
1501 1012 1530 1039 in
1540 1015 1659 1048 porta.»
1675 1015 1745 1041 Item

974 1052 1078 1080 odiunt
1098 1054 1168 1081 tales
1190 1055 1283 1089 justos
1307 1057 1346 1084 ob
1368 1057 1536 1085 invidentite
1556 1059 1745 1094 pravitatem,

975 1101 1002 1125 et
1018 1100 1225 1135 temporalium
1240 1102 1429 1137 cupiditatem
1446 1104 1467 1120 ²⁰
1486 1113 1492 1132 z
1511 1114 1523 1130 «
1538 1105 1664 1133 Oderant
1678 1114 1746 1133 eum

973 1144 1075 1173 fratres
1089 1146 1146 1180 sui,
1174 1155 1228 1174 nec
1247 1151 1383 1183 poterant
1398 1150 1423 1177 ei
1445 1151 1610 1186 quidquam
1624 1152 1746 1188 pacifice

973 1191 1067 1227 loqui.
1084 1203 1097 1218 »
1117 1195 1146 1220 Et
1168 1193 1235 1221 ideo
1252 1195 1384 1223 odientes
1398 1196 1439 1223 sic
1456 1199 1523 1224 sunt
1544 1197 1652 1225 divinae
1673 1198 1746 1233 legis

973 1240 1211 1274 transgressores,
1228 1240 1299 1275 quia
1314 1241 1417 1268 odium
1433 1242 1593 1270 fraternum
1603 1245 1744 1279 prohibe-

975 1286 1019 1311 tur
1031 1290 1049 1305 21
1062 1295 1085 1312 :a
1100 1288 1162 1313 Zion
1179 1287 1276 1314 oderis
1294 1288 1410 1316 fratrem
1425 1289 1456 1316 in
1471 1290 1560 1317 corde
1577 1292 1662 1318 tuo.»
1677 1293 1745 1319 ltem

973 1333 1039 1358 sunt
1062 1331 1134 1366 legis
1156 1332 1302 1361 charitatis
1316 1336 1567 1370 praevaricatores,
1590 1345 1656 1372 quae
1674 1345 1746 1372 prce-

973 1377 1042 1412 cipit
1056 1378 1103 1405 hie
1120 1379 1241 1413 diligere
1265 1380 1304 1407 ad
1326 1381 1453 1409 invicem
1472 1391 1478 1408 :
1496 1385 1523 1410 et
1537 1383 1605 1410 ideo
1621 1386 1687 1411 sunt
1701 1384 1746 1411 sui

972 1423 1105 1458 ipsorum
1121 1425 1294 1460 homicidae,
1315 1428 1342 1453 et
1356 1428 1500 1456 occisores
1513 1427 1534 1445 ²2
1556 1438 1563 1456 :
1584 1438 1597 1454 «
1611 1429 1666 1462 Qui
1681 1429 1743 1458 odit

972 1470 1091 1498 fratrem
1106 1479 1208 1506 suum,
1226 1472 1377 1501 homicida
1398 1475 1448 1500 est.
1465 1484 1479 1500 »
1497 1475 1576 1502 Unde
1601 1476 1744 1503 mundani

973 1515 1045 1542 tales
1060 1516 1164 1544 odiunt
1179 1518 1329 1546 veritatem
1345 1522 1372 1546 et
1385 1520 1567 1555 aequitatem,
1588 1523 1619 1549 ut
1634 1521 1745 1550 dictum

973 1565 1024 1590 est.
1040 1565 1110 1591 ltem
1125 1564 1229 1592 odiunt
1248 1565 1380 1593 animam
1393 1575 1494 1601 suam,
1514 1570 1601 1603 prout
1624 1568 1663 1596 ait
1677 1570 1745 1596 Pro-

971 1609 1059 1644 pheta
1073 1609 1093 1627 2³
1106 1619 1113 1637 ε
1127 1611 1203 1643 «Qui
1218 1611 1313 1646 diligit
1328 1612 1525 1648 iniquitatem,
1540 1614 1602 1642 odit
1615 1615 1745 1643 animam

973 1663 1067 1683 suam.
1080 1667 1093 1682 »
1111 1657 1204 1692 Super
1217 1658 1299 1692 quod
1314 1659 1492 1693 Augustinus
1504 1660 1552 1687 hic
1566 1660 1588 1677 ‘³²
1603 1669 1630 1688 :a
1645 1661 1745 1689 Odisse

971 1709 1002 1728 se
1018 1701 1134 1735 dicitur,
1150 1703 1292 1738 quoniam
1305 1704 1362 1731 hoc
1379 1705 1462 1740 quod
1475 1705 1529 1733 sihi
1540 1709 1626 1734 nocet
1639 1707 1742 1742 diligit.

972 1747 1038 1774 Odit
1053 1755 1124 1782 ergo
1140 1748 1170 1775 in
1181 1757 1211 1776 se
1226 1752 1362 1778 naturam
1372 1771 1381 1785 ,
1395 1751 1490 1786 diligit
1504 1752 1616 1780 vitium.
1633 1764 1646 1779 n
1662 1754 1745 1782 Etibi

970 1793 1047 1820 bene
1069 1793 1105 1820 de
1126 1794 1194 1822 hoc.
1218 1795 1338 1823 Multum
1367 1804 1437 1831 ergo
1460 1799 1526 1825 sunt
1550 1799 1680 1833 perversi
1704 1800 1744 1826 sic

972 1839 1103 1867 odientes
1121 1841 1226 1868 Filium
1243 1842 1307 1875 Dei,
1332 1845 1359 1869 et
1385 1842 1492 1871 electos
1514 1844 1590 1879 ejus,
1608 1847 1636 1872 et
1657 1846 1744 1874 etiam

970 1886 1083 1913 animas
1097 1894 1173 1914 suas.
1190 1887 1217 1914 Si
1232 1888 1329 1921 enim,
1345 1890 1376 1916 ut
1391 1889 1430 1916 ait
1448 1891 1623 1925 Augustinus
1636 1892 1658 1908 2⁵
1673 1892 1745 1919 reci-

970 1932 1035 1960 tans
1050 1932 1160 1960 dictum
1174 1934 1287 1961 Senecae
1304 1942 1310 1961 z
1330 1944 1342 1960 «
1358 1937 1464 1963 Omnes
1480 1936 1555 1970 odit,
1578 1937 1630 1972 qui
1647 1938 1742 1966 malos

971 1979 1033 2006 odit
1050 1987 1056 2005 :
1074 1989 1086 2005 >³
1105 1981 1131 2006 et
1146 1980 1259 2007 Boetius
1276 1980 1297 1996 ²⁶
1315 1990 1320 2006 :
1343 1990 1356 2006 «
1379 1983 1475 2010 Bonos
1496 1983 1579 2018 quis,
1601 1983 1656 2010 nisi
1671 1984 1741 2012 stul-

970 2024 1110 2059 tissimus,
1132 2025 1228 2053 oderit
1246 2026 1306 2061 (d)‘.²
1326 2027 1420 2055 malos
1443 2030 1541 2056 autem
1561 2029 1676 2064 odisse,
1697 2038 1743 2058 ra-

971 2071 1048 2099 tione
1072 2073 1166 2106 caret,
1189 2072 1258 2107 quia
1285 2073 1309 2100 si
1331 2073 1400 2108 regri
1421 2082 1545 2109 corpore
1568 2078 1635 2103 sunt
1657 2077 1742 2104 mise-

969 2117 1075 2152 randi,
1090 2118 1255 2145 mundandi
1266 2128 1275 2153 ,
1304 2119 1397 2147 multo
1418 2120 1514 2155 magis
1536 2121 1594 2154 illi,
1614 2130 1742 2156 quorum

970 2165 1081 2191 mentes
1096 2164 1268 2199 improbitas
1284 2167 1381 2200 urget3
1398 2166 1490 2194 multo
1508 2167 1602 2202 magis
1625 2168 1676 2203 qui
1690 2169 1742 2197 bo-

970 2218 1025 2238 nos
1039 2210 1111 2244 odit,
1127 2210 1311 2239 stultissimus
1333 2213 1390 2246 est,
1406 2214 1434 2239 et
1447 2213 1560 2240 ratione
1577 2216 1654 2242 caret
1666 2215 1710 2250 (e).
1725 2225 1739 2242 n

970 2273 991 2290 ²³
1002 2272 1067 2296 Psnl.
1084 2279 1110 2301 x,
1125 2274 1148 2296 6.
1163 2285 1188 2289 -
1206 2272 1227 2289 ²⁴
1241 2273 1315 2303 Aug„
1332 2273 1374 2297 ubi
1388 2280 1444 2304 sup.
1454 2287 1484 2291 —
1496 2274 1574 2305 ²⁵1d.,
1586 2275 1621 2299 ud
1634 2277 1740 2309 Maced„

971 2308 1043 2338 epist.
1062 2313 1114 2337 LIV,
1133 2308 1165 2331 al.
1188 2314 1265 2337 cmu,
1280 2314 1306 2332 n.
1324 2309 1361 2332 14.
1377 2321 1405 2325 —
1426 2309 1446 2324 ²⁸
1464 2310 1546 2340 Boet„
1565 2309 1594 2334 de
1615 2311 1740 2337 Consolat.

970 2343 1074 2373 Philon,
1090 2343 1134 2367 lib.
1153 2344 1195 2373 lv,
1210 2350 1279 2373 prus.
1296 2346 1318 2373 4,
1334 2343 1359 2367 in
1375 2343 1433 2367 fine.

1002 2384 1036 2415 (a)
1053 2384 1111 2409 Coet.
1127 2384 1186 2407 edil.
1205 2385 1317 2408 idem.—
1333 2384 1367 2414 (b)
1382 2384 1505 2410 dicerent.
1519 2400 1548 2404 —
1564 2388 1595 2418 (e)
1610 2389 1671 2413 Item
1682 2397 1738 2414 nos.

971 2422 1050 2444 Graec.
1066 2421 1134 2449 ὑμᾶς.
1151 2432 1181 2436 -
1194 2420 1228 2450 (tl)
1247 2420 1306 2443 Ca-t.
1325 2419 1386 2442 edit.
1407 2420 1468 2445 odit.
1484 2435 1515 2439 —
1529 2422 1561 2452 (e)
1579 2423 1663 2448 Totum
1677 2425 1740 2449 lium:

970 2456 1048 2478 locum
1060 2456 1094 2478 sic
1104 2454 1175 2484 refice
1232 2457 1309 2478 caret.
1322 2455 1385 2478 Nam
1396 2455 1469 2479 sicuti
1479 2463 1614 2487 corporum
1625 2459 1738 2491 languor,

970 2490 1005 2514 ita
1016 2490 1137 2514 vitiositas
1152 2490 1254 2520 quidam
1265 2492 1302 2514 est
1316 2490 1388 2521 quasi
1398 2491 1502 2515 morbus
1512 2493 1663 2519 animorum.
1676 2495 1737 2519 Cum

970 2532 1054 2556 aegros
1067 2531 1175 2554 corpore
1191 2525 1294 2548 minime
1309 2525 1400 2555 dignos
1419 2526 1491 2557 odio,
1507 2528 1551 2552 sed
1569 2529 1651 2558 potius
1665 2530 1738 2554 mise-

970 2561 1067 2584 ratione
1081 2560 1239 2591 judicemus,
1253 2560 1332 2584 multo
1347 2560 1428 2592 magis
1447 2568 1500 2586 non
1514 2563 1677 2594 insequendi,
1694 2566 1738 2590 sed

971 2595 1106 2619 miserendi
1122 2597 1194 2626 sunt,
1217 2602 1324 2626 quorum
1340 2599 1438 2620 mentes
1453 2598 1522 2621 omni
1535 2598 1655 2629 languore
1668 2602 1739 2625 atro-

971 2632 1025 2655 cior
1040 2634 1112 2662 urget
1127 2631 1286 2660 improbitas.
1301 2632 1351 2655 Nec
1362 2631 1447 2662 plura.
