1987 3032
670 214 709 246 IN
732 215 816 245 CAP.
837 214 876 245 xl
899 213 1037 245 SANCTI
1059 213 1232 246 JOANNIS.

152 283 398 320 phantasticarum
418 281 573 309 simulatio.
591 282 622 308 Et
640 288 676 308 ex
693 280 738 307 his
757 279 919 316 aliquando

153 329 250 357 laetitia
262 337 339 357 vana
351 329 379 356 et
391 327 496 361 inaniS,
508 329 536 354 et
549 326 661 354 tristitia
676 326 883 354 irrationabilis
895 324 917 352 ¹:

157 375 255 403 «Sicut
269 374 394 402 somniat
407 373 553 407 esuriens,
570 384 582 398 n
601 375 654 400 etc.
674 374 706 399 Et
720 374 761 399 est
776 372 920 399 malorum

155 424 182 450 et
199 421 399 457 periculorum
418 420 633 447 imminentium
648 420 814 454 ignorantia
833 422 860 446 et
879 419 921 446 in-

155 466 349 496 consideratio
361 466 390 493 ⁹:
410 468 598 502 «Usquequo,
614 467 707 501 piger,
723 466 877 493 dormis‘b)
891 467 922 493 Et

155 513 305 549 sequitur:
326 522 338 537 «
355 512 454 539 Veniet
474 512 527 539 tibi
549 512 633 547 quasi
654 512 749 539 viator
769 514 889 546 egestas.
906 522 919 536 »

154 559 252 587 Merito
274 566 345 594 ergo
364 567 417 594 per
437 567 574 586 somnum
598 566 676 585 mors
697 558 807 593 peccati
827 558 922 592 signa-

153 607 210 632 tur.
223 606 233 622 ³
251 615 264 630 «
276 605 400 638 Quando
414 605 487 632 solet
498 613 587 640 sopor
597 613 742 640 occupare
753 605 895 632 homines.
906 614 920 630 »

153 652 196 679 lbi
220 651 375 686 Gregorius
398 650 419 685 ὁ,
445 651 526 687 quod
558 660 571 676 t(
587 659 639 686 per
660 659 798 678 somnum
822 652 924 686 torpor

155 697 339 733 negligentiae
354 698 516 732 signatur.»
530 698 598 725 ⁵«Si
612 697 770 731 dormiero,
787 697 853 724 dico
867 698 902 733 (a)
916 706 922 724 :

155 744 278 778 Quando
294 752 413 778 surgam
424 744 458 780 (b)
472 753 500 771 z),
513 745 523 760 θ
533 754 545 769 «
557 744 685 771 Dormire
698 745 739 771 est
755 744 784 770 in
798 743 924 779 peccatis

153 790 283 825 jacere.»
294 789 304 804 ⁷
317 790 399 816 «Eris
411 790 483 817 sicut
497 790 646 817 dormiens
656 790 685 816 in
696 789 794 816 medio
804 789 889 823 mari,
900 791 927 816 et

157 836 241 871 quasi
264 836 374 870 sopitus
398 836 591 871 gubernator,
606 846 619 860 »
645 838 697 862 etc.
722 837 753 862 Et
774 835 923 870 sequitur:

161 881 415 909 «verberaverunt
438 890 501 916 me,
520 884 546 908 et
566 889 627 908 non
647 881 765 908 dolui.»
791 881 835 908 Sic
857 881 926 908 dor-

158 928 296 954 mientem
321 927 464 954 lethaliter
475 949 482 961 ,
511 928 559 955 vel
585 927 796 961 somniantem,
824 927 927 954 excitat

160 973 299 1000 Dominus
327 973 472 1000 infusione
496 974 594 1008 gratiae
619 982 692 1007 suae,
716 973 844 1000 clamore
866 981 926 999 suae

160 1019 310 1053 doctrinae,
321 1019 511 1047 illustratione
522 1020 667 1055 sapientire
682 1028 749 1053 suae,
765 1019 927 1054 etimpulsu

161 1065 356 1100 castigationis
370 1074 437 1092 suae.
451 1065 600 1093 Dormiens
616 1066 687 1092 solet
700 1065 818 1092 excitari
833 1064 928 1092 infusa

160 1111 360 1146 vigoratione,
393 1114 421 1139 et
447 1120 555 1139 sonoro
584 1112 712 1138 clamore
724 1132 732 1145 ,
758 1113 785 1138 et
810 1111 929 1138 luminis

161 1157 346 1191 subitatione,
364 1159 391 1185 et
405 1158 538 1192 ejusdem
556 1158 750 1193 impulsione,
766 1158 839 1184 sicut
852 1158 930 1192 patet

162 1203 201 1230 ad
213 1211 329 1230 sensum
342 1212 348 1230 :
362 1203 402 1230 sic
413 1203 599 1239 spiritualiter
612 1204 715 1231 excitat
729 1203 878 1236 Dominus,
889 1203 931 1230 in-

162 1249 224 1276 fusa
236 1249 328 1284 gratia
337 1250 512 1284 poenitentiae
527 1250 621 1285 (unde
638 1257 726 1285 supra
738 1249 844 1277 eodem
858 1258 864 1275 ι
879 1249 932 1281 ραι·

162 1297 247 1323 credit
261 1297 289 1322 in
304 1304 353 1329 me,
370 1297 395 1322 εἰ
410 1300 528 1323 mortuus
539 1298 635 1329 fuerit,
653 1298 730 1329 etc.),
745 1295 930 1329 morientem,

163 1343 187 1370 si
200 1345 297 1370 tamen
317 1343 418 1378 postea
438 1342 537 1369 credat
551 1342 609 1369 fide
626 1344 765 1377 operante
780 1349 832 1377 per
844 1341 933 1368 dilec-

163 1389 272 1416 tionem
287 1397 292 1415 :
311 1389 408 1416 vivent
420 1388 485 1415 vitre
500 1389 533 1424 (c)
550 1389 657 1424 gratize.
673 1390 743 1416 Item
758 1388 862 1415 excitat
875 1388 933 1415 cla-

163 1443 245 1462 more
274 1443 332 1461 suae
360 1434 515 1469 doctrinae3
540 1435 618 1462 unde
641 1443 729 1470 supra
745 1436 754 1451 ⁸
776 1445 782 1462 :
807 1435 933 1464 «Stabat

164 1482 244 1508 Jesus
259 1483 286 1508 et
309 1481 489 1508 clamabat.»
508 1482 576 1508 Εἴθε
595 1481 762 1516 «Sapientia
775 1481 845 1508 foris
859 1489 932 1517 prae-

165 1526 275 1553 dicat.»
296 1528 325 1553 Et
343 1527 494 1562 sequitur:
514 1536 527 1552 «
540 1529 571 1555 ln
587 1528 679 1562 capite
699 1527 853 1554 turbarum
872 1528 933 1554 cla-

163 1573 254 1599 mitat.
265 1582 277 1597 ι)
291 1574 323 1600 Et
337 1572 377 1599 sic
391 1573 517 1601 Christus
532 1573 635 1600 excitat
649 1576 708 1600 tam
721 1581 774 1608 per
788 1581 828 1607 se,
844 1581 934 1609 quam

163 1626 217 1653 per
241 1618 399 1654 prophetas
423 1620 467 1646 ¹⁰:
488 1619 768 1654 «Expergiscimini,
798 1620 882 1653 ebrii,
908 1622 935 1647 et

164 1664 240 1691 flete.
252 1674 265 1689 n
282 1666 312 1691 Et
327 1672 379 1700 per
394 1665 565 1699 Apostolum
580 1667 601 1682 ¹¹
614 1674 639 1692 z«
656 1667 732 1693 Hora
746 1668 787 1693 est
799 1666 861 1700 jam
881 1674 936 1693 nos

166 1710 202 1737 de
211 1718 316 1737 somno
332 1718 487 1745 surgere.»
501 1712 533 1738 Et
546 1711 563 1727 ¹²
576 1711 864 1747 :«Evigilate‚justi,»
880 1714 934 1739 etc.

165 1758 236 1785 ltem
258 1757 361 1784 excitat
383 1757 502 1784 luminis
522 1757 714 1785 illustratione
731 1759 751 1777 1³
774 1767 780 1785 z
800 1769 813 1784 (ι
832 1759 937 1787 Omnia

167 1811 232 1838 quae
251 1804 430 1838 arguuntur,
451 1811 468 1830 a
491 1803 602 1831 lumine
622 1804 876 1832 manifestantur.»
906 1806 937 1832 Et

167 1849 319 1885 sequitur:
346 1850 459 1884 «Surge
482 1850 532 1884 qui
559 1850 690 1883 dormis,
719 1853 746 1877 et
770 1859 892 1886 exsurge
919 1860 937 1879 a

167 1895 300 1922 mortuis.
314 1905 328 1921 υ
344 1897 415 1923 Item
430 1895 534 1923 excitat
548 1896 725 1931 impulsione
740 1897 937 1931 castigationis

166 1943 295 1976 paternae
314 1941 334 1957 ¹⁶
353 1950 359 1968 :
380 1951 392 1966 ι(
408 1943 470 1976 Ipse
492 1943 546 1969 stat
567 1942 605 1968 ad
628 1942 734 1969 ostium
754 1944 781 1969 et
799 1943 905 1978 pulsat.
922 1953 934 1968 »

168 1988 259 2022 Super
274 1987 355 2022 quod
371 1988 526 2021 Gregorius
537 1988 693 2015 ¹⁵:«Pulsat
706 1989 854 2023 Dominus,
871 1997 937 2016 cum

168 2033 347 2068 aegritudinis
354 2033 493 2061 molestiis
501 2035 625 2061 mortem
635 2034 761 2061 vicinam
773 2035 936 2069 designat.»

169 2080 248 2107 Unde
266 2080 296 2106 in
317 2080 413 2114 figura
434 2080 508 2107 bene
530 2080 550 2097 ¹⁶
571 2090 577 2107 z
598 2090 610 2106 ι(
628 2082 825 2116 percussoque
849 2081 938 2109 latere

170 2126 258 2160 Petri,
281 2126 385 2153 excitat
403 2134 488 2160 eum,
512 2128 539 2153 et
559 2126 598 2153 ait
617 2135 623 2153 ε
651 2127 740 2161 Surge
762 2127 936 2154 velociter.»

169 2172 222 2205 Qui
238 2179 297 2198 non
313 2172 472 2199 excitantur
486 2172 632 2207 praedictis
646 2172 759 2207 modis,
775 2174 842 2199 sunt
859 2173 939 2200 simi-

169 2218 211 2246 les
221 2218 386 2253 lethargicis
398 2218 448 2253 (ά),
465 2218 515 2253 qui
527 2218 704 2246 dormiendo
719 2219 893 2253 moriuntur,
909 2221 940 2246 ut

171 2265 210 2292 ait
228 2265 412 2299 Augustinus.
433 2266 469 2291 De
494 2272 620 2300 quorum
641 2265 773 2300 quolibet
787 2265 827 2292 ¹⁷:
851 2275 864 2291 «
880 2266 939 2293 Eris

171 2311 244 2338 sicut
266 2311 451 2338 dormiens.»
469 2313 500 2339 Et
515 2312 645 2346 sequitur
663 2321 668 2338 :
687 2313 867 2340 «Traxerunt
881 2321 938 2347 me,

172 2359 200 2385 et
222 2365 283 2385 non
304 2357 416 2384 sensi.»
443 2358 474 2385 Et
496 2357 535 2385 ad
556 2357 628 2385 tales
649 2358 839 2393 excitandos,
861 2359 940 2386 venit

207 2428 212 2443 ¹
229 2428 377 2456 Iffa.,xx1x,
391 2428 412 2450 8.
425 2440 454 2443 —
468 2427 478 2443 ²
490 2428 572 2458 Prov.,
589 2433 624 2457 vr,
637 2429 659 2457 9,
676 2430 712 2452 11.
730 2441 756 2445 -
771 2428 781 2444 ³
792 2428 844 2457 Job,
864 2435 888 2457 ν,
902 2431 939 2453 13.

174 2476 203 2480 -
217 2462 227 2478 ⁴
242 2463 327 2492 Greg„
344 2462 499 2489 Moral.‚1ih.
515 2463 546 2492 V,
564 2470 586 2486 c.
603 2469 668 2491 xxlt,
683 2463 714 2486 al.
732 2469 804 2494 xxxi,
820 2471 845 2488 n.
862 2465 899 2488 54.
911 2477 940 2482 —

174 2498 184 2514 ὃ
197 2497 251 2527 Job,
266 2503 311 2526 v11,
327 2499 348 2521 4.
359 2510 388 2515 -
404 2498 412 2511 ⁶
427 2499 512 2527 meg„
528 2498 628 2527 itloml„
640 2498 682 2521 lib.
700 2499 766 2529 thl,
780 2507 802 2522 c.
819 2505 852 2529 vt,
868 2500 901 2523 al.
915 2506 939 2529 x,

175 2539 200 2555 n.
217 2533 254 2556 20.
270 2545 299 2549 —
314 2533 321 2547 ⁷
337 2533 561 2562 Prov.,.xx111,:54,
578 2534 616 2557 33.
630 2546 659 2550 —
674 2533 684 2549 ⁸
698 2535 779 2565 Μυκη,
795 2540 839 2564 vn,
857 2536 894 2559 37.
912 2548 940 2552 —

176 2568 184 2581 ³
199 2567 269 2597 Sap„
284 2574 332 2597 xx,
347 2569 385 2591 21.
400 2581 430 2585 -
451 2568 468 2584 '⁰
482 2567 674 2596 Joel.‚1‚5.—
692 2569 709 2585 ¹¹
726 2570 804 2597 Rom„
822 2576 882 2599 x111,
904 2571 939 2594 11.

178 2614 203 2618 -—
219 2602 337 2630 ¹21c0r.‚
349 2608 391 2633 ιν,
404 2604 443 2625 34.
456 2616 482 2619 —-
500 2603 518 2620 ¹³
531 2603 628 2633 Eplzes,
642 2609 666 2634 v,
680 2605 718 2632 13,
736 2605 773 2628 14.
786 2617 816 2622 —-
828 2605 846 2621 ¹⁴
859 2606 941 2636 Apoc„

178 2642 222 2667 111,
236 2637 274 2660 20.
290 2649 319 2654 —
338 2638 355 2654 '⁸
371 2638 475 2669 Gregor.
497 2638 522 2662 in
541 2638 648 2670 Evanq„
665 2638 734 2664 hom.
755 2645 818 2671 xm,
832 2647 858 2664 n,
874 2643 897 2664 3.
914 2654 940 2658 —

1687 216 1742 245 571

975 281 1115 308 Dominus
1126 289 1162 308 ex
1176 288 1229 307 sua
1238 279 1441 307 misericordia
1452 279 1483 307 in
1495 280 1582 307 istum
1590 281 1745 316 mundum,

976 327 1049 354 sicut
1073 327 1103 354 in
1124 326 1232 354 vallem
1256 325 1439 353 miseriarum
1450 346 1458 360 ,
1484 325 1556 353 sicut
1583 327 1664 362 prius
1686 329 1746 355 Rex

976 372 1126 400 descendit
1148 373 1187 399 ad
1216 372 1329 399 vinctos
1352 372 1532 399 liberandos.
1554 373 1573 389 ¹⁷
1596 382 1609 398 «
1627 373 1747 408 Spiritus

976 419 1090 446 Domini
1112 427 1199 454 super
1220 426 1299 445 me.»
1324 419 1355 444 Et
1381 418 1512 452 sequitur
1530 426 1536 445 z
1565 419 1665 446 «Misit
1688 428 1746 454 me,

976 468 1008 493 ut
1022 465 1157 493 mederer
1170 465 1309 492 contritus
1322 465 1422 496 corde,
1436 467 1463 491 et
1478 465 1669 500 praedicarem
1683 474 1748 501 cap—

977 511 1043 538 tivis
1069 511 1293 545 indulgentiam.
1314 522 1326 535 »
1350 511 1443 546 Supra
1468 510 1487 527 ¹⁸
1515 520 1520 537 :
1547 520 1560 536 «
1574 511 1646 538 Misit
1675 513 1748 538 Deus

979 558 1082 585 Filium
1097 565 1184 584 suum
1199 557 1229 584 in
1246 556 1401 590 mundum,
1417 564 1478 583 non
1494 559 1525 584 ut
1538 557 1650 591 judicet
1664 565 1748 584 mun-

980 604 1062 636 dum,
1078 603 1130 630 sed
1143 605 1173 630 ut
1186 603 1313 630 salvetur
1328 603 1456 629 mundus
1470 611 1523 638 per
1538 611 1615 630 eum.
1630 613 1643 629 »
1662 605 1693 630 Et
1706 603 1748 630 ibi

980 650 1016 677 de
1030 650 1098 683 hoc,
1113 649 1220 676 scilicet
1233 649 1270 676 de
1284 657 1337 676 suo
1351 648 1489 676 adventu.

1058 751 1171 777 Collatia
1193 751 1544 785 quinquaqesz'masecunda,
1566 759 1606 784 m,
1623 753 1668 778 2¹.

1019 835 1145 868 Domine,
1165 836 1190 861 sz'
1206 835 1301 867 fuisses
1315 835 1373 866 hic,
1389 835 1475 867 frater
1492 842 1564 861 meus
1579 842 1631 861 non
1652 836 1748 866 fuisset

981 883 1112 907 mortuus.
1140 881 1170 907 ln
1198 880 1243 907 his
1265 879 1362 906 verbis
1390 879 1562 915 exprimitur
1590 880 1750 908 affectuosa

982 926 1124 953 confessio
1139 926 1231 953 beatae
1245 926 1370 953 Marthae.
1382 925 1462 952 Unde
1476 925 1531 952 tria
1545 925 1592 952 hic
1608 926 1749 954 denotan-

982 974 1042 1005 tur,
1058 980 1186 1007 quorum
1207 972 1337 1007 primum
1352 973 1393 998 est
1413 970 1555 1006 professio
1572 971 1679 998 divinae
1693 980 1748 1007 po-

983 1019 1107 1052 testatis,
1124 1019 1165 1045 ibi
1183 1027 1189 1045 :
1212 1020 1338 1048 Domine,·
1362 1017 1509 1051 secundo,
1524 1017 1668 1052 professio
1692 1026 1750 1045 suae

984 1064 1138 1098 dignativae
1159 1064 1296 1091 bonitatis
1307 1085 1315 1097 ,
1331 1064 1372 1090 ibi
1389 1072 1394 1090 :
1413 1064 1444 1090 Si
1456 1065 1553 1096 fuisses
1573 1064 1631 1097 hz'c;
1648 1064 1749 1098 tertio,

983 1110 1125 1146 professio
1152 1118 1210 1137 suae
1237 1110 1415 1145 potestativae
1437 1108 1550 1136 virtutis
1561 1129 1570 1142 ‚
1594 1109 1635 1136 ibi
1659 1118 1666 1136 t
1691 1111 1751 1137 Non

983 1158 1079 1189 fuisset
1091 1160 1222 1183 mortuus.

1020 1202 1065 1230 Ait
1079 1210 1147 1236 ergo
1165 1211 1171 1228 :
1189 1203 1298 1229 Domine
1312 1210 1318 1228 :
1336 1203 1363 1228 et
1378 1201 1407 1228 in
1420 1201 1477 1228 hoc
1491 1201 1684 1236 profitebatur
1699 1201 1751 1229 do-

986 1248 1157 1275 minativam
1181 1250 1208 1275 et
1232 1248 1436 1283 potestativam
1465 1248 1644 1281 majestatem
1654 1267 1662 1280 ,
1692 1247 1752 1282 ipse

986 1294 1065 1321 solus
1079 1297 1120 1321 est
1135 1294 1283 1321 Dominus.
1300 1296 1337 1321 De
1351 1294 1407 1320 hoc
1417 1293 1551 1320 habitum
1561 1295 1603 1320 est
1614 1301 1703 1328 supra
1713 1293 1750 1319 ¹⁵³:

988 1342 1108 1374 Domine,
1124 1341 1159 1367 ad
1174 1348 1249 1375 quem
1265 1341 1373 1366 ibimus.
1390 1341 1422 1366 Et
1434 1339 1500 1365 licet
1514 1339 1548 1366 sit
1560 1347 1645 1365 verus
1660 1338 1754 1366 Domi-

987 1395 1042 1414 nus
1058 1389 1085 1414 et
1100 1387 1179 1414 solus
1195 1386 1348 1418 Dominus,
1368 1387 1465 1412 tamen
1480 1385 1616 1419 dignatur
1631 1385 1677 1411 hic
1692 1392 1753 1411 esse

987 1433 1141 1460 nobiscum
1167 1439 1283 1459 summa
1307 1439 1360 1458 sua
1383 1432 1410 1458 et
1438 1431 1589 1465 dignativa
1613 1430 1752 1458 bonitate.

988 1481 1034 1506 Est
1050 1479 1129 1506 enim
1142 1478 1189 1505 hic
1203 1477 1369 1510 nobiscum,
1387 1479 1599 1511 consequenter
1613 1484 1679 1503 cum
1695 1485 1754 1504 om-

988 1525 1087 1558 nibus,
1102 1527 1130 1551 et
1143 1525 1173 1551 in
1190 1523 1339 1555 omnibus,
1351 1523 1461 1549 scilicet
1472 1530 1525 1558 per
1540 1522 1711 1556 essentiam,
1729 1525 1756 1550 et

988 1570 1191 1606 praesentiam,
1213 1571 1240 1596 et
1261 1569 1439 1605 potentiam,
1464 1569 1536 1595 sicut
1563 1568 1602 1595 ait
1623 1568 1756 1602 Augusti-

989 1625 1044 1644 nus
1066 1616 1097 1643 ΞΟ.
1115 1618 1146 1643 Et
1165 1616 1244 1642 idem
1262 1624 1267 1641 :
1288 1625 1301 1640 ι(
1316 1616 1389 1641 Deus
1404 1614 1569 1647 divinitate,
1586 1614 1715 1641 bonitate
1730 1617 1757 1641 et

989 1663 1094 1690 virtute
1109 1670 1202 1696 usque
1223 1661 1262 1688 ad
1279 1661 1369 1687 finem
1383 1660 1489 1687 saeculi.
1504 1669 1517 1685 >³
1536 1658 1557 1676 ²¹
1576 1668 1590 1684 «
1603 1659 1715 1687 Coelum
1730 1662 1757 1687 et

990 1711 1097 1736 terram
1105 1717 1160 1743 ego
1170 1708 1288 1743 impleo.
1299 1706 1336 1733 »⁹2²
1345 1716 1358 1733 ι(
1369 1706 1514 1734 Excelsior
1524 1706 1598 1733 coelo
1607 1707 1658 1741 est,
1671 1716 1684 1731 n
1701 1708 1754 1733 etc.

990 1755 1032 1782 lbi
1047 1755 1172 1782 multum
1194 1754 1230 1781 de
1245 1755 1312 1781 hoc.
1328 1755 1397 1781 Item
1412 1755 1453 1780 est
1467 1753 1514 1780 hic
1527 1761 1581 1789 per
1592 1753 1754 1788 justifican-

991 1804 1048 1829 tem
1073 1801 1212 1835 gratiam,
1228 1800 1310 1827 etsie
1333 1808 1400 1827 cum
1419 1799 1503 1833 justis
1526 1799 1707 1834 specialiter,
1728 1799 1757 1826 in

991 1847 1099 1882 quibus
1105 1848 1219 1882 praestat
1230 1846 1302 1873 sicut
1315 1846 1343 1872 in
1353 1845 1466 1880 templis
1477 1845 1535 1871 suis
1542 1844 1564 1861 ²³
1576 1845 1758 1880 :«Tcmplum

991 1893 1039 1920 Dei
1054 1895 1186 1920 sanctum
1201 1893 1252 1926 est,
1266 1891 1348 1927 quod
1368 1891 1433 1918 estis
1448 1899 1509 1918 vos.
1526 1901 1539 1915 η
1562 1892 1594 1918 Et
1608 1891 1629 1907 ᾗ
1646 1900 1652 1918 :
1674 1900 1687 1916 t(
1702 1892 1758 1918 Vos

992 1939 1058 1967 estis
1072 1939 1215 1974 templum
1231 1938 1289 1965 Dei.
1311 1947 1324 1963 »
1342 1938 1374 1964 Et
1397 1937 1528 1972 sequitur
1553 1946 1559 1964 :
1583 1946 1596 1962 «
1615 1937 1758 1970 Quoniam

992 1986 1162 2013 inhabitabo
1178 1985 1208 2012 in
1223 1984 1289 2017 illis,
1298 1995 1310 2009 »
1329 1986 1381 2011 etc.
1400 1985 1468 2010 item
1483 1983 1570 2010 Filius
1584 1983 1633 2010 Dei
1649 1985 1690 2010 est
1705 1991 1758 2010 no-

993 2033 1106 2060 biscum
1118 2054 1125 2066 ,
1140 2032 1248 2059 scilicet
1261 2039 1313 2066 per
1335 2030 1455 2058 actualis
1470 2030 1607 2064 adjutorii
1622 2030 1758 2057 manifes—

992 2080 1051 2106 tam
1067 2077 1243 2106 evidentiam
1261 2076 1281 2093 ²⁵
1298 2086 1304 2103 ε
1324 2076 1475 2109 «Quando
1498 2075 1550 2102 fuit
1572 2076 1759 2111 Omnipotens

991 2133 1118 2152 mecum.
1134 2134 1146 2149 »
1164 2125 1234 2151 Item
1248 2123 1334 2150 Filius
1349 2124 1390 2149 est
1412 2122 1567 2149 nobiscum
1581 2122 1628 2148 hic
1647 2129 1700 2156 per
1714 2129 1759 2149 as-

992 2172 1116 2206 sumptae
1131 2170 1318 2197 humanitatis
1342 2169 1494 2196 veritatem
1512 2168 1533 2185 2⁶
1551 2177 1556 2195 :
1575 2179 1588 2193 «
1603 2168 1760 2196 Vocabitur

993 2225 1101 2245 nomen
1110 2217 1171 2252 ejus
1179 2215 1362 2248 Emmanuel,
1371 2215 1401 2242 id
1413 2217 1464 2249 est,
1477 2214 1631 2242 nobiscum
1643 2215 1732 2241 Deus:
1744 2223 1757 2239 »

994 2265 1020 2291 et
1035 2264 1091 2291 hoc
1104 2264 1165 2298 Jam
1180 2262 1342 2295 visibiliter,
1359 2261 1503 2296 quamdiu
1519 2260 1590 2287 vixit
1608 2260 1638 2287 in
1654 2268 1739 2287 carne
1750 2281 1759 2294 ,

995 2318 1084 2346 supra
1098 2310 1120 2326 ’Π
1145 2318 1151 2336 ;
1170 2318 1183 2333 «
1200 2308 1325 2336 Verbum
1349 2315 1418 2334 caro
1439 2307 1546 2335 factum
1562 2308 1620 2340 est,
1635 2307 1662 2333 et
1675 2306 1760 2334 habi·-

994 2384 1013 2399 ¹⁰
1028 2383 1072 2406 Act
1087 2401 1093 2411 ‚
1109 2388 1154 2410 xii,
1173 2383 1196 2404 7.
1214 2394 1243 2398 —
1274 2381 1283 2397 7
1299 2382 1433 2410 Isa.,1.x1,
1455 2382 1475 2403 1.
1491 2392 1520 2396 --
1538 2379 1557 2395 ³⁸
1571 2379 1651 2408 doctu„
1668 2384 1706 2408 111,
1724 2380 1760 2402 17.

993 2431 1023 2435 -
1042 2418 1060 2434 ¹⁹
1079 2417 1135 2441 Vid.
1154 2424 1220 2447 sup„
1244 2415 1335 2439 Callai.
1356 2421 1434 2439 xxxv.
1449 2427 1478 2431 —
1496 2414 1518 2431 '²⁰
1534 2415 1608 2445 Aug„
1627 2413 1660 2437 acl
1675 2413 1761 2443 Dar-d„

995 2453 1066 2484 epist.
1087 2452 1200 2482 Lv11,al.
1224 2457 1359 2481 CLXXXVH,
1378 2457 1404 2474 n.
1423 2451 1459 2474 14.
1475 2462 1505 2467 —
1526 2450 1543 2466 ²¹
1564 2450 1663 2476 Jerem.‚
1684 2455 1761 2478 xxiii,

995 2490 1033 2512 21.
1049 2500 1079 2504 —
1094 2488 1111 2501 ²2
1126 2487 1180 2514 Job,
1197 2492 1232 2515 Χι,
1248 2487 1270 2509 8.
1283 2498 1312 2502 -
1326 2486 1452 2514 ²³1Cor.‚
1469 2491 1509 2514 111,
1527 2485 1564 2508 17.
1579 2496 1609 2500 —
1623 2483 1641 2499 ²⁴
1657 2484 1675 2506 ΙΙ
1695 2484 1759 2512 Cor„

996 2529 1029 2553 vi,
1047 2524 1084 2546 16.
1101 2536 1127 2539 -
1143 2522 1164 2538 ²⁵
1176 2521 1330 2550 Joh.‚xx1x‚
1348 2522 1370 2544 5.
1385 2533 1415 2537 —
1428 2521 1451 2537 ¹⁶
1466 2520 1525 2550 Iso„
1541 2525 1585 2549 vn,
1605 2520 1644 2548 14;
1661 2518 1760 2547 Manli„

997 2565 1014 2588 1y
1027 2560 1066 2582 23.
1081 2571 1110 2576 -
1125 2558 1144 2573 ²⁷
1159 2557 1326 2585 Joan.‚1,14.

1029 2605 1060 2633 (a)
1081 2602 1151 2631 Vulfs.
1177 2601 1269 2625 dicam.
1292 2612 1320 2618 —
1340 2599 1374 2629 (b)
1397 2599 1458 2623 Coet.
1476 2598 1537 2622 edit.
1558 2603 1718 2628 consurgam.
1733 2610 1762 2614 —

997 2640 1027 2671 (r)
1043 2640 1098 2669 [κερ.
1115 2638 1182 2662 vivet
1194 2637 1252 2661 vita.
1269 2649 1298 2653 —
1314 2635 1350 2662 (d)
1368 2635 1427 2658 c'oet.
1442 2634 1500 2657 edit.
1517 2633 1647 2664 liturgicis.
