1987 3032
192 166 250 195 456
712 161 922 193 EVANGELII
945 161 1084 193 SANCTI
1105 162 1121 194 J
1124 162 1230 195 OANN
1235 163 1269 195 lS

190 232 272 265 caput
295 229 437 262 Ecclesiae,
460 232 488 258 et
507 229 590 266 quod
614 230 656 257 est
673 230 678 245 ⁸
696 229 827 256 mediator
848 231 915 261 Dei,
937 231 963 257 et

190 276 335 304 hominum.
359 277 407 304 Est
421 276 500 304 enim
524 277 610 312 caput
628 275 761 303 Ecclesiae
775 277 803 303 et
816 275 962 304 mediator

190 322 354 351 secundum
375 324 530 358 utramque
551 323 701 355 naturam,
722 324 842 357 propter
864 321 960 350 unita-

189 369 249 398 tem
268 369 450 405 hypostasis,
474 370 500 396 et
520 370 551 395 ut
576 369 617 396 est
640 368 789 403 objectum
811 367 881 396 fidei
897 376 903 395 :
919 369 962 396 est

190 416 269 445 enim
282 418 357 444 Deus
370 423 456 443 verus
472 416 499 442 et
513 415 614 443 homo.
631 416 664 443 Ut
680 415 758 442 enim
771 415 811 443 ait
824 415 959 451 Augusti-

189 470 244 491 nus
261 462 282 498 ¹,
302 463 428 490 Christus
450 461 556 489 dicitur
577 461 665 489 latine
680 465 790 496 unctus,
809 461 890 489 etsie
913 462 959 489 in-

188 509 283 538 fluens
300 509 330 536 in
350 508 500 544 palmites,
515 510 542 535 et
559 507 722 542 mundam,
744 510 832 543 prout
847 508 886 536 ait
901 508 959 542 hic,

189 563 241 592 per
255 555 380 583 verbum
393 562 490 582 suum.
507 555 577 582 Item
592 555 731 590 quaeritur
746 555 782 583 de
797 555 865 589 hoc,
877 555 959 591 quod

189 602 228 630 ait
239 610 245 629 :
258 602 318 630 Non
331 602 460 634 ferentem
475 602 594 634 fructum
603 621 612 635 ,
623 602 697 629 tollet
712 609 781 629 eum.
795 602 867 629 Cum
880 601 959 629 enim

189 647 282 684 gratia
295 647 398 675 Christi
413 647 448 675 sit
459 647 597 675 omnibus
611 649 750 683 prompta
766 648 776 665 ⁸
793 657 799 674 :
815 657 829 674 «
841 649 880 675 Ne
892 647 960 683 quis

188 694 263 722 desit
277 694 376 729 gratiae
390 694 438 722 Dei
454 703 460 721 :
478 704 491 720 »
508 693 624 722 videtur
638 693 721 730 quod
743 694 891 722 neminem
906 693 960 722 tol-

187 741 228 769 lat
242 740 440 768 excludendo.
457 741 489 768 Et
503 740 541 768 ad
556 740 635 768 istud
648 740 891 776 respondendum
907 741 958 774 est,

187 786 271 822 quod
285 787 347 822 ipse
365 796 379 812 «
391 787 470 814 venit
490 787 521 814 in
543 787 691 814 mundum
709 787 739 814 in
750 786 911 821 judicium,
928 787 960 813 ut

187 833 238 869 qui
264 840 325 861 non
342 833 463 868 vident,
482 833 621 867 videant,
642 835 670 861 et
689 833 739 869 qui
759 833 876 866 vident,
891 832 959 859 caeci

186 879 258 908 fiant
274 901 283 915 ,
304 889 317 906 »
342 888 431 916 supra
446 882 456 897 ‘⁴
479 889 485 908 :
504 888 565 908 non
580 881 663 916 quod
687 882 762 908 Deus
785 880 897 908 auferat
919 880 959 907 eis

186 925 288 955 lumen
306 927 404 961 gratioe
419 927 458 954 ad
477 927 639 954 videndum
645 936 654 962 ;
670 927 721 954 sed
743 926 813 962 quia
828 926 883 962 ipsi
897 934 959 954 non

186 973 332 1009 recipiunt
337 994 345 1008 ,
361 981 414 1001 nee
430 982 459 1000 se
474 973 630 1001 humiliant
645 973 684 1001 ad
704 973 909 1009 recipiendum
923 973 933 989 ⁵
950 981 957 1000 ε

190 1011 291 1047 «Deus
309 1019 397 1055 hujus
416 1020 514 1047 saeculi
539 1019 694 1047 excaecavit
718 1021 829 1047 mentes
855 1019 957 1047 infide-

186 1065 268 1093 lium.
287 1075 300 1091 »
317 1065 362 1094 Sic
375 1065 480 1094 dicitur
494 1066 540 1094 hic
554 1067 670 1101 tollere,
686 1074 721 1094 eo
735 1066 818 1102 quod
833 1074 893 1094 non
909 1066 959 1094 dat

187 1112 311 1147 gratiam
326 1112 365 1140 ad
379 1113 563 1140 manendum
577 1113 669 1147 intus,
679 1112 865 1148 peccatisque
880 1112 958 1140 illius

186 1159 237 1194 qui
251 1158 362 1186 tollitur
377 1159 572 1194 exigentibus.

220 1207 253 1232 Et
266 1205 398 1240 sequitur
412 1206 543 1234 secunda
560 1206 719 1242 particula,
743 1206 773 1233 in
789 1214 848 1242 qua
862 1206 957 1234 mani-

184 1250 303 1278 festatur
317 1252 478 1280 mansionis
492 1253 523 1280 in
537 1253 595 1280 vite
608 1253 717 1280 fructus
729 1262 735 1280 :
753 1255 780 1280 ct
793 1253 890 1288 primo
905 1260 958 1288 per

185 1297 368 1333 oppositum;
386 1299 531 1333 secundo,
547 1307 600 1334 per
614 1299 785 1334 exemplum
800 1299 830 1326 in
845 1307 957 1335 propo—

184 1346 253 1380 sito,
270 1346 310 1373 ibi
321 1347 349 1373 ⁶:
367 1347 419 1380 Qui
433 1350 535 1381 manet,
553 1348 606 1374 etc.

221 1395 252 1422 Et
266 1394 323 1421 hoc
338 1394 389 1429 (a),
404 1394 485 1429 quod
499 1393 539 1421 ait
557 1403 563 1421 ι
589 1395 663 1421 Sicut
681 1396 783 1429 palmes
799 1402 849 1421 non
870 1397 958 1429 potest

184 1441 269 1473 facere
291 1442 423 1474 fructum,
447 1442 499 1467 etc.
522 1442 553 1468 Ut
571 1441 649 1468 enim
670 1440 709 1468 ait
730 1441 907 1476 Augustinus
922 1442 932 1458 ⁷
950 1451 956 1468 :

189 1496 201 1513 α
215 1488 319 1522 Magna
333 1487 381 1514 hie
397 1487 616 1515 commendatio
631 1488 739 1522 gratiae.
756 1497 769 1513 n
786 1487 863 1514 Sicut
878 1487 957 1515 enim

185 1535 299 1570 palmes
314 1542 374 1562 non
387 1536 483 1570 potest
498 1534 591 1561 facere
601 1534 741 1568 fructum,
754 1534 808 1561 nisi
820 1535 958 1562 manserit

185 1582 217 1608 in
230 1582 304 1615 vite,
321 1582 403 1615 cujus
419 1581 543 1608 humore
559 1583 723 1615 vegetatum
744 1581 784 1608 sic
800 1581 957 1617 spirituali-

184 1629 239 1662 ter,
257 1627 312 1655 nisi
332 1627 398 1663 quis
420 1627 559 1655 manserit
578 1628 608 1654 in
630 1628 756 1661 Christo,
786 1628 851 1655 «de
876 1629 958 1663 cujus

185 1673 368 1709 plenitudine
400 1674 568 1709 accepimus
593 1682 696 1701 omncs
710 1694 719 1708 ,
746 1684 759 1700 n
800 1682 890 1710 supra
914 1674 924 1690 ⁸
951 1684 957 1701 ε

187 1721 197 1737 ⁹
216 1731 229 1745 «
246 1721 306 1756 lpse
322 1720 400 1747 enim
419 1722 557 1755 operatur
572 1720 602 1747 in
619 1720 706 1747 nobis
726 1720 801 1748 velle
824 1722 851 1747 et
872 1720 958 1755 perfi-

190 1774 253 1794 cere
266 1775 272 1794 :
284 1776 297 1793 »
315 1774 375 1794 non
391 1768 485 1802 potest
499 1766 594 1794 facere
609 1767 744 1794 fructum.

223 1815 249 1840 5.
266 1815 297 1841 Et
311 1813 428 1849 repetit,
445 1813 527 1849 quod
542 1813 680 1849 praemisit
700 1823 705 1841 ε
727 1815 783 1849 qu
799 1822 856 1841 sum
878 1815 958 1846 vitis,-

189 1859 296 1887 deinde
311 1859 437 1887 ostendit
450 1859 531 1887 idem
546 1859 576 1886 in
591 1860 742 1895 proposito
756 1869 762 1887 :
782 1861 812 1888 Si
826 1863 887 1895 quis
902 1869 960 1888 ma-

188 1908 232 1933 net
246 1908 276 1933 in
295 1914 349 1937 me,
374 1906 511 1934 hauriens
531 1906 689 1934 humorem
712 1908 811 1941 gratiae
834 1916 840 1934 :
860 1910 895 1935 Et
916 1916 960 1942 090

188 1954 218 1979 in
236 1960 278 1987 eo,
303 1952 377 1980 dans
397 1953 422 1980 ei
444 1953 534 1980 vitam
553 1953 651 1987 gratiae
669 1963 674 1980 :
696 1955 746 1981 Hic
770 1956 823 1987 fert
843 1957 961 1988 fructum

188 1999 316 2032 multum,
325 1999 346 2016 ¹⁰
357 2009 371 2025 «
386 2001 527 2034 tanquam
541 1999 669 2034 lignum,
681 2001 763 2036 quod
776 2001 825 2028 dat
836 2002 962 2030 fructum

190 2045 221 2072 in
243 2048 374 2081 tempore
397 2054 460 2074 suo.
478 2055 490 2072 ι)
509 2047 540 2073 Ut
565 2047 644 2073 enim
665 2047 705 2074 ait
726 2048 903 2082 Augustinus
918 2048 936 2066 ¹¹
953 2057 959 2075 ε

194 2101 207 2116 α
221 2092 261 2119 lta
275 2094 341 2119 sunt
365 2092 395 2119 in
415 2092 471 2120 vite
492 2092 642 2128 palmiteS,
665 2095 697 2120 ut
719 2093 769 2120 viti
786 2102 847 2121 non
866 2095 962 2122 conse-

190 2140 270 2172 rant,
286 2138 338 2165 sed
357 2138 426 2166 inde
443 2139 601 2174 accipiant,
619 2140 696 2167 unde
711 2141 810 2168 vivant
828 2141 872 2177 (b).
893 2141 962 2168 Vitis

191 2186 289 2212 autem
309 2186 351 2212 est
372 2185 402 2211 in
423 2185 610 2220 palmitibus,
631 2187 662 2213 ut
680 2187 767 2214 vitale
789 2187 961 2222 alimentum

191 2231 399 2258 subministret.
420 2240 434 2257 »
451 2233 482 2258 Et
494 2231 562 2259 ideo
577 2232 709 2267 sequitur
725 2242 732 2260 :
750 2234 813 2260 Sine
829 2242 869 2260 me
892 2234 963 2261 nihil

190 2279 302 2312 potestis
316 2280 414 2311 facere.
431 2277 450 2293 ¹²
466 2287 479 2304 «
493 2278 567 2311 Quid
587 2279 693 2312 habes,
709 2280 791 2315 quod
807 2287 867 2307 non
882 2288 962 2308 acce-

190 2324 276 2359 pisti?
291 2335 303 2351 »
322 2327 353 2352 Et
371 2326 390 2342 ¹³
405 2334 411 2352 ε
431 2335 444 2351 (ε
459 2327 522 2353 Non
537 2326 619 2361 quod
636 2326 726 2354 simus
741 2326 916 2355 sufficientes
927 2335 961 2355 ex

222 2397 229 2411 ¹
245 2397 251 2419 1
267 2396 341 2427 Tim„
357 2403 384 2427 11,
401 2399 422 2421 5.
437 2410 466 2415 -—
480 2398 490 2414 ²
506 2398 580 2429 Aug,
594 2399 619 2422 in
634 2400 717 2430 doun„
730 2401 801 2423 tract.
819 2405 864 2430 vn,
878 2406 904 2423 u.
924 2401 960 2424 ¹3.

193 2445 219 2450 -
236 2432 247 2448 ³
258 2432 344 2459 Hebr..
358 2435 456 2462 x11,¹5.
471 2446 502 2451 —
516 2435 527 2451 Β
539 2436 609 2465 Sup.‚
626 2441 661 2465 1x,
677 2436 716 2459 39.
732 2447 761 2452 -
779 2435 789 2451 ⁵
804 2436 823 2458 11
843 2436 910 2466 Cor„
928 2442 960 2466 iv,

193 2469 216 2492 4.
229 2480 257 2486 —
272 2468 281 2483 ⁶
298 2467 355 2498 lnf„
370 2470 392 2492 5.
410 2481 435 2485 -
454 2469 460 2483 ⁷
475 2471 550 2500 Aug„
567 2471 592 2493 in
606 2470 687 2500 loun„
702 2472 775 2494 tract.
792 2476 879 2501 Lxm,
895 2478 919 2496 n.
937 2473 960 2496 2.

194 2516 220 2520 —
236 2503 246 2518 ⁸
261 2503 333 2533 Sup.,
348 2509 365 2533 1,
383 2505 421 2527 16.
441 2517 471 2521 -
489 2505 499 2520 0
514 2505 620 2536 Philip„
640 2511 666 2536 11,
690 2508 725 2530 13.
742 2518 771 2523 —
785 2506 806 2523 ¹0
820 2506 887 2529 Psal.
904 2513 922 2536 1,
938 2508 961 2530 3.

195 2550 221 2555 ο
243 2539 260 2555 ¹¹
276 2539 350 2562 AuJ..
366 2538 408 2561 ubi
423 2546 479 2570 sup.
495 2553 524 2557 —
540 2541 559 2556 ¹²
576 2541 585 2564 1
601 2541 668 2569 0012,
689 2548 723 2570 ιν,
739 2543 761 2565 7.
779 2554 804 2558 —
824 2541 842 2558 ¹³
859 2542 877 2565 ΙΙ
895 2542 961 2571 Cor„

195 2579 233 2603 111,
249 2575 272 2597 5.
289 2585 314 2590 -
333 2574 352 2590 ¹⁸
367 2574 468 2603 Martii„
483 2580 521 2605 111,
539 2576 578 2598 10.
591 2588 621 2594 -
637 2577 654 2593 ¹⁵
667 2577 740 2607 Aug„
756 2577 799 2601 ubi
813 2584 879 2606 sun,
895 2583 920 2600 n.
937 2578 959 2600 3.

194 2621 223 2626 —
239 2610 257 2625 Ν
272 2610 343 2639 51111,
361 2615 414 2640 xiv,
432 2610 468 2633 ¹13.
479 2622 511 2628 ·-
526 2611 544 2627 ¹⁷
559 2611 661 2642 Matth„
676 2617 701 2642 v,
718 2614 754 2636 16.
767 2625 796 2630 -
815 2612 834 2629 ¹⁸
846 2614 918 2642 Aug..
936 2613 960 2636 ιή

1017 228 1103 256 nobis
1118 229 1202 265 quasi
1215 238 1250 258 ex
1262 230 1366 265 nobis,
1381 230 1434 258 sed
1449 230 1622 260 sufficientia
1635 234 1735 261 nostra
1747 241 1784 261 ex

1018 276 1075 303 Deo
1097 277 1147 303 est.
1163 285 1176 302 »

1052 323 1077 348 G.
1095 323 1127 349 Et
1141 322 1179 350 ad
1193 323 1337 357 majorem
1350 324 1492 352 terrorem
1508 323 1623 359 subdit,
1647 324 1722 361 quid
1734 324 1785 354 fiet

1016 367 1141 395 finaliter
1156 368 1192 396 de
1207 368 1256 396 tali
1270 376 1332 396 non
1344 369 1453 398 ferente
1467 370 1604 405 fructum,
1620 371 1720 399 dicens
1735 372 1785 400 :Si

1016 416 1076 448 quis
1086 416 1115 441 z'n
1130 422 1170 441 me
1179 423 1231 442 non
1241 417 1385 449 manserit,
1398 416 1506 444 scilicet
1516 424 1568 453 per
1579 417 1781 446 dilectionem:

1017 462 1142 488 Miteetur
1155 462 1239 496 foras,
1255 461 1430 490 emittendus
1448 463 1480 498 (c)
1494 463 1603 491 scilicet
1623 466 1703 492 extra
1721 472 1784 492 eor-

1015 507 1096 542 poris
1110 507 1225 543 mystici
1238 508 1394 543 unitatem3
1410 509 1445 536 Et
1457 512 1570 544 arescet,
1585 510 1714 545 privatus
1727 510 1783 539 ho-

1015 561 1087 581 nore
1102 554 1201 588 gratiae
1218 553 1238 570 ¹4
1256 563 1262 581 ;
1289 564 1302 580 «
1317 555 1416 582 omnis
1436 555 1539 590 arbor,
1559 563 1624 591 quae
1638 564 1700 584 non
1714 557 1784 585 facit

1015 599 1154 634 fructum,
1171 600 1332 636 excidetur,
1352 603 1379 629 et
1397 601 1428 629 in
1450 601 1548 636 ignem
1562 602 1697 630 mittetur.
1714 613 1728 629 n
1748 605 1784 632 Et

1015 648 1138 681 colliyent
1160 655 1234 681 eum,
1255 648 1363 676 seilicet
1383 656 1527 677 messores
1547 649 1645 684 angeli
1665 657 1672 676 ε
1695 651 1731 676 Et
1753 652 1783 678 in

1014 694 1102 728 ignem
1116 695 1231 721 mittent.
1248 694 1328 722 Unde
1341 695 1531 729 Augustinus,
1547 702 1636 730 supra
1650 695 1670 716 ¹⁸
1685 703 1693 722 ε
1711 705 1726 721 ιι
1739 696 1783 724 Li-

1015 747 1074 775 gna
1088 740 1186 775 itaque
1202 740 1267 768 vitis
1290 743 1370 768 tanto
1385 743 1451 768 sunt
1464 741 1744 777 contemptibiliora,
1760 742 1785 770 si

1014 785 1044 813 in
1058 785 1116 814 vite
1130 794 1190 814 non
1202 787 1375 820 manserint,
1391 789 1501 823 quanto
1513 789 1580 815 sunt
1593 787 1782 823 gloriosiora,

1014 832 1038 859 si
1053 833 1222 860 manserint.

1049 883 1074 906 7.
1088 881 1120 907 Et
1135 888 1150 907 e
1166 880 1313 908 contrario
1325 890 1333 908 ε
1347 881 1378 908 δι’
1392 882 1544 908 manseritis
1558 882 1588 908 in
1604 889 1660 916 me,
1675 881 1785 910 scilicet

1012 933 1066 961 per
1081 926 1285 954 dilectionem:
1306 928 1341 954 Ee
1360 928 1437 954 verba
1455 935 1513 955 mea
1532 929 1562 954 in
1582 928 1655 955 vobis
1678 935 1784 956 manse-

1012 974 1080 1006 rint,
1093 980 1146 1008 per
1162 973 1336 1001 eorumdem
1350 973 1593 1009 adimpletionem
1607 983 1613 1002 ε
1637 974 1786 1007 Quodcum-

1014 1027 1064 1054 que
1078 1021 1233 1052 volueritis,
1245 1022 1358 1055 petetis,
1378 1020 1486 1048 scilicet
1506 1020 1536 1047 in
1559 1021 1681 1049 nomine
1695 1029 1783 1050 meo:

1013 1067 1048 1093 Ει
1070 1068 1116 1101 fiet
1139 1068 1224 1100 cobis,
1246 1075 1298 1103 per
1323 1067 1454 1095 divinam
1475 1067 1675 1101 collationem,
1694 1075 1784 1103 supra

1013 1113 1150 1148 proximo
1168 1113 1186 1129 ¹⁶
1205 1123 1212 1140 :
1238 1123 1249 1139 ιι
1263 1113 1478 1149 Quodcumque
1501 1113 1640 1149 petieritis
1654 1115 1782 1149 Patrem,

1012 1160 1069 1187 hoc
1083 1160 1199 1187 faciam.
1217 1169 1231 1186 >³

1049 1207 1074 1233 8.
1094 1208 1124 1233 Et
1139 1206 1281 1242 quoniam
1296 1206 1337 1233 sic
1350 1205 1557 1234 fructificantes
1567 1206 1784 1235 debent-fructi-

1013 1252 1100 1280 ficare
1116 1252 1154 1279 ad
1170 1252 1296 1287 gloriam
1310 1252 1373 1287 Dei,
1386 1252 1454 1280 ideo
1470 1252 1510 1280 ait
1523 1261 1529 1279 :
1548 1253 1579 1279 ln
1592 1253 1638 1280 hoc
1651 1253 1785 1288 glorifica·

1014 1303 1056 1327 tus
1073 1300 1116 1335 (d)
1139 1302 1176 1327 est
1196 1302 1275 1335 pater
1292 1307 1380 1334 meus,
1398 1300 1429 1327 id
1449 1302 1503 1334 est,
1520 1300 1558 1328 ad
1582 1300 1708 1335 gloriam
1722 1301 1784 1336 eJ'us

1014 1349 1068 1381 est,
1086 1350 1112 1375 et
1127 1347 1287 1375 claritatem
1303 1356 1309 1374 τ
1330 1348 1362 1374 Ut
1374 1348 1522 1382 plurimum
1537 1349 1656 1381 fructum
1673 1349 1784 1382 adsera-

1014 1395 1064 1428 tc's,
1079 1394 1187 1421 scilicet
1201 1394 1231 1421 in
1247 1393 1398 1429 operibus,
1414 1395 1441 1421 ct
1456 1394 1487 1421 in
1503 1394 1624 1422 effectu:
1640 1395 1676 1422 Ec
1690 1396 1785 1429 efficia-

1014 1442 1082 1468 mini
1097 1441 1227 1476 discipuli
1250 1443 1316 1475 mei,
1340 1441 1449 1468 scilicet
1473 1441 1622 1468 manendo
1643 1441 1674 1469 in
1696 1441 1784 1469 dilec-

1013 1487 1092 1514 tione
1107 1495 1183 1514 mea.
1200 1486 1393 1514 Consimiliter
1407 1489 1448 1514 cst
1463 1487 1572 1514 dictum
1587 1487 1726 1522 apostolis
1739 1488 1759 1505 ¹⁷
1775 1496 1781 1514 :

1017 1535 1140 1561 «Luceat
1152 1534 1202 1560 lux
1210 1535 1305 1561 vestra
1315 1541 1415 1560 coram
1429 1533 1651 1565 hominibus‚ut
1665 1533 1785 1562 videant

1014 1582 1109 1607 vestra
1122 1581 1203 1607 bona
1217 1588 1322 1615 opera,
1339 1582 1366 1607 et
1378 1579 1540 1615 glorificent
1555 1582 1667 1615 patrem
1677 1601 1686 1614 ,
1698 1590 1711 1606 n
1729 1583 1781 1608 etc.

1016 1627 1095 1654 Unde
1110 1627 1285 1661 Augustinus
1300 1626 1320 1643 ¹⁸
1337 1635 1344 1653 z
1362 1636 1375 1651 «
1389 1627 1416 1653 Si
1431 1626 1461 1653 in
1476 1626 1532 1653 hoc
1548 1629 1591 1654 est
1609 1626 1785 1655 clarificatus

1015 1675 1107 1706 Pater,
1135 1675 1166 1700 ut
1186 1672 1312 1700 fructum
1335 1672 1497 1708 plurimum
1520 1672 1702 1707 adferamus,
1724 1681 1785 1701 non

1015 1720 1071 1747 hoc
1086 1721 1191 1747 nostrae
1206 1719 1306 1754 gloriae
1320 1719 1498 1753 tribuamus,
1516 1720 1657 1754 tanquam
1678 1727 1715 1747 ex
1728 1727 1783 1748 no-

1015 1766 1061 1793 bis
1075 1766 1131 1794 hoc
1149 1766 1312 1793 habeamus
1321 1775 1328 1799 ;
1346 1766 1408 1800 ejus
1420 1765 1498 1792 enim
1519 1767 1561 1792 est
1573 1765 1636 1793 haec
1650 1766 1753 1801 gratia.
1767 1764 1787 1793 »³

1019 1813 1039 1829 ¹⁹
1056 1813 1136 1846 «Qui
1153 1812 1310 1848 gloriatur,
1336 1812 1365 1839 in
1388 1811 1511 1839 Domino
1531 1811 1680 1847 glorietur.
1697 1822 1710 1838 n
1729 1812 1786 1840 Sed

1018 1859 1157 1895 quaeritur
1172 1859 1208 1886 de
1223 1859 1294 1892 hoc,
1317 1858 1399 1894 quod
1421 1858 1459 1885 ait
1482 1858 1529 1886 hic
1545 1867 1551 1885 :
1576 1859 1639 1886 Sine
1656 1866 1696 1886 me
1715 1859 1787 1887 nihil

1016 1907 1127 1941 potestis
1142 1907 1239 1939 facere,
1256 1913 1323 1932 cum
1339 1905 1452 1932 dicatur
1468 1906 1490 1922 '³⁰
1505 1914 1511 1931 :
1535 1914 1548 1930 «
1564 1906 1784 1940 Regnaverunt,

1017 1955 1044 1980 et
1067 1960 1127 1979 non
1157 1960 1192 1979 ex
1219 1960 1280 1985 me;
1299 1963 1310 1976 >2
1331 1952 1401 1978 Item
1416 1952 1434 1967 ³¹
1462 1960 1468 1978 :
1491 1951 1622 1979 Cucurrit
1645 1951 1786 1979 adversus

1018 2001 1108 2026 Deum
1123 2000 1238 2026 extento
1253 1998 1341 2026 collo.
1362 2008 1374 2023 n
1401 1997 1456 2025 Sed
1481 1998 1594 2025 constat
1617 1997 1699 2034 quod
1721 2000 1788 2026 sunt

1018 2045 1089 2072 tales
1109 2045 1171 2072 sine
1186 2046 1254 2072 Deo.
1278 2044 1304 2072 Si
1321 2044 1544 2079 respondeatur,
1560 2044 1641 2079 quod
1656 2044 1788 2080 loquitur

1019 2093 1065 2120 hic
1081 2092 1117 2120 de
1132 2093 1219 2120 bonis
1239 2092 1394 2127 operibus,
1411 2099 1472 2118 non
1487 2091 1524 2119 de
1546 2091 1643 2126 malis;
1666 2092 1788 2127 propter

1018 2139 1074 2166 hoc
1089 2139 1235 2173 objicitur,
1248 2138 1317 2173 quia
1326 2138 1431 2165 dicitur
1445 2138 1468 2154 ²²
1487 2147 1512 2164 :«
1528 2137 1670 2172 Apposuit
1683 2137 1716 2173 (e)
1731 2137 1784 2165 tibi

1019 2193 1141 2221 aquam,
1160 2187 1186 2213 et
1206 2185 1304 2219 ignem
1326 2193 1333 2211 ι
1349 2184 1387 2211 ad
1402 2184 1484 2219 quod
1508 2183 1647 2217 volueris,
1667 2183 1786 2219 porrige

1020 2240 1141 2260 manum
1155 2233 1244 2259 tuam.
1260 2241 1274 2257 n
1294 2232 1325 2258 Et
1338 2230 1468 2266 sequitur
1490 2239 1496 2257 :
1517 2231 1614 2258 «Ante
1635 2230 1787 2258 hominem

1019 2278 1078 2306 vita
1094 2281 1121 2306 et
1134 2286 1228 2311 mors,
1250 2278 1363 2305 bonum
1379 2279 1405 2304 ct
1424 2277 1545 2304 malum.
1560 2286 1573 2302 n
1592 2278 1666 2312 Ergo
1687 2276 1717 2304 in
1731 2276 1786 2304 ho-

1019 2326 1105 2353 minis
1119 2327 1259 2361 potestate
1275 2326 1316 2352 est
1331 2324 1447 2359 operari
1465 2331 1568 2358 unum,
1585 2323 1632 2351 vel
1647 2323 1736 2351 aliud.
1754 2324 1786 2350 Et

1019 2372 1057 2400 ad
1071 2372 1148 2399 istud
1158 2370 1400 2407 respondendum
1411 2372 1468 2405 est,
1481 2370 1563 2406 quod
1576 2370 1710 2406 quaedam
1718 2371 1784 2396 sunt

1017 2456 1100 2485 loun„
1112 2456 1184 2479 tract.
1197 2460 1297 2483 Lxxxn,
1312 2460 1337 2478 11.
1352 2456 1371 2478 1.
1383 2466 1413 2471 —-
1427 2453 1444 2469 ¹³
1455 2454 1475 2477 11
1487 2453 1554 2481 θον..
1565 2459 1589 2482 x,
1600 2453 1678 2476 1Ἱ.-
1687 2451 1709 2468 ²⁰
1720 2451 1784 2480 Oeen,

1019 2497 1075 2521 Vlll,
1091 2492 1113 2514 4.
1127 2503 1152 2507 -
1169 2491 1187 2506 “³¹
1201 2490 1255 2519 lob,
1270 2495 1313 2520 xv,
1328 2490 1367 2513 25.
1381 2501 1412 2506 —-
1427 2489 1444 2503 ²²¹
1457 2488 1545 2516 Ecclt'„
1558 2493 1601 2516 xv,
1619 2487 1653 2516 17,
1670 2488 1708 2510 ¹8.

1052 2540 1081 2568 (a)
1098 2538 1186 2569 Suppl.
1207 2539 1254 2562 est.
1270 2550 1300 2555 -
1317 2537 1348 2567 (b)
1367 2537 1428 2561 Caet.
1442 2535 1501 2559 edit.
1516 2535 1612 2559 vivunt.
1628 2547 1658 2552 -
1678 2535 1707 2564 (c)
1724 2534 1783 2559 Coet.

1018 2575 1078 2598 edit.
1094 2574 1274 2604 permittendo.
1287 2586 1313 2590 —
1328 2573 1361 2603 (d)
1378 2572 1451 2601 Vulg.
1463 2570 1622 2601 clarificatus.
1636 2583 1666 2588 —
1679 2572 1708 2601 (e)
1723 2569 1783 2594 Caee.

1018 2610 1078 2634 edit.
1094 2609 1216 2640 Apposui.

1981 2688 1987 2811 -ᾳ
1980 2595 1987 2679 --.-
1983 2535 1987 2572 .—
