1987 3032
197 209 234 238 76
745 204 956 238 EVANGELH
979 207 1116 238 SANCTI
1139 207 1251 239 LUCAE

197 273 361 305 troductae.
379 274 465 305 Circa
489 285 587 315 quam
609 276 669 307 tria
688 274 934 305 introducuntur
958 286 964 304 :

197 327 354 358 excitatur
368 328 454 358 enim
469 328 609 360 humana
629 328 808 365 audientia,
833 327 968 367 erigitur

197 380 322 418 fiducia,
338 383 369 411 et
382 382 530 420 arguitur
546 382 730 413 diffidentia.

238 433 344 464 Primo
364 434 474 473 igitur,
499 437 656 474 quantum
683 435 721 465 ad
744 433 967 464 excitationem

197 487 380 525 audientiae,
402 487 518 518 dicitur
541 498 548 517 z
573 488 627 519 Ait
647 491 755 517 autem
781 487 934 517 Dominus
959 498 965 516 z

197 540 312 573 Audite
336 540 417 580 quid
431 541 536 579 judex
555 541 733 580 iniquitatis
753 540 843 578 dicit,
861 540 891 569 id
907 542 964 578 est,

196 594 389 624 considerate
399 594 455 633 huj
461 604 498 624 us
511 594 761 634 responsionem,
774 594 808 624 in
819 603 882 633 qua
892 603 966 623 con-

196 647 400 678 siderandum
414 649 478 685 est,
502 649 623 687 quanta
637 647 676 677 sit
692 647 830 677 efficacia
856 647 968 677 oratio-

195 700 245 731 nis
259 701 424 738 instantia,
445 700 520 739 quia
537 700 688 730 instantia
710 700 831 740 peperit
847 700 967 731 moles-

195 754 292 791 tiam,
315 755 345 783 et
364 753 508 784 molestia
530 754 663 784 extorsit
683 754 850 793 justitiam.
878 753 966 784 Unde

194 805 266 836 licet
288 805 420 836 haberet
442 815 496 836 cor
518 806 696 846 lapideum,
727 809 833 837 motus
856 809 967 837 tamen

195 860 241 890 est
256 868 312 898 per
330 859 539 898 frequentiam
555 869 702 898 precum,
727 862 762 890 ut
783 860 967 891 verificetur

195 912 228 942 in
243 912 296 942 illo
308 911 386 942 illud
401 913 559 951 poeticum
574 913 582 929 ¹
603 924 609 943 :

227 991 301 1014 Gutta
314 993 386 1014 cavat
397 991 516 1022 lapidem,
529 998 581 1015 non
593 992 628 1022 vi,
641 992 686 1015 sed
698 998 766 1023 saepe
780 992 903 1017 cadendo.

235 1070 320 1101 Licet
334 1073 442 1101 autom
464 1071 497 1102 in
514 1081 551 1102 eo
572 1072 722 1112 iniquitas
744 1072 855 1109 suerit,
879 1082 965 1103 com-

196 1124 308 1164 pulsus
331 1126 378 1154 est
399 1126 505 1155 tamen
528 1125 567 1155 ad
596 1125 787 1156 reddendam
808 1126 967 1165 justitiam

197 1186 253 1217 per
268 1177 375 1208 viduae
390 1177 606 1217 importunam
621 1178 802 1209 instantiam
820 1190 827 1209 ι
849 1188 889 1209 ex
904 1188 967 1219 quo

197 1230 423 1269 intelligimus,
441 1231 524 1270 quod
540 1231 564 1261 si
581 1231 730 1261 instantia
748 1232 849 1271 precis
866 1233 965 1263 emol-

196 1283 263 1313 livit
272 1283 412 1322 judicem
421 1283 641 1322 durissimum,
653 1287 683 1314 et
695 1284 858 1315 inclinavit
868 1286 912 1325 inj
918 1296 967 1316 us-

197 1337 355 1367 tissimum
388 1337 427 1367 ad
461 1337 637 1368 faciendum
667 1338 845 1377 Judicium‚
883 1341 968 1379 quod

198 1390 297 1421 multo
318 1391 430 1421 fortius
445 1391 608 1421 inclinabit
625 1391 725 1422 Deum
746 1392 836 1430 pium
851 1395 881 1423 et
896 1395 969 1432 jus-

196 1446 277 1475 tum.
304 1444 392 1475 Unde
414 1444 684 1485 Chrysostomus²
709 1457 714 1477 :
744 1445 845 1476 «Non
865 1448 968 1486 Judex

197 1497 283 1536 talis,
301 1497 363 1528 fide
377 1498 551 1529 dilectionis
571 1508 697 1537 carens,
714 1500 809 1530 tzedio
824 1502 966 1541 compul-

197 1560 268 1586 sus,
285 1559 343 1581 nec
357 1551 438 1581 actio
452 1552 521 1590 eJus
533 1552 584 1582 hic
599 1552 723 1583 laudari
735 1555 836 1592 potest
845 1565 853 1592 3
871 1555 923 1585 sed
941 1555 967 1585 si

196 1604 254 1634 iste
277 1613 481 1644 quocumque
502 1606 609 1636 animo
635 1606 720 1637 ultus
745 1608 792 1637 est
815 1607 965 1646 viduam,

197 1657 277 1687 Deus
288 1657 389 1695 judex
406 1658 544 1688 maxime
558 1658 719 1689 ulciscitur
736 1669 868 1690 suorum
886 1661 968 1701 inju-

196 1710 287 1740 riam.
305 1721 319 1738 »
338 1709 386 1740 Ex
401 1720 464 1750 quo
479 1711 560 1742 miro
579 1712 674 1742 modo
693 1713 839 1743 instantis
854 1715 968 1745 oratio-

195 1763 244 1793 nis
268 1763 445 1794 ostenditur
468 1764 607 1795 efficacia
615 1788 624 1803 ,
650 1766 726 1804 quia
749 1766 802 1796 ille
831 1767 886 1806 qui
910 1777 968 1798 nec

196 1816 296 1847 Deum
317 1817 462 1855 timebat,
483 1827 541 1848 nec
564 1818 705 1849 hominis
725 1820 848 1851 curavit
873 1829 966 1852 vere-

196 1869 364 1906 cundiam,
387 1879 445 1900 nec
461 1871 588 1901 amabat
599 1872 757 1910 justitiam
768 1897 775 1911 ,
799 1873 901 1904 victus
921 1877 968 1905 est

195 1933 214 1954 a
229 1923 324 1955 vidua
332 1933 388 1963 per
398 1933 530 1963 precum
543 1925 723 1955 instantiam
734 1926 964 1965 importunam.

236 1977 391 2014 Secundo,
404 1978 605 2016 quantumad
613 1979 802 2010 erectionem
815 1980 966 2013 humanae

196 2030 336 2068 fiduciae,
353 2030 459 2060 subdit
476 2031 516 2069 (v.
535 2031 561 2070 7)
580 2042 586 2060 ε
604 2032 689 2062 Deus
704 2036 811 2063 autem
833 2043 897 2065 non
910 2036 967 2074 fa-

196 2084 254 2114 ciet
270 2082 444 2113 vindictam
463 2083 630 2115 electorum
654 2093 786 2116 suorum
801 2086 818 2116 ,9
839 2096 879 2118 ex
900 2088 963 2119 dis-

196 2136 338 2167 trictione
362 2136 412 2166 sui
429 2137 542 2175 judicii
558 2138 567 2154 ³
585 2148 590 2168 z
613 2149 627 2167 α
648 2138 725 2168 Mihi
745 2139 884 2171 vindicta
907 2143 964 2181 (om

196 2192 226 2220 et
238 2198 300 2229 ego
318 2189 505 2220 retribuam.
525 2201 539 2218 »
566 2190 603 2221 Et
617 2191 650 2221 in
665 2192 913 2224 Deuteronomio
929 2195 939 2210 ⁶
957 2206 967 2225 .-

202 2242 297 2272 «Mea
316 2245 362 2273 est
385 2242 479 2281 ultio,
501 2245 532 2273 et
557 2252 618 2282 ego
642 2245 814 2275 retribuam
832 2246 866 2276 in
882 2249 965 2277 tem-

197 2304 290 2334 pore,
314 2298 349 2326 ut
366 2296 490 2326 labatur
505 2305 560 2336 pes
575 2306 696 2328 eorum.
714 2310 729 2326 »
749 2316 788 2321 ——-
810 2299 964 2331 Clsmmn-

198 2348 277 2378 tium
292 2348 375 2378 adse
387 2348 437 2379 <lie
451 2357 487 2380 ac
498 2354 598 2388 noete,
615 2351 731 2381 scilicet
746 2361 786 2382 ex
796 2353 965 2384 afflictione

197 2401 295 2431 animi
307 2401 317 2417 ⁵
334 2412 340 2431 :
361 2413 375 2430 «
395 2401 465 2432 Vidi
481 2403 594 2434 subtus
615 2404 713 2435 altare
728 2405 850 2436 animas
865 2406 964 2437 inter-

196 2453 350 2484 fectorum
365 2457 491 2494 propter
507 2457 642 2487 verbum
660 2457 727 2495 Dei,
744 2460 773 2489 et
786 2458 966 2490 clamabant

197 2515 273 2538 voce
288 2516 408 2546 magna
418 2532 426 2546 ,
449 2508 585 2540 diceutes
601 2521 608 2540 :
627 2510 808 2551 Usquequ0‚
822 2511 962 2551 Domine,

229 2605 234 2618 “
250 2605 334 2635 Ovid.,
355 2610 394 2636 ir,
419 2605 449 2629 de
470 2607 556 2637 Ponto,
574 2607 644 2638 Eleg.
660 2614 685 2632 x.
701 2622 731 2627 -—
752 2610 761 2625 ²
779 2610 922 2642 Chrysost„
936 2611 965 2634 de

197 2640 304 2669 Precat„
318 2642 382 2664 orat.
400 2646 427 2665 11.
441 2655 471 2659 —
487 2642 495 2655 ³
508 2643 585 2673 Rom„
602 2649 648 2674 xii,
666 2645 701 2668 19.
717 2658 747 2662 —
762 2646 768 2659 ⁵
786 2646 868 2674 Deut..
883 2652 965 2677 mn,

197 2675 234 2699 35.
250 2687 279 2693 —
292 2676 303 2693 Β
317 2676 400 2707 Δροσ.,
419 2682 455 2708 vi,
472 2679 508 2701 1⁰.
529 2691 555 2695 -
577 2679 585 2692 ⁸
605 2678 676 2710 Gen„
696 2685 730 2710 iv,
752 2683 788 2705 ¹0.
805 2694 834 2700 —
851 2683 859 2696 ⁷
878 2681 967 2708 [ζει-ἰή,

1025 276 1152 306 sanctus
1167 277 1197 306 et
1209 284 1322 314 veruS,
1339 284 1403 306 non
1415 276 1549 315 judicas,
1565 279 1596 308 et
1611 285 1675 308 non
1689 277 1793 308 vindi-

1025 338 1075 359 cas
1089 329 1281 368 sanguinem
1296 332 1442 359 nostrum
1458 329 1495 360 de
1507 330 1568 369 his,
1586 331 1640 370 qui
1651 330 1796 361 habitant

1025 381 1056 411 in
1080 384 1183 412 terra?
1205 394 1220 410 »
1240 384 1299 412 etc.
1326 382 1391 413 Imo
1417 383 1492 421 ipsis
1513 392 1567 414 ore
1597 383 1793 421 tacentibus,

1024 434 1244 465 tribulationes
1260 444 1373 466 eorum
1394 435 1531 466 clamant
1546 437 1556 453 ⁶
1574 448 1581 467 z
1605 448 1619 465 α
1635 436 1704 466 Vox
1718 445 1796 466 sau-

1026 488 1134 526 guinis
1149 488 1254 518 fratris
1264 489 1310 518 tui
1324 489 1436 518 clamat
1449 489 1487 519 ad
1499 498 1549 519 me
1564 489 1601 520 de
1619 491 1710 520 terra.
1725 499 1739 517 n
1755 506 1796 512 —

1025 541 1070 571 Et
1078 541 1272 580 polientium
1288 541 1412 572 habebit
1427 542 1460 571 in
1477 541 1558 572 illis?
1574 551 1630 582 per
1640 542 1796 572 remissio-

1024 602 1097 624 nem
1113 594 1188 631 zeli,
1207 594 1296 633 quasi
1313 593 1428 624 diceret
1447 604 1453 624 :
1472 594 1541 624 Non
1562 605 1568 624 :
1586 595 1660 634 quia
1677 594 1688 611 ⁷
1707 606 1721 623 α
1736 594 1794 626 Do-

1024 646 1130 677 minus
1147 647 1300 685 Judicabit
1317 648 1436 686 μεως,
1458 649 1487 677 et
1509 647 1599 678 faciet
1610 647 1770 686 judicium
1783 672 1792 686 ,

1024 702 1054 730 et
1071 700 1108 739 (Kb)
1126 700 1315 730 fortissimus
1329 709 1394 730 non
1408 700 1537 731 habebit
1552 701 1585 730 in
1600 700 1661 730 illis
1675 701 1797 740 patien-

1024 753 1117 790 tiam,
1139 756 1175 783 ut
1192 754 1225 792 (c)
1243 753 1435 784 contribulet
1456 754 1586 784 dorsum
1609 754 1760 793 ipsorum.
1777 764 1792 783 υ

1025 806 1090 837 Hoc
1105 809 1210 838 autem
1236 807 1361 844 dicitur,
1379 816 1442 837 non
1462 808 1535 847 quia
1555 807 1710 837 Dominus
1731 816 1796 838 non

1024 862 1166 900 expectat
1181 862 1361 900 peccantes,
1379 860 1433 890 sed
1446 860 1539 900 quia,
1554 860 1672 898 judicio
1687 860 1797 890 immi—

1024 916 1134 951 nente,
1147 914 1215 952 jam
1231 913 1368 952 amplius
1387 913 1465 943 nolit
1479 915 1646 953 expectare
1660 912 1670 930 ⁸
1687 924 1694 944 ε
1717 924 1732 942 α
1746 913 1796 944 An

1024 967 1150 1008 divitias
1170 966 1319 997 bonitatis
1341 967 1425 1005 ejus,
1443 968 1473 996 et
1488 966 1664 1005 patientiae,
1682 968 1713 996 et
1726 965 1796 996 lon-

1024 1020 1219 1059 ganimitatis
1227 1020 1423 1050 contemnis?
1432 1019 1613 1050 Secundum
1624 1021 1730 1049 autem
1740 1018 1797 1049 du-

1023 1073 1128 1103 ritiam
1143 1075 1242 1110 tuam,
1257 1076 1287 1103 et
1307 1073 1508 1112 impoenitens
1522 1081 1587 1109 cor,
1604 1071 1796 1102 thesaurizas

1024 1126 1078 1157 tibi
1094 1127 1175 1157 iram
1190 1127 1223 1156 in
1234 1127 1284 1157 die
1298 1127 1356 1157 irae
1369 1150 1376 1161 ,
1392 1128 1423 1156 et
1438 1126 1640 1157 revelationis
1652 1126 1727 1165 justi
1739 1127 1796 1165 Ju-

1023 1180 1095 1210 dicii
1117 1180 1189 1217 Dei,
1215 1180 1270 1219 qui
1292 1179 1400 1209 reddet
1423 1179 1597 1218 unicuique
1620 1178 1796 1208 secundum

1023 1242 1119 1273 opera
1134 1234 1202 1273 ejus
1223 1244 1229 1263 z
1249 1233 1285 1262 iis
1309 1232 1438 1272 quidem
1461 1232 1516 1272 qui
1536 1232 1712 1262 secundum
1737 1240 1795 1270 pa·-

1023 1287 1164 1317 tientiam
1180 1286 1254 1316 boni
1267 1286 1372 1325 operis
1382 1310 1391 1323 ,
1408 1286 1544 1325 gloriam
1555 1309 1565 1323 ,
1581 1288 1612 1316 et
1625 1285 1792 1323 honorem,

1024 1343 1054 1372 et
1082 1340 1353 1380 incorruptionem
1379 1342 1547 1379 quaerunt,
1573 1340 1674 1370 vitam
1700 1340 1793 1369 aeter-

1025 1402 1116 1430 nam3
1133 1393 1170 1422 iis
1188 1395 1296 1423 autem
1311 1392 1367 1431 qui
1383 1394 1457 1422 sunt
1472 1401 1512 1422 ex
1529 1392 1749 1430 contentione,
1765 1394 1796 1422 et

1023 1446 1079 1486 qui
1094 1456 1157 1477 non
1172 1446 1376 1485 acquiesctmt
1389 1445 1526 1483 veritati,
1542 1445 1674 1476 credunt
1688 1447 1794 1476 autem

1023 1500 1200 1539 iniquitati,
1227 1499 1274 1529 ira
1297 1501 1327 1529 et
1351 1498 1549 1537 indignatio,
1575 1498 1737 1529 tribulatio
1765 1500 1795 1529 et

1023 1553 1173 1592 angustia
1189 1553 1220 1582 in
1236 1553 1376 1583 animam
1391 1552 1531 1582 hominis
1548 1552 1707 1592 operantis
1723 1561 1795 1583 ma-

1022 1607 1102 1637 lum.
1117 1618 1131 1635 »
1152 1616 1191 1646 tv.
1207 1607 1234 1645 8)
1250 1606 1327 1637 Dico
1340 1606 1436 1643 vohis,
1448 1606 1526 1645 qula
1540 1607 1600 1636 cito
1611 1606 1710 1645 saciet
1722 1606 1794 1636 vin-

1023 1660 1141 1690 dictam
1157 1659 1298 1690 illorum.
1316 1659 1352 1689 Et
1367 1659 1427 1689 hoc
1444 1668 1500 1698 per
1515 1659 1667 1690 ultionem
1686 1667 1795 1698 pecca-

1022 1713 1044 1743 ti
1056 1716 1066 1732 ⁹
1086 1724 1092 1743 :
1114 1724 1127 1741 «
1145 1713 1344 1751 Sanguinem
1364 1720 1531 1742 servorum
1546 1720 1678 1742 suorum
1695 1711 1795 1742 ulcis-

1022 1768 1123 1804 cetur,
1131 1768 1160 1796 et
1168 1765 1341 1796 vindictam
1352 1764 1504 1795 retribuet
1514 1765 1546 1794 in
1556 1765 1661 1795 hostes
1668 1773 1792 1802 eorum,

1023 1822 1053 1850 et
1065 1819 1220 1859 propitius
1230 1819 1290 1849 erit
1301 1821 1393 1849 terrae
1402 1818 1510 1858 populi
1518 1818 1577 1848 sui.
1585 1828 1599 1846 n
1610 1818 1689 1848 Etw:
1702 1817 1795 1848 «Gen-

1022 1872 1106 1903 tibus
1120 1872 1227 1902 reddet
1247 1871 1420 1902 vindictam
1432 1895 1440 1909 ,
1466 1871 1564 1902 donec
1584 1871 1672 1902 tollat
1693 1871 1794 1911 pleni-

1021 1926 1166 1956 tudinem
1182 1925 1407 1964 superborum,
1424 1927 1454 1955 et
1469 1927 1591 1964 sceptra
1608 1925 1793 1965 iniquorum

1021 1978 1212 2010 contribulet
1230 1989 1236 2008 :
1253 1978 1353 2008 donec
1364 1977 1473 2008 reddat
1485 1978 1670 2009 hominibus
1685 1987 1794 2009 secun-

1021 2032 1098 2063 dum
1115 2034 1205 2063 actus
1226 2040 1319 2069 suos,
1337 2033 1367 2061 et
1388 2031 1564 2061 secundum
1588 2040 1685 2071 opera
1698 2031 1792 2070 Adae,

1021 2088 1051 2116 et
1066 2086 1240 2116 secundum
1260 2085 1543 2125 praesumptionem
1559 2085 1644 2116 illius
1669 2096 1676 2116 ε
1693 2085 1792 2117 donec

1017 2139 1137 2179 ⁸iudicet
1145 2138 1304 2178 judicium
1316 2137 1415 2177 plebis
1430 2146 1508 2167 suae.
1523 2148 1536 2165 ›)
1557 2137 1617 2167 Sed
1634 2139 1792 2178 numquid

1021 2194 1067 2223 est
1088 2194 1269 2223 sanctorum
1293 2191 1431 2221 clamare
1453 2190 1492 2220 ad
1516 2189 1615 2221 Deum
1640 2199 1697 2230 pro
1719 2192 1792 2223 vin-

1020 2246 1116 2283 dicta,
1131 2254 1204 2276 cum
1220 2244 1342 2274 dicatur
1360 2244 1379 2260 ¹¹
1399 2254 1405 2273 :
1428 2254 1442 2271 «
1458 2242 1517 2280 Qui
1536 2243 1688 2274 vindicari
1705 2245 1788 2284 vult,

1020 2308 1038 2329 a
1048 2299 1182 2330 Domino
1196 2297 1336 2328 inveniet
1346 2296 1529 2334 vindictam,
1546 2297 1576 2326 et
1589 2299 1715 2336 peccata
1728 2306 1791 2329 ser-

1020 2361 1100 2384 vans
1122 2350 1286 2382 servabit?
1304 2361 1318 2377 »
1349 2349 1536 2388 Responsio,
1561 2350 1647 2389 quod
1670 2350 1714 2381 sic
1733 2360 1791 2390 pro

1020 2405 1159 2437 vindicta
1173 2402 1349 2434 afflictionis
1373 2402 1513 2433 facientis
1529 2403 1568 2433 ad
1588 2403 1688 2434 Deum
1706 2404 1790 2435 redi-

1021 2468 1055 2490 re
1071 2458 1127 2498 (cl),
1145 2458 1195 2489 vel
1210 2456 1352 2487 facientis
1366 2465 1384 2486 a
1399 2455 1531 2486 stultitia
1544 2465 1676 2495 cessare,
1692 2458 1717 2487 si
1729 2457 1790 2489 Deo

1021 2512 1130 2552 placet.
1144 2510 1322 2542 Vindictam
1336 2511 1442 2539 autem
1455 2508 1632 2539 afflictionis
1644 2518 1789 2549 personae

1021 2576 1099 2598 xxxv,
1114 2571 1153 2593 22.
1165 2581 1195 2586 —-
1210 2569 1219 2581 θ
1233 2568 1311 2595 Rom„
1326 2573 1361 2596 ιι,
1377 2567 1427 2590 4-9.
1443 2579 1473 2583 -
1487 2567 1496 2580 ⁹
1508 2566 1592 2596 Dent„
1607 2573 1690 2596 xxxii,
1706 2569 1744 2592 43,
1760 2582 1790 2587 -

1022 2606 1041 2622 ¹⁰
1054 2604 1144 2633 Eccli„
1160 2609 1238 2633 xxxv,
1254 2603 1336 2626 23-25.
1351 2614 1382 2619 -—
1398 2602 1413 2617 ¹¹
1430 2601 1503 2629 thid„
1518 2607 1610 2632 xxvm,
1629 2605 1649 2626 l.

1054 2646 1086 2675 (α)
1099 2645 1160 2668 Caet.
1173 2643 1234 2667 edic.
1251 2642 1397 2666 vindictam.
1410 2653 1441 2658 —
1457 2641 1490 2671 (b)
1512 2641 1573 2664 item
1588 2643 1624 2666 ut.
1637 2654 1666 2660 —
1683 2643 1713 2673 (c)
1730 2643 1789 2668 Item

1021 2686 1162 2712 quousque.
1176 2691 1205 2697 —
1222 2678 1259 2709 (ci)
1275 2678 1333 2700 αεὶ.
1348 2676 1406 2701 edit.
1422 2675 1555 2701 redimere.
