1987 3032
709 225 913 258 EXPOSlTlO
935 225 975 256 IN
997 225 1082 256 CAP.
1107 225 1156 257 lv.

138 298 145 313 ¹
158 308 171 321 «
178 297 262 331 Juda,
271 303 348 332 pone
360 295 394 331 (a)
408 294 461 322 tihi
476 301 632 321 messem.»
650 294 720 320 Item
734 295 775 320 est
790 292 902 325 messis,

138 343 245 370 scilieet
259 342 446 378 praemiorum
469 339 601 367 collectio
617 338 627 353 ²
644 347 650 366 ι
671 339 775 365 «Vade
791 338 830 365 ad
844 338 903 364 sor-

138 389 261 423 micam,
283 396 300 415 0
327 387 426 423 piger3
453 396 465 411 ι)
493 388 520 413 et
542 385 691 421 sequitur:
713 396 725 409 «
741 385 805 412 Sive
821 384 904 419 piger

138 434 235 468 fueris,
251 434 347 462 veniet
361 434 393 459 ut
406 432 471 460 sons
486 432 588 459 messis
600 433 659 458 tua.
676 440 690 456 »

174 483 217 508 37.
232 482 262 507 Et
272 479 402 514 sequitur
424 478 527 505 ultima
546 477 704 513 particula,
727 477 757 504 in
779 484 839 511 qua
853 483 904 503 ex-

139 526 243 561 positio
257 525 315 559 Dei,
330 525 372 552 ibi
388 533 393 552 ι
409 526 440 551 In
465 526 511 551 hoc
530 526 599 551 enim
611 524 717 551 verbum
738 531 839 555 verum,
855 521 922 548 sci—⁴

137 571 204 598 licet
217 579 272 606 pro
287 579 369 604 vero,
383 570 467 606 quod
482 573 508 597 et
524 571 552 597 in
573 570 629 597 hoc
644 569 732 597 habet
745 568 904 601 veritatem,

138 617 208 652 quia
221 617 371 652 prophetae
389 616 618 649 laboraverunt,
634 617 661 642 et
682 623 735 642 vos
750 623 785 642 ex
803 621 906 641 eorum

136 663 290 690 laboribus
316 663 431 690 metitis.
461 662 517 690 Sed
545 661 698 697 quaeritur,
724 659 879 696 quomodo
893 660 906 686 ἱ)

137 709 269 744 Apostoli
293 708 511 736 seminaverunt
534 707 742 743 praedicando,
763 708 789 733 ct
813 705 905 732 colle-

137 757 240 788 gerunt
259 755 291 789 (b)
307 754 407 782 fideles
425 754 463 781 ad
478 754 569 780 fidem
586 763 591 780 ;
607 761 677 788 ergo
692 754 850 787 utrumque
865 751 906 778 fe-

138 802 248 828 cerunt.
283 800 419 834 Similiter
453 802 480 827 et
503 800 653 835 prophetae
690 798 908 825 seminaverunt

137 847 362 882 prophetando,
389 854 517 881 quornm
536 844 696 880 prophetiis
716 843 800 871 multi
814 843 908 870 credi-

121 906 127 913 ·
138 893 259 926 derunt,
275 895 303 919 et
320 893 358 919 ita
372 892 489 919 suerunt
508 891 622 918 collecti
643 890 727 925 quasi
752 889 782 916 in
802 897 906 916 messe.

138 939 230 971 Quare
254 937 425 973 appropriat
444 937 594 972 prophetis
606 958 614 971 ,
631 936 713 971 quod
734 935 851 962 fuerunt
866 942 908 962 se-

138 984 307 1017 minatores,
328 986 355 1011 et
370 983 510 1019 apostolis
526 982 608 1018 quod
622 982 739 1009 fuerunt
754 989 908 1014 messores,

140 1038 207 1057 cum
228 1030 343 1065 utrique
372 1030 487 1056 fuerunt
510 1031 537 1056 et
562 1028 752 1055 seminatores
777 1030 804 1054 et
832 1035 908 1054 mes-

138 1078 237 1103 sores?
258 1078 290 1103 Et
313 1076 351 1102 ad
372 1075 428 1102 hoc
455 1075 612 1110 respondet
637 1075 860 1110 Chrysostomus
887 1075 907 1108 ³,

139 1121 219 1157 quod
236 1132 249 1146 «
264 1122 295 1148 in
309 1121 419 1148 semine
429 1141 438 1154 ‚
453 1121 484 1148 id
500 1122 556 1154 est,
573 1121 603 1147 in
625 1120 799 1147 seminando
814 1120 909 1154 maJ'or

138 1167 234 1201 labor,
249 1167 279 1194 in
294 1175 388 1194 messe
418 1175 489 1194 vero
514 1166 621 1193 multus
645 1165 764 1192 fructus.
790 1167 821 1192 Et
839 1173 908 1200 pro-

138 1213 231 1248 phetae
252 1213 370 1240 fuerunt
390 1213 470 1240 missi
485 1212 524 1239 ad
546 1212 577 1238 id
597 1211 679 1247 quod
694 1213 755 1238 erat
775 1211 907 1238 laborio-

138 1259 215 1293 sius,
239 1267 293 1286 vos
322 1261 418 1286 autem
441 1258 480 1285 ad
500 1258 577 1285 levia
591 1257 718 1285 venistis,
736 1259 767 1284 Et
786 1257 858 1284 sicut
878 1257 909 1284 in

140 1313 234 1332 messe
260 1313 326 1331 cum
350 1304 485 1331 facilitate
514 1304 622 1330 fructus
646 1304 857 1337 aggregantur,
883 1305 910 1329 et

140 1358 199 1378 uno
220 1353 371 1377 momento
400 1358 469 1377 area
490 1349 636 1384 repletur,
652 1349 691 1375 ita
712 1350 773 1375 erat
788 1350 815 1375 et
830 1349 908 1382 tunc,

139 1396 209 1431 quia
224 1396 395 1424 Samaritani
418 1396 587 1430 congregati
608 1395 767 1422 veniebant
789 1396 909 1429 propter

138 1443 263 1470 verbum
289 1443 430 1470 mulieris.
447 1453 459 1468 u
478 1444 509 1470 Et
528 1442 598 1477 quia
613 1442 765 1477 prophetae
792 1441 909 1468 fuerunt

139 1488 242 1523 primi,
259 1488 326 1516 ideo
352 1489 498 1515 ducuntur
518 1488 670 1516 seminare.
686 1489 718 1514 Et
733 1487 803 1522 quia
822 1494 908 1522 apos-

139 1533 189 1561 toli
204 1541 307 1561 eorum
332 1541 513 1561 successores
536 1534 672 1566 suerunt,
694 1533 830 1559 dicuntur
845 1540 907 1559 me-

138 1582 196 1606 tere
208 1588 214 1605 :
228 1589 240 1605 «
249 1579 475 1615 Snperaedificati
487 1587 574 1614 super
588 1578 813 1606 fundamentum
824 1586 908 1614 apos-

138 1625 268 1652 tolorum
296 1628 323 1653 et
350 1626 571 1661 prophetarum.
602 1634 614 1650 >³
645 1627 676 1652 Et
701 1625 768 1652 ideo
788 1625 827 1652 ait
852 1625 909 1652 hoc

139 1671 280 1706 apostolis
293 1672 465 1707 (c),hortans
479 1680 540 1705 eOS,
554 1671 624 1706 quia
638 1671 793 1698 videbatur
805 1680 850 1698 res
865 1671 908 1698 la-

138 1717 259 1744 boriosa
274 1717 377 1744 orbem
393 1720 535 1745 terrarum
555 1717 676 1744 circuire
691 1718 719 1743 et
735 1717 906 1752 praedicare.

139 1763 208 1790 ldeo
227 1763 354 1790 ostendit
368 1771 429 1790 esse
453 1765 521 1790 tunc
542 1763 625 1790 facile
645 1764 778 1797 respectu
798 1762 909 1789 laboris

138 1809 358 1844 prophetarum,
374 1811 461 1844 prout
477 1809 516 1836 ait
539 1809 619 1835 idem
635 1809 858 1843 chrysostomus
873 1809 882 1824 ⁵
899 1818 907 1835 .-

141 1864 154 1879 «
167 1855 223 1882 Sed
242 1855 324 1882 aliter
339 1857 381 1882 est
399 1855 430 1881 in
448 1854 660 1881 seminantibus
683 1856 709 1880 et
734 1854 909 1882 metentibus

139 1900 327 1934 sensibiliter,
350 1900 421 1935 quia
438 1908 495 1927 non
510 1900 597 1926 simul
620 1900 769 1934 laetantur,
785 1901 837 1927 sed
852 1901 907 1928 do-

139 1945 208 1979 lent,
225 1946 276 1981 qui
292 1946 521 1979 seminaverunt,
535 1948 566 1972 ut
581 1946 644 1972 aliis
659 1945 843 1981 laborantes;
860 1947 908 1973 lee-

138 1993 236 2019 tantur
263 1993 360 2018 autem
381 1991 432 2026 qui
459 1993 571 2018 metunt
592 1991 741 2026 sibiipsis.
758 1992 813 2019 Sed
825 1992 853 2019 in
867 2001 909 2019 se-

139 2038 319 2065 minantibus
343 2037 390 2064 bio
420 2039 447 2064 et
461 2037 636 2064 metentibus
662 2038 745 2065 aliter
771 2040 823 2072 est,
838 2038 909 2074 qnia

140 2083 256 2118 utrique
282 2083 441 2110 laetantur»
470 2083 509 2109 ob
525 2083 661 2110 camdem
682 2083 712 2110 in
735 2084 775 2110 eis
789 2084 909 2111 charita-

140 2132 210 2162 tem,
224 2137 290 2164 quae
303 2130 313 2145 ⁶
330 2137 414 2156 «non
428 2128 541 2164 quaerit,
558 2137 623 2164 quae
638 2137 691 2156 suo.
701 2131 778 2162 sunt,
794 2139 806 2155 »
823 2132 910 2164 prout

141 2175 180 2202 ait
194 2175 224 2202 in
238 2175 342 2202 littera.
363 2177 395 2202 Et
408 2177 487 2210 patet
501 2183 537 2202 ex
557 2174 657 2209 dietis,
672 2175 755 2210 quod
768 2175 910 2210 praediea-

141 2223 217 2248 tores
232 2224 298 2249 sunt
311 2221 512 2256 seminatores,
528 2223 555 2248 01
565 2221 689 2248 verbum
701 2224 742 2248 est
756 2230 865 2256 semen,
883 2224 911 2249 et

140 2268 218 2294 terra
226 2269 267 2294 cst
277 2267 557 2294 cordaaudientium
568 2268 592 2294 ⁷:
613 2267 707 2295 «Exiit
722 2267 772 2303 qui
787 2268 911 2296 seminat

142 2313 286 2340 seminare
296 2321 395 2339 semen
406 2321 502 2339 suum.
512 2323 525 2339 >1
534 2313 574 2340 lbi
587 2313 741 2347 Gregorius
749 2313 910 2341 ”sufficien-

142 2361 184 2386 ter
200 2360 236 2386 dc
251 2359 305 2387 his.
322 2359 332 2374 ⁹
349 2368 362 2384 «
378 2359 454 2385 Beati
470 2359 520 2394 qui
536 2359 684 2386 seminatis
707 2368 794 2394 super
810 2368 911 2387 omnes

143 2412 265 2440 aquas.»
277 2407 308 2432 Et
317 2404 455 2431 illiiidem
464 2405 500 2438 (d)
511 2406 579 2432 sunt
589 2413 732 2432 messores
742 2405 911 2440 colligentes

174 2465 181 2481 ¹
201 2465 263 2495 Osa,
281 2471 316 2495 vt,
340 2467 376 2489 1¹.
390 2478 419 2482 —
433 2465 444 2481 ²
458 2465 541 2495 Pron„
558 2471 592 2495 vi,
611 2467 635 2494 6,
655 2468 688 2489 ll.
708 2479 733 2483 —-
749 2466 912 2496 ³Ch1-ys0st.,

144 2501 170 2523 in
187 2500 267 2529 laam,
287 2500 358 2524 hom.
378 2507 476 2530 xxxm,
498 2501 530 2523 nl.
546 2506 634 2531 xxxiv,
656 2508 681 2524 n.
700 2502 722 2525 2.
738 2514 768 2518 —
786 2501 796 2517 ⁸
812 2501 913 2531 Ephe-xa,

146 2540 173 2564 11,
186 2537 224 2558 20.
242 2549 267 2552 —
285 2536 293 2549 ¹·
307 2535 447 2566 Chrysost.,
465 2536 507 2559 ubi
524 2543 579 2565 sup.
594 2548 624 2553 -—·
642 2536 652 2552 ὃ
667 2537 672 2559 Ι
691 2536 758 2566 Corn,
773 2542 831 2565 x111‚
847 2538 870 2560 ὅ.
883 2549 912 2554 -

146 2569 153 2582 “’
168 2569 235 2599 Luc„
255 2576 316 2600 vnl,
331 2572 354 2594 5.
370 2584 401 2588 —
419 2570 430 2586 ¹³
450 2572 536 2601 Grcgq
558 2571 582 2593 in
598 2571 705 2601 Evmm„
722 2571 792 2594 hom.
808 2577 851 2601 XV,
868 2578 913 2601 per

145 2605 234 2627 totum.
255 2618 285 2622 —
307 2606 318 2621 ⁹
339 2606 398 2634 lsa„
422 2612 508 2635 xxxii,
535 2607 573 2628 20.
597 2618 627 2623 -—
652 2606 671 2621 ¹⁰
694 2606 753 2636 Im„
777 2612 817 2636 ix,
839 2608 862 2630 3.
883 2619 914 2623 -

146 2639 165 2654 ¹¹
186 2639 325 2670 Chrysost„
346 2640 371 2664 in
391 2641 472 2670 doum,
493 2640 562 2664 hom.
582 2646 673 2670 xxxn',
691 2640 723 2664 al.
746 2646 823 2671 xxxV,
843 2647 869 2664 n.
890 2643 912 2664 1.

283 2692 357 2714 ΤΟΜ.
380 2693 423 2714 xl.

1669 229 1723 257 321

961 291 1064 319 fideles
1078 292 1109 318 in
1123 292 1261 319 horreum
1276 290 1420 325 Ecclesiae,
1434 292 1465 318 ut
1480 291 1564 326 quasi
1581 292 1726 327 rapientes

961 345 1011 364 eos
1032 338 1068 364 de
1084 337 1220 364 manibus
1244 337 1371 364 hostium
1386 337 1406 353 ¹⁰
1422 346 1428 363 :
1449 347 1461 362 «
1475 337 1659 364 Laetabuntur
1677 346 1727 365 co-

961 391 1024 410 ram
1039 385 1065 410 tc
1081 384 1154 410 sicut
1169 383 1220 418 qui
1234 383 1366 410 laetantur
1383 383 1413 409 in
1427 391 1532 410 messe.
1549 393 1561 408 n

997 431 1039 455 39.
1057 431 1088 456 Ε1
1107 429 1237 464 sequitur
1262 429 1312 456 illa
1336 437 1421 464 parS,
1442 429 1472 456 in
1497 437 1556 464 qua
1580 429 1728 464 expressio

962 475 1126 502 devotionis
1144 478 1170 502 et
1185 475 1363 502 credulitatis
1384 476 1646 510 Samaritanorum,
1664 476 1705 503 ibi
1721 484 1728 502 ι

961 522 1003 547 Etr
1026 523 1135 548 civitate
1157 522 1220 555 illa,
1237 523 1289 548 etc.
1306 523 1337 548 Et
1352 521 1392 548 ibi
1411 521 1464 548 tria
1481 530 1487 548 :
1507 521 1621 557 primo,
1643 522 1730 556 hujus

960 567 1136 601 p1·aemissio;
1152 567 1297 601 secundo,
1320 575 1409 594 morae
1431 567 1461 602 (e)
1483 567 1639 595 salvatoris
1663 575 1730 595 cnm

961 613 1002 640 eis
1018 613 1212 648 specificatio,
1227 613 1269 640 ibi
1284 623 1290 640 z
1308 615 1426 647 Mansit,
1438 615 1504 648 etc.;
1522 614 1621 647 tertio,
1637 621 1731 641 causae

961 659 1139 686 creduUtatis
1155 667 1257 686 eorum
1277 660 1459 694 subjunctio,
1476 662 1503 688 et
1523 668 1624 687 eorum
1644 660 1732 696 plena

962 705 1121 740 confessio,
1138 705 1179 732 ibi
1194 714 1200 732 :
1218 707 1305 732 Multo
1317 707 1421 740 plures,
1438 708 1491 733 etc.

997 753 1040 780 Ait
1055 761 1125 788 crgo
1141 763 1147 780 ;
1164 755 1207 781 Es·
1222 755 1271 780 illa
1282 756 1392 781 civitate
1407 756 1498 788 multi,
1514 757 1567 782 etc.
1585 757 1616 783 Et
1630 756 1660 783 in
1675 756 1732 783 hoc

962 799 1163 834 promptitudo
1176 808 1278 826 eorum
1289 800 1327 827 ad
1338 800 1535 835 credendum,
1547 802 1629 837 quod
1640 810 1657 829 a
1667 802 1731 829 solo

962 845 1092 872 mulieris
1108 846 1272 873 testimonio
1286 846 1487 881 crediderunt,
1501 849 1531 874 ut
1543 848 1582 874 ait
1594 848 1732 884 Chrysos-

963 892 1096 919 tomus¹¹.
1108 892 1188 919 Unde
1203 893 1334 927 sequitur
1347 901 1352 919 :
1367 893 1544 920 Crediderunt
1555 896 1667 928 propter
1675 903 1731 921 ver-

963 939 1023 964 bum
1042 939 1172 965 mulieris.
1185 940 1204 965 E
1225 938 1370 965 contrario
1386 939 1422 965 de
1438 939 1556 971 ludaeis,
1573 939 1624 975 qui
1639 940 1732 968 multa

963 983 1096 1011 videntes
1118 984 1277 1015 miracula,
1300 992 1367 1011 eum
1391 985 1576 1019 abjecerunt,
1593 986 1633 1013 ait
1652 986 1732 1013 idem

964 1029 1186 1064 Chrysostomus
1199 1030 1229 1057 ¹².
1243 1031 1275 1057 Et
1286 1038 1346 1057 non
1357 1030 1452 1057 solum
1467 1031 1669 1065 crediderunt,
1681 1032 1734 1059 sed

964 1084 1022 1102 cum
1036 1078 1186 1109 venissent,
1201 1080 1361 1110 rogaverunt
1375 1080 1405 1104 ut
1426 1081 1552 1105 maneret.
1570 1079 1602 1105 Et
1623 1078 1653 1104 in
1677 1078 1734 1105 hoc

965 1124 1087 1156 apparet
1099 1121 1258 1148 vehemens
1273 1122 1391 1149 devotio
1405 1131 1411 1149 ι
1426 1123 1563 1150 continue
1574 1123 1652 1150 enim
1666 1132 1735 1151 eum

964 1167 1106 1194 volebant
1129 1167 1272 1202 detinere,
1295 1170 1326 1195 ut
1346 1168 1386 1195 ait
1409 1168 1632 1204 Chrysostomus
1647 1170 1678 1197 ¹³.
1703 1172 1735 1197 Et

964 1212 1100 1239 subditur
1115 1213 1278 1240 secundum
1295 1215 1341 1248 (v.
1359 1214 1412 1249 40)
1427 1223 1432 1241 :
1448 1215 1484 1241 Ec
1499 1217 1598 1242 mansit
1617 1217 1656 1242 z‘bi
1670 1216 1735 1243 duos

965 1258 1030 1285 dics.
1049 1258 1105 1285 Sed
1118 1259 1266 1293 quaeritur,
1279 1268 1314 1286 ex
1326 1268 1385 1295 quo
1402 1268 1469 1287 cum
1484 1262 1563 1288 tanta
1577 1261 1734 1289 devotione

965 1312 1032 1330 eum
1047 1305 1205 1338 rogabant,
1222 1313 1313 1340 quare
1328 1313 1389 1332 non
1404 1306 1531 1341 amplius
1546 1307 1653 1334 mansit
1667 1315 1734 1334 cum

965 1349 1005 1376 eis
1020 1351 1033 1376 :⁷
1056 1350 1322 1384 Respondendum‚
1346 1352 1428 1386 quod
1453 1352 1521 1379 ideo
1550 1353 1634 1387 forte,
1663 1354 1734 1389 quia

964 1395 1034 1422 illuc
1048 1403 1109 1422 non
1120 1399 1239 1423 venerat
1254 1405 1289 1423 ex
1308 1397 1464 1433 principali
1479 1399 1629 1433 proposito
1639 1420 1647 1433 ,
1664 1399 1734 1434 quia

965 1442 1118 1476 oportebat
1131 1450 1196 1468 eum
1212 1442 1332 1469 transire
1347 1443 1378 1469 in
1390 1443 1555 1477 Galilaeam,
1569 1447 1600 1472 ut
1623 1445 1733 1473 dictum

965 1489 1006 1514 est
1023 1495 1113 1522 supra
1135 1488 1164 1514 ¹¹.
1186 1489 1218 1514 Et
1239 1488 1381 1523 quoniam
1404 1489 1463 1516 illic
1485 1490 1691 1525 crediderunt,
1707 1494 1735 1519 et

964 1532 1034 1567 quia
1058 1533 1159 1560 debuit
1179 1533 1243 1560 aliis
1267 1534 1430 1562 civitatibus
1455 1536 1654 1571 evangelizare
1670 1557 1679 1571 ,
1702 1539 1734 1564 ut

964 1578 1069 1606 dicitur
1084 1580 1116 1612 ¹⁵,
1131 1579 1198 1606 ideo
1213 1588 1274 1607 non
1288 1581 1394 1608 mansit
1408 1582 1535 1617 amplius
1549 1582 1601 1610 ibi.

1000 1626 1042 1651 41.
1061 1627 1092 1652 Et
1105 1625 1236 1660 sequitur
1251 1627 1365 1654 tertium
1383 1636 1388 1654 :
1405 1629 1439 1654 Et
1452 1629 1534 1655 multo
1543 1630 1635 1663 plures
1648 1630 1734 1656 credi-

964 1670 1061 1697 derunt
1074 1676 1186 1705 propter
1196 1680 1326 1700 sermones
1339 1673 1405 1706 ejus.
1423 1675 1454 1700 Et
1467 1674 1524 1701 1100
1537 1675 1655 1708 merito,
1670 1675 1733 1710 ipse

964 1716 1042 1742 enim
1052 1716 1230 1751 loquebatur
1242 1719 1311 1744 sicut
1326 1721 1480 1752 potestatem
1496 1721 1591 1747 habens
1604 1720 1633 1752 ¹⁸,
1650 1723 1677 1748 et
1688 1721 1734 1748 in-

962 1761 1007 1788 fra
1022 1761 1056 1788 ¹⁷:
1068 1772 1080 1787 α
1093 1763 1187 1789 Verba
1201 1763 1266 1790 vitae
1280 1764 1381 1791 habes.
1398 1774 1410 1790 >t
1430 1767 1462 1792 Et
1473 1765 1494 1782 ¹⁸
1508 1774 1514 1792 :
1528 1775 1541 1791 «
1555 1767 1653 1793 Mundi
1668 1767 1734 1794 estis

962 1810 1082 1843 propter
1091 1816 1258 1836 sermonem
1268 1817 1378 1837 meum.
1392 1820 1404 1836 »
1419 1812 1454 1837 Et
1467 1811 1595 1839 direrunt
1608 1814 1732 1840 mulieri:

963 1851 1023 1881 Non
1037 1857 1147 1888 propter
1170 1856 1313 1889 loquelam,
1331 1858 1396 1890 ete„
1415 1859 1526 1884 tantum
1546 1858 1668 1893 scilicet,
1689 1860 1735 1886 sed

962 1901 1027 1933 qnia
1052 1900 1221 1935 audivimus,
1244 1909 1395 1929 sermones
1420 1903 1530 1931 scilicet
1553 1904 1733 1932 salvatoris:

965 1947 1039 1973 vivus
1055 1946 1133 1973 enim
1153 1947 1172 1963 ¹⁹
1190 1950 1229 1974 est
1244 1955 1327 1975 sermo
1345 1950 1403 1983 Dez',
1415 1952 1440 1976 et
1456 1951 1551 1983 efficaae
1576 1952 1612 1977 Et
1625 1952 1733 1985 scimus,

963 1991 1072 2019 scilicet
1099 1992 1247 2020 credendo
1264 2013 1273 2027 ‚
1303 1995 1367 2028 quia
1391 1995 1431 2021 hic
1458 1998 1496 2022 est
1524 2004 1583 2023 vere
1610 1998 1736 2025 Salvator

963 2038 1057 2064 mundi
1072 2058 1080 2071 ,
1106 2046 1166 2065 non
1190 2040 1303 2066 tantum
1327 2039 1437 2067 scilicet
1462 2041 1631 2069 Judaeorum
1648 2063 1658 2077 ,
1680 2051 1735 2070 nec

963 2085 1075 2111 tantum
1094 2085 1359 2120 Samaritanorum,
1388 2087 1440 2113 sed
1460 2087 1547 2115 totius
1570 2089 1675 2116 mundi
1689 2088 1731 2117 ²⁰:

967 2140 980 2154 u
994 2131 1065 2158 Ecce
1082 2138 1175 2164 agnus
1189 2131 1237 2157 Dei
1248 2151 1257 2165 ,
1274 2139 1340 2158 ecce
1357 2132 1408 2167 qui
1424 2132 1499 2160 tollit
1511 2136 1633 2168 peccata
1648 2142 1734 2161 mun-

965 2175 1004 2203 di.
1021 2186 1033 2202 »
1051 2178 1083 2204 Et
1096 2178 1175 2212 patet
1189 2178 1236 2204 hic
1252 2178 1391 2213 perfectio
1406 2179 1477 2207 fidei
1485 2173 1501 2214 ,‘
1509 2182 1536 2207 et
1550 2181 1654 2208 veritas
1668 2189 1735 2208 con—

964 2222 1107 2250 sessionis.
1123 2225 1142 2250 E
1159 2224 1305 2251 contrario
1321 2225 1357 2252 de
1371 2225 1491 2260 Judaeis,
1509 2226 1560 2261 qui
1574 2228 1640 2261 post
1651 2227 1735 2262 signa

965 2270 992 2295 et
1013 2269 1156 2296 miracula
1177 2269 1427 2305 discrediderunt,
1444 2271 1517 2298 sicut
1538 2272 1577 2299 ait
1594 2272 1734 2308 chrysos-

966 2315 1063 2341 tomus
1079 2314 1126 2342 hic
1142 2315 1162 2349 ¹,
1177 2323 1291 2350 ponens
1307 2317 1487 2352 exemplum,
1504 2318 1586 2353 quod
1607 2319 1652 2346 sol
1667 2327 1735 2347 cum

966 2361 1125 2396 susceperit
1149 2370 1239 2397 puros
1263 2362 1364 2390 oculos
1374 2384 1381 2397 ,
1406 2363 1553 2392 illuminat
1580 2364 1664 2393 facile
1676 2375 1684 2400 3
1712 2366 1736 2393 si

966 2466 996 2470 -
1010 2453 1027 2468 ¹²
1042 2453 1105 2476 lbid.
1121 2467 1151 2470 —
1163 2454 1182 2470 ¹³
1198 2453 1260 2478 lhid.
1277 2467 1306 2472 —
1317 2455 1337 2472 ¹⁵
1348 2456 1419 2486 Sup,
1430 2456 1452 2480 3.
1467 2470 1498 2474 —
1510 2458 1526 2471 ¹⁵
1537 2457 1642 2488 Luc.‚1v‚
1657 2459 1695 2482 43.
1708 2471 1735 2476 —-

967 2488 1099 2513 1811111111..
1112 2493 1158 2517 vn,
1172 2490 1210 2511 29.
1222 2501 1251 2506 -
1269 2490 1285 2503 ¹⁷
1299 2490 1355 2519 1111,
1371 2496 1405 2520 vi,
1418 2491 1600 2520 (ῥα-181111,
1614 2499 1656 2522 xv,
1671 2494 1692 2517 3.
1708 2506 1734 2510 ν

968 2523 987 2538 ¹⁹
1007 2522 1092 2552 llebr„
1109 2529 1142 2551 lv,
1159 2525 1196 2547 12,
1208 2536 1239 2541 —
1253 2524 1271 2538 ²⁰
1286 2526 1359 2556 Sup.,
1377 2531 1395 2556 1,
1410 2527 1448 2550 29.
1464 2540 1494 2544 —
1509 2527 1527 2544 ²1
1539 2527 1680 2558 Chrysost.,
1694 2528 1737 2551 ubi

968 2564 1022 2588 sup.

1001 2606 1035 2635 (a)
1050 2606 1110 2629 Coet.
1130 2606 1188 2631 edit.
1206 2610 1292 2638 ponet.
1307 2622 1338 2626 —
1354 2609 1385 2640 (b)
1409 2611 1565 2642 collegerint.
1583 2624 1613 2629 -
1628 2611 1658 2642 (c)
1679 2612 1738 2636 Item

971 2641 1116 2671 Apostolus.
1134 2655 1164 2660 —
1180 2643 1214 2673 (cl)
1228 2644 1288 2667 Item
1303 2644 1381 2669 idem⁴
1399 2658 1428 2663 —
1444 2646 1474 2675 (e)
1490 2647 1551 2670 Item
1566 2653 1646 2670 more.

1581 2691 1615 2719 21

1782 2246 1854 2270 Quare

1763 2277 1834 2297 Judaei

1749 2313 1794 2327 non
1811 2313 1855 2328 cre-

1749 2338 1851 2359 diderunt
