1987 3032
686 185 890 217 EXPOSITIO
913 185 952 217 ΙΝ
974 186 1059 218 CAP.
1082 186 1161 219 XVI.
1682 195 1717 223 31

126 253 358 293 participanda,
375 253 451 282 etin
465 252 578 291 inaJ'ori
592 251 691 282 fidelis
707 254 768 289 est,
786 252 894 282 adhae-

126 315 200 336 rens
223 305 369 336 Creatori.
391 315 406 333 ι)
421 305 459 335 Et
480 305 550 335 ideo
571 304 685 335 dicitur
709 304 894 343 hujusmodi

127 367 217 388 servo
234 357 313 387 illud
330 361 357 387 ¹:
379 368 393 385 «
412 356 485 387 Esto
505 356 604 387 fidelis
625 366 726 396 usque
747 357 786 386 ad
807 365 892 386 mor-

126 412 204 447 tem,
228 411 258 439 et
277 410 357 440 dabo
377 409 433 439 tibi
446 418 597 439 coronam
616 409 700 439 vitae.
717 419 730 436 »
750 408 788 438 Et
802 409 895 438 simi-

126 462 196 492 liter
212 463 242 492 ²:
263 472 278 490 «
296 461 404 500 Euge,
428 470 518 492 serve
534 462 616 492 bone
634 463 664 491 et
683 461 802 491 fidelis:
820 461 896 500 quia

127 523 222 553 super
247 523 347 553 pauca
370 514 455 544 fuisti
478 514 595 551 tidelis⁷
623 523 719 553 supra
741 514 841 544 multa
865 516 895 544 te

126 567 331 597 constituam:
346 567 430 597 intra
444 567 478 597 in
495 567 651 606 gaudium
667 567 791 597 Domini
807 567 891 597 tui.»

126 617 213 649 Unde
227 619 359 649 fidelitas
376 620 458 649 circa
479 628 592 658 parva,
610 620 793 650 fidelitatem
807 620 896 658 ponit

126 671 221 701 etiam
241 672 322 702 circa
343 681 473 711 magna.
495 672 533 703 Et
552 682 568 702 e
588 673 759 710 contrario,
781 673 894 703 infide-

125 725 195 755 litas
216 726 298 756 circa
318 726 450 756 minima
471 726 686 756 infidelitatem
710 726 798 765 ponit
814 726 896 756 circa

125 779 264 817 majora;
290 781 320 808 et
343 779 412 809 ideo
428 779 553 809 subdit:
576 779 622 810 Et
643 779 700 818 qui
718 779 751 809 (ἠ
772 779 895 809 modico

125 830 253 869 iniquus
268 835 327 869 est,
344 836 374 862 et
388 832 421 861 in
443 832 562 870 majori
575 832 703 871 iniquus
724 836 777 862 est.
795 832 895 863 Modi-

125 892 198 913 cum
221 886 303 914 recte
325 884 439 914 dicitur
463 894 556 915 omne
579 885 663 924 quod
680 885 895 924 temporaliter

124 936 319 974 possidetur,
339 938 408 967 tum
426 937 500 976 quia
516 937 648 968 modicae
666 938 851 976 quantitatis
863 938 892 968 ³:

131 999 144 1015 «
159 987 313 1024 Quoniam
328 989 408 1019 sicut
423 992 621 1020 momentum
637 992 773 1028 staterae,
790 990 833 1020 sic
849 993 895 1021 est

125 1043 198 1070 ante
217 1043 246 1071 te
261 1042 346 1071 orbis
361 1044 534 1079 terrarum3
555 1054 569 1070 »
586 1045 654 1073 tum
674 1043 748 1081 quia
763 1043 894 1074 modicae

124 1092 365 1124 dominationis⁶
380 1105 386 1124 z
401 1106 415 1122 «
426 1094 749 1124 Transieruntomnia
764 1095 816 1125 illa
829 1097 895 1125 tau-

124 1155 221 1185 quam
235 1146 365 1184 umbra;
383 1158 396 1175 »
411 1149 442 1177 et
452 1150 477 1177 s:
499 1158 514 1175 «
528 1147 730 1177 Dormierunt
745 1157 893 1178 somnum

124 1207 236 1236 suum,
251 1201 280 1229 et
299 1199 379 1229 nihil
394 1199 585 1230 invenerunt
606 1209 716 1230 omnes
734 1200 795 1230 viri
809 1201 891 1231 divi-

124 1251 252 1288 tiarum,
272 1263 286 1279 n
310 1253 385 1288 etc.;
403 1254 471 1282 tum
493 1252 568 1291 quia
589 1252 721 1282 modicae
741 1253 891 1291 Jucundi-

124 1303 212 1340 tatis,
228 1304 313 1334 unde
330 1304 503 1342 Gregorius
517 1304 527 1319 ⁶
541 1314 548 1334 :
571 1316 585 1333 «
606 1304 709 1334 Pauca
723 1307 797 1334 sunt
811 1306 893 1336 bona

124 1356 288 1394 praesentis
307 1356 397 1393 vitae',
414 1356 486 1386 licet
507 1356 606 1386 multa
625 1356 802 1395 videantur,
819 1359 894 1397 quia

123 1417 187 1438 non
202 1408 269 1439 sine
285 1409 419 1447 alicuius
432 1409 583 1439 molestiae
594 1409 787 1439 admixtione
806 1412 890 1440 sunt.

122 1459 220 1490 Multa
244 1463 351 1491 autem
374 1461 456 1490 bona
476 1462 609 1498 aeterna,
637 1470 711 1500 quae
733 1463 807 1492 sunt
825 1462 892 1492 sine

121 1512 208 1542 omni
225 1513 436 1552 corruptione.
453 1525 466 1541 >1
485 1513 544 1550 Qui
560 1522 637 1552 ergo
655 1514 784 1553 iniquus
797 1516 844 1544 est
858 1515 891 1545 in

121 1565 199 1603 istis,
211 1575 275 1596 non
290 1568 390 1605 potest
406 1566 524 1596 habere
539 1566 724 1597 charitatem
738 1567 803 1605 Dei,
817 1568 890 1607 quia

121 1627 179 1657 pro
194 1619 298 1658 parvis
314 1619 455 1649 maxima
469 1619 642 1650 contemnit
655 1630 661 1649 t
680 1620 789 1650 vendit
805 1621 891 1651 enim

120 1671 215 1702 fidem
231 1673 262 1701 et
279 1672 436 1710 justitiam
457 1681 514 1711 pro
536 1681 572 1702 eo
592 1672 676 1711 quod
697 1672 778 1702 nihil
795 1673 888 1703 valet.

123 1723 209 1754 Unde
224 1724 424 1763 Augustinus
435 1728 460 1755 ⁷:
478 1736 492 1753 «
506 1724 645 1755 Lucrum
660 1724 693 1753 in
708 1733 791 1761 arca,
805 1725 890 1755 dam-

120 1785 198 1806 num
212 1777 246 1806 in
261 1776 464 1807 conscientia:
482 1776 556 1807 tulit
568 1778 698 1814 vestem,
711 1779 741 1805 et
756 1777 890 1815 perdidit

120 1829 214 1859 fidem
231 1840 237 1859 2
261 1829 394 1867 acquirit
413 1829 596 1868 pecuniam7
616 1830 647 1858 et
661 1829 776 1859 amittit
798 1830 890 1868 justi-

119 1881 207 1911 tiam.
233 1892 248 1909 1)
270 1881 349 1911 Male
371 1890 450 1920 ergo
474 1881 683 1920 dispensando
704 1882 887 1920 pecuniam,

119 1933 221 1971 perdit
235 1933 424 1970 felicitatem,
448 1933 548 1972 perdit
563 1933 770 1971 charitatem,
788 1935 890 1974 perdit

114 1985 283 2023 Justitiarm
298 1994 369 2025 quae
386 1987 461 2016 sunt
476 1985 615 2016 maxima
625 1985 681 2016 Dei
695 1986 788 2016 bona.
801 1986 888 2017 Unde

118 2036 242 2067 Glossa:
260 2048 274 2065 «
289 2037 348 2073 Qui
366 2037 562 2076 temporalia,
574 2047 646 2077 quae
661 2039 807 2077 possidet,
824 2048 888 2070 non

117 2089 197 2120 bene
212 2090 381 2129 dispensat,
398 2092 591 2121 aeternorum
610 2091 668 2120 sibi
685 2091 833 2130 gloriam,
850 2093 888 2123 de

118 2151 182 2181 qua
195 2144 312 2180 tumet,
337 2145 479 2173 evacuat.
495 2154 509 2171 »
529 2154 542 2172 (1
558 2142 618 2179 Qui
633 2143 718 2173 enim
734 2145 743 2161 ⁸
759 2153 823 2175 non
838 2146 887 2175 di-

117 2194 188 2233 ligit
210 2195 338 2225 fratrem
366 2204 460 2226 suum
473 2219 481 2233 ‚
510 2205 606 2234 quem
632 2196 736 2233 videt;
768 2196 867 2227 Deum
878 2221 886 2235 ,

118 2256 213 2286 quem
228 2257 292 2278 non
305 2248 399 2286 videt,
412 2249 572 2287 quomodo
587 2251 688 2288 potest
703 2250 858 2289 diligere?
868 2261 882 2279 n

117 2302 152 2329 Et
161 2303 202 2330 ⁹1«
213 2300 274 2336 Qui
283 2300 428 2331 habuerit
437 2301 644 2331 substantiam
653 2302 707 2341 huj
713 2312 750 2332 us
763 2303 886 2342 mundi,

117 2355 148 2383 et
159 2353 272 2383 viderit
282 2354 410 2383 fratrem
421 2362 516 2384 suum
528 2355 746 2385 necessitatem
758 2356 885 2393 habere,

117 2407 147 2435 et
170 2405 316 2436 clauserit
342 2406 462 2436 viscera
493 2416 551 2436 sua
578 2407 618 2437 ab
646 2416 702 2444 003
728 2409 887 2447 quomodo

151 2485 156 2497 ¹
172 2484 256 2514 Alma,
274 2491 303 2514 11,
321 2487 356 2508 10.
372 2498 402 2501 —
421 2485 428 2498 2
447 2484 547 2513 illailla„
565 2491 623 2513 xxv,
642 2488 680 2509 21.
696 2499 725 2503 --
743 2487 752 2502 ³
765 2487 833 2517 Sap„
850 2495 886 2518 XI,

117 2520 155 2543 23.
172 2533 202 2536 —
217 2520 225 2533 ⁴
243 2520 315 2550 ibid„
334 2526 359 2550 ν,
375 2521 397 2544 9.
414 2533 445 2537 ——
460 2521 470 2536 ⁵
482 2520 547 2544 Psal.
562 2527 637 2551 ruis,
653 2523 675 2545 6.
691 2524 744 2539 —¹·
760 2523 886 2551 G1*eg.,i11

118 2555 127 2577 l
143 2555 210 2585 Κεφ,
229 2555 271 2578 lib.
286 2556 315 2584 V,
331 2562 353 2578 c.
370 2561 397 2579 11.
409 2568 439 2572 -
455 2556 461 2569 ⁷
478 2555 530 2578 lmo
545 2559 644 2586 auctor,
660 2557 774 2587 quisquis
791 2558 829 2581 ille
845 2558 886 2588 sit,

117 2588 187 2612 110111.
199 2596 244 2614 vn!
259 2590 320 2613 inter
335 2596 359 2620 L,
371 2590 403 2613 al.
416 2597 492 2613 serm.
508 2596 598 2621 chxx,
611 2598 637 2614 11.
653 2594 675 2622 ἰι,
691 2593 757 2623 quod
773 2600 887 2623 sensum,

118 2624 233 2654 Append.
253 2627 314 2649 tom.
337 2626 367 2654 V,
383 2626 459 2655 Oper.
475 2626 502 2650 S.
521 2627 585 2656 Aug.
601 2639 631 2644 —
647 2628 655 2641 ¹⁵
674 2628 681 2650 Ι
699 2628 780 2658 doun„
795 2634 830 2657 lv,
846 2630 884 2651 20.

948 252 1083 284 charitas
1100 253 1150 284 Dei
1167 255 1273 284 manet
1287 254 1319 284 in
1337 255 1395 285 eo?
1410 265 1424 282 »
1441 255 1521 286 sicut
1535 256 1668 288 habetur
1686 259 1719 289 in

948 305 1081 337 Joczmze.

990 357 1153 396 Secundo,
1181 361 1337 398 quantum
1369 360 1408 390 ad
1438 361 1720 393 considerationem

949 410 1080 448 periculi
1095 412 1125 441 et
1141 411 1264 448 damni,
1286 412 1391 442 subdit
1416 413 1466 452 (v.
1484 414 1538 452 11)
1558 425 1565 444 ε
1593 415 1720 454 δίεν-90

951 459 984 490 ἰή
995 462 1103 501 iniquo
1114 472 1302 493 mammona
1311 464 1418 501 fideles
1428 474 1492 495 non
1503 467 1610 504 fuistis
1621 478 1627 504 ;
1638 467 1725 506 quod

949 522 1060 544 verum
1080 519 1142 552 est,
1167 516 1237 555 quis
1258 516 1362 547 credet
1375 518 1484 548 vobis?
1504 518 1597 555 Quasi
1617 519 1718 550 dicat:

950 565 1105 605 Magnum
1116 571 1162 598 est
1173 569 1349 608 periculum
1360 571 1442 601 male
1458 571 1639 611 dispensare
1653 572 1722 603 haee

950 620 1136 658 temporalia
1150 621 1244 658 hona,
1261 622 1336 661 quia
1349 625 1476 662 propter
1490 623 1648 655 infidelem
1663 625 1723 655 dis-

950 673 1169 710 pensationem
1184 674 1286 712 perdit
1300 675 1372 714 quis
1384 675 1510 706 divitias
1524 676 1722 708 veras.Unde

951 723 1073 755 61055οι
1093 736 1106 753 «
1119 725 1152 756 Si
1166 726 1292 758 divitias
1303 728 1454 766 carnales,
1471 738 1543 768 quae
1558 730 1720 769 labuntur,

949 785 1014 806 non
1029 777 1109 807 bene
1125 778 1324 817 dispensatis,
1340 788 1432 810 veras
1447 782 1477 810 et
1492 783 1626 812 aeternas
1642 783 1723 814 divi-

950 829 1010 859 tias
1035 830 1107 868 quis
1120 831 1206 861 dabit
1221 832 1333 862 vobis?
1347 843 1361 859 »
1387 832 1543 864 Dicuntur
1556 837 1659 865 autem
1675 836 1722 866 di-

950 881 1037 912 vitiae
1061 883 1180 922 iniquae
1207 893 1372 915 mammon
1383 909 1392 922 ,
1424 887 1516 925 quia,
1543 888 1624 918 sicut
1651 888 1724 918 dicit

951 932 1060 964 Glossa
1071 938 1103 973 ¹⁰,
1115 936 1233 967 divitiis
1244 939 1358 976 praeest
1366 938 1494 978 iniquus
1505 939 1677 978 Mammon,
1689 943 1724 971 ut

950 986 988 1016 de
1016 988 1060 1017 eis
1085 990 1197 1026 tentet,
1220 990 1303 1020 sicut
1325 991 1457 1022 tentavit
1486 992 1660 1031 Ananiam,
1686 994 1724 1024 de

949 1047 1013 1077 quo
1028 1041 1060 1069 ¹¹:
1080 1052 1094 1069 «
1104 1040 1166 1070 Cur
1174 1043 1307 1072 tentavit
1317 1045 1441 1074 satanas
1451 1053 1505 1075 cor
1515 1047 1628 1076 tuum?
1637 1056 1651 1073 »
1664 1048 1722 1076 etc.

950 1090 1092 1123 Tentatio
1103 1093 1155 1123 illa
1165 1094 1225 1123 suit
1240 1094 1278 1124 de
1289 1095 1381 1126 furto.
1395 1096 1545 1128 Similiter
1562 1098 1600 1129 de
1614 1099 1723 1129 Achai]

949 1143 1065 1175 dicitur
1076 1146 1108 1176 ¹².
1128 1147 1244 1177 Verum
1256 1150 1364 1178 autem
1375 1149 1489 1180 dicitur
1500 1151 1579 1181 illud
1590 1152 1722 1189 1101111111,

951 1197 1034 1235 quod
1059 1207 1184 1238 semper
1204 1203 1325 1238 nianet;
1352 1211 1426 1232 nam
1450 1203 1520 1234 haec
1538 1205 1724 1244 temporalia

950 1251 1069 1288 omnia,
1080 1252 1155 1290 quia
1167 1255 1343 1292 transeunt,
1357 1264 1438 1286 vana
1449 1259 1534 1295 sunt,
1547 1258 1722 1288 secundum

948 1302 1026 1333 illud
1045 1304 1084 1334 ¹³:
1107 1316 1121 1332 «
1136 1304 1264 1335 Vauitas
1279 1308 1470 1346 vanitatum,
1493 1312 1524 1340 et
1538 1311 1644 1341 omnia
1664 1321 1722 1342 va-

947 1354 1039 1385 nitas.
1060 1367 1074 1383 »
1092 1356 1170 1387 Illud
1193 1360 1299 1388 autem
1329 1370 1437 1391 rerum
1459 1364 1506 1392 est
1525 1362 1579 1393 Dei
1602 1365 1721 1402 gratia,

948 1407 999 1436 vel
1018 1407 1071 1437 Dei
1087 1408 1207 1447 gloria,
1224 1411 1276 1441 vel
1291 1412 1395 1450 potius
1411 1414 1477 1452 ipse
1494 1414 1588 1452 Deus,
1607 1417 1661 1455 qui
1676 1420 1723 1447 est

948 1467 1067 1490 merces
1082 1460 1252 1492 bonorum.
1269 1463 1307 1493 Et
1319 1464 1388 1495 ideo
1409 1465 1553 1498 Psalmus
1569 1468 1589 1484 ¹³
1604 1479 1610 1498 :
1631 1480 1645 1497 «
1663 1469 1722 1500 Ve-

947 1511 1022 1542 ritas
1043 1513 1168 1544 Domini
1192 1518 1300 1546 manet
1325 1517 1357 1547 in
1381 1520 1549 1550 aeternum.
1569 1531 1584 1549 n
1608 1520 1645 1551 Et
1665 1522 1722 1552 ite-

947 1574 1021 1595 rum
1040 1566 1081 1596 ¹⁶:
1103 1578 1117 1594 «
1140 1567 1175 1597 In
1196 1569 1400 1607 generatione
1425 1573 1456 1602 et
1483 1574 1722 1611 generationem

946 1618 1063 1649 veritas
1073 1621 1139 1649 tua.
1153 1630 1167 1648 ›)
1181 1620 1219 1650 Et
1233 1621 1266 1651 in
1282 1622 1341 1652 hac
1354 1624 1488 1655 veritate
1498 1626 1638 1657 consistit
1652 1628 1722 1658 bea-

946 1670 1048 1701 titudo
1073 1673 1248 1703 secundum
1263 1674 1487 1713 Augustinum
1507 1678 1662 1710 dicentem
1679 1681 1719 1711 ¹⁸:

952 1734 966 1751 «
982 1723 1146 1755 Beatitudo
1162 1728 1207 1755 est
1225 1727 1382 1764 gaudium
1401 1729 1439 1759 de
1454 1731 1597 1762 veritate.
1614 1743 1629 1760 »
1641 1733 1720 1770 Quia

946 1776 1030 1806 enim
1048 1786 1161 1807 verum
1180 1781 1227 1809 est
1239 1780 1270 1810 id
1287 1781 1371 1820 quod
1386 1784 1450 1819 est,
1464 1783 1534 1814 ideo
1556 1785 1640 1815 solus
1655 1786 1720 1825 ipse

947 1828 1089 1860 Christus
1112 1833 1159 1861 est
1178 1831 1245 1870 ipsa
1268 1842 1345 1871 pura
1366 1835 1492 1873 veritas,
1518 1838 1574 1876 qui
1589 1838 1663 1869 dicit
1678 1840 1716 1870 ¹⁷:

949 1892 964 1909 (1
979 1881 1047 1921 Ego
1061 1892 1134 1913 511111
1157 1885 1213 1924 qui
1235 1894 1316 1916 sum.
1334 1897 1348 1914 »
1368 1887 1406 1918 Et
1421 1888 1504 1919 istud
1525 1899 1639 1921 verum
1655 1901 1721 1922 non

945 1935 1138 1973 conceditur,
1166 1946 1225 1968 nec
1245 1939 1394 1977 creditur,
1415 1941 1475 1970 nisi
1492 1942 1532 1980 (a)
1555 1944 1720 1974 veracibus

945 1988 975 2017 et
986 1987 1143 2019 fidelibus
1156 1989 1244 2021 Unde
1259 1991 1290 2021 in
1298 1992 1421 2023 ιΙοαηηρ
1431 1994 1469 2031 (b)
1478 1994 1515 2024 ¹³:
1529 1995 1657 2027 «Omnis
1665 1998 1719 2036 qni

945 2040 1027 2070 male
1040 2041 1124 2079 agit,
1150 2043 1215 2072 odit
1237 2043 1340 2074 lucem
1353 2068 1360 2081 ,
1377 2048 1407 2075 et
1426 2055 1490 2077 non
1511 2049 1597 2078 venit
1614 2049 1653 2080 ad
1667 2049 1718 2080 lu-

945 2101 1028 2131 cem,
1047 2095 1082 2124 ut
1100 2102 1165 2124 non
1180 2099 1360 2134 arguantur
1373 2106 1469 2137 opera
1486 2101 1565 2138 eJus.
1587 2100 1646 2137 Qui
1660 2111 1717 2132 au-

945 2147 1008 2176 tem
1026 2147 1099 2177 facit
1114 2147 1277 2178 veritatem
1288 2171 1295 2185 ,
1312 2150 1399 2180 venit
1413 2151 1451 2181 ad
1466 2151 1581 2190 lucem,
1597 2155 1633 2183 ut
1647 2163 1717 2184 ma—

945 2198 1132 2229 nifestentur
1156 2209 1252 2239 opera
1277 2202 1363 2240 ejus,
1391 2203 1466 2242 quia
1492 2204 1526 2234 in
1551 2204 1613 2236 Deo
1639 2206 1719 2237 facta

945 2253 1030 2281 sunt.
1055 2262 1069 2279 n
1095 2251 1163 2282 Et¹⁹
1183 2263 1189 2282 :
1216 2264 1230 2281 (ι
1258 2253 1290 2283 Si
1312 2255 1490 2285 manseritis
1513 2256 1546 2287 in
1571 2267 1719 2290 sermone

945 2312 1030 2341 11100,
1057 2306 1129 2341 etc„
1153 2306 1350 2343 cognoscetis
1372 2307 1555 2347 veritatem,
1579 2312 1610 2340 et
1632 2313 1716 2342 veri-

944 2357 992 2386 tas
1006 2357 1152 2387 liberabit
1168 2367 1233 2388 vos.
1253 2369 1267 2385 »
1281 2358 1433 2397 Magnum
1447 2370 1524 2400 ergo
1539 2363 1716 2402 periculum

944 2453 974 2457 —
987 2442 995 2454 '³
1012 2440 1084 2470 lbid„
1099 2446 1136 2470 111,
1154 2443 1189 2464 Π.
1205 2455 1231 2458 -
1249 2443 1268 2457 “-·
1281 2443 1363 2467 Closs.
1380 2444 1490 2469 interlin.
1506 2446 1532 2469 in
1545 2447 1613 2472 hunc
1627 2447 1673 2473 loc.
1686 2462 1716 2466 —

947 2476 961 2488 ¹¹
975 2475 1039 2504 Act„
1056 2481 1078 2505 v,
1100 2478 1169 2498 :1.-—
1192 2477 1208 2492 ¹2
1223 2477 1282 2506 sos„
1298 2483 1349 2507 vir,
1366 2481 1403 2503 2⁷5.
1419 2494 1449 2497 —
1468 2481 1483 2495 '³
1498 2482 1590 2512 Eccle,
1607 2490 1630 2514 i,
1651 2487 1672 2508 1.
1687 2498 1715 2501 -

946 2511 965 2526 ²⁵
985 2512 1050 2534 Psal.
1074 2518 1147 2541 cxv1,
1165 2515 1188 2535 2.
1209 2525 1240 2530 -
1264 2514 1282 2529 *⁵
1300 2515 1365 2538 Psal.
1384 2522 1478 2547 cxvm,
1502 2520 1539 2542 90.
1555 2532 1585 2536 -
1606 2521 1626 2535 ¹⁸
1640 2522 1714 2551 Aug,

945 2545 1027 2575 Confi,
1044 2546 1086 2568 lib.
1102 2546 1132 2576 X,
1149 2554 1170 2570 c.
1191 2553 1247 2571 xm.
1263 2561 1292 2566 —
1308 2549 1323 2562 ¹⁷
1339 2550 1431 2581 Exod„
1446 2558 1485 2583 111,
1502 2554 1539 2577 14.
1552 2566 1582 2571 —-
1599 2554 1618 2571 ¹⁸
1632 2556 1714 2585 loun„

945 2586 983 2610 111,
1000 2583 1038 2610 20,
1054 2582 1091 2604 21.
1110 2595 1135 2598 -
1155 2582 1262 2613 191111(1,,
1279 2589 1335 2615 vin,
1349 2586 1388 2608 32.

976 2630 1008 2658 (α)
1026 2628 1085 2653 Coet.
1100 2629 1159 2653 edit.
1175 2631 1232 2654 add.
1249 2639 1272 2655 a.
1284 2645 1309 2649 —
1323 2632 1356 2663 (b)
1369 2634 1429 2658 Coee.
1441 2635 1501 2659 edit.
1512 2637 1582 2661 Unde
1593 2638 1713 2664 loannes.
