1987 3032
187 205 244 233 160

186 269 344 308 resurgat.
360 267 447 299 Unde
462 270 491 299 et
505 267 621 298 ibidem
637 269 645 284 ¹
662 278 668 297 :
691 278 705 296 a
724 266 799 298 Post
812 267 878 297 dies
892 269 956 297 tres

186 323 216 352 et
231 322 410 359 dimidium,
435 321 566 360 spiritus
581 320 654 350 vitae
669 328 688 349 a
703 319 765 350 Deo
780 320 907 350 intravit
923 320 956 350 in

186 383 251 404 eos,
268 374 305 404 Et
320 376 474 404 steterunt
489 382 583 411 super
600 372 693 411 pedes
714 381 799 409 suos,
816 374 846 402 et
860 372 956 402 timor

186 436 326 466 magnus
340 428 449 457 cecidit
464 435 559 465 super
574 435 638 463 eos,
658 425 712 464 qui
728 425 874 455 viderunt
888 434 952 456 eos.

185 479 222 511 Et
237 480 406 510 audIerunt
422 488 530 509 vocem
543 487 694 517 maguam
705 478 743 508 de
757 478 835 508 coelo
848 477 953 508 (licen-

186 535 248 563 tem
265 532 308 562 eis
326 543 332 563 :
356 532 520 562 Ascendilc
545 531 618 561 huc.
646 531 682 561 Et
700 530 908 561 ascenderunt
923 530 955 560 in

186 586 302 616 coelum
317 586 347 615 in
363 585 459 622 nube,
475 587 506 614 et
519 584 669 614 viderunt
685 584 753 614 illos
768 583 888 613 inimici
903 592 955 613 eo-

186 648 270 669 rum.
290 638 327 669 Et
347 639 380 668 in
401 638 453 668 illa
475 638 552 668 hora
567 638 666 668 factus
682 639 728 667 est
743 640 837 667 terrae
853 640 956 666 motus

186 700 333 730 magnus⁷
351 693 380 721 et
395 691 515 721 decima
531 700 602 730 pars
617 690 751 722 civitatis
768 689 912 719 cecidit.»

227 747 274 773 16.
305 744 323 774 7
328 743 488 773 rademini
506 747 613 773 aulem
638 752 657 771 (ι
676 742 873 782 parentibus,
897 744 954 772 etc.

187 796 359 836 Postquam
382 796 545 835 descripsit
568 796 780 835 perfectorum
809 804 955 834 persecu-

186 849 305 879 tionem
335 848 514 888 publicam,
540 848 591 877 hic
615 848 762 878 describit
786 848 955 887 privatam,

185 901 267 931 circa
283 910 380 940 quam
402 900 650 931 introducuntur
673 901 744 938 tria,
768 900 883 930 scilicet
899 900 958 930 do-

186 955 315 983 mestica
337 962 465 992 pugna,
489 962 627 992 superna
649 953 763 990 tulela,
784 956 814 983 et
833 953 958 983 interna

187 1008 361 1036 armatura.

227 1060 334 1089 Primo
349 1068 438 1097 ergo,
456 1061 612 1098 quantum
623 1059 661 1088 ad
674 1058 879 1089 domesticam
896 1068 958 1098 pu-

187 1121 298 1150 gnam,
314 1111 412 1142 dicit:
434 1111 618 1141 Trallemini
639 1115 747 1141 autem
771 1121 791 1141 (ι
809 1112 959 1151 parenti-

187 1164 252 1201 bas,
269 1167 297 1193 et
320 1163 489 1202 fratribus,
507 1167 537 1193 et
561 1166 715 1202 coqnatae's,
732 1167 762 1194 et
775 1164 898 1194 amicis.
923 1163 960 1193 Et

186 1216 244 1246 hoc
260 1216 389 1255 quidem
413 1216 622 1246 durissimum
646 1217 727 1246 erit:
751 1216 869 1246 durum
887 1216 957 1255 qui-

186 1269 257 1299 dem
273 1272 320 1299 est
335 1269 414 1299 tradi
436 1270 475 1299 ab
497 1270 598 1299 amico
621 1272 652 1299 et
673 1272 822 1308 cognato,
847 1278 957 1299 secun-

185 1321 263 1351 dum
274 1321 350 1351 illud
361 1324 371 1339 ²
385 1330 392 1350 ε
407 1333 421 1350 (ι
435 1321 468 1351 Si
481 1321 628 1351 inimicus
638 1322 853 1351 maledixisset
866 1321 959 1358 milii,

186 1374 408 1404 sustinuissem
426 1374 546 1413 utique.
564 1374 612 1404 Tu
629 1383 718 1412 vero,
735 1375 832 1405 homo
848 1375 960 1404 unani-

187 1427 258 1465 mis,
281 1427 347 1457 dux
372 1436 462 1457 meus
483 1430 514 1457 et
537 1430 631 1457 notus
656 1437 764 1462 lucrm,
787 1427 842 1467 qui
866 1427 961 1457 simul

188 1489 314 1510 mecum
328 1479 434 1510 dulces
455 1480 599 1519 capiebas
614 1480 712 1518 cibos,
729 1491 742 1508 1)
762 1482 820 1510 etc.
845 1480 961 1510 Durius

189 1535 236 1562 est
251 1532 330 1562 tradi
345 1542 363 1562 a
379 1533 474 1562 fratre
489 1533 616 1572 proprio
632 1533 642 1549 ⁸
659 1541 666 1561 z
684 1543 698 1560 (ι
713 1532 830 1563 Omnes
845 1532 878 1562 in
893 1541 962 1562 san-

191 1585 289 1623 guine
318 1584 508 1615 insidiantur
521 1608 529 1620 ,
558 1585 608 1615 vir
638 1585 767 1615 fratrem
797 1594 892 1615 suum
922 1584 961 1614 ad

190 1639 326 1668 mortem
345 1639 490 1667 venatur.
515 1637 632 1667 Malum
650 1646 807 1668 manuum
831 1646 962 1668 suarum

190 1690 300 1720 dicunt
314 1690 447 1720 bouum.
462 1701 476 1717 »
497 1690 556 1720 Sed
577 1690 807 1728 gravissimum
831 1692 877 1720 est
898 1689 962 1729 pati

190 1752 209 1773 a
231 1743 375 1782 genitore
399 1751 457 1773 suo
481 1743 491 1758 ⁸
517 1753 523 1772 :
553 1754 567 1771 «
589 1742 755 1781 Contigent
778 1751 852 1772 eum
874 1744 962 1781 pater

190 1797 260 1835 ejus
275 1798 305 1826 et
320 1797 421 1826 mater
435 1796 504 1834 eius
519 1795 678 1834 genitores
692 1796 773 1834 ejus,
793 1804 866 1825 cum
886 1804 960 1834 pro-

190 1848 377 1888 phetaverit.
403 1859 417 1876 1)
457 1847 496 1878 Et
531 1847 601 1878 haec
636 1847 765 1886 quidem
799 1847 961 1878 tribulatio

190 1901 282 1931 valde
296 1903 342 1931 est
364 1901 455 1931 dura.
479 1899 566 1930 Unde
589 1899 697 1930 Glossa
714 1910 721 1930 z
744 1911 758 1928 α
779 1899 881 1939 MaJ'us
896 1902 962 1930 tor—

191 1955 336 1983 mentum
351 1955 408 1991 est,
424 1962 498 1983 eum
513 1952 629 1991 aliquis
650 1952 768 1991 patitur
792 1952 830 1982 de
845 1952 961 1991 quibus

191 2005 413 2045 praesumebat,
435 2005 509 2044 quia
528 2014 601 2035 cnm
623 2005 739 2035 damno
762 2005 802 2044 (a)
824 2005 962 2044 corporis

191 2059 276 2089 mala
291 2058 432 2088 cruciant
452 2058 576 2088 amissae
598 2057 769 2088 charitatis.
792 2068 806 2085 n
831 2057 869 2088 Et
892 2058 962 2088 ideo

193 2110 366 2141 Hieremias
380 2111 390 2126 ⁵
407 2119 414 2140 z
442 2121 456 2139 α
480 2110 705 2149 Unusquisque
729 2119 762 2140 se
783 2119 801 2140 a
815 2110 962 2149 proximo

192 2172 249 2194 suo
265 2163 429 2200 custodiat,
445 2165 475 2193 et
489 2163 522 2193 in
539 2163 627 2194 omni
640 2163 735 2193 fratre
752 2171 811 2192 suo
826 2171 889 2193 non
904 2162 961 2192 ha-

193 2216 265 2246 beat
281 2215 439 2245 fiduciam.
465 2214 543 2252 Quia
566 2215 671 2245 omnis
694 2216 790 2244 frater
810 2215 961 2254 supplan-

194 2271 263 2298 tans
283 2267 506 2306 supplantabit,
523 2269 555 2297 et
573 2267 677 2298 onmis
697 2267 817 2297 amicus
836 2267 963 2298 fraudu-

193 2321 294 2351 lenter
308 2319 439 2349 incedet.
457 2319 494 2350 Et
508 2319 558 2349 vir
579 2320 709 2350 fratrem
725 2329 821 2350 suum
845 2320 964 2350 deride-

194 2374 250 2411 bit,
267 2374 297 2403 et
311 2372 477 2402 veritatem
500 2381 564 2403 non
586 2372 768 2412 loquentur.
790 2384 805 2401 ›>
828 2372 866 2403 Et
881 2373 964 2412 squia

194 2426 255 2457 hoc
268 2425 376 2455 odium
392 2424 451 2454 erit
474 2426 664 2463 pessimum,
681 2426 751 2456 ideo
766 2425 871 2456 subdit
893 2437 899 2456 z
919 2426 965 2457 Et

196 2482 296 2509 morte
311 2477 455 2516 afficient
468 2486 507 2507 ex
521 2477 605 2508 cobis
614 2489 625 2508 .·
637 2480 679 2515 (v.
692 2480 739 2516 Π)
753 2482 784 2509 et
791 2479 877 2509 eritis
892 2479 963 2509 odio

230 2578 234 2592 ¹
252 2576 337 2606 Apum„
349 2579 386 2602 XI,
402 2575 482 2597 11-13.
498 2586 527 2591 -
539 2574 626 2597 21’sal.
646 2581 697 2605 L1v‚
714 2578 797 2599 13-14.
813 2589 843 2593 —
858 2576 962 2604 ³Mich..

196 2618 245 2640 vii,
259 2613 308 2634 2-3.
325 2623 352 2627 -
371 2610 378 2623 ⁴
397 2608 481 2638 lach„
496 2614 553 2637 xm,
575 2610 597 2633 3.
615 2622 644 2626 —
660 2611 668 2623 ⁵·
684 2611 783 2640 jerem„
804 2617 840 2640 ix,
860 2613 912 2635 4-5.
936 2625 962 2629 —-

198 2647 208 2663 θ
221 2647 293 2676 thid„
303 2652 347 2675 xv,
363 2646 399 2669 1ο.
418 2656 448 2661 -
464 2643 474 2659 ⁷
488 2643 569 2674 leam,
584 2650 625 2674 xv,
645 2646 682 2668 19.
697 2658 727 2664 -
743 2646 751 2660 ⁸
767 2647 829 2677 Aac„
845 2652 880 2676 iv,
893 2648 916 2670 4.
935 2659 965 2665 -

734 199 942 231 EVANGELH
965 199 1104 231 SANCTI
1128 199 1237 231 LUCAE

1010 267 1156 298 omnihus
1165 270 1298 307 propter
1309 275 1425 297 nomen
1436 275 1554 297 meum.
1569 265 1580 283 ⁸
1595 277 1610 295 α
1620 265 1675 297 Vae
1686 261 1777 304 mihi,

1010 323 1112 350 mater
1128 329 1207 357 inea,
1227 328 1325 359 quare
1340 319 1481 357 genuisti
1498 328 1548 349 me
1564 319 1670 349 virum
1687 319 1778 355 rixae‚

1010 373 1116 403 virum
1139 372 1304 402 discordiae
1336 372 1368 402 in
1390 372 1540 402 universa
1567 373 1674 402 terra?
1701 383 1715 400 n
1744 371 1780 402 Et

1010 428 1080 464 post
1096 436 1101 454 :
1125 426 1263 455 «Omnes
1279 424 1469 454 maledicunt
1484 425 1572 454 mihi.
1589 436 1603 452 1)
1618 424 1706 455 Ratio
1723 433 1781 454 au-

1011 480 1075 508 tem
1086 478 1146 507 odii
1161 478 1260 517 huius
1275 479 1321 507 est
1335 477 1451 516 duplex
1469 487 1476 507 ε
1490 478 1594 516 prima
1606 480 1652 507 est
1667 477 1782 508 discor-

1011 531 1063 561 dia
1078 531 1294 567 voluntatunr,
1310 530 1379 560 ideo
1393 530 1425 559 in
1439 530 1562 560 Ioanne
1575 530 1612 570 (b)
1628 530 1638 546 ⁷
1654 530 1726 561 :aSi
1742 531 1780 561 de

1011 583 1131 613 mundo
1146 583 1292 620 fuissetis,
1315 582 1453 612 mundus
1475 582 1560 621 quod
1584 592 1679 619 suum
1700 586 1777 621 erat,

1011 636 1168 674 diligeret.
1193 636 1271 672 Quia
1294 644 1370 666 vero
1398 635 1435 665 de
1464 635 1583 665 mundo
1603 644 1668 665 non
1690 636 1778 673 estis,

1012 691 1178 728 propterea
1193 689 1259 719 odit
1281 698 1338 718 vos
1362 688 1511 718 mundns.
1536 699 1550 715 »
1580 687 1674 726 Nam,
1700 688 1782 719 sicut

1011 743 1125 773 (11011111ἱ
1137 742 1157 780 ⁸,
1172 754 1186 771 (ι
1204 743 1341 773 amicitia
1356 742 1453 781 hujus
1468 741 1578 772 mundi
1592 741 1720 771 inimica
1736 743 1782 770 est

1013 796 1078 832 Dei,
1096 806 1109 823 »
1127 798 1186 825 etc.
1201 795 1270 825 Alia
1284 795 1365 825 ratio
1380 796 1426 824 est
1440 794 1572 833 perfidia
1585 794 1779 830 animorum,

1012 848 1188 878 secundum
1212 847 1288 878 illud
1303 848 1313 863 ⁰
1333 858 1339 877 :
1367 846 1486 877 «Venit
1509 847 1598 884 hora,
1623 849 1658 876 ut
1679 846 1783 877 omnis

1013 901 1068 940 qui
1090 900 1238 930 interficit
1259 908 1325 936 vos,
1347 899 1517 929 arbitretur
1538 899 1727 938 obsequium
1750 908 1783 929 se

1014 956 1164 992 praestare
1180 952 1252 983 Deo.
1271 952 1307 982 Et
1321 952 1390 981 haec
1400 951 1512 981 sacient
1522 951 1623 988 vobis,
1632 951 1708 990 quia
1721 960 1784 981 non

1013 1008 1172 1036 noverunt
1188 1005 1324 1042 Patrem,
1342 1013 1445 1043 neque
1461 1013 1522 1034 mo.
1539 1014 1553 1031 ι)
1579 1003 1614 1033 In
1631 1003 1691 1034 hoc
1706 1003 1786 1034 mira

1014 1060 1143 1089 notatur
1167 1058 1298 1098 perfidia
1318 1057 1513 1094 animorum,
1531 1057 1615 1096 quod
1637 1066 1675 1087 ex
1699 1057 1786 1087 nnlla

1014 1112 1075 1142 alia
1087 1120 1183 1141 causa
1196 1110 1397 1150 persequitur
1409 1110 1495 1140 viros
1506 1110 1621 1148 justos,
1637 1109 1695 1139 nisi
1711 1109 1787 1148 quia

1015 1165 1047 1194 in
1063 1164 1176 1195 Christi
1200 1173 1318 1194 nomen
1333 1164 1476 1200 credunt,
1496 1165 1603 1192 amant
1622 1164 1652 1192 et
1671 1162 1785 1201 praedi-

1015 1219 1097 1247 cant.
1115 1216 1153 1247 Et
1168 1217 1239 1247 ideo
1254 1217 1328 1247 dicit
1344 1226 1350 1245 :
1370 1217 1504 1255 Propter
1529 1224 1646 1245 nomen
1664 1223 1785 1245 meum.

1016 1270 1053 1300 Et
1068 1271 1136 1300 haec
1150 1270 1207 1300 fuit
1223 1279 1329 1305 cansa,
1342 1271 1469 1308 propter
1484 1277 1579 1307 quam
1592 1268 1703 1298 fratres
1719 1268 1788 1306 ejus

1016 1324 1149 1354 oderunt
1165 1333 1251 1354 eum.
1268 1323 1355 1354 Unde
1369 1323 1612 1362 chrysostomus
1623 1322 1644 1340 ¹⁰
1657 1331 1685 1350 2«
1699 1320 1722 1351 Ο
1737 1329 1789 1350 ne-

1016 1376 1110 1406 fanda
1133 1377 1236 1407 rabies
1252 1376 1455 1415 iniquorum!
1479 1375 1548 1405 Non
1571 1374 1642 1405 licet
1659 1373 1787 1413 Joseph,

1017 1438 1081 1458 non
1096 1429 1178 1466 licet,
1191 1429 1333 1467 inquam,
1348 1428 1543 1467 impunitum
1560 1435 1639 1463 esse,
1657 1427 1712 1465 qui
1735 1426 1789 1456 bo-

1017 1490 1079 1511 nus
1093 1484 1139 1510 est
1153 1492 1160 1510 :
1174 1490 1239 1511 non
1252 1481 1324 1510 licet
1340 1480 1503 1510 meliorem
1517 1482 1623 1510 tutum
1635 1488 1701 1509 esse
1715 1487 1788 1508 cum

1018 1533 1120 1563 malis.
1137 1533 1173 1563 Et
1198 1533 1290 1572 quasi
1316 1533 1414 1563 invidi
1439 1532 1557 1571 aliquid
1578 1531 1720 1571 perdant,
1736 1532 1790 1560 aut

1018 1586 1218 1625 dispendium
1235 1586 1369 1624 alicujus
1383 1585 1428 1615 rei
1444 1585 1621 1622 incurrant,
1637 1584 1681 1614 sic
1694 1584 1791 1614 bono-

1018 1648 1091 1669 rum
1110 1639 1175 1668 vita
1190 1639 1417 1669 detrimentum
1432 1640 1478 1668 est
1501 1637 1725 1676 pessimorum.
1741 1635 1791 1666 Ze-

1018 1692 1086 1722 lant
1101 1692 1282 1722 modestum
1304 1691 1443 1730 superbi,
1461 1692 1663 1721 mansuetum
1678 1689 1787 1726 invidi,

1019 1745 1155 1784 probum
1186 1744 1341 1784 improbi,
1376 1744 1486 1773 mitem
1519 1742 1633 1772 tumidi
1660 1741 1790 1771 inimICa

1019 1797 1222 1828 aemulatione
1241 1797 1409 1827 lacessunt.
1439 1795 1565 1826 Bonum
1587 1794 1662 1824 mali
1683 1794 1790 1824 videre

1019 1859 1083 1880 non
1098 1852 1242 1890 possunt.
1258 1849 1376 1880 Nolunt
1389 1848 1552 1878 meliorem
1567 1856 1600 1878 se
1610 1847 1730 1884 vivere,
1748 1855 1790 1876 ne

1019 1903 1192 1941 degeneres
1207 1902 1266 1941 ipsi
1278 1903 1405 1941 possent
1415 1901 1608 1940 improperia
1620 1900 1787 1930 sustinere.

1020 1955 1081 1986 Cur
1095 1956 1297 1985 innocentem
1319 1955 1416 1991 zelas,
1437 1954 1567 1984 inimica
1586 1953 1791 1984 traternitas?

1021 2009 1083 2040 Cur
1098 2009 1220 2040 invides
1236 2009 1342 2038 bono?
1367 2008 1428 2038 Cur
1444 2007 1619 2046 simplicem
1641 2006 1704 2046 pati
1726 2014 1790 2036 non

1021 2062 1133 2102 potes?
1169 2062 1232 2092 Cur
1260 2061 1439 2091 modestum
1476 2058 1698 2099 persequeris?
1729 2057 1791 2088 Cur

1020 2115 1155 2154 probum
1168 2123 1233 2144 non
1247 2113 1376 2152 diligis?
1392 2112 1455 2142 Cur
1467 2121 1521 2141 rea
1532 2111 1708 2141 innocentis
1719 2119 1787 2140 san-

1020 2167 1129 2206 guinis
1143 2166 1315 2197 inveniris?
1342 2164 1460 2195 Saltem
1484 2164 1652 2193 distractus
1673 2162 1791 2201 aliqua-

1019 2221 1111 2249 tenus
1135 2219 1237 2256 vivat,
1262 2227 1301 2248 ne
1327 2217 1359 2247 in
1381 2221 1411 2247 te
1435 2218 1618 2253 accusator,
1640 2216 1791 2246 innocens

1020 2272 1165 2311 sanguis,
1181 2273 1216 2302 ut
1239 2271 1324 2308 Cain,
1349 2269 1518 2309 aliquando
1544 2269 1669 2298 existat.
1693 2267 1791 2297 Serva

1019 2325 1087 2363 tihi,
1103 2334 1205 2362 serva,
1218 2324 1345 2354 inimica
1359 2322 1547 2359 fraternitas,
1558 2321 1682 2358 vivum,
1695 2328 1790 2359 quem

1020 2377 1137 2407 sentias
1159 2375 1328 2415 aliquando
1349 2375 1519 2414 placatum.
1543 2372 1641 2403 Serva
1671 2371 1790 2402 incolu-

1020 2439 1116 2467 mem,
1144 2437 1239 2468 quem
1269 2427 1460 2458 necessitatis
1479 2428 1620 2465 tempore
1645 2424 1789 2454 invenias

1020 2482 1229 2522 provisorem.
1248 2491 1262 2509 n
1278 2480 1353 2511 Haec
1367 2480 1623 2519 Chrysostomus.

1020 2574 1029 2586 ⁹
1043 2574 1123 2600 loun„
1146 2578 1199 2602 xvi,
1219 2574 1266 2596 2-3.
1289 2585 1318 2590 —
1339 2572 1359 2588 ¹⁰
1379 2571 1520 2601 Chrysost.‚
1542 2570 1572 2592 de
1591 2569 1677 2600 loseph
1698 2568 1788 2592 rendit.

1021 2614 1096 2632 serin-

1054 2647 1084 2676 (a)
1097 2646 1156 2670 Coet.
1168 2646 1228 2671 ed‹t.
1242 2648 1345 2671 damna.
1361 2658 1390 2662 —
1407 2644 1441 2675 (b)
1458 2644 1519 2668 Item
1534 2644 1655 2667 ¹loannes.
