1987 3032
140 743 216 763 Exem-

112 775 171 800 plum
180 779 216 799 pa-

122 804 203 824 lienum

129 835 198 860 ipsius

111 865 209 886 Salvato-

109 896 146 915 ris.

138 2311 215 2332 Exem-

133 2343 195 2368 plum

124 2373 206 2392 electis.

234 214 293 242 386

230 275 390 313 respondet
403 273 576 309 Gregorius¹
595 281 601 300 :
615 282 629 297 t<
639 273 700 299 Duo
714 270 758 298 illi
770 270 851 297 illata
866 269 998 296 suerunt:

230 331 324 352 unum
341 321 476 356 negavit,
491 319 599 347 scilieet
611 317 692 353 quod
704 324 765 344 non
778 315 881 343 habuit
892 314 1002 342 daemo-

230 370 328 403 nium;
353 368 477 395 alterum
506 364 630 392 tacendo
652 362 816 395 consensit,
838 361 946 388 seilicet
970 367 1000 386 se

231 424 292 444 esse
307 413 521 442 samaritanum
535 420 541 437 ;
558 410 608 446 qui
624 412 720 437 custos
735 409 950 443 interpretatur,
965 414 1000 434 eo

231 461 313 498 quod
329 461 391 496 ipse
406 466 492 486 verus
507 459 603 484 custos
619 459 669 484 est.
686 466 699 481 »
718 457 726 472 Ξ
743 456 861 487 Custos,
877 453 949 489 quid
964 453 1000 480 de

229 508 336 536 nocte?
361 508 371 523 θ
401 516 415 531 ι(
436 504 492 532 Nisi
527 503 668 530 Dominus
698 500 867 529 custodierit
901 499 1001 526 civita-

229 557 330 587 tem,»
349 554 401 579 etc.
419 552 456 578 De
472 549 654 578 Samaritano
671 547 752 583 apud
766 548 865 574 Lucam
877 546 886 562 ’*
907 545 1000 572 habe-

231 601 285 627 tur.
302 598 382 626 Idem
395 596 571 631 Augustinus
585 595 605 622 5.
625 596 657 622 Et
671 595 748 629 patet
766 593 813 620 1110
831 590 1001 626 exemplum

230 644 376 681 patientiae
389 643 481 678 ipsius
496 641 654 670 salvatoris
676 649 682 667 ε
704 640 822 674 accepta
838 637 916 664 enim
931 644 1001 663 con-

230 690 363 724 tumelia,
379 697 439 716 non
454 687 606 723 respondit
619 686 711 713 verba
732 683 953 712 contumeliosa.
971 683 1002 708 Et

230 737 301 770 1100,
317 738 348 763 ut
367 735 449 762 daret
464 734 550 761 nobis
565 732 734 767 exemplum
748 729 910 758 sustinendi
927 728 1001 762 inju-

230 784 287 811 rias
305 785 332 810 et
346 781 438 809 verba
452 779 681 812 contumeliosa,
692 780 719 805 et
733 785 793 804 non
808 774 1001 803 subtrahendi

230 829 393 857 doctrinam
407 828 445 855 ab
467 825 687 861 injuriantibus,
710 825 797 859 prout
815 821 1002 857 prosequitur

229 875 383 909 Gregorius
401 875 411 890 ‘³
434 874 519 900 bene.
543 872 594 899 Sed
613 872 755 903 honorifico
774 872 879 904 patrem
898 875 1001 894 meum.-

231 921 328 954 «Quia
342 920 456 950 omnia,
473 926 537 954 quae
553 916 724 944 mirabiliter
748 914 873 942 faciebat
889 915 916 940 et
930 920 1001 948 ope-

228 968 366 1001 rabatur,
383 966 423 993 ad
440 965 566 1000 gloriam
582 963 670 991 Patris
685 961 844 994 referebat,
862 970 873 985 n
892 959 932 986 ait
946 961 1001 986 An-

228 1014 345 1041 selmus.
369 1012 445 1040 lutra
466 1012 475 1028 ⁷
503 1020 508 1037 :
537 1020 550 1036 α
571 1011 683 1037 Nomen
708 1010 789 1035 tuum
817 1005 1000 1033 manifestavi

228 1059 379 1086 mundo.»
397 1056 431 1085 Et
451 1065 496 1084 vos
516 1056 696 1083 inhonorastis
715 1062 772 1088 me,
797 1055 824 1080 et
848 1052 944 1087 ipsum
960 1050 1000 1077 sie

227 1107 355 1139 Patrem;
370 1111 460 1140 supra
473 1104 482 1119 ⁸
499 1112 505 1130 τ
520 1104 572 1136 Qut*
586 1108 638 1129 non
648 1101 804 1134 honorificat
818 1099 918 1125 Filium
929 1118 936 1131 ,
948 1104 1000 1123 non

227 1153 383 1185 honorificat
398 1151 512 1177 Patrem.
530 1149 561 1175 Et
574 1148 614 1175 sie
626 1155 679 1181 ego
694 1146 783 1180 facio,
792 1144 874 1180 quod
886 1143 998 1177 deb003

226 1206 280 1226 vos
294 1205 364 1224 vero
383 1204 459 1229 non,
476 1206 488 1221 n
515 1195 554 1222 ait
576 1193 752 1228 Augustinus
766 1193 786 1217 ⁹.
812 1191 881 1218 Ideo
902 1189 1001 1224 sequi-

226 1245 273 1271 tur
289 1244 326 1278 (v.
343 1242 402 1277 50):
419 1242 474 1276 1390
489 1242 601 1275 gloz-[am
616 1247 700 1266 meam
714 1246 765 1264 non
779 1244 878 1271 quaere,
893 1235 1002 1262 scilicet

226 1290 264 1317 ab
277 1288 464 1321 hominibus,
481 1285 661 1313 vindicando
676 1283 798 1319 injurias
813 1290 902 1309 meas.
921 1281 1000 1308 t'nde

226 1335 398 1362 anselmus:
418 1332 538 1360 «Gloria
552 1331 707 1358 hominum
723 1332 784 1363 est,
795 1329 818 1355 si
835 1327 1000 1356 convicium

227 1382 275 1409 vel
289 1381 439 1408 laesionem
454 1377 632 1413 acceperint,
648 1377 705 1403 ietu
715 1375 762 1403 vel
776 1375 868 1402 verbo
883 1382 912 1401 se
928 1373 1001 1400 ulei-

228 1430 359 1461 seantur3
371 1425 423 1453 sed
434 1424 572 1452 Dominus
582 1423 669 1457 hujus
681 1421 805 1456 gloriam
815 1428 875 1448 non
886 1419 1001 1455 quaerit,

227 1473 280 1501 sed
294 1473 389 1500 illatas
404 1469 593 1498 contumelias
610 1468 697 1496 Patris
709 1467 822 1502 judicio
832 1467 971 1493 reservat.
984 1474 996 1490 u

228 1521 290 1546 Haee
305 1519 364 1545 ille.
380 1519 412 1544 Et
426 1517 494 1544 ideo
505 1515 636 1550 sequitur
651 1523 657 1540 ;
672 1515 717 1540 Est
734 1515 782 1547 qui
794 1514 906 1547 qureret,
923 1510 1000 1537 seili-

227 1568 272 1593 cet
289 1564 415 1599 gloriam
434 1569 550 1595 meam,
568 1564 590 1587 et
609 1560 726 1593 judicet,
737 1559 769 1586 id
784 1560 840 1591 est,
855 1557 1001 1584 discernat

227 1619 244 1638 a
260 1610 355 1645 gloria
369 1610 475 1636 vestra.
490 1607 567 1635 Infra
583 1608 603 1624 ¹⁰
617 1615 643 1632 z«
655 1607 686 1632 Et
700 1605 829 1632 clarifico
844 1606 886 1636 (a),
903 1605 930 1629 et
944 1602 1000 1628 ela-

226 1656 360 1684 rificabo.
377 1665 390 1681 »
415 1653 471 1681 Sed
495 1653 531 1680 de
556 1652 612 1679 1100
635 1651 737 1686 qurerit
761 1649 937 1683 Augustinus
957 1647 973 1663 ¹¹
992 1656 998 1674 ε

231 1704 325 1730 «Cum
345 1701 458 1728 dicatur
477 1706 566 1734 supra
582 1697 602 1712 ¹²
618 1696 700 1732 quod
723 1706 736 1721 «
752 1697 833 1723 Pater
852 1694 1000 1721 neminem

225 1748 351 1783 judicat,
371 1746 423 1773 secl
444 1752 531 1772 omne
554 1743 699 1778 judicium
726 1741 807 1768 dedit
825 1740 907 1774 Filio,
931 1747 1001 1774 qua-

226 1794 291 1821 liter
305 1793 345 1820 ait
360 1792 422 1826 hic,
438 1790 521 1826 quod
540 1791 620 1817 Pater
635 1788 765 1823 judicat?
781 1797 793 1811 n
819 1788 851 1814 Et
869 1786 907 1813 ad
922 1785 1000 1812 istud

226 1838 385 1875 respondet
397 1838 429 1871 ¹3,
445 1836 527 1872 quod
540 1835 685 1870 judicium
699 1832 861 1868 aliquando
877 1831 1000 1858 sumitur

227 1894 282 1921 pro
298 1883 486 1912 damnatione
502 1884 529 1909 et
542 1889 639 1917 prena.
654 1882 747 1915 Supra
767 1879 785 1897 ¹ss
803 1888 809 1905 :
825 1889 837 1904 «
853 1878 906 1911 Qui
922 1877 1000 1904 male

228 1932 373 1963 fecerunt,
402 1929 488 1956 ibunt
513 1928 542 1954 in
574 1925 817 1954 resurrectionem
843 1923 957 1958 judieii.
984 1933 997 1947 »

228 1979 298 2005 110111
313 1975 436 2003 sumitur
448 1973 594 2008 judicium
610 1980 663 2007 pro
680 1971 852 1998 discretione
868 1969 887 1985 ¹⁵
904 1978 910 1996 ε
925 1979 937 1994 t(
951 1970 1000 1995 Ju-

228 2023 295 2050 dioa
310 2030 374 2055 me,
394 2023 483 2054 Deus,
504 2022 531 2046 et
552 2019 683 2045 discerne
704 2025 824 2044 eausam
843 2023 941 2043 meam
962 2015 999 2042 (10

229 2073 313 2108 gente
337 2077 398 2097 non
421 2071 530 2096 sancta.
555 2078 568 2093 »
594 2069 625 2094 Et
644 2066 684 2092 sie
699 2065 822 2092 sumitur
842 2064 904 2097 hie,
930 2063 1000 2098 quia

229 2121 310 2147 Pater
334 2111 458 2153 gloriam
479 2124 577 2143 meam
593 2123 610 2142 a
634 2116 730 2141 vestra
754 2112 848 2147 gloria
863 2110 1000 2138 discernit

229 2168 256 2192 et
275 2166 406 2200 separat,
429 2164 457 2190 et
478 2161 642 2189 seeundum
663 2159 790 2187 sormam
813 2157 904 2191 servi,
931 2156 1000 2192 quia

230 2219 285 2246 ogo
313 2211 374 2237 sine
402 2209 541 2244 peceato,
566 2209 593 2234 et
615 2205 779 2233 seeundum
805 2203 998 2230 divinitatem.

230 2257 306 2284 lnsra
319 2256 338 2273 ’Β
355 2265 362 2283 2
381 2265 394 2280 «
410 2254 542 2282 Glarifiea
556 2260 602 2279 me
622 2251 751 2278 claritate
758 2271 766 2285 ,
780 2257 871 2285 quarn
888 2248 998 2282 habui,

230 2305 388 2337 antequam
408 2300 537 2328 mundus
552 2300 634 2326 esset.
651 2307 663 2322 n
690 2299 721 2324 Et
740 2298 819 2331 patet
835 2295 881 2322 hie
899 2302 999 2321 exem-

230 2349 312 2384 plum
327 2347 424 2375 eleetis
439 2346 502 2379 Dei,
517 2345 569 2381 qui
583 2346 650 2371 sunt
663 2342 798 2370 membra
808 2340 924 2374 Christi,
939 2348 999 2367 non

262 2420 268 2435 ¹
290 2419 376 2447 Greg„
399 2418 423 2440 in
448 2418 552 2446 Eranq.,
576 2415 647 2438 hom.
674 2419 750 2441 xvim,
774 2419 800 2435 n.
823 2413 845 2435 ’2,
867 2424 897 2428 -
915 2411 924 2426 ‘-¹
940 2411 997 2437 Ιςα..

229 2460 290 2483 xxi,
309 2456 346 2476 11.
360 2465 390 2470 -·
404 2452 413 2468 ³
428 2451 496 2474 J’sal.
513 2456 604 2479 (navt,
626 2451 645 2472 l.
661 2461 690 2465 —-—
708 2448 714 2462 ⁴
731 2448 796 2476 Luta,
815 2452 846 2475 x,
861 2447 888 2468 313
905 2447 929 2468 et
944 2452 997 2475 seq.

229 2502 259 2507 -
272 2489 281 2503 ⁵
296 2490 369 2517 Aug„
385 2487 410 2509 ia
426 2487 507 2514 Joun„
525 2487 597 2508 tract.
616 2489 688 2512 mn,
705 2490 730 2506 11.
748 2484 770 2505 2.
784 2495 810 2498 —
828 2482 836 2494 ⁶
852 2482 936 2509 Greg„
955 2480 998 2503 ubi

229 2531 285 2554 sup.
300 2536 330 2541 —
344 2523 351 2537 ⁷
368 2521 424 2550 inf„
439 2527 501 2547 xvii,
517 2522 539 2543 6.
552 2533 582 2537 -
596 2519 606 2535 ⁸
622 2521 693 2548 Sup„
710 2524 733 2547 ν,
747 2519 784 2540 213.
798 2529 829 2533 —
840 2518 848 2530 '³
866 2517 940 2545 Aug„
958 2515 998 2538 ubi

229 2566 296 2589 sup„
316 2565 343 2581 n.
361 2558 384 2580 3.
403 2569 433 2573 —
458 2556 475 2571 ¹⁰
498 2555 554 2584 lnt'.,
570 2560 620 2583 xli,
646 2556 680 2576 18.
696 2565 726 2570 -—
747 2553 763 2568 ¹1
780 2554 853 2582 Aug.‚
871 2550 913 2573 ubi
931 2557 999 2580 sup.,

228 2601 254 2618 n.
272 2595 293 2617 4.
310 2606 337 2610 —
355 2594 373 2608 ¹²
389 2592 462 2621 Sup.,
477 2595 500 2619 v,
516 2592 554 2612 232.
569 2602 598 2606 —
620 2589 638 2604 ¹³
655 2590 728 2617 Aug,
751 2587 823 2614 ibid..
842 2593 869 2609 n.
884 2586 912 2614 8,
930 2586 952 2608 9.
968 2598 998 2601 -

230 2630 248 2645 ¹⁸
263 2631 335 2658 sup„
353 2633 377 2657 v,
395 2627 433 2649 it).
448 2638 477 2642 —
497 2623 595 2648 ¹⁵1’sal.
613 2628 680 2652 xLu,
700 2626 720 2646 1.
735 2635 764 2639 -
780 2623 800 2637 ¹⁸
818 2621 876 2651 lus„
890 2626 958 2649 xvu,
973 2620 997 2642 ὅ.

758 201 967 234 EVANGELII
991 201 1130 234 SANCTI
1152 203 1313 234 JOANNIS

1057 269 1210 304 quaerendi
1225 269 1348 304 gloriam
1360 277 1458 304 suam,
1475 270 1525 297 sed
1541 270 1667 305 gloriam
1683 273 1782 309 Patris,
1797 272 1830 303 ut

1056 314 1191 342 habitum
1207 317 1247 343 est
1261 323 1350 351 supra
1367 325 1372 343 :
1404 316 1474 351 quia
1492 326 1505 341 «
1520 316 1615 351 gloria
1637 318 1667 345 in
1691 319 1747 347 hae
1770 320 1830 349 vita

1056 363 1098 388 est
1112 361 1149 388 ab
1162 361 1291 389 humana
1307 361 1468 396 inflatione,
1480 372 1492 387 »
1513 363 1552 390 ait
1564 364 1740 398 Augustinus
1756 367 1786 400 ¹⁷,
1803 368 1831 394 et

1056 406 1096 434 ita
1122 407 1245 442 impedit
1270 408 1463 435 humilitatem
1492 409 1640 437 credendi.
1663 412 1757 447 Supra
1777 412 1798 429 ¹⁸
1821 421 1828 439 ι

1059 463 1071 475 ιι
1081 453 1237 485 Quomodo
1252 454 1372 488 potestis
1383 454 1512 489 eredere,
1521 456 1706 491 quigloriam
1721 457 1830 493 aecipi-

1058 498 1112 525 lis‘?
1128 509 1140 524 »

1092 547 1136 572 531.
1153 547 1185 572 Ε1
1197 546 1328 582 sequitur
1339 546 1390 574 illa
1403 554 1470 581 pars
1482 547 1512 574 in
1523 555 1583 583 qua
1592 549 1725 578 Salvator
1735 552 1829 578 osten-

1057 592 1099 619 dit
1121 600 1151 619 se
1176 600 1237 620 esse
1264 592 1453 620 liberatorem
1476 601 1494 621 a
1508 593 1698 624 damnatione
1712 598 1829 632 mortis,

1055 637 1117 664 ibi:
1139 639 1239 672 Amen,
1261 647 1337 665 amen
1356 639 1414 665 dico
1436 640 1524 673 vobis,
1546 643 1598 667 ete.
1621 642 1684 669 Hoee
1704 642 1735 670 111
1754 650 1828 670 sex:

1055 684 1151 718 primo
1168 685 1290 712 ostendit
1305 685 1448 712 sermonis
1470 686 1513 713 sui
1537 686 1679 720 efficiam;
1699 688 1830 716 seeundo

1056 730 1191 758 subditur
1209 731 1378 758 Judoeorum
1392 731 1493 759 iterata
1512 731 1714 768 blasphemia,
1730 734 1771 762 ibi
1787 734 1808 752 ¹⁹
1822 743 1828 762 :

1057 778 1186 803 Himeram
1202 785 1275 810 erqo,
1285 779 1337 804 ete.
1348 786 1357 811 ;
1367 777 1450 804 tertio
1462 778 1588 806 ostendit
1599 779 1732 807 Salvator
1746 787 1831 807 suam

1056 822 1270 856 excellentiam,
1286 823 1327 850 ibi
1337 823 1358 839 ²⁰
1370 832 1377 850 :
1390 824 1536 858 Respondit
1550 826 1635 858 Jesus,
1647 827 1714 860 ete.;
1725 828 1830 862 quarto

1055 869 1190 896 subditur
1200 869 1370 896 ,ludaeorum
1382 869 1565 897 calumniosa
1580 870 1723 906 obviatio,
1736 872 1778 899 ibi
1787 873 1808 889 ²¹
1820 881 1827 899 :

1057 916 1205 948 Dz'oeerunl,
1234 918 1305 949 etc.,·
1335 915 1454 950 quinto,
1478 916 1633 944 calumniae
1656 917 1828 952 destructio,

1055 960 1097 987 ibi
1110 960 1130 977 22
1143 970 1149 988 :
1168 962 1247 988 Dioeit
1258 963 1295 989 eis
1310 963 1467 996 Jesus,elc.;
1478 964 1570 997 sexto,
1583 970 1685 990 eorum
1693 971 1830 998 perversa

1055 1007 1248 1041 machinatio,
1266 1009 1293 1034 et
1305 1007 1407 1035 Christi
1421 1008 1574 1043 discessio,
1591 1009 1633 1036 ibi
1644 1008 1683 1036 ²³:
1701 1010 1830 1037 Tulerunt

1055 1058 1114 1084 erqo
1131 1052 1249 1086 lapides,
1265 1053 1319 1079 etc.

1090 1097 1135 1124 Ait
1162 1106 1232 1133 ergo
1250 1107 1256 1125 ε
1286 1100 1368 1125 Amen
1394 1107 1480 1133 amen,
1510 1099 1568 1126 dico
1590 1099 1664 1126 vobis
1685 1107 1694 1126 :
1721 1099 1752 1126 Si
1769 1101 1829 1134 quis

1054 1151 1195 1170 sermonem
1226 1152 1312 1171 meum
1340 1146 1498 1175 servaverit,
1530 1146 1595 1176 etc„
1623 1144 1708 1180 quasi
1736 1145 1828 1180 dicat,

1054 1190 1128 1216 sieut
1146 1191 1323 1225 Augustinus
1348 1191 1499 1218 continuat
1523 1190 1544 1207 Υ·
1569 1199 1575 1218 :
1597 1192 1678 1218 «Vos
1703 1190 1797 1218 dicitis
1819 1200 1826 1218 x

1054 1237 1219 1262 Doemouium
1241 1237 1319 1263 habes
1343 1245 1352 1262 :
1381 1239 1408 1264 et
1438 1244 1493 1271 ego
1528 1237 1566 1264 ad
1593 1237 1684 1264 vitam
1705 1244 1790 1264 voco.
1811 1246 1826 1263 n

1054 1281 1123 1308 Ideo
1148 1282 1187 1308 ait
1211 1291 1217 1308 :
1243 1282 1273 1308 Sc*
1304 1284 1366 1316 quis
1388 1290 1530 1309 sermonem
1555 1290 1640 1309 meum
1663 1284 1828 1314 servaverit,

1054 1327 1162 1354 scilieet
1181 1328 1211 1354 in
1239 1327 1343 1361 eorde,
1367 1330 1395 1355 et
1417 1328 1448 1355 in
1473 1336 1539 1362 ore,
1561 1331 1589 1355 et
1611 1328 1641 1355 in
1657 1336 1757 1364 opere.
1786 1330 1829 1356 ln-

1054 1372 1097 1400 sra
1165 1382 1171 1399 :
1202 1383 1215 1398 «
1238 1373 1291 1406 Qui
1318 1373 1407 1401 habet
1431 1374 1571 1402 mandata
1595 1382 1679 1408 mea,
1695 1376 1722 1402 et
1733 1376 1830 1402 servat

1055 1418 1121 1452 illa,
1136 1418 1185 1446 1110
1205 1421 1247 1446 est
1266 1419 1316 1454 qui
1337 1420 1432 1453 diligit
1446 1428 1502 1447 me.
1522 1430 1535 1446 »
1559 1421 1673 1447 Mortem
1693 1428 1746 1447 non
1766 1427 1828 1454 qus·

1055 1466 1124 1491 tabit
1151 1467 1179 1491 z'n
1203 1469 1345 1498 (κίεν-7111171,
1368 1466 1397 1492 id
1427 1468 1484 1500 051,
1508 1474 1569 1493 11011
1598 1466 1773 1501 experietur,
1788 1466 1829 1494 ait

1055 1510 1166 1537 Glossa.
1182 1512 1213 1538 Et
1229 1511 1404 1545 Augustinus
1413 1512 1504 1545 idem,
1518 1512 1570 1539 ubi
1585 1512 1688 1547 quaerit
1701 1511 1752 1546 Ἔα
1766 1519 1826 1547 quo

1053 1556 1168 1591 palato,
1189 1557 1297 1591 quibus
1322 1556 1455 1584 saucibus
1482 1566 1563 1584 mors
1596 1558 1772 1592 gustaturffi»
1795 1559 1827 1585 Et

1054 1602 1225 1637 respondet,
1242 1603 1324 1638 quod
1342 1614 1353 1627 α
1366 1603 1493 1630 (ιάείαὸει
1513 1603 1624 1631 dietum
1641 1606 1683 1631 est
1701 1612 1755 1639 pro
1775 1611 1827 1638 eo,

1055 1648 1138 1682 quod
1161 1648 1334 1683 experietur.
1351 1659 1363 1674 »
1383 1651 1438 1676 Nec
1453 1649 1561 1676 mirum
1577 1658 1583 1676 :
1602 1650 1653 1685 qui
1672 1652 1770 1677 servat
1782 1650 1826 1677 vi-

1056 1695 1128 1728 tam,
1149 1702 1209 1721 non
1230 1694 1394 1729 experietur
1418 1697 1544 1722 mortem
1563 1704 1569 1722 :
1593 1695 1645 1722 sed
1666 1696 1757 1723 verba
1778 1696 1828 1723 Dei

1055 1742 1121 1766 sunt
1139 1740 1214 1773 vita,
1231 1748 1320 1775 supra
1334 1741 1356 1757 ‘2⁷
1373 1749 1378 1767 :
1405 1750 1419 1765 «
1435 1741 1529 1768 Verba
1543 1749 1608 1776 quoe
1630 1749 1686 1776 ego
1700 1742 1826 1777 loquor,

1055 1786 1172 1821 spiritus
1182 1787 1210 1813 et
1224 1786 1282 1813 vita
1297 1788 1372 1814 sunt.
1382 1796 1395 1811 1)
1413 1788 1446 1814 Et
1459 1787 1527 1814 ideo
1543 1789 1692 1814 servantes
1701 1787 1752 1815 illa
1764 1795 1826 1815 non

1055 1832 1213 1866 gustabunt
1237 1833 1362 1859 mortem
1379 1841 1385 1859 z
1402 1833 1424 1849 '³⁸
1443 1832 1531 1860 «Vita
1554 1832 1633 1860 enim
1656 1835 1724 1860 sunt
1745 1833 1828 1861 inve-

1054 1878 1202 1905 nientibus
1210 1886 1252 1905 ea.
1266 1889 1278 1902 »
1295 1880 1326 1905 Et
1341 1878 1414 1905 sieut
1428 1878 1467 1905 ait
1481 1878 1638 1913 Gregorius
1646 1879 1678 1913 ²⁰,
1689 1881 1770 1915 patet
1779 1880 1828 1907 1110

1055 1924 1224 1959 exemplum
1241 1924 1397 1951 Salvatoris
1417 1924 1562 1958 largiendi
1583 1924 1729 1953 beneficia
1749 1925 1828 1960 inju-

1054 1970 1207 1997 riantibus.
1223 1971 1254 1997 Et
1268 1970 1309 1997 ibi
1324 1970 1450 1997 multum
1465 1973 1492 1998 et
1506 1970 1582 1998 bene
1597 1970 1635 1998 de
1651 1971 1718 1998 hoc.

1090 2018 1133 2042 52.
1150 2017 1180 2043 Et
1195 2016 1325 2051 sequitur
1338 2016 1506 2044 Judaeorum
1521 2016 1710 2044 calumniatio
1724 2026 1731 2044 :
1749 2017 1827 2046 Nunc

1055 2064 1223 2096 coynovc'mus
1243 2063 1370 2096 quonium
1392 2062 1551 2089 ‹loemonium
1576 2063 1666 2090 habes.
1691 2064 1723 2090 Ut
1747 2064 1827 2091 enim

1055 2108 1094 2135 ait
1108 2108 1263 2142 Gregorius
1277 2109 1299 2125 ³0
1316 2118 1322 2135 .·
1342 2118 1355 2133 (ι
1368 2108 1496 2143 Reprobi
1518 2108 1555 2135 de
1575 2108 1721 2137 beneficio
1742 2111 1827 2137 erunt

1053 2153 1170 2188 pejores
1186 2163 1192 2181 :
1208 2163 1222 2179 1)
1240 2153 1341 2189 quales
1358 2153 1476 2180 fuerunt
1490 2153 1545 2181 isti.
1555 2154 1694 2181 Abraham
1705 2157 1826 2182 mortuus

1055 2203 1108 2233 esc,
1124 2200 1232 2227 scilieet
1245 2202 1338 2227 morte
1358 2199 1523 2234 corporali,
1540 2199 1576 2226 de
1594 2207 1654 2235 qua
1667 2208 1728 2228 non
1743 2200 1826 2228 intel-

1054 2246 1124 2273 lexit
1139 2245 1280 2272 Dominus
1293 2254 1299 2272 :
1314 2253 1384 2272 nam
1398 2245 1547 2273 Abraham
1560 2253 1621 2273 non
1637 2248 1679 2273 est
1692 2248 1826 2274 mortuus

1054 2291 1106 2318 illa
1128 2293 1238 2325 morte,
1267 2291 1303 2318 de
1328 2298 1387 2326 qua
1406 2291 1545 2318 Dominus
1567 2291 1754 2328 loquebatur.
1781 2293 1826 2320 Ait

1055 2337 1194 2364 Dominus
1208 2337 1227 2353 ³¹
1253 2346 1259 2363 :
1289 2338 1376 2371 «Ego
1400 2345 1466 2363 sum
1493 2339 1566 2364 Deus
1589 2338 1747 2366 Abraham.
1762 2348 1776 2364 11
1792 2339 1825 2365 Et

1054 2414 1084 2419 —
1100 2401 1119 2417 Π
1135 2401 1209 2431 Aug,
1228 2400 1252 2423 in
1269 2401 1349 2429 joan„
1369 2401 1441 2423 tract.
1457 2406 1532 2430 xtiu,
1547 2407 1573 2424 n.
1592 2402 1614 2425 9.
1631 2415 1657 2418 -
1675 2401 1694 2417 ¹⁸
1711 2402 1784 2431 Sap„
1799 2407 1823 2431 v,

1055 2438 1092 2460 41.
1111 2449 1140 2453 -
1167 2438 1183 2449 ¹¹³
1201 2436 1257 2465 lus„
1280 2437 1316 2458 353.
1335 2448 1364 2452 —
1387 2437 1404 2449 ²¹⁰
1425 2436 1480 2464 tut,
1504 2437 1543 2459 51.
1566 2448 1594 2453 -
1614 2436 1632 2452 ‘²²
1655 2436 1710 2464 tuf„
1736 2437 1774 2459 ΞΠ.
1794 2449 1822 2454 —

1055 2472 1072 2485 ²²
1089 2472 1145 2500 lut,
1161 2473 1231 2495 sjs.-
1251 2472 1268 2484 ²³
1282 2471 1338 2500 lusi,
1354 2472 1426 2494 56.--
1440 2471 1459 2486 ’ἃ
1473 2472 1548 2500 Aug„
1564 2471 1606 2494 ubi
1625 2478 1692 2501 sup.,
1708 2478 1734 2495 n.
1756 2472 1824 2494 10.—

1054 2508 1073 2522 25
1089 2507 1145 2536 lull,
1160 2512 1213 2534 xiv,
1230 2507 1268 2529 21.
1285 2518 1313 2522 ·—
1329 2506 1347 2521 ²⁴3
1362 2507 1436 2536 Aug„
1448 2505 1491 2529 ubi
1505 2512 1560 2535 sup.
1583 2512 1654 2535 prox.
1671 2519 1701 2524 —
1717 2507 1735 2522 ²⁷
1751 2508 1822 2537 sup„

1055 2547 1089 2571 vi,
1106 2543 1145 2565 Gi.
1161 2555 1191 2558 —
1203 2542 1222 2556 ²³
1238 2542 1321 2570 Pron„
1334 2546 1368 2570 iv,
1379 2542 1454 2563 ⁶22.—
1467 2540 1486 2556 ²⁹
1500 2541 1585 2570 Greg„
1599 2541 1624 2563 in
1638 2541 1744 2572 Emmy„
1752 2541 1822 2565 hom.

1053 2582 1144 2606 xthtl,
1159 2584 1185 2600 u.
1200 2577 1223 2600 2.
1241 2589 1267 2592 —
1283 2576 1302 2589 ³⁰
1318 2575 1380 2598 lbid.
1395 2587 1426 2592 —
1439 2575 1458 2591 ³¹
1473 2575 1574 2605 Martii„
1590 2581 1655 2606 xxii,
1670 2578 1708 2600 ³2.

1086 2619 1120 2648 (a)
1136 2618 1208 2648 Vuly.
1223 2616 1365 2641 clarificavi.

1868 689 1951 710 nivinio

1844 720 1920 747 partis.

1869 1934 1947 1954 Exem-

1863 1964 1924 1990 plum

1860 1995 1933 2014 Salva-

1865 2025 1926 2045 toris.
