1987 3032
731 205 936 239 EXPOSITIO
959 205 1000 237 IN
1022 207 1108 239 CAP.
1133 207 1182 240 tv.

162 271 227 299 liter
247 271 390 311 sapientes
396 293 415 307 ,.
432 274 459 313 et
475 272 668 307 intelligentes
689 272 725 299 de
747 273 814 300 cibo
836 274 927 299 mate-

161 318 282 346 rialijUt
297 318 375 345 enim
395 316 434 345 *ait
451 317 649 352 Augustinus¹
668 327 674 345 :
693 328 706 343 «
720 319 806 346 Potus
821 320 880 346 erat
898 317 928 344 in

162 364 300 400 muliere,
316 367 346 391 ut
364 355 473 391 faceret
490 363 672 391 voluntatem
688 364 749 398 ejus
767 364 811 399 (a).
828 375 841 390 >³
859 364 928 392 Ideo

163 409 202 438 ait
217 420 223 437 :
239 412 280 437 Da
293 409 475 445 mihi'bz'bere,
492 410 599 438 scilicet
613 413 645 438 ut
658 410 749 437 fidem
764 410 793 437 in
806 418 841 437 ea
856 418 928 445 ope-

161 450 289 490 raretur,
305 454 407 483 et'eam
421 456 451 483 in
462 465 568 492 corpus
581 465 667 484 suum
677 457 835 491 trajiceret,
848 457 929 491 quod

163 496 204 536 est
225 501 361 529 Ecclesia.
381 512 394 527 »
417 502 497 530 Unde
512 502 624 530 dictum
643 505 684 530 est
698 504 780 530 Petro
797 502 808 517 ²
823 511 829 529 :
849 513 861 527 (ι
877 503 929 530 Oe-

162 541 243 581 eide,
259 550 286 574 et
299 547 456 575 manduca.
472 559 484 574 n

171 588 175 589 ⁷
195 594 239 620 33.
255 594 288 621 Et
302 594 433 628 sequitur
452 593 664 629 discipulorum
680 595 782 621 mutua
802 594 928 620 interro-

162 639 240 674 gatio
255 648 261 666 :
275 640 425 673 Numquid,
441 642 492 667 etc.
510 642 572 667 Non
587 640 665 666 enim
680 639 880 674 intelligebant
896 640 928 674 (b)

161 685 199 713 de
214 684 281 712 cibo
297 684 456 720 spirituali,
469 685 541 712 sicut
555 693 609 712 nec
624 685 740 720 mulier,
756 694 845 722 supra
857 685 876 720 ³,
893 685 929 712 de

161 739 249 766 aqua.
274 730 330 758 Sed
351 731 505 767 quaeritur,
528 739 618 766 quare
639 739 699 758 non
724 731 858 758 instruxit
880 739 930 758 eos

160 777 367 812 prolongando
383 777 563 810 doctrinam,
585 778 658 804 sicut
677 777 811 804 docendo
827 777 931 804 mulie-

160 831 224 850 rem
231 824 340 859 supra‘?
355 823 398 850 Ad
407 823 464 850 hoc
477 823 735 859 respondendum:
750 823 928 850 Utdtciturt:

165 868 281 896 «Vobis
307 869 409 896 datum
430 872 472 896 est
491 877 576 897 nosse
595 869 749 904 mysteria,
773 869 881 896 caeteris
900 869 931 896 in

160 910 321 951 parabolis.
338 926 351 941 ))
369 916 441 949 Quia
455 925 524 952 ergo
539 917 646 944 mulier
667 919 727 944 erat
748 915 888 951 simplex,
904 919 932 944 et

162 961 199 989 de
215 963 343 996 caeteris,
359 962 415 998 ipsi
431 971 501 990 vero
517 965 598 990 erant
612 963 707 990 vocati
724 963 763 990 ad
775 962 931 998 discipula-

162 1011 239 1043 tum,
259 1009 327 1036 ideo
348 1008 483 1036 instruxit
504 1018 570 1036 eam
589 1018 642 1045 per
659 1010 827 1043 circuitum,
842 1010 874 1036 ut
893 1009 932 1036 ait

162 1054 270 1082 Glossa.
291 1057 324 1082 Et
346 1057 425 1090 patet
444 1056 489 1082 hic
508 1055 690 1082 vehementia
714 1054 850 1082 desiderii
870 1055 932 1082 Filii

162 1100 211 1127 Dei
233 1100 269 1127 de
288 1100 379 1127 salute
399 1101 544 1128 fidelium.
564 1101 644 1128 Unde
660 1102 884 1136 Chrysostomus
898 1102 907 1117 ⁵
924 1110 931 1127 :

165 1156 178 1184 ᾳ
192 1147 337 1180 Ostendit,
361 1147 469 1174 scilicet
486 1148 630 1182 Christus,
655 1150 797 1183 quantum
819 1147 934 1174 deside-

160 1193 238 1221 rium
256 1194 346 1221 habet
370 1195 477 1221 nostrae
499 1194 599 1222 salutis
621 1204 627 1221 :
652 1195 725 1222 sicut
746 1194 824 1221 enim
846 1194 933 1221 nobis

161 1240 389 1276 concupiscibile
397 1243 438 1268 est
453 1240 618 1274 comedere,
629 1241 701 1268 itaci
715 1240 828 1268 salvare
841 1248 904 1267 nos.
918 1251 930 1266 υ

161 1285 229 1321 ldeo
245 1286 284 1313 ait
298 1286 373 1313 infra
385 1287 394 1302 Β
412 1295 418 1313 :
437 1296 451 1311 «
465 1286 544 1313 sitio.
562 1297 574 1312 »

198 1333 240 1359 34.
262 1334 293 1359 Et
313 1332 442 1367 sequitur
463 1332 513 1359 illa
538 1340 623 1367 pars,
645 1332 675 1358 in
697 1340 756 1367 qua
777 1331 933 1358 Salvatoris

162 1378 333 1414 responsio,
360 1380 387 1405 et
413 1378 482 1405 dicti
505 1377 662 1413 expositio,
687 1377 751 1404 ibi:
772 1378 845 1404 Dicte
871 1380 931 1405 eis:

163 1425 236 1451 Meus
251 1425 334 1457 cibus,
348 1426 400 1451 etc.
418 1424 497 1451 Utait
511 1424 626 1451 Glossa:
647 1424 754 1451 «Cibus
763 1425 824 1458 ejus
835 1426 934 1451 nostra

162 1469 247 1504 fides,
257 1477 331 1505 opus
345 1470 517 1505 mysterium
531 1470 773 1505 redemptionis.»
788 1470 844 1497 Sed
858 1478 934 1505 quae-

162 1516 244 1550 ritur,
260 1524 350 1551 quare
371 1524 389 1543 a
402 1517 547 1552 principio
563 1525 624 1544 non
639 1517 678 1544 ait
694 1517 752 1550 eis,
775 1517 815 1544 sic
831 1517 934 1544 eibum

162 1570 248 1590 suum
264 1562 462 1598 exponendo?
486 1565 518 1590 Et
538 1563 578 1590 ad
598 1563 655 1590 hoc
669 1563 828 1598 respondet
842 1564 933 1598 Chry-

162 1610 305 1636 sostomus
313 1609 335 1642 ⁷,
351 1608 433 1644 quod
454 1619 467 1633 ι(
486 1609 653 1636 attentiores
675 1617 724 1636 eos
743 1609 858 1645 operari
880 1618 935 1637 vo-

163 1654 233 1688 luit,
251 1657 280 1682 et
299 1654 477 1682 assuefacere
497 1663 550 1690 per
569 1655 640 1682 talia
661 1655 817 1690 aenigmata
831 1656 934 1683 audire

163 1708 214 1735 ea,
230 1709 296 1736 quae
309 1701 480 1728 dicuntur.»
500 1701 556 1729 Sed
571 1701 684 1728 videtur
705 1702 786 1736 quod
808 1702 935 1736 {enigma

163 1754 224 1774 non
238 1747 273 1774 sit
287 1747 481 1780 conveniens,
494 1747 564 1782 quia
578 1747 660 1774 cibus
672 1750 825 1774 conservat
837 1748 936 1774 ciban-

163 1795 221 1820 tem
240 1802 246 1820 :
274 1793 327 1820 sed
346 1793 448 1820 fideles
475 1793 609 1820 conversi
631 1800 692 1819 non
715 1794 832 1820 servant
856 1793 935 1821 Chri-

163 1840 239 1866 stum
268 1847 274 1865 :
304 1847 366 1866 non
395 1847 464 1872 crgo
491 1840 557 1866 sunt
585 1839 678 1866 cibus,
705 1841 775 1866 item
803 1839 865 1874 ipse
893 1842 935 1867 est

165 1884 247 1917 cibus
274 1884 406 1911 fidelium
418 1905 428 1918 ‚
460 1885 529 1920 quia
565 1894 577 1909 «
600 1885 684 1920 panis
713 1886 763 1920 qui
795 1885 831 1912 dc
860 1886 934 1914 coelo

165 1930 325 1965 descendit,
342 1940 355 1955 ι)
375 1930 450 1958 infra
464 1929 484 1958 Β.
508 1932 571 1958 Non
595 1938 665 1965 ergo
685 1939 700 1958 e
720 1931 876 1959 contrario.
904 1934 935 1960 Et

165 1977 204 2004 ad
230 1977 287 2004 hoc
313 1977 570 2012 respondendum,
599 1978 681 2013 quod
709 1978 767 2005 cibi
793 1980 835 2006 est
860 1979 934 2006 mul-

165 2023 255 2058 tiplex
281 2023 460 2058 proprietas,
492 2019 605 2050 scilicet
631 2031 648 2050 a
675 2024 789 2051 cibante
819 2024 934 2052 deside-

164 2068 309 2103 rabffltas,
340 2070 366 2096 et
394 2070 427 2096 in
454 2077 559 2105 corpus
588 2069 711 2096 cibantis
739 2070 935 2098 convertibili-

164 2116 224 2142 tas:
242 2117 270 2142 et
290 2115 331 2153 sie
350 2114 428 2142 salus
443 2115 586 2142 fidelium.
612 2115 676 2142 Sive
691 2115 748 2150 ipsi
770 2115 873 2143 fideles
892 2116 934 2143 di-

163 2162 267 2188 cuntur
287 2169 349 2189 csse
370 2161 453 2188 cibus
474 2161 536 2188 Filii
560 2161 625 2196 Dei,
645 2164 676 2188 ut
694 2163 772 2197 patet
792 2170 828 2188 ex
852 2161 934 2189 dictis

162 2207 334 2234 Sanctorum
349 2208 439 2242 prius.
462 2209 532 2235 Item
551 2208 609 2236 alia
628 2211 669 2235 est
692 2208 854 2244 proprietas
876 2208 935 2235 cibi

162 2251 201 2279 ad
215 2253 459 2287 restaurandum,
474 2255 501 2281 et
522 2253 560 2280 ad
577 2255 806 2282 construendum
823 2254 933 2282 virtuo-

162 2297 246 2331 sitas,
270 2299 298 2325 et
323 2298 361 2325 ad
388 2299 629 2326 satisfaciendum
654 2299 830 2326 desideranti
856 2300 933 2327 suffi-

162 2345 241 2371 ciens
255 2345 393 2380 potestas.
411 2347 441 2372 Et
456 2346 496 2372 sic
520 2347 607 2373 Filius
629 2346 697 2380 Dei,
719 2345 769 2381 qui
791 2348 833 2373 est
852 2346 934 2380 panis

162 2390 244 2424 vitae,
265 2393 307 2418 est
321 2391 403 2418 cibus
415 2393 524 2419 noster.
546 2394 578 2419 Et
596 2393 650 2419 hoc
665 2392 756 2420 modo
772 2392 934 2428 loquuntur

164 2436 354 2471 objectiones.

199 2483 243 2510 35.
259 2485 292 2511 Et
301 2483 433 2519 sequitur
447 2483 499 2511 illa
512 2491 596 2519 parS,
611 2483 641 2510 in
656 2492 716 2519 qua
733 2484 860 2512 hortatio
873 2484 933 2512 dis-

178 2542 287 2587 ¹¹eug.y
300 2557 342 2581 ubi
353 2565 420 2588 snp.‚
433 2565 460 2581 11.
473 2559 512 2581 31.
526 2570 554 2573 —
566 2558 576 2573 ²
586 2558 652 2586 (ΜΛ,
666 2563 694 2587 x,
707 2559 742 2582 115,
754 2571 783 2575 —
795 2558 804 2572 ³
818 2559 890 2588 Sup.‚
904 2564 933 2582 11.

164 2602 195 2607 ——
206 2591 216 2606 ⁸
228 2591 329 2622 Manu„
345 2599 404 2623 xxii,
421 2595 458 2616 tt.
471 2606 501 2609 —
516 2593 525 2608 ⁵
538 2592 678 2623 chrysost„
692 2592 735 2616 ubi
750 2600 817 2624 sup,
830 2600 854 2617 n.
870 2595 893 2617 1.
904 2606 933 2611 —

166 2625 175 2638 ⁰
188 2624 246 2662 tufi,
263 2632 320 2662 xii„
339 2629 378 2663 2357
399 2641 425 2644 —
445 2628 452 2642 ⁷
466 2627 608 2658 Chrysost„
623 2627 666 2651 ubi
681 2635 738 2658 sup.
753 2627 805 2666 „qs
821 2627 878 2660 tun,
898 2633 932 2658 vi,

1692 215 1750 254 319

984 273 1151 308 cipulorum
1175 274 1214 302 ad
1238 273 1462 310 praedicandum
1472 294 1482 308 ,
1502 275 1543 303 ibi
1574 284 1580 302 z
1596 278 1690 305 Nonne
1707 286 1755 309 vos,

984 319 1100 346 dicitis?
1120 321 1172 347 etc.
1194 321 1227 347 Et
1247 319 1289 346 ibi
1304 318 1359 347 tria
1378 329 1385 348 :
1409 319 1505 355 primo
1520 342 1529 355 ,
1555 320 1754 352 similitudinis

984 365 1164 400 praemissi03
1195 365 1342 399 secundo,
1379 365 1529 402 adaptatio
1561 369 1588 394 et
1610 366 1755 404 propositi

984 410 1162 445 exhortatio,
1191 411 1233 438 ihi
1261 421 1267 438 :
1291 412 1356 438 Ecce
1381 412 1440 438 dico
1461 413 1551 450 vebis,
1577 415 1642 448 etc.;
1659 414 1753 448 tertio,

985 455 1053 482 dicti
1080 457 1223 492 expositio
1248 467 1254 484 :
1276 459 1308 484 In
1338 459 1384 484 hoc
1418 459 1487 485 enim
1517 462 1554 486 est
1589 461 1694 488 verbum
1715 468 1755 488 ve-

985 510 1051 534 rum,
1069 504 1122 530 etc.
1734 531 1736 534 .
1755 540 1757 542 ¹

1019 547 1063 575 Ait
1075 556 1145 583 ergo
1158 557 1166 574 .-
1179 550 1272 576 Nonne
1293 557 1337 577 vos
1356 550 1460 581 divitis,
1476 549 1507 577 id
1521 552 1577 585 est,
1593 551 1756 586 vulgariter

985 592 1083 620 dicere
1099 595 1290 622 consuevistis
1306 605 1312 623 ε
1326 596 1421 622 Adhuc
1436 599 1552 630 quatuor
1567 606 1665 625 menses
1681 601 1754 632 sunt,

985 642 1009 665 et
1027 642 1118 667 messis
1146 643 1234 674 vetzt't,
1256 641 1288 668 id
1311 644 1353 668 est
1376 644 1490 677 tempus
1505 643 1656 670 metendi?
1672 644 1755 679 quasi

985 685 1062 713 dicat
1075 688 1164 713 :Ante
1183 689 1297 722 tempus
1310 688 1457 722 metendi,
1473 688 1509 715 de
1523 697 1617 717 messe
1634 698 1756 717 consue-

984 733 1047 758 tum
1071 734 1113 759 est
1135 733 1332 767 praecogitare.
1360 734 1439 761 Unde
1465 734 1689 770 Chrysostomus
1712 736 1722 752 ⁹
1748 744 1755 762 :

987 778 1083 804 «Ecce
1098 786 1198 805 rursus
1225 780 1370 806 consuetis
1384 780 1555 808 nominibus
1570 781 1686 808 reduxit
1707 789 1757 809 eos

985 823 1236 858 contemplationi.
1251 835 1264 851 »
1283 827 1315 852 Et
1329 826 1429 853 Glossa
1443 834 1448 852 :
1469 836 1481 851 «
1496 826 1573 853 Sicut
1586 827 1689 854 messis
1703 829 1758 854 ter-

984 876 1056 896 rena
1069 869 1179 904 vicina,
1204 871 1244 897 sic
1268 872 1295 898 et
1316 871 1418 898 messis
1430 871 1594 900 hominum,
1611 882 1624 898 »
1642 875 1683 900 Ex
1701 873 1758 900 hoc

985 916 1073 949 patet,
1091 916 1174 950 quod
1187 916 1243 943 hoe
1258 916 1381 944 nonfuit
1391 917 1559 945 immediate
1573 920 1640 954 post
1650 909 1759 946 Pascha

986 961 1170 997 praeteritum,
1187 963 1247 990 imo
1272 964 1463 999 perpenditur
1486 965 1601 1000 hyemis
1626 961 1758 1001 tempore

986 1007 1042 1034 hoc
1054 1008 1163 1035 sactum
1188 1017 1263 1043 esse,
1280 1012 1311 1036 ut
1326 1009 1366 1036 ait
1380 1010 1511 1044 Magister
1526 1011 1556 1037 in
1570 1012 1710 1038 Historiis.
1728 1014 1759 1040 Et

987 1053 1118 1088 sequitur
1138 1055 1321 1082 seeundum:
1342 1057 1405 1083 Ecce
1421 1056 1480 1083 deco
1497 1057 1581 1088 vobis,
1598 1058 1681 1085 levate
1702 1066 1760 1085 ocu-

987 1100 1034 1125 los.
1050 1101 1183 1127 Hortatur
1196 1101 1274 1127 enim
1290 1109 1358 1135 eOS,
1376 1110 1451 1136 quos
1466 1102 1561 1136 mittit,
1577 1103 1616 1130 ait
1633 1103 1734 1131 Glossa
1751 1113 1758 1131 z

987 1145 1091 1179 Levate,
1106 1145 1219 1180 inquit,
1239 1148 1334 1180 ocum,
1352 1149 1379 1173 et
1393 1147 1497 1174 mentis
1509 1169 1517 1182 ,
1533 1150 1560 1175 et
1576 1149 1718 1184 corporis,
1735 1153 1761 1176 et

987 1191 1074 1217 videte
1089 1193 1218 1226 regiones,
1235 1192 1452 1220 multitudinem
1474 1193 1584 1221 scilicet
1606 1195 1762 1222 Samarita-

987 1244 1106 1271 norum,
1121 1240 1184 1272 qut'a
1203 1239 1280 1273 albce,
1297 1240 1351 1266 etc.
1371 1249 1384 1264 «
1399 1239 1477 1267 Sicut
1491 1240 1570 1267 enim
1585 1241 1672 1276 spicae
1694 1249 1761 1269 cum

988 1282 1131 1310 dealbatae
1145 1284 1262 1318 fuerint,
1278 1285 1316 1311 ad
1332 1293 1456 1312 messem
1468 1288 1535 1313 sunt
1552 1289 1670 1321 paratae,
1686 1287 1726 1315 ita
1735 1290 1762 1315 et

987 1328 1015 1354 hi
1033 1330 1100 1356 sunt
1116 1330 1280 1364 ‘praeparati
1309 1332 1336 1357 et
1358 1331 1397 1358 ad
1418 1331 1542 1359 salutem
1564 1333 1724 1367 vertibiles,
1744 1344 1757 1361 >³

988 1375 1028 1402 ait
1047 1375 1158 1403 ibidem
1178 1377 1402 1412 Chrysostomus
1414 1380 1443 1406 ¹⁰.
1461 1379 1481 1396 ¹¹
1500 1390 1512 1404 «
1528 1380 1623 1407 Messis
1639 1380 1761 1415 quidem

988 1421 1091 1455 multa,
1107 1423 1233 1457 operarii
1253 1424 1350 1458 pauci.
1366 1434 1379 1449 »
1397 1426 1427 1451 Et
1441 1425 1510 1460 quia
1527 1425 1567 1452 ita
1582 1427 1635 1460 est,
1657 1426 1695 1461 (v.
1715 1426 1761 1462 36)

988 1469 1130 1502 quz'metit,
1148 1469 1302 1496 evellendo
1316 1470 1426 1498 scilicet
1446 1471 1595 1499 venientes
1617 1472 1655 1499 ad
1670 1471 1762 1499 fidem

989 1512 1026 1539 ab
1042 1521 1143 1540 amore
1171 1514 1355 1549 inordinato,
1383 1517 1523 1544 mercedem
1547 1519 1663 1552 accipit,
1689 1526 1762 1553 prae-

988 1559 1081 1586 mium
1096 1568 1150 1595 pro
1170 1560 1290 1594 labore3
1307 1564 1391 1595 etqui
1403 1566 1555 1597 congregat,
1575 1564 1605 1590 in
1620 1564 1761 1592 unitatem

988 1603 1069 1640 fidei,
1083 1607 1211 1640 fructum,
1229 1607 1338 1634 scilicet
1352 1608 1467 1643 accipit,
1480 1617 1541 1636 non
1555 1611 1759 1645 temporalem,

989 1651 1041 1677 sed
1056 1651 1086 1678 in
1100 1651 1129 1678 vi
1142 1660 1190 1679 am
1206 1655 1342 1680 aeternam
1365 1654 1385 1670 ¹¹2
1402 1663 1408 1680 :
1428 1655 1483 1681 «Et
1505 1663 1579 1682 voca
1601 1656 1761 1691 operarios,

990 1699 1017 1724 et
1031 1697 1121 1724 redde
1137 1698 1194 1725 illis
1210 1699 1412 1726 mercedem.»
1428 1701 1463 1726 Et
1477 1703 1525 1735 qui
1539 1703 1664 1734 seminat,
1686 1703 1762 1730 scili-

990 1745 1034 1770 cet
1049 1743 1182 1771 collectio
1198 1745 1244 1771 vel
1264 1745 1338 1772 ordo
1359 1745 1589 1781 prophetarum3
1608 1751 1633 1774 et
1648 1750 1696 1782 qui
1710 1757 1762 1776 me-

991 1790 1036 1822 tit,
1052 1789 1161 1817 scilicet
1175 1790 1308 1818 collectio
1318 1791 1621 1826 apostolorum,sz'mul
1631 1794 1760 1828 gaudeat,

990 1835 1110 1869 quando
1123 1835 1204 1863 hono
1212 1844 1296 1864 servo
1308 1837 1345 1864 de
1360 1839 1485 1873 utroque
1494 1839 1597 1867 ordine
1609 1839 1715 1868 dieitur
1724 1841 1760 1868 ¹³:

992 1891 1004 1905 a
1020 1882 1095 1908 Intra
1110 1881 1139 1908 in
1155 1882 1298 1917 gaudium
1326 1884 1439 1911 Domini
1464 1884 1516 1912 tui.
1538 1895 1551 1911 »
1578 1886 1659 1913 Unde
1674 1886 1762 1922 Chry-

989 1929 1134 1954 sostomus
1153 1927 1173 1942 ¹2
1189 1937 1196 1955 ε
1226 1930 1333 1956 «Unde
1356 1929 1407 1965 qui
1429 1930 1594 1965 seminant,
1611 1931 1762 1968 prophetae

989 1975 1068 2007 sunt;
1085 1974 1210 2008 apostoli
1220 1978 1420 2010 messuerunt;
1437 1978 1464 2003 et
1477 1976 1519 2004 illi
1535 1977 1676 2012 gaudent,
1692 1979 1762 2014 quia

989 2026 1049 2045 non
1077 2019 1229 2054 privantur
1258 2020 1450 2049 delectatione
1473 2024 1500 2050 et
1525 2024 1761 2052 remuneratione

989 2064 1157 2092 laborum.»
1171 2058 1234 2093 Haec
1247 2067 1306 2094 ille.
1324 2067 1403 2095 Idem
1413 2069 1590 2103 Augustinus
1605 2070 1624 2086 ¹⁵
1637 2070 1761 2098 :<‹Semi-

989 2112 1106 2138 natores
1120 2112 1290 2147 patriarchae
1313 2115 1340 2139 et
1359 2114 1510 2149 prophetae
1535 2115 1668 2149 pericula
1695 2124 1762 2151 per-

990 2156 1117 2184 tulerunt
1134 2157 1165 2184 in
1185 2158 1237 2185 illo
1259 2158 1382 2194 frigore5
1399 2159 1451 2187 sed
1471 2160 1501 2186 in
1516 2161 1632 2194 Judaea,
1647 2163 1762 2189 matura

989 2211 1083 2238 segeS,
1101 2204 1223 2239 quando
1235 2205 1374 2232 totmillia
1382 2213 1480 2233 rerum
1494 2206 1587 2241 pretia
1599 2207 1762 2235 afferebant

990 2249 1028 2276 ad
1043 2250 1134 2285 pedes
1156 2249 1380 2285 discipulorum.
1403 2262 1415 2276 n
1435 2253 1466 2278 Et
1483 2252 1523 2279 ihi
1547 2253 1623 2280 bene
1640 2253 1677 2281 de
1692 2254 1758 2281 hoc.

989 2295 1045 2322 Sed
1060 2295 1208 2331 quaeritur,
1233 2305 1324 2332 quare
1352 2297 1440 2324 utitur
1467 2298 1555 2325 Filius
1582 2299 1631 2326 Dei
1652 2300 1760 2328 talibus

989 2341 1138 2376 parabolis
1159 2342 1189 2369 in
1211 2343 1385 2377 Evangeliis‚
1413 2351 1480 2370 cum
1496 2345 1601 2372 veritas
1615 2344 1701 2374 fuerit
1715 2355 1759 2374 re-

989 2387 1105 2421 velata,
1122 2390 1149 2415 ct
1162 2388 1220 2423 lex,
1237 2397 1302 2424 quus
1313 2391 1373 2416 erat
1391 2389 1498 2417 umbra
1517 2390 1693 2426 futurorum,
1709 2393 1759 2420 ad-

989 2433 1128 2469 impleta?
1137 2436 1212 2469 Ergo
1233 2435 1382 2462 debuisset
1396 2435 1478 2471 loqui
1494 2436 1581 2472 plane
1602 2440 1630 2465 et
1650 2438 1758 2474 lucide,

990 2514 1027 2535 :3:3.
1055 2525 1081 2528 —
1104 2512 1113 2528 ⁹
1134 2512 1275 2542 chrysost.y
1299 2512 1340 2536 uhi
1365 2519 1431 2544 sup.⁷
1454 2520 1480 2537 n.
1505 2515 1528 2537 2.
1551 2527 1581 2532 -
1605 2515 1624 2530 ¹⁰
1645 2516 1706 2539 ibid.
1729 2529 1759 2534 -

992 2548 1008 2562 ¹¹
1028 2548 1082 2570 Luc.
1099 2554 1124 2577 x,
1138 2548 1160 2570 ΞΣ.
1175 2561 1206 2564 -
1221 2547 1240 2563 ί“·’
1258 2547 1356 2578 Malim,
1375 2553 1418 2578 xx,
1434 2550 1456 2572 8.
1469 2561 1500 2566 —
1519 2549 1539 2565 ¹³
1556 2549 1630 2581 mitt,
1644 2558 1702 2581 xxv,
1719 2553 1756 2575 21.

992 2595 1016 2598 —
1035 2583 1054 2598 ¹⁶
1066 2582 1206 2612 Chrysost„
1223 2582 1264 2605 ubi
1280 2589 1369 2613 sup.—-
1386 2584 1403 2600 ¹⁵
1418 2586 1493 2615 Aug„
1509 2585 1550 2608 ubi
1565 2592 1632 2615 sup„
1644 2593 1670 2609 n.
1687 2588 1727 2623 32.¹

1022 2627 1051 2656 (a)
1060 2626 1453 2664 Suppl.qiiimis'ei·ateuu1‚—(b)
1462 2628 1756 2662 coet.edtt.tntettigei‚ut.
