1987 3032
200 186 260 214 412

196 248 327 284 generali
346 250 566 284 resurrectione,
593 251 701 285 supra¹
719 259 725 277 z
745 259 758 276 α
780 251 970 279 Resuscitabo

195 303 263 322 eum
288 295 318 322 in
340 296 501 324 novissimo
523 296 580 323 die.
605 307 617 321 »
645 298 676 323 Et
696 296 733 324 de
753 297 810 324 hoc
838 297 971 326 audierat

194 341 303 369 Martha
318 341 356 369 ab
372 350 417 377 eo,
435 350 524 378 supra
537 343 546 358 2
566 350 591 368 τα
603 342 702 370 Veniet
717 343 749 377 (a)
765 342 848 375 hora,
865 343 896 371 in
911 352 970 379 qua

194 396 298 416 omnes
313 388 364 424 qui
380 388 409 416 in
424 388 625 415 monumentis
638 391 715 423 sunt,
730 389 850 417 audient
865 398 970 417 vocem

193 434 255 461 Filii
266 435 323 462 Dei.
334 446 346 459 »
359 436 389 462 Et
400 434 469 470 quia
479 434 542 469 ipsa
553 434 650 462 locuta
661 436 703 462 est
712 435 748 463 de
758 437 969 464 resurrectione

192 482 332 516 generali,
358 482 495 509 subditur
516 482 650 509 doctrina
670 482 798 510 veritatis
820 483 856 510 de
870 485 968 519 potes-

194 530 249 556 tate
262 529 323 556 Filii
337 528 383 555 Dei
398 528 427 555 in
438 528 607 556 suscitando
619 529 699 555 omni
711 531 841 565 tempore
853 529 893 565 (v.
905 530 966 563 ⁶25):

194 576 267 602 Dicit
294 577 319 601 ei
345 576 420 602 Jesus
445 585 451 602 :
473 576 528 609 Ego
562 583 620 602 sum
653 577 829 609 resurrectio,
858 576 969 604 scilicet

191 621 346 648 causaliter
375 623 402 649 et
422 621 581 649 efficienter
601 622 611 638 ³
639 631 644 648 ι
679 633 691 646 «
714 622 842 650 Christus
872 631 968 650 resur-

192 669 274 696 rexit.
302 678 315 694 »
348 670 380 696 Et
412 669 452 696 ita
488 671 530 696 est
566 668 691 696 causalis
720 669 900 704 praedicatio.
932 672 966 698 Ec

191 723 237 749 eqo
256 723 313 742 sum
332 717 405 749 vita,
431 715 634 749 essentialiter,
658 717 686 743 et
709 715 842 743 similiter
866 724 967 744 causa-

191 761 248 789 tive
272 764 299 789 et
322 762 538 795 conservative,
559 762 634 789 inl'ra
649 763 659 779 ⁴
678 772 684 789 ε
704 772 717 788 α
743 764 802 797 Ego
823 771 888 790 sum
907 764 965 796 via,

192 808 297 836 veritas
312 810 339 836 et
360 808 429 836 vita.
455 818 468 835 »
493 810 546 841 Qui
568 809 652 836 credit
668 811 697 835 in
721 817 770 843 me,
796 809 906 837 scilicet
926 810 967 836 vi-

192 856 265 886 tam,
278 857 386 882 etiamsi
394 858 512 882 mortuus
522 857 619 889 suerit,
635 855 744 882 scilicet
755 858 848 883 morte
860 864 967 891 corpo-

191 901 256 935 rali,
272 903 342 928 vivet
358 902 388 928 in
403 902 626 929 resurreetione.
649 902 688 937 (v.
706 902 749 936 26)
766 903 800 928 Et
818 905 903 930 omnis
919 905 967 937 qni

190 949 273 982 vivit,
296 947 404 976 scilicet
423 948 628 984 corporaliter,
652 951 679 976 et
695 949 908 984 spiritualiter:
926 951 960 977 Et

190 994 274 1020 credit
288 996 317 1021 in
332 1003 382 1028 vie,
399 994 509 1022 scilicet
523 995 675 1022 veritatem
692 1005 696 1020 :
714 997 775 1023 Non
788 997 918 1023 morietur
935 998 964 1022 ιή

190 1045 327 1075 (eternum,
337 1045 430 1070 morte
441 1042 638 1070 damnationis
646 1043 829 1070 aeternaliter.
842 1045 873 1070 Ut
884 1044 964 1071 enim

190 1088 230 1115 ait
250 1088 471 1122 Augustinus⁵:
493 1099 505 1114 «
526 1089 605 1117 Unde
626 1091 668 1116 est
688 1098 768 1117 mors
792 1090 822 1117 in
845 1090 963 1118 anima?

189 1134 262 1167 Quia
275 1142 336 1162 non
352 1137 393 1162 est
409 1135 448 1162 ibi
469 1136 553 1163 fides.
571 1136 651 1163 Unde
666 1144 746 1163 mors
768 1136 798 1163 in
820 1138 963 1172 corpore?

189 1181 263 1214 Quia
276 1189 337 1208 non
353 1184 394 1208 est
408 1182 448 1208 ibi
465 1183 573 1209 anima.
596 1185 671 1216 {firgo
694 1182 798 1209 animze
815 1185 869 1210 tuae
888 1183 963 1210 fides

189 1230 231 1254 est
245 1227 353 1261 anima,
371 1228 417 1255 vel
433 1227 499 1255 vita.
512 1239 524 1253 »
535 1230 599 1255 ilaec
614 1228 714 1257 illest«
726 1230 822 1256 Justus
833 1229 911 1256 enim
927 1238 961 1257 ex

186 1273 245 1300 fide
257 1274 336 1300 vivit.
351 1284 364 1299 ι)
377 1275 438 1309 lpse
448 1274 525 1301 euim
539 1276 580 1301 est
590 1276 599 1291 ⁷
614 1286 626 1300 a
637 1276 709 1302 Deus
720 1275 892 1309 viventium,
902 1284 961 1303 non

186 1322 382 1347 mortuorum.
404 1331 417 1345 »
436 1322 466 1348 Et
490 1321 560 1356 quia
587 1322 695 1349 Martha
721 1322 833 1349 dixerat
855 1332 860 1349 :
883 1324 961 1356 Quoe-

186 1375 296 1401 cumque
308 1369 461 1401 poposceris
478 1376 494 1394 α
512 1369 571 1398 Deo,
588 1369 654 1402 etc.,
671 1368 739 1395 ideo
755 1368 794 1395 ait
809 1369 958 1396 Salvator:

187 1413 278 1440 Credis
289 1414 355 1440 hoc?
369 1413 478 1441 scilicet
490 1414 574 1449 quod
589 1422 655 1441 sum
666 1415 838 1442 resurrectio
851 1416 879 1442 et
889 1415 958 1450 vita,

184 1460 288 1494 potens
303 1459 410 1487 scilicet
425 1460 606 1494 resuscitare,
623 1463 650 1487 et
665 1461 756 1487 vitam
772 1459 957 1488 conservare.

185 1507 216 1533 Et
231 1505 367 1533 subditur
385 1506 447 1541 ejus
463 1507 614 1541 responsio
633 1508 669 1541 (v.
686 1508 729 1541 27)
749 1516 755 1534 :
772 1509 826 1540 Euo
843 1508 959 1541 credidi,

184 1554 251 1586 quia
266 1556 294 1579 tu
310 1561 335 1579 es
351 1553 478 1580 Christus.
498 1554 528 1580 Ut
548 1553 627 1580 enim
641 1553 679 1580 ait
700 1554 925 1589 Chrysostomus
939 1555 959 1588 ⁸,

184 1600 300 1627 videtur
312 1608 373 1627 non
393 1599 566 1627 intellexisse
590 1600 672 1635 quod
687 1601 798 1628 dictum
813 1604 864 1634 est,
880 1602 958 1628 scili-

184 1649 228 1674 cet
241 1655 257 1674 a
273 1646 396 1674 Christo.
411 1646 467 1674 Sed
483 1647 626 1682 quoniam
641 1655 784 1682 magnum
800 1648 873 1683 quid
887 1651 958 1682 erat,

185 1693 267 1728 quod
284 1693 407 1726 dixerat,
424 1693 564 1720 intellexit
581 1703 586 1720 :
609 1696 636 1720 et
650 1693 706 1720 hoc
728 1695 770 1721 est
789 1695 958 1729 probabile,

185 1740 255 1775 quia
268 1747 327 1766 non
343 1742 429 1767 vocat
442 1748 507 1767 eain
522 1739 640 1767 beatam
655 1748 690 1767 ex
705 1741 759 1767 hac
775 1741 958 1769 confessione

185 1786 215 1812 in
230 1786 337 1813 verbis.
355 1787 385 1812 Et
401 1786 458 1812 hoe
479 1786 546 1812 ideo
565 1786 649 1819 sorte,
669 1787 739 1822 quia
759 1789 859 1814 Petrus
878 1788 958 1815 intel-

184 1832 252 1860 lexit
278 1832 408 1868 plenarie
433 1833 583 1859 veritatem
596 1853 603 1865 ,
627 1833 735 1860 scilicet
746 1835 755 1850 ⁹
785 1833 867 1869 quod
898 1836 959 1862 erat

185 1880 271 1907 Filius
288 1880 335 1907 Dei
351 1882 492 1913 zeternus3
509 1880 646 1907 mulieres
668 1888 738 1907 vero
757 1880 817 1907 ista>r
837 1889 958 1908 censue-

183 1928 251 1953 runt
270 1926 356 1953 istum
375 1926 447 1953 sieut
462 1926 498 1953 de
522 1927 652 1953 virtuoso
671 1927 803 1961 quodam
824 1927 956 1961 homine,

184 1974 211 1999 et
235 1972 411 2008 approbato,
434 1974 462 1999 et
485 1973 655 2007 excellente,
678 1975 707 2000 ut
729 1973 768 2000 ait
789 1974 958 2008 Chrysosto-

184 2027 258 2046 mus.
276 2020 307 2046 Et
322 2020 401 2053 patet
415 2027 449 2046 ex
466 2019 520 2046 isto
532 2027 680 2054 processu,
694 2019 775 2054 quod
792 2022 833 2047 est
844 2020 955 2055 duplex

184 2073 273 2098 mors,
289 2065 398 2092 scilicet
413 2065 517 2092 animae
533 2068 559 2092 ei
576 2065 717 2100 corporis.
743 2066 822 2093 Unde
845 2068 957 2100 Augus-

182 2111 260 2138 tinus
271 2111 292 2128 ¹⁰
301 2121 306 2139 :
315 2123 326 2136 «
336 2113 409 2138 Mors
421 2111 525 2138 animae
536 2111 576 2145 tit,
587 2120 621 2138 cu
628 2120 655 2138 in
667 2120 733 2139 eam
745 2112 852 2139 deserit
865 2114 936 2139 Deus
949 2122 955 2140 :

182 2157 256 2185 sicut
279 2158 411 2193 corporis
424 2178 431 2190 ,
461 2166 528 2184 cuin
553 2158 582 2184 id
611 2158 717 2185 deserit
743 2159 852 2186 anima.
882 2161 956 2193 Ergo

182 2204 334 2239 utriusque
350 2204 403 2237 rei,
420 2204 450 2231 id
471 2206 521 2237 est,
545 2204 631 2231 totius
654 2205 782 2231 hominis
802 2213 883 2232 mors
905 2208 955 2238 est,

184 2257 252 2276 cum
266 2250 365 2277 anima
377 2252 433 2278 Deo
445 2250 561 2277 deserta
572 2250 679 2277 deserit
689 2259 796 2286 corpus
808 2261 814 2278 ι
828 2252 868 2278 ita
879 2252 957 2278 enim

185 2304 237 2324 nec
253 2306 288 2324 cx
304 2299 361 2324 Deo
381 2298 451 2325 vivit
465 2298 539 2333 ipsa,
558 2305 611 2324 nec
632 2305 739 2332 corpus
754 2306 789 2325 ex
810 2299 883 2333 ipsa.
902 2300 956 2326 Hu-

180 2343 230 2378 jus
245 2344 331 2370 totius
341 2344 469 2371 hominis
484 2347 610 2371 mortem
620 2344 750 2372 secunda
765 2352 844 2372 mors
859 2346 955 2381 sequi-

184 2391 240 2417 tur.
253 2402 265 2415 υ
280 2389 298 2407 ¹¹
309 2400 321 2415 t(
337 2392 399 2417 Non
414 2390 536 2418 laedetur
551 2399 568 2418 a
587 2393 681 2418 morte
697 2391 838 2418 secunda.
853 2402 866 2417 »
888 2394 956 2419 item

216 2486 222 2502 ²
242 2487 315 2516 Sup.,
335 2491 369 2515 vi,
384 2487 422 2510 40.
438 2499 467 2503 —
482 2487 491 2502 ²
506 2487 578 2516 sup,
595 2492 618 2515 v,
633 2489 670 2511 25.
682 2499 712 2504 —
727 2486 755 2510 ³!
774 2487 842 2516 Cor„
859 2493 901 2516 xv,
917 2488 946 2511 20

183 2535 214 2539 —
235 2522 242 2535 ⁴
269 2522 325 2552 inf„
350 2527 402 2550 Χιν,
424 2523 447 2544 ὓ.
473 2535 499 2538 —
525 2523 534 2537 ⁵
559 2525 631 2550 mm„
654 2522 695 2545 ubi
722 2530 789 2553 sup.,
815 2530 841 2546 n.
866 2525 902 2546 15.
928 2536 957 2540 —·

185 2557 195 2573 θ
212 2556 313 2584 Habeo..
331 2563 357 2586 η,
380 2557 402 2579 4.
419 2569 449 2573 -
467 2557 473 2569 ⁷
490 2557 590 2587 Alutela,
608 2564 672 2586 xxii,
689 2559 726 2581 252.
744 2570 772 2574 —
791 2557 801 2574 Β
816 2558 956 2588 chrysost,

185 2592 227 2616 ubi
249 2600 305 2622 sup.
321 2605 350 2610 -.
373 2593 377 2603 ·
400 2591 499 2622 natm„
520 2597 571 2619 xvi,
597 2594 630 2615 iss.
653 2605 681 2609 —
703 2593 721 2608 ¹⁰
741 2594 814 2623 Aug„
834 2593 861 2616 (1»,Ι
880 2595 957 2617 (tunt.

186 2628 241 2659 Dei,
256 2629 299 2653 lib.
321 2629 392 2658 Xili,
412 2635 434 2652 c,
455 2633 481 2651 ιι.
502 2641 531 2645 -
554 2628 569 2643 ¹¹
589 2629 672 2658 Apum,
693 2634 724 2659 ii,
749 2632 784 2653 tl.
800 2643 829 2647 —
852 2630 870 2645 ¹²
885 2631 956 2660 ειη»,

723 183 934 215 l⁴IVANGELli
958 184 1097 216 SANCTI
1118 184 1283 216 JOANNlS

1026 254 1069 279 est
1083 251 1193 288 duplex
1207 254 1382 282 resurrectio
1398 264 1404 281 :
1422 262 1481 282 una
1496 262 1514 282 a
1528 256 1622 282 morte
1638 256 1796 291 corporali,

1026 298 1083 326 alia
1105 306 1122 325 a
1144 300 1238 326 morte
1260 299 1414 335 spirituali,
1438 301 1500 328 sive
1526 301 1640 329 animae.
1673 303 1710 329 De
1738 310 1798 338 qua

1026 346 1149 381 utraque
1164 353 1253 381 supra
1263 345 1283 365 ¹²
1299 355 1325 373 υ(
1336 346 1412 374 Sicut
1428 349 1509 374 Pater
1521 348 1639 375 suscitat
1654 351 1797 384 mortuos,

1026 391 1191 419 ctviviticat
1205 413 1214 426 ,
1235 392 1275 419 sic
1290 394 1318 419 et
1333 393 1429 420 Filius.
1444 403 1457 418 n

1060 439 1103 465 28.
1117 439 1148 465 Et
1158 439 1289 474 sequitur
1298 438 1350 466 illa
1364 447 1443 474 pars,
1454 440 1483 467 in
1494 448 1553 476 qua
1564 441 1672 469 sororis
1682 442 1796 470 vocatio

1023 492 1041 511 a
1056 484 1181 519 Martha;
1199 487 1225 512 et
1240 485 1282 512 ibi
1297 485 1368 512 tria:
1389 486 1485 521 primo
1495 507 1503 519 ,
1518 487 1598 515 illius
1619 488 1754 522 vocatio,
1769 491 1797 516 et

1024 530 1157 564 ejusdem
1173 532 1355 566 progressio;
1375 533 1522 567 secundo,
1537 535 1797 562 concomitantium

1024 576 1180 612 descriptio
1196 577 1230 604 ¹³:
1245 577 1335 604 Judaet'
1349 586 1418 611 erqo,
1435 581 1507 613 ete.;
1526 580 1619 614 tertio,
1635 581 1728 609 Mariae
1746 581 1798 609 ad-

1023 623 1165 650 venientis
1180 624 1348 652 humiliatio
1372 627 1399 652 et
1413 625 1573 660 confessio,
1589 626 1629 653 ibi
1645 625 1682 654 “z
1704 629 1797 655 Maria

1023 678 1083 704 erqo
1093 691 1102 704 ,
1118 672 1172 697 etc.

1059 717 1103 744 Ait
1124 725 1212 751 ergo:
1236 718 1301 745 Cum
1322 718 1367 744 hoc
1386 719 1517 752 dixisset,
1541 720 1645 746 vocavit
1667 720 1794 747 Mariam.

1023 765 1054 790 Ut
1068 763 1145 790 enim
1161 763 1200 790 ait
1214 763 1439 799 Chrysostornus
1449 765 1497 798 ¹⁵‚«
1512 765 1631 799 Martha,
1647 765 1719 801 quia
1731 773 1797 793 eam

1021 810 1051 836 in
1066 818 1149 845 spem
1164 810 1276 837 bonam
1296 810 1419 838 duxerat
1433 812 1527 845 JesuS,
1544 811 1662 839 vocavit
1676 811 1796 839 Mariam

1021 864 1088 883 cum
1101 856 1226 883 silentio.
1239 867 1252 881 »
1264 858 1296 884 Et
1307 857 1363 884 hoc
1378 857 1457 890 ideo,
1473 857 1636 884 seeundum
1651 857 1793 892 Glossam,

1021 903 1092 938 quia
1106 902 1129 929 si
1143 902 1234 930 Judaei
1249 903 1398 930 audissent
1415 911 1480 931 eam
1495 904 1593 931 vocari
1609 912 1626 932 a
1643 905 1722 938 Jesu,
1732 912 1794 931 non

1020 951 1210 984 sequerentur
1220 970 1227 982 ,
1252 952 1279 977 et
1303 950 1342 977 ita
1366 957 1425 977 non
1450 950 1583 978 viderent
1607 950 1792 978 miraculum.

1023 997 1152 1030 Magister
1176 996 1252 1023 adest
1275 1000 1300 1023 et
1321 1000 1395 1023 vocat
1418 1000 1457 1031 te,
1481 999 1534 1024 etc.
1560 996 1616 1024 Sed
1636 997 1793 1032 quaeritur,

1020 1042 1146 1078 qualiter
1160 1043 1216 1070 hoc
1238 1043 1291 1075 ait,
1313 1051 1381 1070 cum
1400 1043 1457 1070 hoc
1480 1051 1541 1071 non
1560 1044 1674 1078 legatur
1688 1044 1793 1079 prius?

1020 1091 1051 1116 Et
1066 1089 1104 1116 ad
1119 1089 1176 1116 hoe
1195 1089 1353 1124 respondet
1374 1089 1489 1123 Glossa,
1507 1090 1606 1125 quod,
1627 1098 1715 1118 causa
1729 1090 1793 1117 bre-

1019 1135 1125 1169 vitatis,
1137 1135 1167 1162 in
1180 1135 1277 1163 verbis
1292 1136 1406 1163 Marthae
1422 1136 1549 1163 ostendit
1564 1144 1624 1164 non
1638 1136 1719 1172 prius
1734 1136 1792 1164 dic-

1019 1184 1091 1216 tum,
1107 1182 1136 1209 id
1152 1184 1204 1215 est,
1221 1182 1303 1217 quod
1320 1182 1459 1209 Dominus
1474 1183 1591 1210 vocavit
1605 1191 1680 1210 eam.

1055 1231 1098 1255 29.
1124 1230 1159 1255 Ac
1180 1230 1248 1262 illa,
1269 1232 1299 1255 ut
1320 1231 1439 1261 auaim't,
1464 1231 1585 1256 surrexit
1611 1230 1645 1264 (b)
1667 1231 1736 1263 cito,
1757 1237 1792 1256 ex

1018 1276 1128 1310 gaudio
1144 1276 1181 1302 de
1201 1276 1331 1303 adventu
1353 1276 1527 1310 salvatoris,
1548 1279 1574 1303 et
1594 1285 1629 1304 ex
1645 1276 1791 1304 desiderio

1017 1322 1138 1349 videndi
1154 1330 1232 1356 eum,
1249 1324 1276 1349 et
1291 1322 1498 1358 colloquendi,
1513 1325 1540 1350 ct
1561 1330 1597 1350 ex
1617 1331 1668 1358 spe
1684 1323 1790 1351 solatii.

1017 1369 1085 1396 ideo
1101 1369 1158 1396 cito
1174 1369 1308 1396 surrexit.
1327 1366 1357 1396 Εἰ
1376 1372 1445 1396 nota
1467 1369 1513 1396 hie
1535 1369 1704 1405 exemplum
1727 1378 1792 1397 mu—

1016 1415 1137 1442 lieribus
1153 1415 1344 1451 colloquendi
1362 1424 1430 1443 cum
1445 1416 1571 1443 silentio.
1593 1417 1665 1443 Nam
1682 1416 1792 1444 Martha

1016 1462 1133 1489 vocavit
1160 1470 1295 1489 sororem
1320 1470 1386 1489 cum
1409 1462 1522 1489 silentio
1540 1471 1545 1488 z
1573 1465 1685 1498 quanto
1710 1462 1789 1490 enim

1016 1510 1082 1535 sunt
1105 1508 1198 1542 inagis
1221 1508 1362 1543 loquaces
1381 1508 1551 1535 naturaliter
1576 1509 1680 1542 (uam,
1702 1510 1733 1535 ut
1753 1509 1792 1535 ait

1016 1554 1151 1589 sapiens:
1168 1554 1300 1581 Mulieres
1316 1554 1411 1589 magis
1430 1557 1499 1581 sunt
1513 1554 1673 1588 silvestres,
1689 1557 1716 1582 et
1730 1562 1790 1581 ma-

1016 1601 1059 1635 gis
1074 1601 1242 1636 loquaces),
1257 1602 1336 1628 tanto
1352 1601 1446 1635 magis
1463 1603 1530 1627 sunt
1545 1601 1790 1628 commendandae,

1015 1656 1050 1675 cx
1066 1648 1270 1675 taciturnitate.
1282 1648 1350 1675 Ideo
1364 1648 1468 1675 dicitur
1482 1647 1515 1674 ¹⁶:
1527 1658 1539 1673 ιι
1555 1648 1654 1675 Mulier
1664 1650 1788 1680 sensata,

1016 1698 1042 1722 et
1062 1694 1158 1722 tacita.
1174 1704 1186 1719 >i
1206 1696 1238 1721 Et
1262 1694 1368 1721 mulier
1389 1694 1478 1721 debet
1503 1695 1614 1722 discere
1637 1695 1667 1721 in
1689 1694 1791 1722 schola

1015 1741 1227 1777 philosophiae,
1246 1742 1277 1767 ut
1296 1741 1430 1768 habitum
1451 1743 1493 1768 est
1510 1750 1599 1777 supra
1617 1749 1634 1769 a
1649 1741 1789 1777 chrysos-

1015 1790 1095 1816 tomo
1106 1788 1138 1815 Π.
1151 1790 1185 1815 Et
1196 1790 1269 1814 venit
1283 1788 1319 1814 ad
1329 1796 1386 1814 eum
1399 1797 1405 1814 :
1418 1789 1446 1815 et
1459 1788 1516 1815 hoc
1525 1788 1602 1822 ideo,
1617 1788 1734 1824 quia(V.
1745 1787 1788 1823 30)

1014 1835 1132 1861 nondum
1150 1838 1257 1861 venerat
1280 1836 1354 1861 Jesus
1375 1836 1401 1860 in
1422 1836 1559 1861 castellum
1570 1855 1576 1867 ‚
1591 1836 1619 1861 et
1633 1834 1700 1861 ideo
1715 1834 1788 1868 hoc,

1014 1881 1088 1908 sieut
1103 1881 1142 1908 ait
1164 1882 1389 1916 (thrysostomus
1406 1881 1435 1914 ¹⁸,
1450 1883 1481 1908 ut
1496 1889 1557 1907 non
1572 1881 1705 1908 videatur
1724 1881 1788 1915 inji-

1014 1935 1079 1954 cere
1090 1927 1220 1962 seipsum
1235 1927 1318 1962 signo
1331 1927 1480 1960 faciendo,
1497 1927 1557 1954 sive
1573 1927 1719 1961 ingerere;
1736 1927 1788 1955 sed

1014 1974 1112 2008 rogari
1128 1974 1166 2001 ab
1183 1973 1241 2000 illis
1255 1974 1362 2008 voluit,
1377 1976 1408 2000 ut
1422 1976 1495 2001 esset
1510 1974 1607 2001 minus
1621 1975 1789 2009 suspectum

1014 2020 1142 2054 siguum.
1160 2022 1190 2047 Et
1209 2028 1269 2047 non
1289 2020 1353 2047 sola
1375 2020 1442 2051 ivit;
1458 2020 1509 2047 sed
1525 2023 1552 2047 et
1570 2020 1614 2055 (v.
1632 2022 1660 2047 3¹
1676 2019 1684 2055 )
1701 2021 1788 2047 Judaei

1014 2069 1062 2100 qui
1083 2069 1161 2093 erant
1181 2076 1239 2093 cum.
1260 2075 1309 2100 ea,
1329 2068 1413 2094 secuti
1434 2069 1505 2093 sunt.
1529 2068 1561 2094 Et
1579 2068 1657 2102 patet
1677 2066 1724 2094 hic
1746 2074 1789 2094 sa-

1014 2113 1123 2148 pientia
1142 2113 1288 2140 mulieris:
1306 2113 1384 2140 unde
1400 2113 1625 2148 Chrysostomus
1641 2113 1660 2129 ¹⁹
1671 2121 1678 2139 z
1690 2122 1702 2137 «
1717 2114 1788 2140 Ecce

1014 2159 1120 2186 mulier
1135 2159 1348 2194 philosophans
1363 2167 1422 2185 non
1439 2159 1601 2193 expectavit
1616 2158 1786 2193 magistrum

1014 2207 1128 2240 venire,
1144 2214 1197 2233 nec
1213 2214 1230 2232 a
1253 2206 1333 2232 luctu
1349 2206 1465 2232 detenta
1479 2207 1535 2238 est,
1552 2204 1603 2231 scd
1619 2212 1721 2232 omnes
1739 2206 1786 2231 Ju-

1015 2254 1094 2281 daeos
1109 2253 1268 2280 transiens:
1291 2254 1411 2287 propter
1429 2252 1511 2287 quod
1526 2252 1581 2285 ait,
1599 2252 1680 2287 quod
1694 2251 1786 2279 Judaei

1013 2300 1103 2327 secuti
1119 2302 1194 2327 suut.
1204 2309 1217 2324 »
1236 2300 1268 2326 Ut
1283 2298 1360 2325 enim
1376 2299 1415 2325 ait
1426 2300 1533 2325 Seneca
1547 2297 1568 2314 ²0
1585 2307 1591 2325 :
1605 2308 1618 2323 ι(
1632 2297 1786 2333 Proprium

1014 2350 1054 2374 est
1070 2347 1195 2374 libenter
1206 2345 1353 2378 facientis,
1369 2346 1424 2372 cito
1440 2344 1545 2372 facere.
1562 2354 1574 2369 »

1050 2395 1094 2421 32.
1110 2394 1200 2421 Maria
1215 2401 1290 2427 erqo,
1307 2401 1364 2419 cum
1378 2393 1503 2425 venisset,
1514 2391 1608 2418 cecidit
1621 2400 1628 2417 :
1645 2393 1672 2418 et
1686 2390 1715 2417 in
1728 2389 1784 2417 hoc

1014 2482 1037 2503 v,
1056 2478 1093 2499 21.
1107 2489 1137 2493 —
1153 2476 1168 2491 '³
1184 2475 1240 2505 inf„
1257 2475 1294 2498 31.
1308 2487 1338 2491 —
1353 2474 1371 2490 ¹⁴
1389 2474 1446 2503 inf„
1462 2475 1500 2498 32.
1513 2487 1543 2491 -
1556 2473 1574 2489 ¹⁵
1586 2473 1727 2504 Chrysost.‚
1743 2473 1784 2496 ubi

1014 2518 1081 2540 sup„
1107 2518 1132 2534 n.
1155 2512 1178 2534 2.
1198 2523 1227 2527 —-
1251 2510 1268 2525 ¹⁸
1292 2509 1376 2539 Ecclz‘„
1401 2515 1475 2539 xxm,
1499 2510 1533 2532 iS.
1554 2521 1579 2525 —-
1606 2509 1622 2524 ¹⁷
1644 2508 1783 2539 Chrysost„

1014 2546 1083 2569 hom.
1102 2552 1142 2575 Lx,
1159 2546 1191 2569 ai.
1210 2552 1262 2575 μυ,
1277 2552 1303 2568 n.
1320 2546 1342 2568 53.
1356 2557 1385 2562 —
1403 2543 1784 2573 ¹⁸td.‚h01n.rxr‚al.1,x111,

1015 2588 1038 2604 n.
1056 2583 1074 2604 l.
1091 2594 1115 2598 μ’
1135 2582 1153 2597 ¹⁹
1170 2581 1270 2604 !bid.—
1284 2581 1304 2596 ³⁰
1317 2582 1417 2609 senec,
1430 2579 1458 2601 ,Ie
1474 2579 1567 2607 Berzesl,
1584 2578 1626 2601 lib.
1646 2579 1675 2607 li,
1691 2586 1712 2602 c.
1729 2584 1751 2601 v.

1046 2630 1079 2659 (a)
1101 2629 1172 2660 Vuly.
1189 2629 1273 2653 Veuit.
1288 2641 1317 2646 —
1334 2628 1365 2658 (b)
1383 2627 1456 2657 vulg.
1469 2628 1560 2657 surqit.
