1987 3032
217 187 276 215 4915
736 180 945 212 EVANGELll
969 179 1106 212 SANC'l'l
1129 181 1292 213 JOANNlS

216 250 310 277 stabat
325 249 426 277 silens:
443 251 473 276 tu
489 257 558 276 vero
575 257 633 276 non
650 248 746 275 sotum
761 247 830 274 audi
846 247 915 280 hoc,
931 245 982 273 sed

215 295 354 323 continuo
370 295 400 322 in
414 297 510 322 mente
526 295 618 328 habe,
633 297 659 322 et
675 296 782 327 Regem
798 293 878 320 orbis
894 294 983 319 terra-

215 350 280 369 rum
303 344 329 369 et
349 342 537 376 angelorum,
561 340 767 368 contumeliam
790 339 947 374 partientem
967 346 984 364 a

217 389 357 416 militibus
372 397 424 424 per
438 389 539 422 verbu,
551 396 602 423 per
616 396 672 420 res,
687 389 713 414 et
728 387 828 414 omnia
843 386 982 412 ferentem

215 436 344 469 silentio,
363 435 474 462 imitare
490 442 542 470 per
561 442 651 469 opera
670 434 742 469 ipsa.
763 444 775 458 υ
795 434 856 459 ttaec
873 431 932 458 ille.
954 433 985 458 Et

215 486 285 511 nota
298 483 355 515 hic,
370 482 443 509 sieut
458 481 633 515 Augustinus
650 482 653 494 ¹
667 490 673 507 ;
694 490 706 505 ιι
720 479 846 507 Christus
866 478 919 505 luit
934 478 984 505 ssa-

216 529 356 564 gellatus,
389 527 480 563 spinis
509 529 684 560 coronatus,
713 525 877 553 ludibriosa
905 526 983 551 veste

215 575 346 608 amictus,
359 574 465 601 amaris
481 573 615 601 convitiis
630 573 742 605 illusus,
756 572 846 607 alapi<
858 579 955 598 caesus.
969 580 981 595 ι)

216 623 277 648 {lire
292 621 351 648 ille.
369 622 399 647 Et
417 620 479 647 brec
495 619 629 646 sustinuit
643 619 728 646 Filius
745 618 791 645 Uei
808 617 845 644 ad
864 617 985 644 deletio—

215 675 281 694 nem
299 666 407 703 peccati
423 666 515 701 cnlpae
529 666 643 700 generis
658 664 791 697 humani,
808 666 835 690 et
850 663 888 690 ad
903 663 985 690 satis-

215 714 372 741 factionem
386 721 440 747 pro
459 713 518 739 illa.
537 711 712 746 Flagellatus
727 711 805 737 enim
818 709 871 736 fuit
888 709 925 736 ad
941 717 986 736 sa-

216 759 407 787 tisfacttonem
420 766 474 794 pro
490 758 602 785 deliciis
617 760 644 784 et
659 757 788 789 lascivia,
806 756 842 783 de
857 764 915 791 qua
930 755 985 782 las-

215 806 325 833 civia²z
338 816 350 831 ιι
363 806 475 841 Ubique
490 804 691 839 relinquamus
705 803 787 838 signa
802 803 904 830 liutitioe
919 810 984 829 nos·-

215 854 274 880 trae.
292 862 304 877 η
325 852 380 879 Sed
402 852 462 887 ipse
476 851 485 866 ³
503 862 515 876 u
529 851 558 877 in
572 850 606 885 (α)
624 849 779 876 doloribus
794 850 826 884 (b)
847 858 863 876 a
880 849 984 883 juven-

215 901 288 933 tute,
302 909 314 923 »
334 901 364 925 ut
378 898 417 926 ait
431 897 574 932 Propheta
585 900 610 925 t:
625 906 638 921 <‹
653 895 784 922 Vidimus
801 903 867 922 cum
889 894 985 921 virum

216 945 363 972 dolorum.
379 954 391 970 »
409 944 477 971 item
497 943 558 979 ipse
580 943 737 970 coronatus
759 941 861 977 spinea
876 949 986 968 corona

216 993 254 1020 ad
275 991 501 1019 satisfactionem
520 998 574 1025 pro
591 989 715 1016 elatione
730 988 866 1015 humanae
885 996 986 1023 super-

216 1039 286 1072 biae,
308 1039 343 1066 de
365 1038 445 1073 quas
463 1046 468 1064 z
486 1047 499 1063 (ι
522 1038 567 1063 Vae
591 1043 707 1062 coronze
727 1035 871 1070 superbias
901 1044 914 1059 »
931 1034 986 1062 Sed

217 1086 253 1112 de
269 1085 333 1120 ipso
348 1084 377 1111 in
392 1084 488 1118 figura
498 1085 507 1100 a
521 1094 526 1111 :
541 1094 553 1109 «
566 1082 664 1110 Videte
685 1090 784 1117 regem
799 1081 985 1109 Salomonem

216 1131 245 1158 in
262 1131 428 1158 diademate
449 1138 508 1165 quo
527 1129 679 1156 coronavit
696 1137 764 1156 eum
780 1129 871 1154 mater
886 1135 954 1161 sua,
971 1138 983 1152 ι)

216 1178 325 1205 scilieet
340 1179 506 1212 synagoga.
533 1178 600 1203 ltcu]
624 1175 708 1210 eulpa
731 1175 845 1209 geum-is
866 1174 986 1201 humani

216 1224 269 1251 ruit
284 1224 312 1251 in
329 1231 474 1259 pomposa
486 1221 624 1257 jactantia
639 1222 670 1248 in
686 1221 829 1248 vestibus:
850 1221 926 1247 unde
942 1220 986 1247 di-

218 1279 265 1298 ves
274 1270 361 1305 epulo
372 1269 381 1284 ⁷
392 1269 571 1297 induebatur
583 1275 715 1303 purpura
725 1270 752 1294 et
764 1268 862 1301 bysso,
873 1266 922 1302 qui
936 1266 990 1293 suit

216 1318 310 1352 figura
325 1317 497 1351 Synagogae.
519 1317 581 1342 Non
597 1314 626 1349 (c)
645 1313 779 1341 sustinuit
797 1313 842 1340 hic
857 1312 988 1340 Salvator

216 1363 383 1391 illusionem
396 1363 425 1389 in
440 1364 518 1389 veste
532 1368 691 1397 purpurea,
709 1360 747 1387 ad
762 1359 987 1386 satisfactionem

217 1418 270 1445 pro
286 1410 391 1437 vitiosa
404 1416 515 1444 pompa
531 1407 686 1443 praedicta3
704 1408 823 1442 propter
840 1405 922 1441 quod
938 1414 988 1441 po-

217 1458 268 1483 test
283 1456 339 1483 dici
360 1456 396 1482 de
412 1464 447 1482 eo
462 1454 537 1482 illud
550 1453 576 1481 ⁸:
598 1464 610 1479 (t
624 1454 718 1487 Quare
732 1453 854 1480 rubrum
871 1455 913 1479 est
928 1460 989 1479 ves-

216 1503 369 1529 timentum
390 1502 494 1528 tuum‘?
517 1511 530 1526 »
551 1502 581 1527 Et
598 1500 653 1527 hoc
673 1500 819 1534 signatum
842 1499 870 1525 in
891 1498 989 1525 tunica

216 1548 319 1584 ioseph
340 1549 426 1575 tincta
449 1548 478 1574 in
501 1546 643 1580 sanguine
665 1545 751 1572 hredi.
778 1546 846 1573 Item
872 1545 987 1580 generis

216 1595 338 1623 humani
360 1596 513 1630 peecatum
534 1593 587 1620 fuit
610 1592 796 1628 perversitate
821 1593 849 1619 et
866 1591 988 1618 falsitate

216 1642 314 1676 verbi3
333 1641 411 1668 unde
424 1642 451 1667 et
463 1639 568 1666 mulier
583 1639 674 1666 suasit
686 1638 749 1665 viro
760 1638 846 1665 edere
859 1638 895 1664 de
906 1637 987 1671 ligno

218 1689 317 1722 vetito,
334 1689 361 1715 et
382 1689 504 1721 uterque
524 1694 553 1712 se
576 1685 734 1712 excusavit.
759 1686 790 1711 Et
812 1684 880 1711 ideo
902 1683 988 1710 Filius

218 1735 265 1762 Dei
280 1734 415 1761 sustinuit
428 1733 475 1760 hic
490 1734 517 1759 et
532 1731 693 1767 opprobria
709 1731 736 1758 in
754 1730 862 1765 verbis,
878 1732 905 1757 et
921 1737 989 1757 con-

218 1781 351 1808 tumelias
365 1781 391 1807 ‘³2
412 1790 424 1804 «
448 1779 529 1806 Dedit
552 1779 653 1804 contra
672 1785 719 1804 me
740 1785 852 1804 vocem.
874 1787 887 1802 »
906 1778 937 1803 Et
958 1776 987 1803 in

217 1829 320 1855 Psalmo
343 1827 359 1843 ¹0
376 1835 382 1853 ε
409 1836 421 1851 (ι
436 1825 554 1861 Aperuit
573 1824 611 1859 (d)
633 1831 721 1858 super
736 1831 783 1850 me
805 1831 838 1849 os
859 1830 955 1849 suum.
972 1832 984 1847 >i

217 1876 286 1902 lteni
306 1874 458 1909 peccatum
474 1870 587 1905 generis
609 1869 731 1896 humani
744 1869 798 1896 fuit
812 1869 841 1896 in
861 1869 987 1896 delecta—

217 1920 346 1948 tionibus
363 1919 474 1946 earnis:
492 1916 618 1952 gustavit
637 1916 714 1942 enim
735 1915 771 1942 de
790 1915 871 1950 ligno
890 1915 986 1942 vetito.

218 1967 296 1994 Unde
316 1969 343 1993 et
363 1965 450 1992 Filius
472 1963 520 1990 Dei
539 1962 674 1990 sustinuit
691 1962 738 1989 hic
756 1961 858 1997 alapas
875 1961 905 1988 in
923 1969 988 1988 cor—

216 2022 288 2049 pore
303 2012 319 2028 ¹¹
334 2022 339 2040 :
358 2022 370 2037 «
387 2014 498 2046 Corpus
514 2017 612 2036 meum
634 2008 701 2035 dedi
718 2007 955 2043 percutientibus.
973 2019 986 2034 »

217 2062 249 2087 Et
261 2059 280 2076 ¹²
293 2069 298 2086 :
316 2058 402 2092 Quasi
417 2064 511 2092 agnus
526 2063 626 2083 coram
641 2054 788 2082 tondente.
806 2054 863 2080 »¹³«
874 2055 988 2082 Satura-

218 2106 296 2133 bitur
319 2103 496 2140 opprobriis.
512 2112 524 2128 η
547 2103 578 2128 Et
592 2101 648 2134 sic,
663 2103 694 2128 ut
707 2100 884 2135 Augustinus
904 2099 920 2115 ,a
935 2100 987 2134 ait,

221 2164 234 2179 u
250 2155 386 2188 Martyres
402 2149 642 2178 confortabantur
657 2147 695 2174 ad
709 2147 820 2180 omnia,
837 2155 903 2182 quae
918 2155 985 2182 per—

217 2201 363 2226 secutores
377 2196 509 2224 libuisset
523 2195 627 2227 facere,
642 2193 826 2228 perferenda,
842 2203 854 2218 »

254 2247 284 2273 Et
298 2244 429 2280 sequitur
451 2241 580 2269 secunda
594 2247 662 2275 pars
682 2239 866 2274 principalis,
882 2238 933 2265 ubi
951 2238 987 2265 de

218 2292 283 2318 nisu
300 2291 379 2318 Pilati
399 2289 437 2316 ad
454 2286 641 2315 liberandum
658 2293 725 2312 euin
740 2285 836 2312 studio
850 2285 985 2319 benigni-

219 2338 291 2365 tatis.
311 2338 390 2364 Dixit
408 2335 440 2371 (e)
459 2336 496 2362 eis
514 2334 636 2361 Pilatus:
648 2332 769 2366 Accipite
783 2339 855 2365 eum,
871 2332 944 2364 etc.;
961 2332 987 2358 et

250 2410 256 2424 ¹
270 2409 344 2437 Aug,
357 2406 398 2429 ubi
413 2412 500 2435 sup.—
514 2404 525 2419 2
538 2403 607 2433 Sap.,
623 2407 650 2431 ιι,
663 2402 718 2424 ἱ).-
731 2400 740 2416 ⁵
752 2400 818 2424 Psal.
834 2406 951 2430 Lxxxvn,
963 2401 985 2424 G.

219 2458 245 2461 —
259 2444 266 2458 ⁴
283 2444 342 2471 Im,
355 2447 413 2470 Lm,
426 2444 479 2464 3.-
493 2440 503 2456 δ
520 2438 592 2466 tbid.‚
608 2436 785 2466 mvn-,t.—ss
801 2437 985 2465 (51111t.,111,11.

217 2493 243 2497 -
255 2479 266 2496 '1
279 2478 346 2507 Luc„
356 2482 409 2503 xv1,
420 2475 504 2498 w.—-⁸
514 2474 561 2497 [m.
582 2477 655 2501 inn,
668 2472 724 2494 2.-
738 2472 745 2485 ³
757 2471 857 2499 Jerem„
872 2476 916 2501 xit,
931 2472 986 2494 8.—

218 2516 238 2531 ¹⁰
256 2512 320 2537 Psal.
337 2511 479 2540 xx1,14.—
497 2510 514 2525 ¹¹
528 2509 587 2537 Isca,
603 2513 627 2535 L,
646 2508 669 2530 ὓ.
680 2519 709 2523 -
729 2506 749 2521 ¹³
766 2505 837 2535 thid„
851 2512 910 2536 Lttt,
924 2507 946 2529 7.
959 2519 984 2522 -—

219 2550 238 2565 ¹³
250 2545 504 2575 Tl1⁷·en.,1ii,30.-²⁸
518 2545 590 2574 Aug..
600 2542 641 2566 ubi
652 2547 751 2571 sup-,u.
768 2541 848 2565 1.-ίις
861 2540 918 2571 tuf„
931 2542 985 2564 8.—

221 2581 410 2613 ¹⁶tnf.,12.-=⁴
420 2582 561 2611 (Ζιιι-)ἐοει.,
576 2579 616 2602 ubi
626 2586 680 2609 sup.
690 2592 712 2595 —
726 2578 745 2595 ¹⁸
760 2578 856 2607 lI’el1·.,
871 2584 885 2600 ιι
895 2596 900 2606 ‚
916 2578 986 2600 22.—

221 2624 237 2639 ¹⁹
248 2617 565 2651 Clirysost.,iliid.‚11.2.-
578 2615 598 2630 ²⁰
611 2615 698 2641 Leon..
714 2620 784 2643 xxiv,
800 2616 866 2636 ιὲὶ.-
880 2614 895 2626 ’-’“
913 2614 985 2642 Suu,

1039 246 1068 273 in
1086 247 1136 274 illa
1154 249 1236 283 parte
1256 247 1297 275 sic
1320 248 1474 283 procedit:
1499 249 1611 284 primo,
1635 249 1810 278 innocentiae

1039 293 1141 320 Christi
1159 293 1335 327 testificatio,
1351 296 1378 321 et
1397 293 1567 322 Judaeorum
1582 295 1734 330 responsio
1741 305 1750 331 ;
1765 303 1811 323 se-

1039 339 1148 373 eundo,
1161 348 1178 367 a
1194 340 1283 367 Pilato
1294 340 1395 368 Christi
1408 340 1568 376 inquisitio,
1582 343 1688 369 etcum
1699 342 1810 369 Christo

1039 388 1141 413 mutua
1165 386 1300 419 collatio,
1315 386 1356 413 ibi
1371 387 1388 402 ¹⁵
1405 396 1411 413 ε
1430 387 1493 414 Cum
1512 395 1571 421 eruo
1591 387 1711 415 audisset
1735 389 1811 415 Pila-

1040 435 1097 465 lus,
1113 435 1181 466 etc.;
1199 432 1297 466 tertio,
1314 432 1402 459 studii
1416 432 1495 460 Pilati
1512 433 1550 460 ad
1571 433 1669 469 ipsum
1683 433 1811 461 liberan-

1040 478 1111 505 dum
1139 478 1331 514 specificatio,
1356 480 1383 506 et
1409 478 1577 507 Judceorum
1601 479 1809 515 comminatio,

1040 524 1080 551 ibi
1093 525 1111 540 ¹⁰
1125 534 1130 552 ε
1148 526 1181 551 Ee
1195 525 1291 552 eaez'nde
1306 525 1449 559 quoerebat,
1464 527 1516 552 etc.

1076 572 1105 597 nt
1118 571 1173 598 hoc
1189 572 1241 604 est,
1252 570 1334 606 quod
1348 570 1387 598 ait
1403 579 1409 597 ε
1428 571 1506 597 Dixit
1519 570 1550 605 (e)
1562 573 1599 598 eis
1614 572 1739 599 Pilatus:
1756 573 1811 600 Ac-

1040 618 1122 651 cipite
1137 625 1193 643 enm
1213 625 1274 651 vos,
1289 619 1313 644 et
1327 618 1482 650 crucifigite.
1505 618 1537 644 Et
1551 616 1580 644 in
1594 617 1651 644 hoe
1665 618 1745 646 Pilati
1761 618 1811 646 de-

1038 663 1137 690 lictum
1154 665 1180 690 et
1195 663 1329 691 defectio.
1347 664 1379 690 Ut
1398 663 1436 690 ait
1450 663 1675 698 chrysostomus
1693 665 1709 681 ·⁷
1724 673 1749 691 :a
1765 665 1811 692 Vi-

1041 710 1114 736 dens
1129 710 1235 737 Pilatus
1251 710 1376 737 inaniter
1391 710 1491 738 omnia
1506 710 1568 738 [ieri
1579 732 1587 745 ‚
1602 711 1643 738 sic
1659 711 1699 738 ait
1715 721 1721 738 :
1735 711 1811 747 prio-

1040 764 1072 783 ra
1087 756 1182 790 enini,
1199 757 1316 791 flagella
1331 757 1455 790 scilicet,
1470 759 1589 792 propter
1609 765 1712 785 eorum
1733 757 1812 785 insa-

1040 803 1130 836 niam,
1143 804 1292 830 concessit.
1306 813 1318 829 »
1333 804 1411 831 Unde
1426 806 1453 831 et
1468 811 1609 831 excusans
1624 804 1663 832 ait
1678 813 1684 831 :
1697 804 1756 832 Non
1771 806 1814 831 in-

1040 851 1115 876 censo
1133 857 1250 876 causum.
1265 850 1283 864 *ἢ
1303 860 1315 874 (ι
1329 850 1382 883 Qui
1398 853 1548 885 peceatum
1564 858 1624 877 non
1639 850 1715 885 fecit,
1727 860 1740 876 u
1758 853 1812 878 etc.

1042 895 1097 922 Sed
1112 904 1198 922 canes
1211 916 1218 929 ‚
1235 896 1343 923 scilicet
1361 896 1493 927 Judaeos,
1510 896 1582 923 nihil
1597 896 1704 924 horum
1718 897 1749 924 in
1762 905 1813 925 ve-

1041 941 1212 969 recundiam
1228 942 1380 976 convertit,
1397 943 1436 969 ait
1447 942 1670 978 chrysostomus
1681 943 1710 970 ¹⁹.

1078 991 1102 1014 7.
1117 988 1184 1015 ideo
1199 988 1389 1023 responderunt
1400 989 1489 1016 Juclaez·
1503 997 1509 1015 :
1522 990 1576 1016 Nos
1587 989 1709 1016 habemus
1721 990 1813 1024 leqem,

1042 1037 1066 1061 ec
1089 1035 1230 1061 secundum
1255 1036 1335 1069 quem
1359 1035 1434 1062 debet
1456 1035 1559 1062 moi-22²⁰
1576 1045 1590 1060 (ι
1605 1034 1657 1068 Qui
1678 1034 1815 1071 blasphe-

1043 1080 1181 1114 maverit,
1204 1083 1297 1107 morte
1322 1080 1471 1108 morietur.
1488 1091 1500 1106 »
1519 1082 1550 1108 Et
1573 1089 1662 1116 supra
1681 1084 1699 1098 ³¹
1719 1090 1725 1108 :
1743 1091 1756 1106 «
1776 1082 1814 1108 De

1042 1126 1123 1154 bono
1138 1134 1226 1162 opere
1238 1135 1299 1154 non
1314 1127 1482 1162 lapidamus
1497 1128 1523 1154 te
1534 1147 1542 1160 ,
1559 1127 1610 1154 sed
1627 1135 1694 1154 cum
1709 1127 1748 1154 sis
1762 1127 1814 1154 ho-

1042 1181 1091 1200 mo
1103 1194 1110 1206 ,
1127 1172 1196 1200 facis
1211 1175 1237 1200 te
1252 1173 1348 1208 ipsum
1365 1174 1464 1200 iteum.
1482 1184 1494 1197 »
1517 1172 1589 1206 Sed,
1616 1175 1647 1200 ut
1668 1173 1707 1200 ait
1724 1173 1815 1208 Chry-

1043 1222 1189 1246 sostomus
1202 1220 1232 1253 ²¹²,
1243 1227 1277 1246 ea
1287 1228 1351 1254 quie
1366 1219 1427 1246 Filii
1442 1219 1488 1246 Dei
1506 1221 1652 1253 agentem,
1665 1219 1761 1246 dicere
1771 1227 1815 1246 se-

1044 1265 1140 1300 ipsum
1156 1274 1216 1292 esse
1239 1265 1344 1292 Filium
1370 1265 1417 1292 Dei
1429 1285 1437 1298 ‚
1454 1273 1514 1292 non
1530 1267 1572 1292 est
1586 1265 1714 1299 crimen,
1741 1265 1815 1293 sicut

1043 1311 1170 1338 Christus
1186 1311 1319 1344 faciebat,
1335 1319 1424 1346 supra
1436 1312 1458 1327 2³
1475 1320 1501 1337 z«
1509 1311 1656 1346 Operibus
1671 1311 1811 1338 credite.»

1044 1358 1154 1384 2¹⁴«N0n
1170 1357 1304 1392 rapinam
1321 1357 1476 1384 arbitratus
1491 1359 1533 1384 est
1548 1365 1610 1384 esse
1625 1365 1654 1383 so
1670 1357 1814 1393 aequalem

1043 1405 1111 1437 Deo,
1126 1413 1139 1429 »
1157 1405 1210 1430 etc.
1458 1408 1463 1412 ‘

1080 1452 1105 1476 8.
1123 1451 1154 1476 Et
1169 1450 1299 1485 sequitur
1321 1450 1402 1478 tertia
1428 1449 1571 1485 particula
1587 1458 1593 1476 :
1610 1450 1674 1477 Cum
1691 1458 1752 1484 erqo
1767 1458 1815 1477 au-

1044 1496 1127 1522 disset
1142 1497 1268 1529 Pilatus,
1285 1498 1350 1529 etc.,
1377 1498 1510 1530 iuqressus
1532 1500 1569 1523 cst
1590 1497 1757 1530 praetorium.
1783 1497 1815 1523 Ut

1045 1542 1123 1568 enim
1138 1541 1177 1568 ait
1191 1542 1416 1577 chrysostomus
1430 1542 1450 1559 25
1467 1550 1472 1568 ;
1494 1551 1507 1566 (ι
1522 1541 1701 1569 Formidavit
1714 1550 1751 1569 ne
1767 1550 1815 1569 ve-

1044 1595 1110 1614 rum
1134 1590 1222 1622 esset,
1239 1587 1321 1623 quod
1337 1587 1489 1615 dicebatur
1507 1597 1513 1613 z
1531 1597 1544 1613 n
1568 1587 1636 1615 ideo
1661 1595 1721 1615 non
1739 1587 1814 1615 ultra

1044 1633 1204 1668 interrogat
1219 1641 1302 1660 eum:
1316 1634 1388 1666 Quid
1399 1635 1511 1667 fecisti?
1525 1633 1581 1661 Sed
1597 1634 1635 1668 (v.
1651 1634 1677 1668 9)
1692 1634 1765 1660 dia-ic
1781 1634 1817 1661 ad

1043 1680 1131 1706 lesum
1143 1688 1152 1705 .·
1167 1680 1238 1706 Unde
1247 1687 1272 1706 es
1282 1682 1327 1706 tu?
1339 1680 1467 1707 «Timore
1477 1687 1644 1714 concussus,
1655 1679 1764 1707 scilicet
1778 1687 1815 1707 ne

1045 1727 1119 1753 esset
1133 1725 1209 1752 iilius
1225 1725 1292 1759 Dei,
1316 1726 1523 1753 scrutationem
1544 1725 1628 1760 facit,
1649 1725 1758 1753 scilicet
1779 1726 1815 1753 de

1045 1772 1169 1807 origine,
1180 1782 1192 1797 »
1204 1772 1243 1799 ait
1251 1772 1476 1807 chrysostomus
1486 1770 1516 1797 ²⁶.
1526 1773 1601 1799 Jesus
1610 1775 1698 1798 autem
1711 1780 1816 1807 respon-

1044 1827 1102 1846 sum
1115 1827 1167 1845 non
1179 1818 1255 1845 dedic
1269 1820 1303 1845 ei.
1316 1818 1372 1845 Sed
1384 1818 1534 1853 quaeritur,
1553 1825 1645 1853 quare
1657 1818 1712 1845 hoe
1723 1818 1736 1844 ἱ)
1748 1825 1815 1845 cum

1045 1864 1158 1892 dicatur
1168 1865 1188 1880 2⁷
1199 1873 1225 1891 2«
1234 1864 1388 1899 Responde
1401 1864 1498 1891 stulto.
1513 1874 1526 1889 u
1538 1865 1570 1891 Et
1581 1864 1616 1891 ad
1626 1864 1683 1891 hoc
1694 1871 1816 1900 respon-

1045 1911 1093 1938 det
1099 1911 1322 1946 Chrysostomus
1330 1909 1362 1944 ²¹³,
1372 1910 1455 1945 quod
1465 1918 1554 1945 supra
1566 1910 1679 1938 audivit
1689 1910 1795 1938 Pilatus
1807 1919 1813 1938 ε

1044 1959 1099 1992 Ego
1114 1960 1143 1984 in
1160 1958 1205 1984 hoc
1220 1960 1299 1984 natus
1318 1965 1390 1991 sum3
1408 1958 1435 1984 et
1451 1965 1457 1983 :
1474 1957 1591 1991 Regnum
1605 1965 1691 1984 meum
1705 1965 1758 1984 uon
1777 1960 1815 1984 est

1044 2004 1076 2030 de
1090 2004 1135 2030 hoc
1150 2004 1247 2030 mundo
1264 2011 1274 2030 .·
1287 2003 1354 2030 ideo
1367 2003 1469 2030 iterato
1484 2011 1545 2030 non
1559 2003 1712 2039 respondit
1728 2003 1764 2030 ei.
1781 2004 1812 2031 Et

1044 2050 1074 2077 in
1090 2050 1146 2077 hoc
1162 2049 1315 2085 impletum
1331 2051 1372 2076 est
1386 2047 1490 2076 iltud²⁹
1507 2058 1534 2076 :u
1549 2049 1636 2082 Quasi
1651 2057 1744 2084 agnus
1762 2057 1810 2077 co-

1044 2104 1107 2124 ram
1124 2096 1259 2124 tondente
1274 2096 1463 2123 obmutescet.
1480 2106 1493 2121 ³>
1513 2097 1543 2123 Et
1557 2095 1594 2123 de
1609 2095 1665 2123 hoc
1680 2096 1813 2131 Augusti-

1044 2151 1099 2170 nus
1113 2143 1133 2159 ³⁰
1148 2152 1156 2170 :
1175 2153 1187 2167 (ι
1199 2142 1242 2169 Ad
1260 2142 1316 2169 hoc
1331 2142 1399 2169 data
1413 2144 1454 2169 est
1469 2142 1629 2169 similitudo
1639 2162 1648 2176 ‚
1662 2144 1695 2169 ut
1712 2142 1744 2168 in
1758 2149 1812 2169 suo

1044 2189 1159 2216 silentio
1175 2209 1182 2223 ,
1204 2196 1264 2215 non
1284 2196 1351 2215 reus
1364 2209 1372 2222 ‚
1388 2188 1440 2214 sed
1457 2188 1597 2215 innocens
1616 2187 1782 2215 haberetur.
1796 2198 1809 2213 »

1044 2236 1122 2263 Unde
1139 2237 1166 2262 et
1179 2234 1306 2262 Christus
1321 2234 1409 2261 tacuit
1424 2241 1524 2261 coram
1540 2233 1653 2261 Herode
1667 2234 1702 2267 ³¹,
1721 2236 1748 2261 et
1761 2241 1811 2261 co-

1043 2290 1106 2309 ram
1122 2281 1212 2308 Pilato
1227 2281 1273 2308 hie
1282 2301 1291 2315 ,
1307 2283 1337 2307 ut
1351 2280 1521 2315 impleretur
1540 2279 1615 2307 illud
1627 2280 1649 2296 ³²
1666 2289 1692 2307 :a
1707 2281 1747 2307 Ex
1761 2288 1812 2307 ore

1043 2327 1181 2355 Altissimi
1195 2335 1255 2355 non
1271 2326 1460 2361 egredientur
1474 2326 1555 2353 bona
1570 2326 1617 2353 vel
1631 2326 1719 2354 mala.
1733 2335 1745 2352 ι)
1761 2326 1812 2352 Un-

1044 2398 1070 2422 x,
1085 2394 1156 2416 33.-
1167 2392 1187 2407 2²
1201 2391 1343 2421 Chrysost„
1359 2390 1401 2414 uhi
1415 2397 1482 2420 sup.,
1495 2397 1521 2413 n.
1537 2391 1593 2413 2.-
1608 2390 1628 2405 ²³
1641 2390 1714 2419 Sup.‚
1730 2393 1756 2418 x,
1771 2389 1809 2412 ³8.

1046 2441 1070 2443 —
1088 2427 1109 2443 ‘³¹-
1123 2426 1225 2457 ΡΙιίίιμ,
1239 2433 1267 2456 11,
1282 2427 1305 2450 (5.
1320 2439 1350 2443 —
1363 2426 1382 2442 ²⁵
1398 2426 1538 2456 chrysost„
1552 2425 1593 2448 uhi
1608 2430 1664 2454 sup.
1674 2436 1704 2440 —
1715 2423 1734 2438 ²⁶
1748 2422 1810 2446 lbid.

1043 2475 1073 2479 —-
1090 2462 1110 2478 ⁴2¹¹
1127 2462 1209 2490 Prot)¹⁷
1225 2467 1298 2491 xxvi,
1315 2463 1337 2484 5.
1352 2474 1382 2478 —
1402 2460 1421 2476 '³⁸
1436 2461 1577 2491 Clirysost.,
1597 2459 1656 2482 ibid.
1672 2471 1702 2475 —
1719 2458 1736 2472 ²⁸³
1751 2458 1810 2487 lm„

1044 2504 1107 2527 Ltii,
1124 2500 1146 2522 7.
1162 2511 1193 2514 —
1211 2498 1232 2514 ³⁰
1254 2499 1368 2527 August„
1384 2497 1466 2520 Tract.
1485 2502 1556 2524 cxvi,
1576 2502 1600 2518 n.
1621 2495 1643 2517 4.
1657 2507 1688 2511 —
1709 2493 1727 2510 ³⁴
1744 2493 1811 2524 Lucu,

1045 2539 1124 2563 xxm,
1143 2536 1165 2557 9,
1179 2547 1209 2551 -
1226 2534 1245 2549 ³³
1261 2533 1356 2559 ‘mn-en„
1376 2538 1391 2556 ιι
1410 2551 1417 2562 ,
1435 2534 1472 2555 τιὸ.

1073 2577 1104 2606 (a)
1125 2577 1183 2599 (zet.
1199 2575 1257 2598 edit.
1274 2581 1296 2598 a.
1313 2587 1342 2591 ——
1361 2573 1392 2604 (b)
1420 2573 1488 2603 Γαίῃ.
1504 2571 1640 2595 laboribus.
1657 2584 1687 2588 —-
1705 2571 1736 2601 (c)
1754 2571 1809 2601 [ιη.

1045 2611 1112 2634 tdeo.
1125 2624 1153 2628 —
1171 2611 1207 2641 (d)
1229 2610 1299 2640 Vuly.
1316 2610 1477 2639 aperuerunt.
1491 2620 1521 2624 —-
1537 2607 1565 2637 (e)
1582 2607 1656 2636 vulg.
1672 2607 1746 2630 Dicit.
