1987 3032
683 231 887 263 EXPOSITIO
910 231 950 262 IN
973 232 1058 263 CAP.
1080 231 1143 263 xv.
1675 242 1711 268 Π

123 299 199 338 picit
212 299 328 329 omnia.
344 299 352 315 ¹
365 297 435 328 Tibi
447 298 503 328 soli
515 299 638 337 peccavi
648 322 655 336 ,
669 301 699 328 et
714 299 833 329 malum
843 307 889 328 00-

123 360 191 381 ram
207 353 238 380 te
251 351 344 381 feci.»
360 352 479 381 —Jam
490 360 554 381 non
569 360 640 381 sum
655 351 770 390 clz’qmcs
785 351 891 381 vocare·

121 403 207 440 filius
227 406 320 440 tuus,
342 406 471 442 propter
498 406 714 442 contemptum
740 403 890 433 bonitatis

123 456 271 485 omnibus
290 456 483 495 providentis
504 457 513 472 ²
531 467 537 486 :
557 468 570 484 «
589 456 637 485 Tu
651 458 771 491 autem,
791 455 891 485 Domi-

122 509 214 537 nator
234 508 377 544 virtutis,
402 517 474 537 cum
496 508 723 547 tranquillitate
742 507 865 546 judicas
880 531 888 545 ,

123 562 153 590 01
168 569 240 590 01110
256 569 377 599 magna
390 561 569 591 reverentia
580 561 719 600 disponis
734 570 798 590 eos.
815 560 891 590 Sub-

123 614 170 642 est.
184 612 270 642 enim
284 613 356 651 tibi,
371 622 446 643 cum
462 613 598 643 volueris
610 637 617 651 ,
632 622 733 652 posse.
753 612 891 642 Docuisti

124 666 229 695 autem
248 665 401 704 populum
412 667 505 695 tuum
520 675 577 704 per
591 666 665 695 talia
677 674 772 704 opera
785 689 792 703 ,
811 674 891 704 quo-

125 718 212 748 niam
227 720 349 757 oportet
366 719 489 757 justum
515 727 582 748 esse
598 720 628 748 et
645 718 823 748 humanum
836 741 845 754 ,
863 719 893 747 01

126 770 218 801 bonae
243 771 308 810 spei
328 771 425 801 fecisti
449 771 529 801 filios
556 773 644 808 tuos,
662 771 813 810 ([11001001
839 771 893 801 (105

127 822 230 853 100001
246 823 277 852 10
290 824 423 862 peccatis
442 813 645 862 poenitentiae.
663 834 677 850 n
697 823 777 859 Quia
794 823 894 861 igitur

128 875 301 914 contempsi
316 875 397 905 hanc
413 885 573 905 5110101001
594 876 766 906 bonitatem
780 900 786 912 ‚
803 877 894 914 cujus

127 929 174 956 est
194 927 269 957 dare
292 927 440 965 spiritum
461 928 636 967 adoptionis
659 928 798 958 filiorum
811 952 819 965 ‚
847 937 893 958 se-

127 979 266 1009 000110111
292 979 369 1009 illud
384 980 393 996 ³
411 988 418 1008 :
438 992 451 1007 κ
476 980 545 1010 Νο0
563 981 724 1019 accepistis
748 981 893 1019 spiritum

127 1031 287 1062 servitutis
306 1032 423 1061 iterum
441 1032 474 1062 in
498 1033 609 1062 timore
622 1043 629 1069 ;
656 1033 710 1062 sed
734 1033 895 1071 accepistis

127 1084 273 1122 spiritum
295 1085 470 1124 adoptionis
486 1086 637 1115 filiorum.
656 1097 669 1112 n
689 1086 786 1123 Cujus
800 1086 894 1115 etiam

126 1137 172 1165 est
186 1144 376 1174 regenerare
391 1146 447 1176 per
461 1147 578 1176 aquam
594 1140 624 1167 et
642 1137 795 1176 Spiritum
811 1147 896 1167 sanc-

127 1190 196 1218 tum
212 1189 246 1218 in
260 1198 397 1228 regnum
413 1190 551 1220 filiorum
574 1190 627 1219 Dei
641 1214 647 1227 ,
666 1190 840 1219 secundum
857 1190 896 1219 il-

127 1241 182 1271 lud
192 1243 201 1259 ⁶
214 1252 220 1271 :
235 1253 248 1270 (1
263 1242 385 1281 Eripuit
394 1252 452 1272 nos
464 1243 502 1272 de
515 1244 666 1281 potestate
679 1243 894 1280 tenebrarum,

128 1295 158 1323 et
169 1294 329 1324 transtulit
338 1295 371 1324 in
384 1304 524 1333 regnum
536 1295 591 1324 filii
601 1295 775 1325 dilectionis
790 1304 867 1324 suffe.
878 1306 891 1322 n

129 1346 199 1376 Ideo
216 1358 222 1377 :
245 1348 319 1377 Jam
347 1356 412 1378 mm
441 1357 513 1377 sum
541 1348 656 1386 ‹liqnus
683 1348 791 1377 vocari
811 1347 897 1384 filius

130 1403 212 1428 [11113.
237 1399 275 1429 Et
297 1402 372 1430 nota
387 1401 488 1439 quod,
504 1400 577 1430 licet.
591 1402 678 1438 pater
705 1400 765 1429 sibi
792 1409 898 1429 occur-

129 1453 190 1488 rat,
218 1452 332 1482 collum
360 1453 497 1491 stringat
516 1461 571 1491 per
598 1452 801 1490 amplexum,
826 1451 898 1482 licet

128 1503 277 1543 suscipiat
301 1504 339 1534 ad
359 1504 524 1541 osculum;
543 1507 649 1534 tamen
672 1513 769 1535 verus
793 1505 897 1543 [11001-

128 1557 197 1585 1005
213 1565 379 1595 nunquam
394 1557 591 1587 obliviscitur
606 1566 701 1587 5011111
713 1559 877 1595 peccatum
888 1581 895 1593 ,

128 1609 302 1639 secundum
316 1609 393 1639 illud
408 1609 523 1639 Psalmi
539 1609 549 1625 ⁶
564 1619 569 1638 :
587 1620 601 1638 α
618 1609 775 1645 Quoniam
790 1619 851 1648 ego
864 1610 897 1639 in

129 1661 253 1699 flagella
268 1664 396 1700 paratus
412 1671 482 1691 sum
495 1686 502 1699 ,
520 1664 550 1691 et
564 1662 652 1692 dolor
668 1671 759 1693 111005
777 1662 808 1692 10
823 1671 898 1692 000-

129 1715 237 1752 spectu
260 1723 331 1744 meo
355 1723 489 1753 semper.
517 1714 673 1750 Quoniam
698 1715 897 1753 iniquitatem

130 1774 233 1796 meam
252 1767 448 1797 annuntiabo
460 1791 467 1805 ,
485 1769 515 1797 et
531 1767 678 1805 cogitabo
698 1777 754 1806 per
772 1770 898 1805 peccato

129 1827 211 1849 meo.
228 1830 242 1846 »
260 1819 342 1849 Licet
366 1822 472 1849 autem
496 1822 720 1857 recognoscat,
736 1820 897 1850 nihilomi-

130 1879 190 1900 nus
214 1871 339 1901 anhelat
367 1872 405 1901 ad
434 1872 620 1901 charitatem
652 1872 831 1910 perfectam.
862 1872 899 1902 Et

131 1922 199 1952 ideo
214 1932 278 1953 non
293 1924 368 1962 petit
380 1924 430 1953 1110
444 1924 641 1954 dilectionem
656 1925 897 1962 mercenariam,

131 1974 210 2005 sicut
232 1984 328 2014 supra
348 1976 500 2014 faciebat,
516 1985 588 2006 cum
612 1986 675 2006 non
697 1977 826 2007 haberet
843 1977 899 2008 ad-

130 2027 193 2056 huc
207 2028 342 2065 gratiam
358 2028 511 2066 infusam.
536 2029 597 2059 Sed
616 2038 701 2059 nunc
715 2030 754 2059 ad
776 2032 897 2068 patrem

131 2079 221 2117 plene
235 2089 419 2117 conversus,
436 2083 588 2120 tanquam
604 2090 679 2111 vere
694 2082 852 2120 poenitens
866 2091 899 2112 se

131 2132 348 2170 commendat,
365 2135 394 2163 et
418 2133 554 2171 postulat
575 2133 712 2172 gratiam
735 2133 896 2171 divinam3

130 2187 160 2214 et
174 2185 233 2215 hoc
248 2187 293 2215 est
314 2186 397 2224 quod
422 2186 495 2216 dicit
523 2186 630 2217 Glossa
648 2198 653 2216 :
679 2185 767 2224 Vult,
786 2187 898 2226 inquit,

131 2245 186 2275 per
206 2238 342 2275 gratiam
367 2238 455 2275 fieri,
471 2247 535 2277 quo
553 2239 592 2277 (a)
617 2239 731 2268 fatetur
757 2248 788 2268 se
816 2239 898 2269 indi-

131 2298 231 2327 gnum
248 2299 302 2328 per
317 2291 463 2320 meritum
474 2314 481 2327 ,
498 2291 578 2321 sicut
602 2291 653 2321 ille
674 2291 830 2329 pcenitens
846 2301 899 2330 pe-

132 2341 179 2371 tiit
196 2342 206 2358 ⁶
227 2350 234 2370 ε
251 2353 265 2370 a
281 2341 372 2372 Nune
392 2343 482 2373 flecto
505 2352 591 2381 genu
612 2343 716 2373 cordis
740 2343 813 2380 mei,
829 2353 899 2382 pre-

133 2403 207 2424 cans
221 2404 239 2424 a
254 2396 283 2424 te
298 2395 469 2425 bonitatem
484 2419 492 2432 ,
510 2395 651 2426 Domine.
670 2396 798 2426 Peccavi
812 2419 820 2433 ,
839 2396 900 2426 Do-

134 2447 217 2477 mine
235 2470 242 2483 ,
263 2448 404 2486 peccavi,
433 2450 463 2477 et
488 2447 687 2487 iniquitatem
712 2458 816 2478 meam
841 2459 900 2488 ag-

134 2508 253 2530 nosco:
272 2502 343 2538 peto
370 2509 487 2538 rogans
512 2503 559 2536 te,
584 2501 715 2531 Domine
740 2513 745 2530 :
776 2502 901 2532 remitte

135 2551 233 2589 mihi,
259 2553 383 2583 remitte
413 2554 507 2590 011111,
532 2563 572 2583 ne
599 2554 694 2585 simul
718 2555 831 2593 perdas
852 2564 902 2585 me

168 2632 172 2644 ¹
187 2632 253 2657 Psal.
271 2638 299 2659 L,
318 2634 340 2656 6.
359 2645 387 2650 --·
404 2634 414 2649 2
431 2636 500 2664 sup..
515 2640 566 2664 1111,
586 2636 661 2658 18-19.
676 2648 706 2651 -
723 2634 732 2650 ³
749 2635 824 2664 Rom„
842 2640 901 2664 vm,

138 2667 174 2688 15.
191 2678 222 2683 —
238 2667 248 2682 δ
263 2667 366 2697 Coloss„
388 2674 405 2697 1,
425 2670 460 2692 155.
478 2682 506 2685 —
526 2670 536 2685 ὅ
558 2669 623 2692 mul.
646 2675 751 2698 xxxvii,
774 2670 855 2692 19-20.
876 2682 899 2685 fl

273 2719 347 2741 ΤΟΜ.
370 2720 413 2741 Xl.

947 308 1019 329 011111
1034 298 1253 337 iniquitatibus
1269 299 1365 337 meis,
1385 308 1488 340 neque
1509 301 1541 331 in
1557 303 1712 333 aeternum

945 359 1087 382 reserves
1103 351 1186 380 mala
1202 351 1279 380 011111
1294 376 1301 389 ,
1318 352 1394 390 quia
1412 353 1585 392 indignum
1607 355 1713 385 salva-

947 402 995 432 bis
1021 412 1071 433 me
1096 404 1269 433 secundum
1293 413 1446 443 magnam
1468 407 1715 437 misericordiam

946 456 1033 485 tuam
1045 480 1052 493 ,
1069 458 1098 485 et
1115 456 1247 486 laudabo
1260 458 1290 486 te
1306 466 1430 496 semper
1440 459 1592 489 omnibus
1607 460 1717 490 diebus

946 508 1021 537 vitae
1035 517 1114 538 meae
1126 533 1133 546 ,
1150 509 1301 548 quoniam
1321 511 1352 539 te
1373 509 1480 541 laudat
1495 512 1598 542 omnis
1613 512 1718 542 virtus

948 559 1099 590 coelorum
1111 585 1118 598 ‚
1135 563 1165 591 et
1180 561 1236 592 tibi
1251 563 1297 591 est
1313 562 1415 601 gloria
1437 563 1470 593 in
1487 565 1604 596 saecula
1622 573 1718 596 50300-

947 611 1064 643 lorum.
1081 624 1096 641 n

988 666 1037 695 2-2.
1056 665 1148 697 Discit
1161 670 1267 696 autem
1280 667 1376 698 Pater
1388 668 1433 698 ad
1443 678 1549 700 servos
1558 679 1642 708 suos,
1658 673 1718 702 etc.

949 715 1021 746 Post
1041 720 1198 748 ostensam
1222 719 1471 751 misericordiam
1493 723 1591 761 patris
1605 723 1638 753 in
1653 733 1721 754 sus-

949 769 1094 807 cipiendo
1109 770 1282 809 indignum
1292 796 1300 810 ,
1322 773 1467 804 subditur
1481 774 1533 805 hic
1547 775 1722 807 misericor-

949 821 999 851 dia
1013 822 1045 852 in
1062 823 1222 854 vestiendo
1237 825 1371 855 nudum.
1389 826 1427 856 Et
1442 828 1594 866 quoniam
1611 837 1720 867 pecca·
1755 830 1758 831 ⁷

950 876 999 903 tor
1022 875 1161 906 nudatur
1175 886 1194 906 a
1217 880 1304 907 veste
1330 878 1489 909 interioris
1508 881 1670 919 puritatis,
1693 883 1723 911 et

950 929 1066 958 ornatu
1081 929 1245 959 exterioris
1260 930 1432 960 honestatis
1445 942 1452 968 ;
1479 932 1548 962 ideo
1566 935 1722 972 quantun]

951 979 989 1008 ad
1018 980 1087 1010 haec
1106 981 1168 1011 duo
1191 982 1325 1012 ostendit
1348 983 1451 1013 filium
1473 985 1646 1023 prodigum
1666 995 1723 1024 per

951 1032 1048 1070 patris
1068 1033 1315 1064 misericordiam
1331 1035 1475 1066 relevari.
1489 1036 1597 1067 Primo
1608 1037 1721 1076 igitur,

952 1086 1108 1122 quantum
1124 1086 1162 1116 ad
1179 1088 1300 1117 vestem
1313 1087 1471 1118 interioris
1485 1089 1631 1128 puritatis
1644 1113 1652 1127 ,
1673 1090 1720 1119 di-

952 1136 992 1166 cit
1021 1147 1026 1166 z
1054 1138 1145 1168 Dz'xz't
1172 1143 1279 1169 autem
1298 1144 1394 1178 pater
1422 1140 1467 1170 ad
1495 1150 1600 1171 servos
1629 1141 1697 1180 ejus
1713 1151 1722 1172 .·

955 1188 1024 1220 Cito
1044 1192 1188 1229 proferte
1221 1192 1336 1222 stolam
1359 1193 1522 1232 primam,
1553 1198 1584 1224 et
1603 1194 1724 1224 induite

953 1240 1056 1271 illum.
1074 1241 1180 1273 Prima
1193 1243 1273 1274 stola
1293 1246 1338 1274 est
1361 1246 1459 1275 vestis
1474 1246 1645 1277 intimioris
1660 1257 1720 1286 pu-

953 1292 1063 1329 ritatis,
1080 1303 1144 1332 qua
1160 1303 1250 1325 mens
1264 1299 1372 1326 nostra
1387 1297 1478 1327 debet
1493 1298 1597 1336 indui,
1616 1301 1646 1329 et
1660 1309 1724 1339 qua

953 1354 970 1374 0
987 1345 1139 1385 principio
1157 1347 1204 1377 sui
1221 1349 1409 1379 conditionis
1424 1350 1534 1381 induta
1548 1351 1618 1382 fuit.
1636 1351 1725 1382 Unde

954 1397 1036 1427 Beda
1052 1409 1058 1427 ς
1083 1410 1097 1425 «
1112 1398 1197 1429 Stola
1210 1401 1313 1439 prima
1335 1402 1430 1432 vestis
1454 1404 1502 1432 est
1516 1403 1723 1442 innocentiae,

953 1449 985 1479 in
1000 1459 1063 1488 qua
1086 1451 1209 1489 primus
1232 1452 1329 1483 homo
1345 1454 1489 1484 conditus
1503 1457 1570 1493 est·,
1587 1456 1641 1486 sed
1655 1459 1726 1495 post

953 1502 1079 1541 culpam
1102 1512 1135 1534 50
1159 1504 1282 1535 nudum
1307 1506 1418 1544 novit,
1439 1509 1470 1537 et
1493 1507 1676 1547 pelliceum,
1694 1509 1724 1539 id

954 1557 1001 1584 est
1018 1556 1162 1593 mortale,
1180 1557 1315 1596 sumpsit
1330 1558 1590 1590 indumentum.»
1606 1560 1646 1591 De
1665 1561 1726 1591 hoc

954 1608 1101 1646 puritatis
1125 1609 1311 1640 indumento
1331 1611 1446 1642 dicitur
1460 1613 1469 1628 ⁷
1492 1625 1499 1643 ;
1520 1624 1534 1642 <1
1549 1612 1725 1644 Vestimen-

955 1659 994 1687 tis
1010 1659 1088 1689 albis
1110 1659 1253 1690 induaris
1266 1684 1275 1698 ,
1292 1663 1328 1691 ut
1342 1671 1406 1692 non
1421 1666 1570 1702 appareat
1584 1664 1726 1694 confusio

955 1712 1105 1742 nuditatis
1128 1715 1203 1743 tuae.
1226 1724 1240 1741 »
1260 1713 1313 1743 His
1337 1715 1536 1745 vestimentis
1559 1716 1724 1754 induitur,

955 1764 1009 1801 qui
1025 1772 1057 1793 se
1074 1773 1129 1802 per
1149 1765 1265 1795 divinae
1281 1767 1393 1804 gratiae
1411 1767 1604 1806 adjutorium
1619 1768 1651 1797 in
1666 1777 1725 1807 pu-

955 1815 1047 1845 ritate
1072 1817 1223 1854 custodit,
1248 1819 1423 1848 secundum
1446 1819 1523 1849 illud
1539 1819 1549 1834 ³
1567 1830 1573 1849 :
1595 1819 1728 1850 «Habes

956 1877 1053 1907 pauca
1069 1869 1199 1899 nomina
1221 1870 1255 1899 in
1279 1870 1405 1909 Sardis,
1420 1872 1473 1911 qui
1499 1881 1563 1902 non
1577 1873 1724 1912 inquina-

956 1923 1071 1951 verunt
1086 1922 1274 1953 vestimenta
1290 1933 1347 1954 sua
1368 1935 1374 1954 1
1391 1926 1422 1954 et
1436 1924 1647 1955 ambulabunt
1662 1935 1726 1956 me-

956 1982 1029 2003 cum
1044 1974 1078 2003 in
1093 1974 1186 2011 albis,
1205 1975 1281 2014 quia
1295 1975 1387 2014 digni
1411 1979 1495 2006 sunt.
1522 1977 1581 2013 Qui
1596 1977 1725 2014 vicerit,

957 2025 1001 2055 510
1015 2026 1167 2056 vestietur
1177 2027 1373 2057 vestimentis
1387 2028 1466 2058 albis
1475 2052 1482 2065 ,
1495 2032 1525 2059 et
1539 2038 1603 2059 000
1619 2030 1728 2061 delebo

957 2086 1074 2108 nomen
1089 2079 1158 2117 ejus
1175 2079 1213 2108 de
1228 2079 1309 2109 libro
1323 2080 1413 2118 vitae,
1434 2083 1464 2110 et
1481 2081 1654 2112 confitebor
1675 2091 1728 2112 no-

957 2139 1030 2159 men
1047 2131 1131 2169 ejus,
1149 2141 1162 2158 n
1182 2132 1240 2160 ete.
1260 2131 1333 2161 Haec
1349 2134 1456 2162 autem
1472 2133 1569 2164 vestis
1583 2133 1729 2172 puritatis

958 2182 1050 2212 datur
1060 2191 1115 2221 per
1128 2183 1359 2222 susceptionem
1370 2189 1640 2215 sacramentorum
1650 2209 1658 2224 ,
1673 2186 1729 2216 sci-

958 2235 1027 2265 licet
1042 2235 1207 2274 baptismi,
1229 2237 1284 2275 qui
1301 2246 1411 2266 omnes
1434 2238 1541 2268 sordes
1562 2237 1678 2275 abluit,
1695 2239 1728 2269 in

958 2289 1050 2327 cnjus
1078 2289 1297 2327 designatione
1330 2290 1506 2330 baptizatus
1540 2292 1610 2322 alba
1641 2295 1728 2323 veste

959 2342 1107 2379 vestitur3
1125 2344 1155 2371 01
1169 2343 1263 2372 etiam
1280 2343 1471 2382 poenitentiae
1483 2368 1490 2381 ‚
1505 2354 1577 2384 quae
1600 2346 1639 2376 ad
1654 2346 1729 2386 bap-

958 2395 1043 2424 tismi
1066 2396 1234 2434 puritatem
1260 2398 1392 2427 conatur
1414 2398 1580 2436 reducere,
1601 2400 1637 2428 ut
1655 2399 1729 2429 dicit

959 2448 1164 2486 Augustinus.
1183 2447 1220 2477 Et
1235 2448 1310 2487 quia
1331 2449 1400 2479 haec
1422 2450 1611 2489 dispensatio
1628 2460 1728 2481 sacra-

960 2503 1141 2530 mentorum
1156 2501 1191 2529 fit
1207 2510 1264 2539 per
1278 2502 1477 2540 diligentiam
1494 2503 1727 2541 ministrorum,

962 2585 970 2597 ¹³
993 2585 1061 2607 Orat.
1083 2585 1201 2611 lucinam,
1221 2583 1287 2607 iuter
1307 2585 1453 2615 apocrypha
1475 2586 1537 2610 Bibl.
1560 2599 1591 2603 -
1613 2587 1623 2602 '¹
1646 2586 1729 2616 Apoc„

961 2626 1000 2649 111,
1017 2621 1052 2642 18.
1070 2632 1096 2636 —
1115 2618 1125 2634 ⁸
1140 2618 1214 2648 lhid.‚
1230 2620 1278 2642 4-5.

994 2667 1026 2696 (ιι)
1043 2667 1101 2690 Caet.
1117 2666 1176 2689 edit.
1193 2667 1271 2696 quod.
