1987 3032
189 201 247 230 174

188 267 295 296 autem
315 264 428 295 Judam
447 263 584 294 Simonis
604 262 782 293 {scariotem
808 263 848 302 (a)
877 273 884 293 z
909 262 960 293 hic

189 318 274 348 enim
285 319 352 348 erat
366 317 539 347 traditurus
551 325 637 353 eum,
647 324 720 346 eum
731 317 812 345 esset
827 324 911 346 unus
920 325 961 346 ex

188 371 366 402 duodecim.
383 382 398 399 »
418 370 483 400 Hoc
501 372 608 400 autem
629 369 782 399 Dominus
794 368 961 408 dispensa-

189 424 252 455 tive
266 424 338 455 fecit
355 434 362 455 :
380 424 419 454 ad
434 424 580 454 timorem
599 422 832 459 incutiendum,
847 431 959 452 secuu-

190 478 266 509 dum
279 478 356 508 illud
368 479 395 508 ¹:
413 489 427 506 «
442 477 531 507 Multi
546 476 631 506 enim
647 478 721 506 sunt
737 475 850 513 vocati,
869 476 961 515 pauci

190 539 266 561 vero
291 531 396 569 electi;
414 542 428 558 »
447 530 529 561 etad
543 530 704 568 justorum
723 530 868 560 animum
887 538 960 559 con-

189 584 386 622 fortandum,
406 586 443 614 ut
466 593 531 614 non
551 583 801 614 scandalizentur
820 591 878 622 pro
894 591 962 622 uno

190 637 274 666 malo
287 639 397 667 eontra
408 636 691 676 congregationem
699 637 872 675 justorum,
887 635 963 675 quia

190 688 304 719 dicitur
327 689 337 705 ²
358 699 364 719 :
383 700 397 718 «
420 689 466 720 Ex
488 689 578 720 nobis
598 689 798 729 prodierunt,
822 689 875 719 sed
897 698 960 719 non

190 743 279 772 erant
293 751 333 772 ex
347 742 448 772 nobis.
464 752 478 770 »

231 794 360 832 Quarto,
378 796 535 834 quantum
557 795 596 825 ad
617 794 707 825 Judae
722 795 889 834 proditoris
906 804 961 826 eu-

191 847 364 887 piditatem,
376 847 584 886 subjungitur
597 848 638 887 (v.
655 849 684 886 lt)
699 848 747 878 :E
750 852 762 877 t
774 848 863 886 abiit,
878 853 907 878 et
921 849 964 879 lo-

192 904 281 931 cutus
298 904 341 931 est
351 910 423 931 cum
432 900 632 940 principibus
646 900 846 931 sacerdotum
860 906 890 932 et
899 912 966 931 ma-

191 954 386 992 qistratibus.
403 954 480 984 Cum
499 954 560 983 illis
574 954 698 984 locutus
713 956 774 992 est,
790 955 865 994 quia
886 955 962 985 scie-

192 1006 245 1036 bat
260 1007 343 1045 quod
359 1007 505 1037 sitiebant
518 1007 708 1045 sangninem
721 1007 844 1038 Christi.
863 1007 966 1038 Locu-

192 1061 242 1089 tus
256 1062 304 1090 est
317 1062 424 1090 autem
442 1060 540 1090 verba
558 1060 762 1098 proditionis;
780 1063 811 1090 et
830 1060 965 1090 111001111-

193 1111 250 1142 dit:
262 1112 541 1151 Quemadmodum
548 1112 639 1142 illum
647 1112 785 1143 traderet
795 1113 849 1143 eis.
861 1113 894 1143 lu
902 1123 965 1152 qua

192 1165 320 1204 quidem
335 1166 493 1197 locutione
514 1166 650 1205 pretium
673 1166 840 1204 sanguinis
861 1167 962 1205 petiit7

192 1218 367 1249 secundum
389 1218 467 1249 illud
483 1222 493 1238 ³
510 1230 516 1248 :
539 1230 553 1247 (ι
573 1219 653 1255 Quid
668 1219 765 1249 vultis
784 1219 862 1249 mihi
879 1220 964 1257 dare,

192 1272 222 1299 et
237 1279 297 1309 ego
308 1270 399 1300 vobis
414 1280 488 1301 eum
503 1271 645 1301 tradam?
659 1281 673 1299 »
692 1270 780 1302 Unde
794 1272 861 1301 sitis
873 1272 966 1311 cupi-

192 1322 297 1353 ditatis
311 1324 531 1354 commovebat
550 1323 676 1361 Judam⁷
699 1326 730 1354 et
744 1324 812 1353 sitis
831 1324 966 1355 crudeli-

193 1376 264 1406 tatis
283 1376 505 1406 commovebat
523 1376 682 1416 principes
701 1377 917 1415 sacerdotum,
938 1380 968 1408 et

194 1428 264 1459 ideo
283 1429 378 1459 simul
400 1429 432 1458 iu
457 1438 558 1459 uuum
584 1430 812 1460 commercium
836 1440 968 1470 perver-

195 1490 266 1511 sum
283 1483 313 1511 et
328 1481 465 1521 impium
480 1484 724 1519 consenserunt3
741 1485 869 1522 propter
884 1484 968 1522 quod

194 1534 344 1573 adiungit
360 1534 401 1573 (v.
419 1536 447 1571 5)
465 1545 471 1565 z
487 1534 531 1565 Et
541 1535 643 1574 (sczvz'si
652 1539 736 1573 sunt,
753 1539 783 1566 et
791 1537 883 1575 pacti
895 1541 969 1567 smzt

189 1587 364 1626 pecuniam
386 1586 434 1616 z'llz'
449 1587 538 1617 dare.
560 1587 665 1618 Gavisi
685 1590 760 1618 sunt
780 1589 818 1619 de
837 1589 966 1627 malitia,

195 1639 370 1670 secundum
385 1639 462 1670 illud
477 1640 487 1656 ⁶
505 1649 513 1670 :
535 1651 550 1668 «
564 1640 810 1671 Laetanturcum
826 1642 908 1672 male
925 1642 970 1673 fe-

196 1692 306 1730 cerint,
323 1703 337 1720 »
357 1695 415 1723 etc.
436 1692 520 1723 Pacti
534 1696 622 1731 sunt,
640 1694 731 1732 quasi
745 1696 872 1733 pactum
888 1696 967 1725 fece-

198 1748 287 1783 runt,
308 1748 339 1776 et
361 1755 487 1776 summa
504 1747 564 1777 t'uit
588 1747 626 1777 de
646 1747 778 1786 triginta
797 1749 968 1786 argenteis,

196 1799 350 1838 Argentei
370 1800 502 1839 triginta
524 1800 631 1831 valent
650 1802 806 1831 trecentos
826 1802 971 1832 denarios

196 1852 334 1883 usuales.
352 1853 389 1883 Et
403 1853 463 1883 hoc
476 1854 537 1883 suit
552 1854 688 1893 pretium
699 1855 870 1892 unguenti,
885 1856 970 1894 quod

198 1904 387 1943 Magdalena
407 1915 503 1945 super
520 1909 616 1946 caput
640 1907 755 1937 Christi
776 1907 901 1945 effudit,
920 1918 968 1938 se-

198 1958 340 1988 cundum
363 1958 460 1988 illud‘
480 1967 488 1988 ε
519 1970 533 1986 «
558 1958 660 1995 Quare
684 1959 743 1989 hoc
765 1961 970 1998 unguentum

198 2019 262 2040 non
287 2011 385 2041 veniit
411 2011 556 2041 trecentis
578 2011 728 2049 denariis,
749 2014 779 2042 et
797 2012 907 2042 datum
925 2014 973 2042 est

198 2063 308 2101 egenis
318 2064 332 2093 ἱ)
353 2063 437 2094 Dixit
455 2066 562 2094 autem
577 2064 652 2102 hoc,
671 2074 736 2095 non
750 2065 825 2104 quia
839 2065 877 2095 de
892 2074 972 2104 ege-

198 2115 250 2145 nis
268 2116 445 2155 pertinebat
466 2117 505 2147 ad
521 2126 607 2155 eum,
626 2117 680 2148 sed
695 2118 770 2157 quia
784 2118 927 2156 furerat,
943 2120 973 2148 et

199 2169 321 2213 loculos
335 2170 472 2208 habens,
494 2180 530 2201 ea
545 2179 618 2210 quae
633 2170 847 2209 mittebantur,
864 2173 972 2210 porta-

203 2221 266 2252 bat.
282 2233 296 2250 »
316 2222 354 2253 Et
378 2223 448 2254 ideo
472 2224 533 2254 hoc
550 2224 687 2263 pretium
709 2224 973 2263 recompensaba—

201 2275 253 2303 tur
269 2275 451 2305 venditione
475 2275 611 2306 Domini.
637 2276 740 2316 HuJus
762 2277 870 2316 figura
889 2286 971 2316 prae-

201 2326 293 2356 cessit
306 2327 338 2356 iu
356 2328 537 2359 venditione
554 2328 670 2368 Joseph
683 2330 705 2368 ⁰,
726 2329 781 2359 ubi
796 2329 909 2360 dicitur
924 2339 972 2359 se-

202 2379 343 2410 cundum
358 2380 495 2411 litteram
517 2384 710 2420 consuetam,
727 2383 811 2422 quod
825 2383 974 2414 venditus

202 2432 263 2463 suit
278 2433 408 2472 triginta
420 2434 567 2465 denariis.
585 2434 622 2465 Et
637 2436 675 2466 de
690 2437 749 2467 1100
763 2436 928 2467 Zacharias
942 2436 951 2452 ⁷
965 2447 971 2467 :

208 2497 222 2514 «
243 2486 471 2526 Appenderunt
498 2488 675 2518 mercedem
706 2498 811 2520 meam
842 2490 975 2529 triginta

236 2580 360 2612 1Matth.‚
376 2586 419 2610 xx,
441 2583 475 2604 16,
495 2594 525 2599 -
539 2582 549 2597 '³
564 2582 571 2605 1
593 2582 674 2612 Jown,
695 2590 727 2614 11,
750 2586 787 2609 19.
803 2599 833 2603 —
850 2586 860 2602 ³
875 2586 975 2616 Matth„

205 2621 276 2647 xxw,
294 2618 331 2640 15.
351 2630 377 2634 -
396 2617 403 2630 ⁴
425 2617 509 2647 Pron„
531 2622 563 2647 11,
587 2620 621 2641 12».
641 2631 671 2636 —-
685 2619 695 2634 Β
712 2620 794 2650 loun„
816 2627 864 2651 xu,
883 2622 931 2645 5-6.
946 2635 975 2639 -

206 2650 216 2667 ⁶
231 2651 301 2680 Gen„
317 2658 415 2683 xxxvu,
435 2654 473 2676 28.
493 2665 519 2668 —
538 2652 545 2666 ⁹
565 2652 653 2682 Zaa-h„
669 2660 706 2684 xl,
732 2658 810 2679 12-13.
826 2669 856 2674 -
871 2656 881 2672 ⁸
894 2657 974 2687 loun„

733 195 942 227 EVANGELll
968 195 1106 227 SANCTI
1128 195 1239 227 LUCAE

1014 265 1195 302 argenteos.
1214 262 1250 293 Et
1264 262 1345 293 dixit
1356 262 1509 293 Dominus
1519 262 1559 293 ad
1574 270 1625 293 me
1641 270 1650 293 :
1665 261 1786 302 Projice

1015 316 1092 347 illud
1108 316 1147 346 ad
1161 316 1369 353 statuarium,
1384 316 1533 346 decorum
1551 315 1701 354 pretium,
1722 324 1786 354 quo

1015 369 1210 407 appretiatus
1231 378 1304 398 sum
1328 369 1367 398 ab
1391 369 1446 398 eis.
1466 380 1480 396 n
1506 368 1569 399 1100
1586 378 1666 407 ergo
1686 369 1786 408 pretio

1015 421 1110 451 Judas
1126 422 1285 452 Christum
1302 421 1454 459 vendidit,
1472 424 1502 452 et
1522 422 1591 453 ideo
1605 422 1731 452 additur
1747 422 1786 459 (b)

1019 475 1058 512 (v.
1077 478 1103 512 (j)
1124 485 1130 504 ;
1148 475 1192 505 Et
1205 474 1383 514 spopondit.
1401 475 1444 505 Et
1459 475 1620 514 quaerebat
1635 478 1786 515 opportu-

1016 527 1160 564 nitatem,
1177 531 1210 557 ut
1228 527 1366 557 truderet
1381 527 1472 557 illum
1487 528 1555 557 sine
1574 528 1683 559 turbis.
1701 517 1788 558 Hanc

1016 581 1145 611 turbam
1164 580 1341 619 fugiebant,
1363 581 1439 621 quia
1459 581 1564 621 ipsum
1575 581 1659 612 ‘sicut
1675 591 1788 613 verum

1016 634 1203 673 prophetam
1220 633 1390 664 habebant.
1414 633 1501 664 Unde
1516 634 1550 664 in
1564 634 1687 665 Joanne
1702 635 1737 674 (c)
1753 635 1764 652 ⁸
1779 645 1786 665 ι

1021 698 1035 715 «
1051 685 1213 726 Numquid
1228 696 1268 717 ex
1283 687 1477 726 principibus
1488 687 1602 726 aliquis
1615 687 1747 718 credidit
1757 687 1791 718 in

1018 749 1104 778 eum,
1122 742 1176 770 aut
1186 749 1225 771 ex
1242 740 1432 770 Ptiarisaeis‘?
1443 740 1504 771 Sed
1516 741 1611 771 turba
1625 740 1704 779 haec,
1718 748 1791 780 qua‘

1018 802 1081 823 non
1097 793 1186 823 novit
1201 793 1318 832 legem,
1334 792 1491 823 maledicti
1508 795 1591 824 sunt.
1607 805 1621 822 »
1637 793 1792 833 Fugiebat

1017 845 1032 875 J
1038 845 1114 875 udas
1127 845 1302 884 publicum,
1318 848 1348 877 et
1362 846 1525 886 quaerebat
1535 849 1704 883 secretum,
1716 847 1792 886 quia

1018 898 1028 914 ⁹
1050 910 1064 926 «
1077 898 1131 937 qui
1146 898 1227 929 male
1242 899 1322 937 agit,
1339 899 1528 930 oditlucem.
1546 910 1560 927 n
1580 899 1618 930 Et
1631 899 1791 930 attenden—

1019 951 1095 981 dum
1112 954 1169 989 est,
1186 952 1271 991 quod
1287 952 1429 982 Christus
1440 952 1573 983 traditus
1581 952 1641 983 fuit
1655 961 1674 983 a
1688 952 1790 991 Patre,

1020 1013 1076 1043 per
1089 1005 1395 1035 abundantissimam
1410 1006 1557 1045 pietatem
1571 1007 1593 1025 ¹⁰
1608 1016 1638 1038 :«
1650 1005 1711 1044 Qui
1722 1015 1792 1046 pro-

1020 1057 1089 1096 prio
1114 1057 1178 1088 filio
1204 1067 1262 1088 suo
1284 1067 1347 1089 non
1369 1058 1522 1097 pepercit,
1545 1059 1598 1090 sed
1622 1068 1679 1099 pro
1702 1060 1793 1090 nobis

1021 1110 1172 1141 omnibns
1188 1111 1315 1141 tradidit
1331 1110 1432 1145 illum,
1449 1122 1464 1139 ι)
1483 1113 1542 1142 etc.
1560 1112 1586 1142 A
1601 1120 1650 1150 se,
1671 1121 1728 1151 per
1741 1121 1792 1143 ar·

1020 1163 1240 1193 ‹lentissimam
1256 1163 1442 1194 charitatem
1458 1165 1477 1181 ¹¹
1496 1175 1502 1194 ε
1521 1176 1535 1192 «
1550 1164 1664 1195 Dilexit
1678 1174 1748 1202 nos,
1763 1167 1795 1196 et

1020 1216 1149 1246 tradidit
1174 1216 1380 1255 semeptisum
1401 1226 1458 1256 pro
1479 1218 1582 1248 nobis.
1603 1229 1617 1246 1)
1643 1218 1670 1249 Α
1687 1218 1795 1258 prodi-

1021 1271 1100 1306 tore,
1111 1278 1166 1308 per
1176 1269 1427 1300 scelestissimam
1436 1270 1653 1309 cupiditatem,
1665 1271 1746 1301 intra
1754 1268 1790 1300 ¹¹:

1027 1333 1041 1350 «
1052 1321 1128 1352 Ecce
1137 1331 1251 1353 manus
1260 1322 1410 1353 tradentis
1421 1332 1481 1360 me,
1493 1334 1508 1351 »
1522 1325 1581 1354 etc.
1592 1323 1629 1354 Et
1640 1325 1662 1342 ¹³
1673 1334 1702 1355 ιι(
1715 1323 1794 1361 Quid

1024 1375 1122 1405 vultis
1138 1376 1215 1405 1111111
1232 1376 1328 1406 dare?
1343 1387 1357 1403 »
1377 1378 1436 1406 etc.

1063 1430 1092 1458 7.
1123 1429 1213 1459 Venit
1223 1433 1330 1459 (tutem
1341 1428 1406 1459 (lies
1418 1430 1627 1468 Awmorum,
1639 1430 1794 1461 0101031-

1023 1489 1120 1519 quam
1136 1481 1300 1520 descripsit
1316 1481 1520 1520 Evangelista
1534 1491 1717 1521 perversam
1733 1492 1798 1513 ma-

1024 1533 1236 1564 chinationem
1260 1534 1350 1565 Judae
1376 1534 1554 1573 proditoris,
1583 1535 1635 1565 hic
1656 1534 1796 1565 secundo

1024 1586 1171 1616 describit
1186 1586 1431 1625 dispensativam
1446 1586 1676 1617 institutionem
1691 1596 1794 1618 sacra-

1025 1639 1122 1669 menti
1137 1639 1254 1669 altaris.
1268 1639 1306 1669 Et
1320 1639 1472 1678 quoniam
1487 1639 1547 1669 hoc
1562 1643 1796 1670 sacramentum

1025 1693 1192 1723 succedere
1215 1693 1347 1723 debebat
1366 1702 1452 1732 agno
1470 1693 1624 1733 paschali,
1641 1693 1710 1724 ideo
1725 1703 1798 1734 pars

1028 1746 1085 1776 ista
1099 1746 1179 1776 duas
1191 1745 1286 1775 habet
1298 1746 1414 1784 partes,
1426 1745 1458 1775 in
1470 1754 1608 1785 quarum
1619 1746 1722 1785 prima
1731 1747 1798 1785 agi·

1026 1800 1078 1828 tur
1092 1798 1130 1828 de
1140 1798 1370 1837 praeparatione
1384 1798 1445 1828 cibi
1458 1798 1626 1837 paschalis;
1637 1799 1669 1829 in
1685 1808 1798 1830 secun-

1026 1851 1076 1889 da,
1093 1851 1134 1881 de⁴
1146 1860 1202 1881 esu
1216 1851 1304 1890 agni,
1317 1852 1348 1880 et
1361 1851 1595 1881 consecratione
1610 1852 1797 1883 sacramenti

1027 1904 1144 1941 altaris,
1155 1903 1198 1933 ibi
1210 1904 1229 1920 1·
1242 1914 1247 1934 ;
1265 1904 1387 1935 Etcum
1401 1905 1491 1942 sacta
1506 1908 1584 1934 esset
1594 1903 1684 1942 hora,
1696 1904 1798 1936 discu-

1028 1957 1105 1994 buit,
1126 1958 1185 1987 etc.
1210 1956 1298 1986 Circa
1321 1958 1427 1986 autem
1450 1957 1715 1996 praeparationem
1737 1958 1798 1989 cibi

1028 2008 1184 2049 paschalis
1191 2008 1439 2046 describendam,
1449 2009 1799 2048 quatuorkintroducun-

1028 2064 1081 2092 tur
1095 2061 1133 2091 ad
1149 2061 1208 2091 hoe
1226 2062 1456 2099 concurrentia,
1477 2061 1592 2092 scilicet
1611 2064 1798 2103 opportuni-

1029 2116 1076 2145 tas
1090 2115 1168 2152 diei,
1187 2114 1295 2144 missio
1309 2114 1465 2153 magistri,
1482 2115 1665 2153 congruitas
1678 2116 1737 2146 loci
1746 2139 1755 2154 ,
1769 2118 1801 2147 et

1029 2166 1209 2206 adimpletio
1224 2166 1382 2205 praecepti.

1069 2220 1187 2258 Primo,
1213 2221 1369 2259 quantum
1389 2219 1428 2249 ad
1450 2220 1719 2259 opportunitatem
1739 2221 1801 2253 diei

1030 2271 1274 2309 observandam,
1295 2271 1370 2301 dicit
1394 2281 1401 2301 ι
1420 2272 1510 2302 Venit
1525 2276 1632 2303 autem
1646 2273 1802 2314 diesAzy-

1030 2334 1174 2363 morum,
1196 2325 1230 2355 in
1248 2333 1313 2363 qua
1334 2333 1455 2355 necesse
1473 2329 1543 2355 erat
1556 2325 1657 2357 occidi
1666 2327 1799 2367 pascha.

1031 2378 1104 2409 Haec
1131 2380 1239 2408 autem
1267 2379 1335 2407 erat
1364 2377 1430 2408 dies
1461 2378 1695 2417 quartadecima
1724 2380 1801 2410 luna

1031 2431 1148 2461 mensis
1158 2455 1166 2469 ,
1203 2431 1378 2461 secundum
1400 2431 1476 2461 illud
1498 2431 1520 2447 ¹⁶
1547 2440 1555 2461 ε
1588 2442 1603 2460 (ι
1627 2431 1801 2463 Servabitis

1032 2513 1078 2537 vu,
1098 2506 1176 2530 48-49.
1192 2519 1222 2524 —
1237 2509 1246 2521 2*
1262 2506 1335 2537 ibid,
1351 2513 1390 2537 111,
1405 2509 1444 2531 20.
1459 2520 1489 2525 -
1511 2508 1530 2524 ¹⁰
1549 2507 1623 2535 Rom..
1644 2514 1704 2539 vui,
1720 2510 1758 2533 32.
1770 2522 1801 2527 —

1034 2540 1049 2559 ἰ
1066 2543 1165 2573 ΕμΙιεε.,
1180 2548 1202 2571 ν,
1215 2544 1238 2565 2.
1256 2555 1285 2560 —
1303 2543 1388 2571 ¹=1nt'.‚
1405 2549 1469 2571 xxu,
1483 2544 1522 2566 21.
1537 2556 1567 2561 —
1578 2544 1597 2560 ¹³
1611 2545 1712 2576 Matth.‚
1728 2552 1801 2575 xxvv.

1034 2581 1071 2603 15.
1088 2591 1118 2595 —
1129 2578 1146 2593 ¹⁸
1161 2578 1217 2604 ins„
1229 2585 1252 2600 v.
1272 2579 1307 2601 11.
1319 2591 1348 2596 -
1362 2579 1381 2595 ¹⁶
1395 2578 1487 2608 Exod„
1500 2585 1546 2607 xn,
1560 2580 1627 2602 6-15.

1065 2614 1099 2645 (a)
1115 2614 1175 2637 Caee.
1194 2613 1254 2636 edit.
1275 2613 1306 2637 de
1322 2613 1388 2637 tuda
1403 2613 1513 2637 Simonis
1535 2614 1668 2639 iscarioiae.
1693 2629 1720 2633 —
1740 2617 1802 2641 Item

1032 2655 1110 2680 addit.
1121 2666 1150 2672 —
1166 2653 1196 2684 (c)
1211 2653 1272 2677 Item
1287 2654 1359 2678 Unde
1370 2654 1491 2678 Joauues.
