1987 3032
207 172 265 201 378

205 236 293 264 tatem
308 235 405 264 adhuc
419 238 446 265 te
461 237 585 266 delectat
606 238 746 272 mundus,
760 237 872 265 habitet
885 237 916 265 in
938 240 976 272 te,

205 282 256 318 qui
272 283 406 318 mundat,
427 286 455 311 et
474 285 531 311 eris
549 285 688 312 mundus.
714 284 742 313 Si
766 286 864 311 autem
888 284 976 311 fueris

205 330 345 364 mundus,
368 338 428 358 non
443 332 610 359 remanebis
623 332 653 359 in
668 333 791 359 mundo.
809 342 822 358 »
840 334 902 359 11180
915 332 973 359 ille.

205 378 372 404 Peccatores
387 385 457 411 ergo
475 379 502 404 et
521 377 614 413 iniqui
629 380 695 406 sunt
718 378 755 405 de
776 379 925 413 deorsum,
948 381 976 406 et

206 423 242 450 de
260 423 385 457 mundo,
400 423 527 458 origine3
549 426 576 451 et
598 426 665 451 sunt
685 424 721 452 de
741 425 866 458 mundo,
889 426 975 453 affec-

206 469 299 502 tione3
325 471 352 496 ct
370 472 454 496 erunt
479 478 547 497 cum
576 471 689 498 mundo
716 471 746 498 111
774 471 974 499 damnatione.

207 516 234 540 ἰ(
251 515 362 542 Primus
373 515 464 542 homo
479 515 516 543 de
528 518 603 544 terra
617 518 758 544 1811811115.
773 520 805 545 Ε1
820 518 950 553 sequitur
967 527 973 545 ε

209 561 335 594 «Qualis
359 564 498 596 1811811115,
522 562 593 590 tales
613 564 640 590 et
658 564 776 591 terreni.
803 574 816 589 ι)
843 566 974 600 Supra‘2:

207 617 220 632 «
247 607 369 635 Mundus
391 615 459 635 eum
483 616 544 636 non
569 610 717 643 cognovit.
746 620 759 635 n
786 612 818 637 Et
841 610 914 638 hic:
940 612 976 639 De

204 653 301 680 mundo
320 655 392 680 estis.
415 655 468 681 Et³
490 663 497 681 :
517 664 530 679 «
552 656 624 682 Dum
643 655 813 690 judicamur
827 656 873 692 (a),
889 665 907 684 a
923 658 977 684 Do-

205 698 285 726 mino
302 699 487 735 corripimur,
504 708 540 728 ne
555 710 623 728 cum
637 702 694 729 hoc
716 702 829 730 mundo
852 703 976 731 damne-

205 753 281 772 mur.
297 754 311 770 11
329 745 385 772 Sed
400 745 482 773 electi
498 749 564 774 sunt
583 747 620 775 de
632 748 766 783 supernis
779 749 810 783 (h)
832 749 975 784 spirituali

205 791 330 826 origine,
341 793 412 827 quia
423 793 506 820 electi
519 793 555 820 de
570 794 694 828 mundo,
707 794 813 822 intrat:
827 798 910 830 «Ego
922 804 976 824 vos

204 839 311 873 elegi,»
328 841 393 874 etc.;
410 842 437 867 et
447 842 514 867 sunt
528 841 807 876 superniaffectione
818 844 976 870 etconver-

203 885 335 913 satione⁵
352 895 358 913 ι
379 895 392 911 «
412 888 514 914 Nostra
528 887 711 915 conversatio
731 890 774 915 est
792 888 823 915 iu
847 889 935 916 008115.
959 900 972 916 »

204 933 235 958 Et
248 931 494 959 beatificabuntur
508 941 574 960 cum
590 934 723 969 supernis
737 934 768 961 in
782 936 890 962 aeterna
907 935 975 963 bea-

204 977 335 1005 titudine.
350 980 357 995 ¹
374 988 388 1004 «
404 979 554 1007 Secundus
574 980 664 1008 homo
686 980 723 1008 de
739 980 812 1008 coelo
827 981 950 1008 coelestis
967 991 974 1010 ς

204 1024 299 1059 qualis
311 1025 443 1060 coelestis,
459 1026 530 1053 tales
545 1028 573 1053 et
587 1027 727 1054 coelestes.
753 1038 765 1052 »
783 1030 888 1063 Magna
903 1036 973 1063 ergo

203 1070 367 1099 differentia
381 1072 456 1099 inter
473 1072 588 1100 Judaeos
602 1076 629 1100 et
643 1074 808 1109 Apostolos,
827 1084 840 1100 «
864 1077 974 1110 quanta

203 1116 277 1144 inter
290 1118 425 1145 tenebras
440 1121 468 1146 et
486 1118 594 1152 lucem,
610 1119 700 1146 fidem
719 1121 746 1147 et
760 1120 973 1155 infidelitatem,

202 1163 340 1198 pietatem
361 1166 388 1191 et
409 1165 602 1200 impietatem,
624 1176 637 1191 »
660 1168 691 1194 ut
704 1166 743 1194 ait
767 1167 973 1203 Augustinusss,

203 1209 255 1236 ubi
282 1209 408 1237 multum
424 1211 460 1237 de
482 1211 549 1238 hoc.
573 1214 666 1247 Supra
681 1213 691 1229 ⁷
711 1221 717 1239 ι
738 1222 751 1237 ((
765 1213 818 1246 Qui
840 1213 876 1240 (18
898 1216 975 1242 terra

202 1257 254 1289 est,
270 1256 306 1282 de
322 1258 396 1284 terra
411 1256 559 1292 loquitur:
577 1258 628 1293 qui
641 1258 678 1285 de
693 1259 766 1286 coelo
782 1260 872 1294 venit,
885 1269 972 1296 super

202 1309 305 1329 omnes
321 1305 371 1330 est.
384 1313 396 1328 »

236 1350 280 1375 25.
296 1350 328 1375 Et
341 1349 472 1384 sequitur
488 1349 538 1377 illa
552 1358 630 1386 pars,
644 1351 674 1378 in
690 1359 749 1387 qua
762 1360 867 1380 eorum
878 1353 973 1389 inqui-

200 1395 275 1422 sitio.
299 1396 330 1422 Et
352 1395 392 1422 ibi
411 1395 466 1423 tria
487 1405 493 1423 z
516 1396 625 1432 primo,
648 1397 711 1433 ipsa
732 1399 900 1434 inquisiti03
926 1408 972 1427 se-

201 1441 311 1475 cundo,
326 1441 426 1468 Christi
444 1443 609 1477 responsio,
633 1445 660 1471 et
681 1444 809 1472 veritatis
833 1446 970 1480 eruditio,

201 1487 242 1513 ibi
258 1496 265 1514 z
280 1489 358 1514 Dz‘aec'c
372 1490 408 1515 eis
427 1490 511 1520 Jesus,
536 1491 601 1523 etc.;
626 1490 721 1524 tertio,
747 1491 914 1526 subjunctio
935 1493 971 1520 (18

201 1532 372 1561 credulitate
394 1534 556 1562 multorum
581 1535 611 1562 in
633 1543 701 1563 eum
719 1537 729 1552 Β
749 1545 755 1563 :
777 1538 840 1564 Hoec
864 1539 910 1565 villo
931 1539 970 1565 lo-

201 1583 306 1614 quente,
320 1581 374 1607 etc.

235 1625 280 1652 Ait
295 1633 365 1660 ergo
391 1635 397 1653 :
423 1626 551 1653 Dicebant
570 1635 629 1662 erqo
649 1628 738 1655 Jadoec
755 1637 761 1656 :
789 1630 827 1656 Tu
845 1631 906 1663 quis
924 1633 971 1657 es?

199 1672 272 1704 Quia
294 1672 476 1707 praemissum
497 1674 555 1700 est⁹
577 1683 583 1700 ;
610 1684 623 1698 «
646 1675 674 1702 Si
695 1682 756 1702 non
778 1675 969 1711 credideritis,

199 1718 269 1753 quia
290 1726 344 1752 ego
361 1726 437 1752 sum,
452 1729 465 1744 »
484 1719 642 1747 dicebant:
660 1722 700 1747 Τιι
715 1723 775 1755 quis
790 1724 836 1749 es?
852 1723 971 1757 Propter

199 1763 281 1799 quod
296 1764 439 1792 exclamat
453 1765 677 1800 Chrysostomus
699 1766 735 1794 ¹⁰:
755 1777 768 1793 «
782 1768 804 1794 O
828 1769 968 1796 amentia!

198 1812 263 1844 post
277 1811 361 1845 signa
372 1813 398 1838 et
412 1811 585 1846 doctrinam,
602 1815 737 1848 quaerunt
749 1822 754 1840 :
770 1815 808 1841 Τιι
819 1817 879 1849 quis
895 1817 940 1842 es?
951 1825 963 1840 »

198 1857 230 1883 Et
244 1857 373 1892 sequitur
387 1858 490 1885 Christi
513 1859 666 1894 responsio
683 1869 689 1886 :
714 1861 792 1887 Dixit
814 1863 852 1888 ez's
873 1863 968 1889 Jesus:

197 1904 376 1938 Principium,
400 1906 447 1938 qui
468 1907 492 1931 et
514 1906 606 1939 loquor
628 1906 712 1933 vobis.
740 1906 819 1934 Unde
838 1908 969 1942 Augusti-

197 1956 252 1975 nus
264 1950 284 1966 Η
296 1958 322 1976 z«
334 1951 403 1976 Ecce
419 1950 502 1985 quod
517 1953 568 1984 est,
584 1959 655 1979 esse.
669 1952 846 1988 Principium
861 1954 968 1981 mutari

197 2002 257 2021 non
269 1997 372 2030 potest.
386 1996 562 2031 Principium
577 1997 608 2024 in
623 2006 652 2025 se
675 2000 782 2031 manet,
799 2001 826 2026 et
847 1999 969 2027 innovat

197 2042 307 2076 omnia,
324 2043 370 2069 cui
397 2043 506 2070 dictum
522 2049 564 2071 est
585 2043 627 2072 ¹²:
656 2047 695 2072 Τιι
719 2049 805 2073 autem
826 2048 896 2074 idem
911 2049 968 2082 ipsc

197 2096 232 2115 es.
247 2098 260 2114 »
279 2089 365 2121 Quasi
381 2089 489 2117 diceret
503 2099 510 2117 2
526 2090 703 2126 Principium
718 2100 764 2119 me
783 2093 902 2126 credite,
921 2095 969 2128 qui

196 2137 220 2160 et
232 2135 333 2168 loquor,
346 2134 377 2162 id
387 2137 438 2169 est,
448 2136 498 2171 qui
510 2136 631 2163 humilis
644 2137 737 2164 factus
747 2140 867 2174 propter
877 2146 940 2166 1105.
949 2149 963 2164 ›>

196 2179 228 2205 Et
241 2178 346 2206 inf1=a¹³
363 2188 393 2206 :«
409 2181 481 2207 Nam
497 2180 520 2207 si
534 2181 722 2216 principium,
739 2183 822 2210 sicuti
837 2185 889 2217 est,
904 2192 966 2211 ma-

195 2226 276 2251 neret
298 2225 379 2260 apud
402 2228 526 2260 Patrem,
545 2229 572 2254 et
591 2235 651 2254 non
675 2228 820 2263 acciperet
840 2229 966 2257 formam

195 2271 282 2304 servi,
296 2274 323 2298 et
334 2272 503 2306 loqueretur
513 2273 604 2301 homo
618 2274 798 2309 hominibus,
812 2276 965 2311 quomodo

196 2316 347 2344 crederent
365 2318 395 2345 in
415 2320 504 2346 eum?
528 2329 541 2345 »
569 2320 656 2347 Filius
675 2321 780 2348 dicitur
798 2324 966 2357 principium

197 2370 215 2389 a
227 2364 384 2398 principio,
400 2364 439 2392 ait
454 2365 564 2393 Glossa.
581 2366 704 2401 Suprav*
719 2376 725 2394 ε
746 2377 758 2392 «
777 2369 807 2394 ln
821 2368 965 2403 principio

228 2422 259 2445 ¹1
279 2421 347 2451 Cor„
363 2428 404 2453 xv,
421 2425 459 2453 47,
479 2425 517 2447 48.
532 2437 562 2442 —
578 2426 588 2441 ²
602 2427 674 2456 sup„
696 2432 716 2456 1,
738 2428 775 2451 10.
789 2440 820 2444 -
839 2428 848 2444 ³
867 2428 874 2451 Ι
896 2427 964 2457 Corn,

196 2462 238 2487 111,
262 2458 300 2480 32.
322 2470 352 2474 —
371 2458 381 2474 ⁸
402 2458 457 2488 intl,
478 2465 519 2489 xv,
547 2462 581 2483 19.
603 2474 634 2478 -
657 2462 665 2475 ⁵·
687 2461 791 2492 Philip„
814 2468 858 2493 111,
880 2464 918 2486 20.
935 2475 966 2480 —

197 2491 206 2504 ⁶
222 2493 296 2522 Aug„
317 2492 359 2515 ubi
378 2500 444 2523 sup,
466 2500 491 2517 11.
511 2496 534 2517 5.
556 2508 581 2511 -
604 2496 611 2509 ⁷
631 2496 703 2526 Sup.,
721 2503 765 2525 111,
784 2498 821 2521 31.
837 2510 868 2515 —
882 2497 964 2527 8Ιι11“.,

195 2528 234 2549 30.
251 2539 279 2543 —
292 2527 302 2543 ⁹
317 2528 389 2557 Eup„
404 2530 442 2552 24.
455 2541 484 2545 —
501 2530 518 2545 '⁰
531 2526 671 2560 Chrysost„
686 2531 729 2554 ubi
745 2539 800 2562 sup.
813 2546 843 2549 —
858 2533 875 2549 ¹¹
890 2534 964 2563 Aug„

197 2562 240 2585 ubi
254 2569 321 2592 sup.,
333 2569 359 2586 n.
374 2565 411 2586 11.
431 2576 455 2580 -
474 2564 492 2579 ¹²
508 2564 576 2587 Psal.
589 2571 622 2594 ci,
638 2568 676 2589 28.
692 2580 717 2583 —
737 2567 754 2583 '³
771 2569 842 2598 Aug„
858 2568 920 2592 ibid.
937 2582 962 2585 —

196 2597 214 2612 ¹⁵
230 2598 301 2628 sup„
316 2603 333 2629 1,
347 2600 369 2623 1.
384 2610 414 2615 —-
431 2599 448 2613 ¹⁸
460 2599 534 2630 Aug„
548 2599 620 2630 ibid„
635 2601 709 2631 paulo
724 2604 791 2626 ante.
802 2616 832 2621 —-
850 2604 868 2618 ¹⁶
884 2603 962 2635 Ἀρχὴ

725 170 937 202 EVANGELII
963 171 1101 203 SANCTI
1123 172 1286 204 JOANNlS

1030 240 1091 266 erat
1111 239 1249 267 Verbum.
1267 250 1279 265 »
1305 241 1337 268 Et
1358 240 1399 267 ibi
1420 240 1495 267 benc
1515 240 1552 268 de
1570 241 1637 269 hoc.
1660 244 1692 270 Et
1712 245 1744 271 ut
1763 245 1803 273 ait

1029 285 1205 319 Augustinus
1214 286 1260 312 '⁶.«
1275 286 1359 321 Apud
1370 288 1481 314 Graecos
1494 289 1662 322 principium
1672 290 1690 305 ’Β
1701 290 1803 318 esttoe-

1030 331 1101 358 mini
1116 332 1246 365 generis,
1267 332 1341 359 sicut
1357 334 1400 360 lex
1414 333 1494 368 apud
1516 341 1570 361 nos
1585 337 1627 361 est
1646 334 1802 370 foeminini,

1029 377 1110 412 apud
1120 377 1188 404 illos
1198 379 1216 394 ¹⁷
1230 378 1394 406 masculini.
1409 388 1422 404 ι)
1440 381 1471 406 Et
1491 382 1560 407 nota
1581 381 1663 416 quod
1684 381 1715 408 in
1733 381 1800 416 hoc,

1029 423 1112 457 quod
1126 423 1165 450 ait
1182 433 1187 450 :
1206 425 1386 458 Principium,
1409 427 1457 458 qui
1479 427 1503 452 et
1525 427 1617 460 loquor
1637 428 1723 462 vobis,
1739 428 1801 456 duo

1029 468 1212 496 insinuantur
1239 479 1246 496 ;
1273 477 1402 505 quorum
1433 471 1562 505 primum
1594 474 1636 500 est
1664 474 1726 501 Filii
1753 475 1801 502 Dei

1028 517 1135 542 aeterna
1156 515 1302 549 majestas,
1324 515 1365 542 ibi
1383 525 1389 543 :
1412 517 1595 553 Principium
1619 521 1646 546 ct
1666 519 1801 548 incarna-

1028 561 1115 588 tionis
1130 561 1246 593 veritas,
1260 561 1319 589 ibi:
1335 562 1388 594 Qui
1403 565 1426 589 et
1442 563 1535 597 loquor
1548 565 1630 592 vobis.
1647 567 1709 601 Ipse
1720 567 1800 594 enim

1029 607 1208 643 principium
1242 608 1442 642 immutabile,
1470 609 1600 644 primum
1612 632 1621 645 ,
1653 612 1713 640 sive
1743 613 1802 648 pri-

1029 653 1190 687 mordiale,
1208 654 1278 690 quia
1298 662 1351 690 per
1375 655 1472 690 ipsum
1500 656 1574 684 facta
1591 659 1658 684 sunt
1681 659 1799 694 omnia,

1030 702 1057 727 ct
1074 700 1114 727 sic
1135 700 1314 736 principium
1335 701 1500 729 effectivum
1523 703 1657 730 omnium
1681 706 1708 731 et
1731 712 1802 732 con·

1029 745 1218 773 servativum.
1247 746 1423 782 Principium
1439 768 1447 781 ,
1476 748 1599 783 inquam
1631 750 1661 783 ¹⁸,
1695 758 1713 777 a
1741 759 1801 786 quo

1030 792 1141 825 omnia,
1155 800 1209 828 per
1228 801 1317 828 quem
1341 794 1456 828 omnia,
1474 794 1504 821 in
1524 802 1584 830 quo
1603 795 1714 824 omnia.
1737 806 1750 821 ι»
1768 798 1801 824 ln

1030 841 1165 867 Ρεαίηιοὶ9
1181 849 1187 867 :
1206 851 1220 866 «
1238 843 1344 868 Tecum
1363 842 1543 877 principium
1564 843 1594 870 in
1617 843 1664 871 die
1689 845 1802 872 virtutis

1029 888 1093 914 11118.
1110 897 1122 913 n
1141 889 1173 915 Et
1186 887 1254 915 ideo
1279 888 1410 923 elongari
1436 889 1473 916 ab
1497 890 1552 917 isto
1575 891 1737 926 principio,
1759 894 1803 919 est

1030 933 1155 960 deficere
1180 942 1186 960 :
1217 935 1456 970 appropinquare
1490 937 1522 971 (r)
1533 956 1542 970 ,
1573 938 1615 964 est
1643 937 1796 971 proficere.

1030 982 1143 1014 Quanto
1158 981 1236 1008 enim
1252 989 1297 1008 res
1311 981 1405 1015 magis
1421 982 1576 1017 elongatur
1590 990 1608 1010 a
1622 991 1676 1011 suo
1691 984 1801 1019 princi-

1029 1027 1089 1062 pio,
1108 1029 1187 1054 tanto
1203 1028 1297 1062 magis
1313 1029 1452 1062 mutatur,
1469 1030 1496 1055 et
1511 1029 1618 1063 deficit,
1639 1030 1801 1058 secundum

1028 1073 1200 1108 sapientem.
1215 1074 1237 1090 “³⁰
1255 1076 1338 1108 «Ego
1356 1082 1421 1101 sum
1442 1086 1458 1100 σ.
1481 1076 1509 1101 81
1528 1086 1556 1107 ω,
1580 1075 1758 1111 principium
1773 1079 1801 1104 et

1029 1119 1106 1153 finis,
1126 1130 1139 1145 »
1167 1122 1219 1147 etc.
1237 1120 1372 1148 Secundo
1388 1120 1530 1155 figuratur
1545 1121 1734 1149 humanitatis
1749 1130 1799 1150 ve-

1028 1165 1096 1193 ritas
1112 1168 1138 1193 et
1151 1166 1300 1194 humilitas
1315 1176 1321 1194 ι
1338 1168 1391 1200 ραι·
1406 1170 1431 1194 et
1447 1168 1540 1202 loquor
1555 1171 1580 1195 ec
1594 1169 1677 1202 vobis,
1691 1169 1802 1197 scilicet

1031 1222 1044 1237 «
1059 1211 1151 1239 factus
1165 1212 1285 1239 humilis
1298 1213 1389 1240 homo
1404 1213 1575 1241 hominibus
1594 1214 1713 1249 loquor,
1730 1226 1742 1239 υ
1761 1215 1802 1242 ait

1027 1258 1205 1293 Augustinus
1214 1257 1268 1285 ‘³¹.‘22
1278 1269 1291 1284 «
1305 1259 1466 1287 Novissime
1481 1260 1597 1287 locutus
1613 1262 1656 1287 est
1669 1260 1756 1288 nobis
1770 1261 1801 1288 in

1028 1304 1109 1332 Filio.
1127 1315 1140 1330 »
1157 1306 1292 1339 Locutus,
1316 1305 1449 1341 inquam,
1465 1306 1647 1341 potestative,
1667 1306 1727 1334 sive
1742 1307 1800 1334 vir-

1028 1351 1160 1385 tualiter,·
1190 1360 1277 1385 vere,
1307 1352 1366 1379 sive
1395 1352 1541 1387 sapienter
1552 1362 1560 1387 3
1586 1352 1799 1388 doctrinaliter,

1028 1397 1089 1424 sive
1118 1398 1335 1432 magistraliter.
1363 1399 1455 1434 Supra
1470 1398 1490 1414 ²³
1511 1408 1517 1426 2
1548 1400 1735 1434 «Nunquam
1759 1399 1801 1427 510

1028 1443 1144 1471 100111115
1159 1446 1201 1471 est
1214 1444 1316 1471 homo.
1334 1454 1347 1470 1)
1362 1445 1393 1472 Et
1407 1445 1448 1471 ibi
1459 1445 1535 1472 bene
1551 1445 1587 1472 de
1600 1445 1665 1472 hoc.
1682 1447 1714 1473 Et
1726 1453 1801 1481 quo-

1027 1489 1108 1516 niam
1133 1489 1206 1516 dixit
1229 1499 1235 1517 :
1263 1492 1368 1524 Loquor
1397 1491 1484 1521 vobis,-
1507 1491 1642 1518 subditur
1665 1491 1704 1527 (v.
1730 1491 1798 1527 26):

1027 1536 1116 1563 Multa
1132 1536 1211 1563 habeo
1225 1536 1257 1562 de
1272 1537 1345 1563 vobis
1361 1538 1445 1571 loqui,
1464 1540 1488 1563 et
1500 1537 1635 1571 judicare.
1652 1538 1707 1564 Sed
1724 1538 1800 1573 obji-

1027 1582 1100 1608 citur
1123 1591 1129 1608 :
1149 1590 1249 1617 supra,
1273 1582 1378 1609 eodem
1393 1583 1415 1599 2'·
1433 1582 1473 1610 ait
1496 1592 1503 1609 :
1524 1584 1583 1611 Non
1595 1584 1687 1618 judico
1707 1592 1798 1618 quem-

1027 1636 1124 1662 quam;
1141 1628 1266 1663 qualiter
1280 1636 1350 1662 ergo
1365 1628 1412 1655 hic
1427 1629 1466 1656 ait
1482 1637 1487 1655 :
1505 1630 1593 1656 Habeo
1604 1629 1728 1663 judicare
1739 1632 1752 1656 ‚⁹
1767 1632 1800 1657 Et

1026 1674 1065 1701 ad
1078 1674 1134 1701 hoc
1143 1674 1303 1709 respondet
1311 1675 1486 1709 Augustinus
1493 1674 1514 1690 ²⁵
1523 1684 1529 1702 :
1537 1685 1549 1700 «
1558 1675 1643 1708 Quod
1649 1683 1738 1711 supra
1748 1676 1797 1710 ait,

1025 1727 1077 1746 non
1087 1720 1192 1754 judico,
1208 1720 1246 1747 ad
1261 1729 1388 1755 praesens
1403 1722 1518 1756 tempus
1530 1721 1684 1755 referebat,
1701 1723 1728 1748 et
1742 1722 1798 1757 pri-

1026 1774 1108 1793 mum
1123 1767 1302 1802 adventu1n3
1326 1767 1409 1803 quod
1430 1775 1500 1794 vero
1522 1767 1561 1794 ait
1581 1767 1638 1802 hic,
1661 1767 1700 1795 ad
1721 1767 1797 1795 futu-

1025 1820 1091 1839 rum
1106 1813 1192 1840 refert
1204 1813 1359 1848 judicium.
1376 1823 1389 1839 »
1408 1815 1439 1841 Et
1452 1813 1488 1841 de
1501 1813 1557 1841 hoc
1571 1813 1601 1840 in
1616 1813 1726 1841 Glossa.
1741 1815 1797 1841 Ha-

1026 1859 1070 1885 beo
1096 1861 1183 1887 multa
1209 1861 1300 1894 loqui,
1339 1859 1493 1893 docendo,
1526 1860 1550 1886 si
1585 1859 1767 1887 credideritis
1786 1870 1794 1895 ;

1025 1906 1203 1941 accusando,
1220 1907 1328 1934 sinon.
1347 1909 1378 1934 Et
1403 1915 1470 1934 eum
1488 1907 1670 1942 judicavero,
1693 1916 1796 1935 verum

1025 1953 1077 1980 erit
1089 1953 1243 1987 judicium.
1267 1955 1299 1980 Et
1321 1953 1389 1981 ideo
1406 1953 1557 1989 sequitur:
1581 1954 1633 1981 Sed
1651 1956 1700 1988 qui
1721 1956 1797 1981 misit

1023 2007 1084 2033 me,
1108 2007 1190 2026 veram
1212 2002 1273 2033 est,
1306 1999 1415 2026 scilicet
1442 2001 1541 2033 Pater,
1569 2002 1596 2026 et
1625 2008 1681 2034 ego
1709 2000 1796 2027 Filius

1024 2045 1139 2072 veritas.
1162 2045 1217 2072 Sed
1243 2045 1280 2072 de
1312 2046 1368 2073 hoc
1392 2046 1516 2081 opponit
1548 2047 1725 2081 Augustinus
1743 2047 1764 2063 ²⁶
1787 2056 1793 2074 :

1026 2101 1039 2117 <t
1058 2092 1167 2119 Veritas
1182 2091 1310 2127 amplius
1334 2093 1375 2119 est
1397 2100 1488 2127 quam
1508 2100 1614 2126 verax,
1636 2092 1709 2119 sicut
1731 2093 1794 2128 pie-

1022 2139 1065 2165 tas
1092 2138 1159 2173 plus
1183 2140 1225 2165 est
1253 2146 1343 2173 quam
1370 2138 1446 2173 pius.
1475 2138 1540 2164 Pius
1567 2140 1666 2164 autem
1689 2138 1794 2165 dicitur

1023 2194 1040 2214 a
1058 2186 1174 2222 pietate,
1190 2194 1250 2213 non
1272 2188 1370 2213 autem
1385 2194 1400 2212 e
1420 2185 1577 2213 contrario.
1603 2187 1676 2220 Ergo
1706 2187 1794 2214 debet

1022 2232 1129 2259 veritas
1156 2231 1341 2267 appropriari
1366 2231 1422 2266 ipsi
1450 2231 1536 2264 Patri,
1566 2234 1593 2259 et
1620 2240 1711 2260 verax
1738 2232 1793 2268 ipsi

1022 2278 1104 2305 Filio.
1117 2288 1130 2304 >›
1144 2280 1175 2305 Et
1190 2278 1229 2305 ad
1243 2278 1321 2305 istud
1331 2277 1792 2313 respondetAugustinusfflquod

1025 2334 1037 2348 α
1053 2326 1133 2352 Pater
1149 2326 1190 2351 est
1207 2332 1298 2351 verax
1311 2331 1372 2351 non
1387 2331 1405 2351 a
1426 2323 1557 2358 veritate,
1579 2325 1662 2359 qu'us
1679 2326 1792 2360 partem

1021 2425 1052 2428 —
1066 2411 1086 2428 ¹7
1102 2412 1190 2442 Νομὸς.
1205 2425 1236 2429 —
1249 2411 1270 2427 ¹⁸
1285 2411 1362 2440 Rom„
1380 2412 1475 2439 x1,36.
1490 2411 1554 2428 —15'
1568 2410 1634 2434 Psal.
1652 2416 1708 2440 mx,
1725 2412 1747 2434 3.
1763 2424 1788 2427 —-

1022 2446 1042 2461 ²⁸
1053 2447 1136 2476 Alme„
1154 2453 1172 2477 1,
1186 2448 1207 2470 8.
1224 2459 1252 2464 -
1268 2447 1284 2461 ²¹
1302 2448 1376 2477 Aug„
1392 2446 1435 2469 ubi
1449 2453 1506 2476 sup.
1518 2458 1546 2463 —
1561 2446 1580 2459 ²²
1593 2445 1677 2476 Hebra,
1691 2451 1708 2475 1,
1724 2447 1744 2469 1.
1760 2459 1790 2463 —

1022 2482 1042 2497 ²³
1057 2484 1129 2512 Sup„
1145 2487 1196 2512 vlt,
1212 2482 1250 2505 40.
1265 2495 1295 2499 —
1312 2482 1333 2498 ²⁵
1345 2484 1418 2512 Sup„
1436 2483 1473 2505 15.
1487 2493 1518 2498 —
1537 2481 1556 2497 ²⁵
1571 2482 1643 2510 Aug..
1664 2482 1689 2503 in
1707 2481 1788 2509 Joau„

1021 2518 1083 2540 tract
1111 2523 1203 2547 xxmx,
1221 2524 1246 2540 n.
1263 2518 1285 2540 6.
1301 2530 1331 2534 —-
1346 2517 1367 2532 ²⁶
1383 2516 1455 2545 thid„
1468 2522 1494 2539 11.
1512 2517 1534 2538 '1-
1553 2527 1582 2531 —
1596 2516 1615 2530 ²⁷
1630 2515 1702 2545 thid„
1721 2522 1747 2539 n.
1765 2517 1788 2540 8.

1052 2570 1085 2599 (a)
1105 2569 1164 2593 caet.
1185 2569 1245 2593 edit.
1262 2569 1414 2600 judicamus.
1436 2581 1462 2585 -
1486 2567 1519 2598 (ὸ)
1541 2568 1599 2591 Item
1619 2568 1743 2598 superitts.
1758 2581 1788 2586 —

1018 2603 1045 2633 (c)
1060 2604 1121 2627 Item
1135 2604 1341 2636 appropinquari.
