1987 3032
206 214 265 242 450
723 206 933 238 EVANGELH
956 206 1096 239 SANCTI
1119 208 1245 240 JOANN
1253 210 1285 241 {S

207 279 295 312 prout
307 276 347 305 ait
359 276 408 304 hic
422 285 430 302 :
446 276 537 303 Alium
550 276 715 310 paracletum
728 274 814 306 dabit,
829 275 883 300 etc.
903 282 916 298 α
928 274 977 300 Pa-

206 323 331 351 racletus
346 323 425 350 enim
446 322 534 349 latine
554 321 659 348 dicitur
674 320 817 347 advocatus
830 329 856 352 »,
869 318 909 346 ait
923 321 978 346 Au-

206 369 338 404 gustinus
358 372 376 395 ¹.
392 368 402 383 ²
420 368 562 403 «Spiritus
577 366 697 401 adjuvat
712 366 909 393 infirmitatem
926 372 977 392 no-

206 418 305 442 stram.
319 425 332 440 »
351 417 382 442 Et
396 413 543 449 sequitur:
559 411 708 439 «Postulat
722 420 775 447 pro
791 411 887 445 nohis,
898 422 910 435 »
922 413 975 438 etc.

206 463 237 490 Et
252 462 323 497 quia
339 462 367 486 ³«
377 461 438 487 sine
453 458 623 495 poenitentia
637 460 705 485 sunt
720 458 800 485 dona
811 457 869 491 Dei,
883 468 895 481 ι)
909 457 976 484 ideo

205 509 266 536 ait:
296 509 328 534 Ut
352 510 459 534 maneat
482 507 629 538 vobiscum,
654 504 762 532 scilicet
785 504 918 539 Spiritus.
947 504 978 530 Et

205 555 275 590 quia
302 554 364 589 ipse
393 553 514 588 Spiritus
540 551 682 579 veraciter
707 551 810 585 docet,
838 551 906 578 ideo
939 551 978 578 ait

205 602 244 637 (v.
272 600 336 635 ¹7):
360 600 493 634 Spiritum
517 599 657 631 veritatis,
683 597 791 625 scilicet
815 597 914 631 dabit,
934 597 977 623 in-

204 647 247 674 fra
261 648 270 663 ⁴
287 656 293 674 ε
315 656 327 672 «
343 646 462 674 nocebit
476 653 529 672 vos
545 652 664 672 omnem
679 644 865 671 veritatem.»
884 643 977 675 Quem,

204 693 312 721 scilicet
324 693 475 728 Spiritum,
492 692 607 719 mundus
626 699 677 717 non
694 692 781 725 potest
793 691 912 724 accipere
924 709 931 721 ‚
947 688 977 715 id

205 741 263 773 est,
279 739 383 766 mundi
396 740 542 766 amatores
555 747 560 764 :
579 747 592 763 ι(
606 745 667 764 non
684 735 760 763 enim
775 735 864 763 hahet
878 734 977 762 invisi-

204 785 279 813 biles
294 785 397 812 oculos
412 785 564 812 mundana
578 783 711 815 dileetio,
727 785 754 809 ct
769 783 811 809 est
831 780 978 808 contraria

205 832 313 860 divinae
342 832 506 865 dilectioni,
529 831 567 858 ait
592 828 767 863 Augustinus
787 828 806 853 ⁵.
835 828 928 862 Supra
943 828 976 853 ⁶:

207 880 352 907 «Mundus
368 886 436 905 eum
453 885 514 904 non
529 876 678 911 cognovit.
695 885 708 899 ν)
724 876 755 902 Et
774 874 842 901 ideo
857 874 896 901 ait
911 873 975 901 hic:

204 926 276 958 Quia
296 933 348 951 ηοη
371 924 445 951 videt
464 932 537 957 cum,
558 922 665 949 scilicet
687 921 836 948 credendo
856 929 862 947 z
889 920 979 948 Nescit

204 980 279 1005 eum,
304 970 413 997 scilicet
441 968 640 1003 intelligendo.
671 970 703 995 Et
730 967 796 994 licet
818 966 858 993 ita
882 966 918 993 sit
941 966 977 993 de

203 1017 317 1045 mundo
332 1019 359 1044 et
373 1015 549 1043 mundanis:
570 1016 631 1047 Vos,
648 1014 698 1049 qui
715 1014 781 1040 estis
796 1012 972 1048 spirituales,

204 1065 363 1098 coquom-etis
390 1071 462 1095 eum,
496 1061 663 1095 cognitione
691 1059 777 1092 fidei,
810 1061 837 1086 et
867 1058 977 1086 visione

203 1110 265 1146 spei
280 1111 290 1126 “¹
307 1119 313 1137 ;
333 1120 346 1135 «
358 1109 496 1136 Videmus
512 1107 630 1135 nuncin
643 1106 763 1142 speculo
775 1105 977 1139 etaenigmate,

204 1159 273 1184 tunc
288 1158 387 1184 autem
409 1155 482 1182 facie
500 1154 537 1182 ad
559 1153 664 1181 faciem
679 1161 685 1179 z
701 1163 714 1178 »
743 1152 814 1184 Quia
836 1151 910 1186 apud
932 1159 977 1178 ros

203 1203 336 1236 manebit,
361 1201 468 1228 scilicet
487 1200 624 1235 Spiritus,
647 1202 669 1226 et
687 1201 715 1225 ιἰι
737 1199 812 1225 vobis
834 1199 895 1224 erit.
921 1197 977 1224 Sed

204 1249 353 1284 quaritur,
368 1256 435 1275 cum
450 1247 485 1274 sit
499 1247 580 1282 prius
595 1253 657 1273 esse
668 1244 777 1273 alicubi
786 1264 795 1278 ,
811 1251 901 1279 quam
913 1251 976 1270 ma-

204 1304 288 1329 nere,
307 1295 423 1322 videtur
439 1294 522 1330 quod
543 1292 783 1320 inconvenienter
803 1290 930 1318 ordinat.
946 1291 979 1317 Et

204 1342 243 1370 ad
258 1342 313 1369 hoc
328 1340 487 1376 respondet
500 1339 675 1374 Augustinus
689 1337 698 1353 Β
716 1347 722 1364 ;
743 1348 755 1362 «
771 1339 809 1364 Ne
825 1338 976 1372 putarent,

204 1388 287 1424 quod
302 1388 413 1415 dictum
429 1388 488 1414 est:
505 1385 588 1420 Apud
602 1393 646 1412 vos
661 1385 794 1416 manebit,
814 1383 854 1410 ita
867 1382 978 1410 dictum

204 1443 281 1468 esse,
297 1432 551 1470 quemadmodum
567 1432 673 1466 hospes
692 1430 847 1457 visibiliter
859 1436 978 1456 manere

156 1516 158 1518 Υ
205 1481 369 1514 consuevit,
380 1480 514 1515 exposuit
524 1478 606 1514 quod
621 1477 711 1504 dixit:
725 1477 757 1502 Et
769 1477 797 1502 in
807 1476 880 1502 vobis
892 1476 976 1502 erit.»

206 1529 243 1554 De
259 1527 312 1554 isto
329 1526 450 1562 Spiritu,
464 1528 491 1552 et
510 1525 547 1551 de
563 1523 728 1556 effectibuS,
747 1521 824 1548 infra
838 1522 847 1537 ⁹
863 1521 977 1547 dicitur.

206 1573 262 1601 Sed
277 1573 377 1607 objicit
401 1571 580 1606 Augustinus
601 1569 637 1596 de
660 1569 733 1602 hoc,
758 1567 840 1603 quod
861 1566 901 1594 ait
922 1575 928 1592 ε
950 1566 980 1592 Sc

205 1621 325 1654 diligitis
344 1628 402 1652 me,
424 1620 509 1646 alium
529 1618 694 1653 paracletum
710 1617 799 1648 (labit,
816 1616 869 1642 etc.
888 1616 980 1648 Ergo,

205 1667 369 1695 secundum
384 1667 455 1700 hoc,
478 1667 573 1701 potest
595 1666 668 1691 Deus
688 1662 771 1697 diligi
786 1662 899 1697 absque
916 1661 979 1696 Spi-

204 1714 272 1741 ritu.
296 1715 327 1740 Et
346 1713 384 1740 ad
398 1713 455 1740 hoc
470 1710 628 1747 respondet
643 1711 672 1743 ¹⁰,
693 1709 766 1736 sicut
787 1710 897 1736 tactum
920 1708 979 1741 est,

206 1760 290 1796 quod
315 1758 478 1794 «discipuli
500 1757 652 1785 habebant
674 1755 813 1791 Spiritum
828 1755 979 1787 sanctum,

207 1807 259 1834 sed
275 1805 402 1839 occulte,
425 1812 513 1840 quem
538 1805 620 1831 erant
640 1801 787 1837 accepturi
804 1800 834 1827 in
849 1800 939 1835 signis
955 1801 982 1826 et

207 1852 394 1880 manifeste.»
424 1851 501 1878 Unde
525 1852 551 1877 et
574 1851 640 1885 post
661 1847 904 1875 resurrectionem
927 1846 981 1873 fuit

209 1899 249 1926 eis
264 1899 349 1926 datus
363 1897 493 1933 SpirituS‚
510 1896 585 1923 infra
602 1896 616 1912 ¹¹
631 1896 733 1930 etpost
749 1893 950 1921 ascensionem
964 1891 982 1906 ¹²*

208 1947 328 1980 propter
343 1944 403 1971 duo
415 1945 559 1979 praecepta
570 1941 734 1969 dilectionis
746 1940 793 1967 Dei
805 1941 831 1966 et
843 1938 982 1975 proximi,

209 1990 372 2018 secundum
387 1988 581 2024 Augustinum
599 1989 628 2014 ¹³.
644 1989 715 2015 item
729 1985 869 2021 quaeritur
885 1984 981 2020 quali-

210 2038 252 2064 ter
270 2036 328 2063 ait:
345 2036 450 2070 Roqabo
466 2036 588 2066 Patrem,
606 2041 674 2060 cum
696 2032 773 2059 dicat
794 2030 984 2065 Augustinus,

211 2084 243 2109 de
257 2083 366 2110 Natura
380 2084 403 2108 et
419 2082 513 2108 Gratia
528 2081 559 2114 ¹⁶,
575 2079 658 2114 quod
673 2078 772 2105 nullus
783 2079 846 2104 orat
861 2084 915 2111 pro
932 2084 983 2110 eo,

212 2128 295 2164 quod
310 2136 362 2164 per
377 2136 406 2154 se
426 2128 521 2162 potest
538 2126 643 2152 facere.
661 2125 692 2152 Et
709 2123 748 2151 ad
766 2122 845 2150 istud
859 2129 983 2157 respon-

212 2174 363 2207 dendum,
389 2172 553 2200 seeundum
578 2170 787 2205 Augustinum,
817 2169 899 2204 quod
924 2169 985 2203 ipse

214 2221 301 2248 Filius
324 2221 355 2247 in
379 2222 511 2254 tempore
540 2217 593 2244 fuit
619 2218 753 2252 precator
781 2216 966 2250 opportunus
976 2235 984 2248 ,

215 2267 266 2302 qui
282 2269 379 2293 tamen
395 2273 463 2292 cum
485 2266 565 2292 Patre
591 2265 652 2290 erat
673 2261 827 2289 exauditor
850 2262 983 2287 aeternus.

215 2312 296 2340 Unde
311 2320 380 2346 ergo
400 2312 506 2344 homo,
524 2312 552 2337 et
571 2309 668 2336 minor
683 2309 780 2341 Patre,
795 2306 922 2342 rogabat
935 2308 987 2333 Pa-

216 2360 305 2392 trem,
321 2358 367 2385 cui
383 2359 444 2385 erat
458 2356 589 2392 {equalis

252 2405 296 2432 18.
311 2405 342 2430 Et
356 2404 486 2439 sequitur
497 2401 627 2430 secunda
638 2400 795 2436 particula,
806 2399 837 2426 in
848 2406 907 2434 qua
920 2398 987 2426 hor-

250 2465 340 2493 ¹Aug.,
352 2463 393 2486 ubi
404 2469 469 2492 sup„
481 2468 506 2485 n.
519 2463 574 2485 4.-
585 2461 595 2476 ²
605 2461 680 2488 Rom.⁷
692 2460 830 2487 v111,26.—
841 2458 849 2472 ⁵
861 2458 938 2486 Rom„
951 2463 988 2486 X1,

219 2499 306 2524 29.-⁴
316 2499 398 2527 loun„
408 2503 460 2526 xvx,
474 2499 543 2520 13.-
553 2497 562 2513 ⁵
574 2497 649 2525 Aug..
659 2495 702 2518 ubi
713 2501 800 2524 sup.—
813 2494 822 2507 θ
831 2494 904 2523 sup„
920 2498 937 2522 1,
952 2494 987 2516 10.

220 2547 250 2553 —
273 2536 281 2549 ⁷
301 2535 307 2557 l
334 2534 401 2561 Corn,
422 2538 485 2562 xm,
509 2534 544 2555 12.
567 2544 597 2548 —-
614 2531 624 2546 Β
639 2532 713 2560 Aug„
734 2529 777 2553 ubi
795 2536 861 2559 sup.,
877 2535 903 2552 n.
923 2530 989 2551 5.—

220 2571 231 2586 ⁹
248 2569 303 2599 1nf.,
318 2575 372 2599 xV1,
386 2569 398 2591 7
416 2570 440 2591 et
454 2574 507 2597 seq.
523 2579 552 2583 ——-
566 2567 586 2583 ¹⁰
602 2567 716 2596 August„
736 2564 780 2588 ubi
794 2571 861 2594 sup.‚
880 2570 907 2587 n.
923 2564 946 2586 2.
958 2575 988 2580 ·-

223 2605 240 2621 ¹¹
258 2604 316 2635 inf„
329 2611 374 2633 xx,
392 2604 429 2627 22.
447 2615 478 2620 —
494 2602 512 2617 ¹²
529 2601 594 2629 Act„
609 2606 645 2631 ιι,
660 2602 682 2623 4.
699 2613 728 2618 —
746 2599 767 2616 ¹³
781 2600 857 2629 Aug„
874 2598 917 2622 ubi
932 2604 988 2628 sup.

223 2646 295 2670 prox.
316 2652 345 2657 —
361 2639 380 2655 ¹⁴
399 2638 446 2667 ld„
461 2637 490 2660 de
510 2636 569 2660 Nat.
586 2638 610 2658 et
628 2636 708 2661 Grnt„
725 2642 747 2658 c.
767 2640 846 2663 xviii,
862 2640 889 2658 n.
905 2635 943 2657 20.
960 2646 989 2650 —

1032 276 1107 302 tatur
1121 276 1160 302 ad
1177 276 1385 304 mandatorum
1405 276 1660 312 observationem,
1679 278 1804 313 promit·

1033 321 1123 348 tendo
1138 321 1275 350 solatium
1289 332 1295 350 ε
1309 324 1369 351 Νοη
1379 324 1528 358 relinquam
1539 332 1584 350 vos
1596 324 1738 359 orphanos,
1749 326 1802 352 etc.

1034 368 1066 394 Ut
1081 367 1159 394 enim
1174 368 1212 395 ait
1231 369 1406 403 Augustinus
1421 369 1440 386 ¹⁵
1456 379 1482 396 :«
1503 371 1610 404 Ὁρφαπι
1628 377 1738 405 graece,
1752 377 1805 406 pu-

1032 413 1096 448 pilli
1112 414 1210 442 latine.
1228 424 1240 440 n
1256 414 1275 431 ¹⁶
1293 423 1319 442 ει(
1334 415 1438 450 pupilli
1454 416 1548 450 enim,
1561 418 1592 443 ut
1607 416 1647 443 ait
1662 415 1805 451 isidorus,

1033 458 1184 494 dicuntur,
1211 468 1340 495 quorum
1371 463 1468 495 patres
1495 463 1560 489 ante
1590 462 1805 496 discesserunt,

1033 513 1124 540 quam
1144 513 1254 533 nomen
1276 506 1314 533 ab
1335 507 1376 534 eis
1397 507 1562 543 acciperent
1577 509 1626 543 (α).
1643 519 1655 534 »
1682 508 1763 536 Unde
1779 511 1807 536 et

1032 550 1110 578 filios
1125 552 1224 587 sponsi
1240 560 1290 580 eos
1304 553 1451 581 vocabant
1466 554 1482 570 ¹¹¹
1498 562 1504 580 :
1519 563 1532 578 α
1547 554 1610 581 Filii
1629 554 1730 590 sponsi
1746 562 1806 582 non

1032 600 1155 631 possunt
1169 597 1269 633 lugere
1280 620 1287 632 ,
1298 599 1441 634 quamdiu
1453 601 1495 626 est
1509 607 1634 635 sponsus
1646 608 1714 628 cum
1726 601 1777 628 eis,
1790 611 1803 626 υ

1033 645 1064 670 Et
1074 652 1164 679 supra
1175 645 1194 661 ¹⁸
1208 653 1213 671 :
1227 654 1240 669 ιι
1252 644 1358 679 Filioli,
1369 645 1519 673 modicum
1532 645 1687 673 vobiscum
1700 654 1776 674 sum.
1790 657 1804 673 ι»

1033 689 1102 717 ldeo
1119 691 1269 725 sequitur:
1294 692 1405 718 Veniam
1426 692 1462 718 ad
1480 699 1540 725 vos,
1554 691 1664 719 scilicet
1679 693 1745 727 post
1759 700 1806 720 re-

1032 736 1258 770 surrectionem,
1274 739 1301 764 ct
1315 737 1371 764 hoc
1386 745 1446 765 non
1460 739 1526 772 post
1541 737 1666 765 multum
1680 740 1804 774 tempus.

1033 782 1101 809 ideo
1119 782 1158 809 ait
1173 783 1211 817 (v.
1231 783 1271 817 19)
1290 791 1296 810 ε
1312 783 1408 810 Adhuc
1418 784 1561 818 modicum,
1576 784 1651 811 infra
1667 784 1688 802 ¹⁹
1705 793 1736 810 :«
1750 785 1807 812 Mo-

1033 827 1150 862 dicum,
1176 831 1203 856 et
1226 836 1286 856 non
1314 829 1450 857 videbitis
1475 838 1537 864 me,
1562 840 1574 855 n
1601 833 1654 857 etc.
1684 831 1716 858 Et
1738 830 1809 866 quia

1033 874 1162 901 mundus
1185 882 1245 902 non
1267 874 1447 910 intelligebat
1464 884 1549 903 suam
1571 876 1725 907 virtutem,
1748 884 1809 912 qua

1033 922 1095 947 erat
1109 923 1340 955 resurrecturus,
1356 921 1424 949 ideo
1442 921 1542 949 subdit
1558 931 1566 948 .·
1581 923 1615 948 Ει
1635 922 1749 949 mundus
1767 930 1808 948 me

1028 966 1087 1000 jam
1104 975 1155 993 ηοη
1174 967 1258 994 videt.
1280 969 1311 994 L't
1331 967 1410 995 enim
1432 967 1472 995 ait
1487 968 1663 1003 Augustinus
1675 968 1706 1000 ²⁰,
1723 976 1809 996 mun-

1034 1012 1090 1040 dus
1105 1013 1225 1041 videbat
1245 1021 1312 1040 cum
1335 1014 1447 1041 carneis
1467 1014 1560 1042 oculis
1584 1014 1613 1042 in
1633 1022 1720 1042 carne
1740 1022 1810 1042 con-

1033 1058 1183 1094 spicuum3
1198 1059 1250 1086 sed
1266 1067 1327 1087 non
1341 1059 1460 1087 videbat
1475 1060 1558 1095 quod
1582 1060 1611 1087 in
1635 1068 1720 1088 carne
1735 1060 1808 1088 late-

1033 1104 1097 1138 bat,
1124 1105 1233 1132 scilicet
1254 1113 1338 1132 suam
1360 1105 1556 1140 divinitatem,
1576 1108 1604 1134 et
1626 1108 1724 1134 tamen
1746 1114 1808 1134 non

1033 1150 1182 1179 credebat.
1203 1152 1254 1178 Vos
1275 1154 1363 1178 autem
1386 1152 1512 1179 videbitis
1533 1160 1588 1186 me,
1610 1152 1719 1180 scilicet
1741 1155 1809 1188 post

1032 1198 1276 1225 resurrectionem
1285 1219 1294 1232 ,
1311 1200 1435 1233 utraque
1449 1198 1578 1232 visione,
1592 1198 1701 1226 scilicet
1715 1199 1808 1226 oculis

1034 1243 1139 1277 carnis,
1156 1246 1183 1271 et
1195 1243 1286 1271 oculis
1304 1244 1418 1271 mentis.
1439 1244 1515 1272 Infra
1526 1245 1546 1261 ¹⁹
1561 1253 1568 1271 :
1590 1255 1604 1270 α
1619 1246 1728 1272 Iterum
1742 1252 1808 1272 mo-

1034 1290 1148 1324 dicum,
1173 1292 1201 1317 et
1224 1289 1360 1317 videbitis
1383 1299 1469 1318 me.»
1495 1293 1527 1319 Et
1545 1291 1602 1318 hoc
1626 1291 1694 1319 ideo
1714 1300 1720 1318 :
1738 1291 1810 1324 Quia

1034 1344 1080 1370 eqo
1091 1339 1168 1369 υίυο,
1185 1339 1208 1363 et
1220 1344 1264 1363 vos
1276 1338 1382 1363 vivetis.
1399 1337 1505 1369 Quaerit
1520 1337 1699 1371 Augustinus
1712 1338 1744 1371 ²¹,
1758 1345 1810 1364 cur

1035 1383 1074 1409 ait
1089 1382 1125 1409 de
1141 1382 1276 1417 praesenti
1288 1390 1318 1409 se
1330 1382 1430 1410 vivere
1439 1403 1447 1416 ‚
1458 1382 1524 1410 illos
1535 1385 1633 1410 autem
1644 1382 1680 1410 de
1691 1382 1810 1410 futuro?

1035 1429 1067 1455 Et
1087 1427 1262 1463 respondet,
1285 1428 1367 1463 quod
1390 1429 1461 1464 quia
1485 1429 1575 1456 vitam
1600 1429 1695 1456 carnis
1714 1436 1809 1456 resur-

1035 1474 1145 1508 gentis,
1163 1474 1260 1509 qualis
1275 1474 1304 1501 in
1321 1474 1373 1502 illo
1388 1475 1589 1509 praecedebat,
1604 1477 1770 1502 secuturam
1779 1474 1810 1502 in

1036 1520 1092 1546 illis
1117 1522 1158 1546 est
1182 1520 1330 1554 pollicitus
1351 1529 1356 1547 :
1381 1521 1455 1547 duas
1478 1520 1557 1547 enim
1583 1520 1809 1548 resurrectiones

1035 1566 1170 1600 promisit
1187 1575 1192 1592 :
1209 1574 1293 1592 suam
1309 1573 1379 1592 mox
1393 1565 1542 1600 suturam,
1558 1568 1687 1594 nostram
1706 1566 1736 1594 in
1750 1566 1809 1593 fine

1036 1611 1133 1639 saeculi
1147 1614 1312 1639 venturam.
1341 1613 1373 1638 Et
1396 1612 1463 1639 ideo
1488 1613 1619 1647 sequitur
1633 1613 1674 1647 (v.
1689 1612 1738 1647 20)
1756 1621 1762 1639 z
1778 1613 1810 1639 In

1036 1659 1084 1684 illo
1112 1658 1156 1684 die
1185 1659 1360 1693 cognoscetis,
1388 1657 1496 1685 scilicet
1524 1658 1745 1686 resurrectionis
1767 1658 1812 1685 fu·

1033 1708 1122 1739 -turae,
1139 1705 1259 1740 quando
1275 1704 1316 1730 ²2«
1332 1705 1499 1732 videbimus
1513 1704 1586 1732 facie
1601 1705 1640 1732 ad
1656 1705 1779 1738 faeiem,
1795 1715 1808 1730 n

1038 1753 1065 1778 et
1080 1751 1202 1786 quando
1213 1752 1235 1767 2³
1254 1751 1446 1779 «videbimus
1461 1759 1544 1786 eum,
1559 1752 1641 1779 sicuti
1656 1753 1707 1779 est.
1729 1761 1743 1778 »
1762 1752 1810 1784 Co-

1038 1799 1182 1831 qnoscetcs,
1205 1797 1342 1832 inquam,
1358 1799 1423 1832 quia
1443 1805 1488 1832 eqo
1509 1799 1539 1824 in
1560 1799 1640 1825 Patre
1657 1805 1766 1832 maneo,
1781 1801 1812 1825 ut

1037 1844 1138 1871 radius
1152 1844 1183 1870 in
1207 1844 1285 1877 sole,
1308 1851 1401 1871 unum
1425 1851 1493 1871 cum
1512 1843 1574 1872 illo.
1598 1845 1634 1871 Ee
1652 1852 1698 1871 vos
1712 1845 1742 1871 in
1755 1852 1810 1878 me,

1039 1890 1112 1916 sicut
1133 1889 1269 1924 palmites
1283 1890 1311 1917 in
1336 1890 1403 1917 vite.
1426 1889 1502 1917 Infra
1516 1890 1652 1925 proximo
1662 1889 1684 1907 ‘³‘
1698 1899 1704 1917 :
1723 1899 1737 1915 «
1752 1891 1812 1925 Ego

1039 1944 1105 1962 sum
1121 1936 1186 1963 vitis
1198 1956 1206 1969 ,
1222 1946 1235 1961 n
1252 1938 1305 1963 etc.
1321 1937 1357 1962 Ει
1371 1944 1416 1970 eqo
1434 1937 1462 1962 in
1476 1937 1564 1970 vobis,
1579 1936 1654 1964 sicut
1667 1936 1726 1964 vita
1739 1936 1814 1963 vivi-

1039 1982 1131 2008 ficans
1146 1982 1176 2008 in
1191 1982 1353 2015 vivificatis,
1365 1984 1391 2008 et
1406 1981 1480 2009 sicut
1493 1981 1583 2009 virtus
1597 1983 1812 2017 supportansin

1040 2028 1234 2062 supportatis,
1254 2029 1281 2055 et
1295 2028 1368 2054 sicut
1382 2035 1505 2055 movens
1518 2027 1548 2054 in
1563 2027 1604 2055 eis
1619 2035 1684 2063 quae
1695 2035 1813 2056 moven-

1041 2076 1099 2101 tur:
1110 2074 1171 2109 ipse
1180 2074 1258 2101 enim
1268 2073 1435 2107 via‚veritas
1443 2075 1470 2101 et
1477 2074 1560 2108 vita,»
1569 2082 1659 2110 supra
1666 2073 1811 2103 eodem²⁵.

1040 2119 1116 2147 lufra
1126 2120 1147 2135 '²⁶
1163 2128 1169 2146 ε
1189 2130 1201 2145 ‹-
1219 2122 1249 2147 Ut
1263 2119 1319 2146 sint
1337 2128 1440 2153 unum,
1459 2120 1531 2147 sieut
1546 2122 1574 2148 et
1587 2127 1641 2148 nos
1655 2128 1748 2148 unum
1762 2128 1812 2148 su-

1041 2174 1130 2192 mus:
1153 2176 1166 2191 »
1188 2165 1243 2199 Ego
1267 2167 1297 2192 in
1316 2167 1399 2193 vobis.
1426 2167 1457 2193 Ut
1483 2166 1561 2193 enim
1583 2166 1623 2193 ait
1644 2166 1814 2200 Chrysosto-

1042 2219 1108 2238 mus
1121 2213 1143 2228 ‘²⁷
1160 2220 1187 2238 z«
1201 2211 1286 2244 Quod
1301 2211 1411 2238 dictum
1425 2213 1467 2238 est
1482 2220 1488 2238 :
1506 2212 1560 2245 qu
1576 2213 1605 2238 in
1622 2213 1719 2246 Patre,
1733 2212 1814 2240 iden-

1042 2258 1151 2285 titatem
1166 2257 1275 2284 scilicet
1295 2257 1453 2292 significat;
1478 2258 1560 2293 quod
1581 2260 1680 2286 autem
1703 2258 1814 2286 dictum

1043 2305 1086 2330 cst
1099 2312 1105 2330 :
1122 2305 1177 2338 Ego
1192 2306 1221 2330 iu
1235 2303 1322 2337 vobis,
1338 2303 1499 2338 significat,
1514 2304 1597 2339 quod
1611 2306 1653 2332 est
1667 2304 1813 2332 unanimi-

1042 2350 1108 2377 tatis
1130 2352 1157 2377 et
1176 2349 1286 2377 auxilii.
1312 2350 1397 2378 Novit
1420 2350 1513 2385 enim,
1537 2351 1647 2386 inquit,
1667 2351 1813 2386 Scriptura

1045 2414 1064 2430 ¹*
1079 2414 1124 2442 td„
1143 2415 1214 2438 tract.
1232 2419 1309 2443 mv,
1322 2421 1348 2438 n.
1366 2417 1387 2438 1.
1402 2427 1432 2432 —
1455 2415 1471 2429 ¹⁸³
1485 2415 1554 2445 lsid.,
1575 2414 1694 2445 Elyma..
1710 2414 1754 2438 lib.
1769 2415 1813 2445 ΧΙ,

1045 2456 1066 2472 c.
1090 2455 1117 2472 11.
1139 2462 1170 2466 —
1190 2450 1206 2464 ¹⁷
1226 2449 1329 2480 Matth„
1350 2455 1391 2480 ix,
1414 2451 1450 2473 15.
1471 2462 1501 2468 -
1524 2450 1544 2467 ¹⁸
1564 2452 1636 2480 sup„
1659 2455 1708 2478 vu,
1728 2451 1767 2474 33.
1782 2463 1814 2468 -

1045 2486 1064 2501 ¹⁹
1083 2485 1139 2515 int,
1154 2491 1210 2514 ιη,
1228 2487 1266 2510 16.
1282 2497 1311 2504 -
1326 2487 1345 2502 2⁰
1363 2487 1435 2517 Aug„
1452 2486 1494 2510 ubi
1508 2493 1576 2516 sup.¹
1590 2492 1616 2510 n.
1631 2487 1654 2509 2.
1669 2498 1700 2504 —·
1714 2485 1731 2502 ²¹
1749 2486 1813 2510 ibid.

1045 2534 1075 2538 —
1085 2520 1104 2536 ²²
1117 2520 1186 2550 Com,
1200 2526 1262 2551 xta,
1280 2523 1316 2545 12.
1330 2534 1360 2538 —
1374 2521 1394 2537 ¹³
1410 2522 1416 2544 Ι
1431 2522 1514 2551 Ιοαη.,
1529 2526 1568 2550 111,
1582 2522 1605 2544 2.
1622 2533 1653 2538 -—
1667 2522 1687 2537 ²⁸
1701 2521 1759 2550 lus„
1770 2527 1814 2552 xv,

1048 2559 1068 2579 ¹.
1082 2569 1111 2573 —
1124 2556 1143 2570 '2⁵
1155 2557 1227 2614 S2up„
1239 2558 1261 2580 6.
1278 2569 1304 2575 —
1315 2556 1406 2586 ³⁸1nL,
1417 2562 1479 2585 xvii,
1491 2557 1531 2579 22.
1544 2568 1569 2572 —
1583 2556 1603 2572 ²¹¹
1617 2556 1757 2587 Chrysost„
1770 2557 1814 2580 ubi

1046 2597 1113 2620 sup„
1128 2597 1155 2614 n.
1187 2609 1192 2614 .

1079 2634 1109 2662 (α)
1125 2633 1184 2656 Caet.
1200 2633 1260 2657 edit.
1276 2635 1433 2663 acceperant.
1453 2640 1456 2644 ·

1980 2723 1987 2852 ,μμ
