1987 3032
204 198 262 228 208
748 192 959 224 EVANGELlI
982 192 1028 224 SA
1034 193 1120 225 NC'l'l
1143 194 1254 227 LUCAE

203 263 289 303 quod
312 262 519 294 consideratio
550 261 653 292 flentis
675 260 768 291 debet
791 260 893 290 redire
917 269 972 291 su-

202 325 258 356 per
276 316 377 347 scelus
389 315 522 346 humani
539 314 676 353 generis,
692 322 749 353 pro
766 314 859 352 0111115
874 314 989 362 trans·-

203 369 365 407 gressione
390 368 531 399 Christus
555 369 699 397 mortuus
723 366 793 396 fuit.
815 366 971 402 Quoniam

201 422 302 461 igitur
316 423 462 452 mortuus
476 422 522 450 est
537 429 594 459 pro
608 419 741 459 peccatis
757 419 883 457 nostris,
903 419 971 449 ideo

203 474 269 504 dies
279 473 433 513 passionis
441 481 507 502 suae
518 472 693 501 debetcum
704 471 813 501 multis
823 470 972 510 lacrymis

204 526 365 557 celebrari.
384 525 469 556 Unde
484 524 616 555 dicitur¹
635 535 641 554 :
666 536 680 553 α
696 524 813 555 Idcirco
827 533 888 563 ego
902 524 969 564 plo-

201 589 275 611 rans
286 604 293 617 ,
310 582 340 610 et
354 579 465 610 oculus
480 587 571 609 meus
584 578 742 608 deducens
755 587 854 617 aquas
873 589 879 608 :
896 578 972 617 quia

201 633 299 671 longe
320 633 421 662 sactus
435 634 513 662 esta
527 641 578 662 me
593 631 769 662 consolator
783 634 971 662 convertens

200 686 341 716 animam
355 694 460 715 meam
476 696 483 714 2
500 685 571 715 sacti
587 686 662 715 sunt
681 685 738 714 filii
755 685 818 715 mei
838 685 969 724 perditi;

201 739 353 779 quoniam
374 738 510 769 invaluit
532 738 720 768 inimicus.»
747 738 843 769 300115
863 741 971 770 autem

202 795 249 823 est
263 793 301 823 de
315 792 384 822 aliis
399 792 525 829 sanctis,
541 794 576 822 ut
589 791 627 822 de
643 791 734 822 Petro
749 796 780 822 et
794 791 904 830 Paulo,
916 793 971 831 qui

202 848 319 878 mortui
334 850 407 878 sunt
427 847 465 878 ad
488 848 664 887 profectum
679 847 820 884 virtutis,
846 849 877 878 et
902 848 971 887 pal-

202 912 287 934 mam
299 903 442 942 martyrii
453 902 666 933 obtinendam.
684 902 773 933 Flere
787 912 866 941 ergo
881 903 973 934 debet

201 957 305 987 omnis
320 956 517 987 Christianus
533 965 628 996 super
643 965 675 986 se
698 958 728 986 et
750 956 892 988 humano
915 966 970 996 ge-

201 1019 296 1048 nere,
311 1010 387 1049 qnia
408 1009 467 1039 suit
489 1018 583 1039 causa
606 1009 832 1040 intersectionis
848 1010 972 1040 Domini

202 1064 263 1094 sui.
291 1063 379 1094 Unde
403 1062 562 1093 Hieremia
579 1063 590 1079 ²
609 1073 615 1092 :
640 1074 654 1091 «
669 1062 744 1100 Quis
765 1063 852 1093 dabit
877 1064 971 1103 capiti

201 1126 273 1148 meo
289 1125 417 1156 aquam,
434 1119 463 1146 et
476 1116 578 1147 oculis
592 1116 671 1146 meis
686 1116 805 1146 fontem
818 1117 972 1157 lacryma-

200 1179 286 1206 rum,
303 1172 334 1200 et
347 1170 476 1210 plorabo
492 1170 542 1200 die
557 1179 593 1200 ac
604 1172 695 1200 nocte
707 1170 886 1201 interfectos
896 1171 971 1201 filiae

201 1223 309 1263 populi
324 1224 407 1253 mei?
422 1234 436 1251 n
458 1223 504 1254 Ex
520 1223 618 1262 hujus
633 1224 743 1253 mortis
758 1223 885 1262 speciali
903 1233 970 1254 me-

201 1274 376 1305 moratione
400 1274 542 1304 fiendum
568 1276 615 1304 est
641 1274 783 1313 quandiu
805 1283 917 1304 sumus
938 1274 971 1304 in

200 1327 380 1368 Babylone,
404 1328 437 1358 in
452 1328 533 1358 valle
548 1328 763 1368 lacrymarum
778 1330 809 1358 et
823 1328 969 1359 fletuum.

202 1381 288 1412 Unde
297 1381 463 1413 Ρεαῐηηιε3
476 1392 482 1412 :
502 1393 515 1410 (1
525 1381 627 1421 Super
639 1382 775 1412 flumina
789 1381 970 1422 Babylonis,

200 1435 263 1465 illic
277 1435 417 1466 sedimus
429 1437 459 1465 et
471 1435 630 1472 flevimus,
645 1435 721 1465 dum
733 1435 972 1466 recordaremur

200 1488 264 1526 tui,
281 1488 368 1519 Sion.
383 1499 397 1517 1)
419 1488 508 1518 Flere
529 1488 623 1518 etiam
638 1488 731 1518 debet
749 1488 874 1526 omnis,
897 1488 971 1527 quia

202 1541 322 1571 tantam
338 1543 369 1571 et
381 1543 446 1571 tam
461 1541 600 1571 nobilem
616 1541 763 1580 pietatem
778 1550 844 1571 non
858 1550 971 1581 recog-

202 1594 303 1624 noscit
318 1584 488 1624 multitudo
501 1594 671 1624 hominum
681 1597 691 1612 ³
707 1605 713 1623 :
736 1594 866 1625 «Deduc
881 1596 970 1634 quasi

200 1649 374 1678 torrentem
394 1647 551 1687 lacrymas
577 1656 632 1687 per
651 1647 736 1678 diem
757 1650 788 1678 et
813 1650 937 1678 noctem
961 1659 968 1679 :

199 1709 264 1731 non
279 1701 333 1731 des
348 1700 491 1740 requiem
506 1701 574 1731 tibi.
593 1712 606 1729 »
625 1700 715 1731 Flere
738 1701 833 1732 etiam
856 1701 967 1739 debet,

199 1753 275 1792 quia
286 1762 327 1784 ex
340 1753 400 1784 hoc
414 1756 612 1793 praeparatur
627 1754 666 1784 ad
681 1756 833 1785 aeternam
844 1754 970 1785 calami-

201 1808 309 1844 tatem,
324 1808 453 1846 propter
467 1807 551 1846 quod
567 1816 661 1846 super
675 1817 728 1838 eos
743 1808 830 1839 flevit
844 1808 967 1840 Jesus⁵:

204 1870 217 1887 «
225 1858 342 1890 Videns
350 1860 522 1897 civitatem,
533 1860 621 1890 flevit
630 1869 724 1900 super
732 1860 831 1899 illam,
845 1861 967 1893 dicens:

200 1911 279 1949 Quia
294 1912 319 1942 si
335 1913 538 1952 cognovisses
553 1915 583 1943 et
599 1915 634 1944 tu
645 1937 652 1950 ,
665 1924 680 1942 »
699 1916 758 1945 etc.
773 1913 811 1945 Et
826 1918 836 1934 ⁶
851 1924 859 1945 :
879 1926 894 1943 «
911 1915 970 1946 De-

199 1965 340 1996 fecerunt
353 1975 418 2005 prae
434 1965 584 2005 lacrymis
596 1966 680 1997 oculi
695 1967 768 2005 mei,
781 1968 968 1999 conturbata

199 2020 274 2049 sunt
288 2019 408 2049 viscera
424 2028 494 2050 mea
504 2043 512 2057 ,
534 2020 654 2050 effusus
669 2023 713 2050 est
731 2020 765 2051 in
779 2022 865 2052 terra
878 2022 970 2061 jecur

199 2080 308 2103 meum
321 2081 415 2111 super
427 2072 650 2103 contritionem
662 2073 735 2104 filiae
746 2074 855 2113 populi
868 2075 964 2105 mei.»

238 2125 368 2164 Quarto,
385 2128 540 2166 quantum
557 2126 594 2156 ad
612 2127 849 2166 praedictionem
863 2127 970 2158 immi-

198 2180 343 2210 nentium
367 2179 582 2210 calamitatum
593 2204 601 2216 ,
623 2180 792 2220 subjungit
815 2182 857 2219 (v.
883 2182 930 2220 29)
959 2193 966 2213 :

201 2234 361 2271 Quoniam
373 2242 441 2264 ecce
450 2234 577 2264 venient
586 2232 662 2271 dics,
674 2234 707 2263 in
719 2233 834 2273 quibus
843 2234 948 2264 cllcent
959 2244 969 2265 .·

198 2286 304 2317 Beatoe
314 2286 444 2325 steriles,
457 2290 622 2318 etrventres
632 2287 690 2326 qui
700 2295 765 2317 non
777 2292 967 2327 qenuerunt,

199 2343 229 2369 el
242 2339 340 2369 ubera
354 2350 427 2379 qzcoe
440 2350 505 2371 non
520 2340 728 2371 lactaverunt.
744 2340 781 2371 Et
795 2341 854 2371 hoc
869 2343 970 2380 potest

198 2393 308 2423 referri
323 2394 362 2423 ad
383 2394 628 2424 destructionem
641 2393 831 2432 Jerusalem,
847 2394 968 2425 ratione

200 2446 291 2485 cujus
300 2447 505 2486 praemittitur
517 2448 632 2486 supra⁷
646 2456 653 2477 :
672 2458 687 2476 «
700 2446 755 2478 Vae
770 2449 877 2478 autem
891 2456 970 2487 prae-

200 2500 374 2538 gnantibus
395 2502 427 2530 et
446 2500 659 2531 nutrientibus
687 2501 721 2530 in
742 2500 803 2531 illis
829 2500 940 2532 diebus
958 2511 966 2532 ε

232 2599 239 2615 ¹
257 2598 354 2630 Taren„
369 2604 388 2629 1,
403 2599 442 2622 18.
457 2611 486 2616 —
502 2599 511 2614 ²
524 2598 672 2628 Jerern.,1x‚
686 2601 706 2622 t.
719 2599 768 2617 —3
784 2599 848 2623 Psol.
862 2605 970 2630 CXXXVI,

200 2636 223 2658 1.
239 2648 265 2652 —
281 2634 291 2650 ⁶
306 2634 404 2663 leren.,
421 2640 453 2663 11,
472 2635 509 2658 ¹8.
526 2646 556 2651 —
570 2634 577 2647 ⁵
593 2634 645 2664 Sup
659 2652 665 2662 ,
681 2640 735 2664 xix,
752 2636 790 2659 11.
804 2648 831 2652 -
848 2635 857 2649 ⁶
872 2635 967 2663 Taren„

200 2674 233 2699 11,
248 2672 284 2694 1¹.
299 2682 330 2687 —
341 2671 348 2684 ⁷
364 2670 436 2700 Sup..
447 2675 502 2698 xm,
517 2670 600 2693 23-24.
612 2683 640 2687 -
653 2669 663 2686 ⁸
675 2670 781 2700 Mami„
799 2676 871 2700 xxiv,
885 2672 924 2694 3ο.
938 2683 970 2688 -

1027 261 1087 291 erit
1106 262 1192 292 enim
1206 271 1356 303 pressura
1370 272 1490 304 magna
1507 272 1602 304 super
1616 265 1751 302 terram,
1766 266 1797 295 et

1027 314 1076 344 ira
1091 315 1207 355 populo
1221 316 1297 347 111110
1314 328 1320 348 :
1344 320 1375 349 et
1388 318 1499 349 cadent
1513 318 1544 348 in
1563 326 1617 348 010
1637 317 1751 356 gladii,
1767 319 1799 348 et

1027 368 1143 407 captivi
1159 369 1314 400 ducentur
1331 371 1362 401 in
1377 380 1486 402 omnes
1500 374 1622 409 gentes.
1639 382 1654 398 »
1668 369 1724 401 Vel
1735 379 1798 401 me-

1027 420 1089 451 lius
1112 423 1246 453 refertur
1271 424 1483 462 adjudicium
1506 424 1615 462 finale,
1640 432 1680 454 ex
1706 424 1799 462 cujus

1027 475 1275 507 consideratione
1289 476 1379 507 debet
1395 476 1491 508 homo
1505 478 1580 508 ssere
1596 486 1692 517 supra
1707 485 1752 514 se,
1768 478 1800 507 et

1027 536 1123 566 super
1136 528 1214 559 alios
1229 531 1418 569 peccatores,
1434 538 1475 561 ne
1489 532 1632 569 oporteat
1647 530 1800 570 plangere

1027 577 1060 608 in
1073 578 1213 610 adventu
1228 580 1335 619 ipsius,
1355 581 1532 611 secundum
1543 580 1621 611 illud
1633 580 1644 596 ⁸
1657 592 1664 611 :
1682 592 1697 609 α
1710 580 1800 612 Tunc

1026 631 1148 670 parebit
1163 632 1293 671 signum
1309 633 1367 663 filii
1378 633 1516 664 hominis
1530 633 1564 663 in
1579 632 1667 671 eoelo,
1683 635 1715 664 et
1723 635 1801 664 tunc

1026 684 1181 724 plangent
1195 695 1305 717 omnes
1317 686 1419 717 tribus
1435 689 1538 724 terrae,
1556 688 1587 716 et
1599 685 1754 716 videbunt
1767 685 1802 716 fi-

1026 737 1106 768 lium
1121 738 1259 769 hominis
1273 739 1445 776 sedentem,
1462 751 1476 768 1>
1494 742 1553 770 etc.
1571 738 1609 770 Et
1622 739 1697 770 huic
1710 737 1801 769 intel-

1026 790 1121 821 lectui
1135 792 1240 830 magis
1248 795 1409 831 consonat,
1421 793 1504 833 quod
1514 793 1658 832 sequitur
1675 793 1716 832 (v.
1729 793 1797 830 30):

1030 843 1056 875 T
1055 853 1116 874 unc
1131 845 1282 885 incipient
1296 846 1398 877 dicere
1417 846 1576 877 montibus
1591 855 1602 876 .·
1620 845 1731 877 caelite
1745 854 1799 876 su-

1022 906 1083 937 per
1097 907 1170 935 nos;
1196 902 1226 929 et
1248 899 1379 930 collibus
1396 908 1407 930 .·
1429 900 1557 939 0ρονίίο
1571 909 1639 930 nos.
1660 899 1727 930 Hoc
1740 899 1801 930 erit

1027 950 1060 980 in
1085 952 1280 991 apparitione
1304 952 1435 992 judicis,
1461 954 1638 984 secundum
1658 952 1737 983 illud
1757 952 1768 968 ⁹
1791 963 1798 982 :

1031 1015 1045 1032 α
1061 1004 1303 1036 Absconderunt
1323 1014 1355 1036 se
1373 1006 1407 1036 in
1421 1006 1589 1046 speluncis,
1606 1010 1636 1038 et
1657 1006 1690 1036 in
1705 1005 1801 1046 petris

1028 1058 1197 1096 montium,
1213 1061 1244 1089 et
1258 1059 1370 1089 dicunt
1385 1059 1547 1090 montibus
1562 1062 1593 1090 et
1606 1059 1705 1099 petris
1720 1069 1727 1089 :
1744 1058 1801 1090 Ca-

1027 1111 1090 1142 dite
1105 1121 1200 1152 super
1214 1122 1287 1151 nos,
1307 1115 1338 1143 et
1356 1113 1536 1144 abscondite
1553 1123 1611 1145 nos
1626 1123 1645 1144 a
1659 1113 1737 1144 facie
1749 1121 1798 1144 se-

1027 1165 1129 1195 dentis
1144 1175 1240 1205 super
1254 1166 1417 1204 thronum,
1434 1169 1464 1197 et
1478 1167 1518 1197 ab
1532 1167 1579 1197 ira
1593 1167 1680 1206 Agni
1699 1177 1705 1197 :
1722 1175 1800 1206 quo-

1027 1218 1114 1248 niam
1130 1219 1236 1249 veniet
1251 1220 1316 1250 dies
1331 1229 1471 1259 magnus
1486 1221 1542 1251 irae
1556 1221 1711 1260 ipsorum.
1729 1231 1744 1249 n
1762 1219 1802 1251 Et

1027 1271 1171 1302 similiter
1187 1273 1207 1290 ¹⁰
1225 1281 1255 1302 :a
1270 1272 1309 1303 Et
1322 1273 1498 1303 introibunt
1513 1273 1545 1304 in
1560 1273 1726 1312 speluncas
1742 1281 1799 1313 pe-

1027 1326 1162 1361 trarum,
1180 1328 1211 1356 et
1226 1325 1260 1356 in
1277 1326 1445 1364 voragines
1458 1328 1551 1357 terrae
1566 1335 1585 1356 a
1599 1326 1676 1357 facie
1691 1326 1802 1357 formi-

1027 1378 1108 1409 dinis
1119 1379 1254 1418 Domini,
1265 1382 1296 1410 et
1308 1389 1327 1410 a
1336 1379 1439 1419 gloria
1449 1380 1622 1419 maJcstatis
1635 1381 1715 1420 eJus,
1727 1389 1801 1410 cum

1027 1433 1202 1463 surrexerit
1216 1435 1380 1472 percutere
1395 1436 1525 1470 terram,
1536 1444 1550 1461 1)
1565 1434 1624 1464 etc.
1639 1432 1728 1469 Quod
1742 1440 1801 1462 au-

1026 1487 1090 1515 tem
1105 1486 1182 1516 tales
1203 1486 1269 1516 dies
1283 1486 1451 1517 horribiles
1475 1486 1661 1526 expectandi
1680 1485 1743 1516 sint
1756 1485 1800 1515 in-

1027 1538 1217 1577 dubitanter,
1243 1541 1273 1569 et
1290 1538 1496 1577 formidandi,
1523 1548 1579 1578 per
1592 1539 1702 1569 fletum
1717 1547 1799 1578 prae-

1026 1592 1188 1629 veniendi,
1216 1592 1352 1623 ostendit
1380 1602 1419 1622 ex
1455 1592 1706 1623 consideratione
1733 1600 1800 1622 suae

1026 1645 1190 1683 passionis,
1203 1654 1277 1675 cum
1293 1645 1399 1675 subdit
1415 1645 1457 1683 (v.
1474 1646 1521 1684 31)
1541 1654 1549 1675 :
1568 1645 1653 1684 Quia
1667 1645 1696 1675 si
1708 1645 1742 1675 in
1755 1645 1801 1675 υἰ-

1026 1697 1092 1727 ridi
1105 1698 1192 1737 liqno
1207 1698 1274 1729 lioec
1295 1698 1429 1737 faciunt,
1442 1687 1489 1730 ⁸in
1515 1698 1606 1728 arido
1627 1698 1710 1738 quid
1723 1698 1801 1737 fiet?

1027 1750 1121 1787 Quasi
1141 1751 1223 1781 dicat
1244 1762 1250 1781 :
1272 1763 1286 1780 <1
1301 1751 1333 1782 Si
1352 1751 1524 1782 succiditur
1547 1751 1642 1782 arbor
1660 1751 1751 1789 viva,
1769 1753 1800 1782 et

1025 1804 1198 1843 fructuosa,
1210 1807 1241 1836 et
1254 1806 1404 1845 speciosa,
1418 1806 1494 1846 quid
1507 1815 1584 1845 ergo
1596 1806 1650 1837 fiet
1662 1805 1700 1836 de
1710 1805 1799 1836 arida

1026 1860 1057 1888 et
1070 1858 1287 1889 infructuosa?
1310 1859 1365 1889 Est
1386 1861 1493 1889 autem
1514 1857 1656 1889 Christus
1671 1857 1798 1897 lignum

1026 1911 1139 1948 viride,
1148 1912 1222 1951 quia
1231 1912 1354 1943 vivum.
1367 1911 1455 1942 Unde
1463 1911 1578 1942 dicitur
1589 1911 1608 1928 ¹¹
1620 1921 1650 1942 :a
1658 1911 1799 1951 Lignum

1025 1964 1100 1995 vitae
1126 1967 1173 1995 est
1194 1965 1260 2003 his,
1286 1965 1342 2005 qui
1377 1965 1645 2004 apprehenderint
1664 1973 1736 1996 eam
1753 1975 1761 1995 :
1777 1975 1794 1993 n

1026 2018 1141 2049 dicitur
1159 2019 1198 2049 de
1215 2018 1380 2059 sapientia.
1402 2018 1438 2048 Et
1454 2018 1523 2049 ideo
1537 2019 1727 2058 designatur
1740 2026 1798 2058 per

1025 2071 1154 2110 lignum
1164 2072 1250 2109 vitae,
1261 2072 1299 2103 de
1309 2081 1372 2111 quo
1383 2072 1415 2102 in
1428 2071 1544 2104 Genesi
1555 2073 1576 2091 ¹³
1586 2083 1592 2102 :
1602 2083 1617 2101 α
1627 2071 1797 2102 Produxit-

1025 2134 1087 2164 que
1102 2125 1255 2155 Dominus
1278 2125 1361 2156 Deus
1384 2126 1422 2155 de
1441 2125 1542 2156 humo
1557 2134 1652 2156 omne
1668 2125 1797 2163 lignum

1025 2178 1195 2218 pulchrum
1209 2178 1295 2216 visu,
1312 2180 1343 2209 et
1357 2178 1395 2209 ad
1410 2178 1603 2209 vescendum
1617 2187 1716 2210 suave
1732 2187 1741 2209 ε
1757 2178 1797 2208 11-

1026 2241 1130 2270 gnum
1143 2232 1238 2263 etiam
1256 2232 1332 2262 vitae
1346 2232 1380 2262 in
1395 2232 1500 2262 medio
1514 2231 1662 2271 paradisi.
1683 2242 1698 2260 1)
1717 2231 1798 2268 Quia

1026 2285 1120 2315 etiam
1134 2286 1332 2316 fructuosum
1345 2286 1367 2304 ¹³
1380 2296 1410 2315 2«
1423 2285 1471 2315 Ex
1483 2287 1618 2325 utraque
1632 2286 1721 2325 parte
1735 2285 1796 2316 tlu-

1026 2339 1123 2369 minis
1141 2339 1270 2378 lignum
1285 2339 1362 2368 vitae
1383 2338 1518 2369 afferens
1539 2338 1662 2369 fructus
1674 2337 1794 2368 duode-

1026 2393 1103 2430 cim,
1126 2401 1182 2432 per
1203 2401 1328 2423 menses
1346 2391 1493 2430 singulos
1507 2391 1642 2422 reddens
1656 2390 1795 2421 fructum

1026 2455 1133 2485 suum.
1151 2456 1165 2474 »
1184 2444 1265 2482 Quia
1278 2445 1460 2476 virtuosum
1477 2444 1498 2460 ¹⁸
1515 2454 1544 2475 z«
1559 2443 1647 2474 Folia
1660 2443 1699 2474 ad
1712 2443 1795 2482 ligni

1026 2499 1192 2529 sanitatem
1201 2498 1385 2538 gentium,1›
1401 2499 1460 2528 etc.
1475 2496 1500 2528 E
1515 2496 1683 2534 contrario,
1698 2496 1795 2528 homo

1025 2554 1170 2592 peccator
1189 2554 1236 2582 est
1248 2551 1375 2591 lignum
1385 2550 1526 2587 aridum,
1543 2549 1618 2589 quia
1632 2552 1716 2581 caret
1730 2550 1796 2583 vita

1025 2634 1035 2650 9
1050 2634 1135 2664 Alme„
1154 2639 1189 2663 vi,
1211 2634 1290 2657 15-16.
1312 2646 1344 2651 —
1357 2633 1378 2649 ¹⁰
1396 2631 1454 2661 Isa„
1470 2637 1503 2660 11,
1522 2632 1557 2654 19.
1573 2644 1604 2649 —
1619 2632 1636 2647 ¹¹
1653 2631 1737 2660 Pron..
1754 2638 1793 2661 111,

1028 2671 1065 2693 18.
1081 2670 1140 2687 —¹³
1154 2669 1265 2699 Gen.,11‚
1278 2670 1301 2693 9.
1313 2681 1344 2686 -
1358 2668 1378 2684 ¹⁸
1394 2667 1480 2697 Apoc„
1495 2672 1560 2695 xxu,
1575 2668 1598 2690 2.
1614 2679 1643 2684 —
1654 2667 1673 2683 ¹⁸
1683 2667 1747 2691 ibid.
