1987 3032
225 243 263 270 18
764 234 974 268 EVANGELII
998 233 1138 265 SANCTI
1162 233 1273 265 LUCAE

224 305 294 336 ideo
315 305 430 336 dicitur
451 305 535 345 quod
549 306 637 345 pater
657 304 736 335 dixit
759 304 859 334 servis
879 305 910 333 et
933 301 996 331 rni-

225 357 344 388 nistris.
368 358 447 388 Nam
467 358 512 388 sic
526 357 663 388 dicitur·
683 367 689 386 2
710 356 876 395 «Accipite
900 354 996 393 Spiri-

225 412 296 441 tum
322 413 485 449 sanctum,
511 419 650 450 quorum
678 408 862 439 remiseritis
886 415 996 446 pecca-

225 465 275 502 ta,
293 474 307 492 1)
324 466 382 494 etc.

267 515 427 553 Secundo,
445 517 602 555 quantum
617 514 656 544 ad
673 516 822 544 ornatum
844 513 996 542 honesta-

226 567 267 597 tis
278 568 442 598 exterioris
453 591 462 605 ‚
480 567 586 598 subdit
602 576 610 596 ε
628 567 672 597 Ec
687 566 760 596 date
783 564 942 595 annulum
965 564 997 593 in

227 630 328 651 mmm
351 621 435 659 ejus,
458 629 513 659 per
539 619 807 659 pulchritudinem
825 617 996 657 pudicitiae.

227 673 373 703 Annulus
387 674 472 703 enim
486 673 517 702 in
530 672 680 702 manibus
695 671 853 710 significat
867 670 998 708 despon-

227 726 381 756 sationem
394 749 402 763 ,
419 735 454 756 ac
470 734 526 764 per
552 725 612 755 hoc
637 726 758 754 castum
782 731 934 753 amorem.
952 721 999 751 Ex

228 787 291 817 quo
307 778 537 816 intelligimus,
554 777 639 817 quod
663 776 820 807 annulum
841 775 874 805 in
899 783 1000 804 manu

228 833 346 871 portat,
365 832 419 871 qui
435 831 618 871 pudicitiam
636 831 668 859 iu
688 829 838 869 operibus
859 828 925 857 suis
939 835 1001 856 ser-

228 886 294 914 vat.
310 884 385 914 Haec
399 884 563 923 pudicitia,
581 883 637 914 etsi
655 884 804 922 appareat
818 882 849 911 in
867 880 1001 918 integri-

228 937 291 967 tate
305 937 408 966 carnis
419 960 426 974 ,
442 937 582 966 maxime
596 938 703 966 tamen
718 935 858 965 consistit
875 934 909 963 in
924 933 1001 962 inte—

229 989 343 1027 gritate
359 989 449 1026 fidei,
467 989 643 1019 secundum
664 988 743 1017 illud
759 988 768 1003 ²
785 998 791 1016 z
813 998 826 1015 a
845 985 1001 1025 Despondi

228 1050 286 1071 vos
314 1042 371 1071 uni
399 1042 467 1071 viro
501 1041 663 1079 virginem
701 1041 819 1070 castam
851 1039 1002 1069 exhibere

230 1093 364 1123 Christo.
381 1104 395 1121 »
415 1092 503 1124 Unde
524 1093 662 1123 annulus
686 1094 733 1122 est
756 1091 829 1122 fidei
851 1091 1000 1130 signacu—

228 1147 315 1184 lum,
331 1156 394 1186 quo
407 1147 515 1177 anima
529 1147 749 1183 subarrhatur,
765 1147 801 1175 ut
821 1153 918 1184 opera
932 1145 1002 1183 ejus

228 1199 372 1238 placeant
386 1199 524 1236 Christo,
541 1199 615 1238 qnia
626 1198 670 1228 acl
684 1198 833 1228 [lebroeos
845 1199 855 1215 ³
871 1208 877 1227 z
896 1207 911 1225 «
929 1196 1002 1226 Sine

228 1252 290 1282 fide
310 1251 505 1290 impossibile
532 1253 579 1281 est
600 1250 722 1290 placere
744 1250 818 1280 Deo.
838 1261 852 1277 »
878 1248 950 1279 Ideo
973 1251 1003 1278 et

228 1303 321 1333 beata
340 1303 450 1341 Agnes
471 1303 594 1332 dicebat
608 1302 638 1332 ὦε
663 1301 819 1331 «Annulo
840 1300 913 1330 fidei
936 1308 1002 1330 suae

230 1356 434 1386 subarrhavit
448 1364 510 1385 me.
526 1366 540 1383 »
559 1354 649 1385 Tunc
669 1356 776 1384 autem
800 1352 938 1382 annulus
957 1353 1003 1381 est

230 1409 263 1438 in
279 1417 377 1438 manu
387 1431 394 1444 ,
406 1407 532 1446 quando
543 1407 621 1437 fides
631 1406 752 1436 relucet
763 1406 796 1435 in
807 1405 1000 1444 operatione,

231 1461 306 1500 quia
320 1460 455 1491 Jacobus
469 1462 499 1489 ⁵:
523 1470 536 1486 α
551 1458 642 1489 Fides
665 1459 732 1488 sine
747 1457 895 1496 operibus
919 1466 1003 1486 mor-

230 1515 285 1543 tua
300 1515 357 1543 est.
370 1523 383 1540 »
399 1511 484 1542 Unde
495 1511 604 1541 Glossa
613 1510 773 1541 Ambrosii
787 1510 797 1525 6
810 1520 816 1539 z
833 1521 847 1538 «
857 1510 939 1540 Date
949 1519 1004 1539 αη-

231 1564 364 1602 mclum,
390 1564 421 1594 id
445 1566 508 1600 est,
532 1562 736 1601 signaculum
759 1561 831 1591 fidei
846 1585 854 1599 ‚
879 1570 941 1600 quo
965 1561 1004 1590 si-

232 1619 376 1656 gnantur
399 1616 557 1656 promissa
579 1616 612 1644 in
636 1614 784 1645 cordibus
807 1613 961 1644 fidelium.
985 1624 999 1641 »

232 1670 313 1700 Date
329 1671 361 1699 ῖιι
376 1678 475 1700 manu
485 1692 493 1705 ,
508 1668 539 1698 id
554 1671 618 1704 est,
636 1668 670 1697 in
685 1667 883 1706 operatione,
899 1669 935 1696 ut
948 1675 1004 1705 per

233 1731 328 1761 opera
356 1722 433 1752 fides
459 1721 632 1756 clarescat,
657 1722 688 1749 et
714 1728 770 1758 per
789 1719 884 1749 fidem
908 1727 1005 1757 opera

233 1776 470 1805 confirmentur.
500 1772 535 1802 111
559 1773 651 1810 cujus
678 1772 724 1801 rei
750 1771 1004 1809 designationem

233 1827 347 1857 dicitur
360 1828 370 1843 ⁷
389 1838 396 1857 ·,
413 1838 426 1854 (ι
442 1825 529 1856 Tulit
544 1824 701 1855 annulum
714 1824 836 1854 Pharao
853 1824 891 1853 de
907 1832 1004 1853 mann

233 1889 306 1917 sua,
332 1881 363 1909 et
385 1878 469 1908 dedit
497 1886 571 1907 eum
600 1877 632 1906 in
659 1885 758 1906 manu
780 1876 906 1914 Joseph.
936 1876 1005 1906 »Et

235 1932 308 1971 quia
323 1940 387 1961 non
401 1929 517 1960 sufficit
535 1929 619 1968 quod
634 1928 748 1967 aliquis
768 1928 807 1957 sit
823 1928 956 1968 pudicus
972 1928 1005 1957 in

234 1984 383 2023 operibus
398 1983 464 2012 suis
474 2006 482 2019 ,
498 1981 559 2011 nisi
575 1981 670 2011 etiam
684 1981 723 2010 sit
737 1980 887 2010 obediens
903 1982 933 2010 et
948 1980 1005 2010 hu-

234 2036 336 2072 milis⁷
356 2035 424 2065 ideo
449 2034 555 2064 subdit
574 2044 581 2063 z
598 2034 643 2064 Et
668 2033 883 2063 calceamenta
905 2032 938 2062 in
950 2041 1005 2071 [Je-

236 2088 288 2119 des
303 2088 389 2127 ejus,
406 2096 462 2126 per
483 2086 768 2126 promptitudinem
795 2086 911 2116 scilicet
933 2086 1007 2116 ohe-

235 2141 373 2172 dientiae.
386 2139 446 2176 Qui
456 2139 541 2169 enim
554 2138 709 2168 calceatus
719 2138 757 2176 (a)
767 2140 824 2175 est,
841 2140 1007 2176 promptus

237 2196 283 2224 est
298 2193 337 2224 ad
351 2191 576 2228 itinerandum,
593 2192 721 2229 propter
737 2190 822 2229 quod
836 2190 952 2220 dicitur
967 2192 976 2207 ⁸
996 2201 1002 2220 :

241 2258 255 2275 α
264 2245 395 2276 Calceati
411 2245 446 2284 (b)
460 2243 554 2283 pedes
569 2243 603 2272 in
616 2242 845 2281 praeparatione
855 2242 889 2280 tc)
904 2241 1006 2272 Evan-

239 2299 315 2338 gelii
330 2298 425 2337 pacis.
441 2308 455 2324 »
474 2296 562 2327 Tunc
574 2298 681 2325 autem
696 2295 754 2324 ista
768 2294 946 2324 obedientia
961 2297 1006 2324 est

238 2351 378 2381 maxime
392 2349 520 2389 placita,
541 2348 668 2387 quando
682 2348 718 2378 fit
732 2356 771 2377 ex
793 2347 908 2378 affectu
922 2347 1005 2377 filia-

237 2404 261 2434 li
272 2405 282 2421 9
298 2413 306 2434 :
324 2416 338 2433 (ι
349 2403 451 2439 Quam
465 2401 592 2441 pulchri
607 2402 679 2431 sunt
692 2409 821 2439 gressus
835 2400 881 2430 tui
897 2400 932 2430 in
947 2401 1006 2430 cal-

238 2456 424 2492 ceamentis,
439 2454 505 2484 filia
522 2453 672 2493 principis
683 2454 697 2483 ‘?
712 2464 726 2481 »
746 2456 782 2483 Et
806 2453 880 2492 quia
898 2452 1006 2483 nullus

237 2512 284 2540 est
297 2509 429 2540 idoneus
443 2507 481 2537 ad
496 2505 726 2536 transeundum
743 2515 782 2535 ex
802 2506 863 2535 hoc
886 2505 1005 2535 mundo

270 2573 274 2585 ¹
291 2571 373 2598 Joan.,
393 2575 441 2596 xx,
456 2568 535 2591 22-23.
553 2579 582 2584 —
597 2567 607 2582 ²
623 2567 640 2589 ll
663 2566 730 2591 Cor„
746 2572 785 2594 xi,
807 2568 830 2589 2.
847 2579 873 2582 —-
896 2566 904 2579 ³
921 2565 1005 2596 Helua,

236 2611 275 2635 xi,
292 2607 314 2629 5.
330 2617 360 2622 -
373 2605 382 2621 ἢ
398 2606 489 2634 Agnes,
503 2602 529 2624 in
545 2602 612 2631 Resp.
630 2600 682 2631 ejus
697 2600 762 2623 sesti.
779 2613 804 2616 —
821 2601 830 2617 ⁵
843 2602 904 2629 lac„
923 2606 950 2629 11,
966 2602 1003 2624 20.

236 2654 267 2658 —
294 2642 302 2653 ὃ
330 2640 412 2662 (iloss.
438 2638 464 2661 in
490 2637 560 2660 hunc
588 2636 648 2665 loc.,
676 2641 704 2658 ex
738 2635 855 2658 Auibros.
886 2636 909 2657 fn
938 2635 1004 2662 Luc„

236 2675 278 2698 lib.
295 2675 399 2702 ΧΧΥΗ,
418 2680 443 2696 n.
465 2673 518 2696 231.
533 2683 564 2688 —
582 2671 588 2684 ⁷
609 2671 678 2698 Gen„
700 2676 756 2699 xm,
776 2671 813 2693 12,
829 2683 855 2687 -
878 2670 888 2685 θ
903 2669 1004 2699 Ephes„

1050 300 1089 330 ad
1113 299 1259 336 Patrem,
1283 300 1344 330 nisi
1367 301 1513 332 habuerit
1537 302 1819 342 promptitudinem

1050 352 1236 383 obedientia}
1249 363 1256 388 ;
1276 353 1344 383 ideo
1363 354 1396 383 in
1410 364 1466 384 esu
1489 355 1643 394 paschalis
1658 355 1735 394 agni
1751 355 1821 385 haec

1050 404 1142 434 datur
1157 405 1268 434 edendi
1284 405 1385 435 forma
1395 406 1416 422 ¹⁰
1429 417 1435 436 :
1451 418 1465 434 «
1476 406 1577 437 Renes
1585 410 1706 438 vestros
1721 407 1822 438 accin—

1052 457 1152 495 getis,
1178 459 1209 487 et
1236 457 1447 489 calceamenta
1478 462 1583 489 vestra
1608 460 1765 491 habebitis
1788 460 1822 490 in

1051 508 1184 547 pedibus
1199 532 1207 546 ‚
1233 511 1376 540 tenentes
1403 511 1530 542 baculos
1553 512 1586 542 in
1608 513 1775 549 manibus,
1792 514 1823 543 et

1051 561 1221 592 comedetis
1242 562 1426 593 festinanter
1442 563 1486 601 (cl)
1502 575 1508 594 ε
1525 566 1572 594 est
1594 565 1680 595 enim
1703 565 1801 605 phase
1813 588 1821 602 ‚

1051 614 1083 644 id
1113 616 1160 644 est
1195 615 1345 645 transitus
1376 615 1513 646 Domini.
1543 627 1557 644 »
1592 616 1631 647 Et
1654 617 1724 648 haec
1747 617 1823 648 obe-

1052 666 1170 696 dientia
1194 667 1333 697 maxime
1356 668 1531 707 requiritur
1551 669 1585 699 in
1607 669 1823 708 praedicaton-

1052 718 1123 755 bus,
1135 718 1280 758 exemplo
1291 720 1405 750 Christi
1414 723 1444 751 et
1455 723 1636 752 sanctorum
1646 722 1682 752 ¹¹:
1697 732 1712 750 (ι
1722 721 1825 759 Quam

1053 771 1180 810 pulchri
1203 780 1298 811 suepr
1314 774 1437 803 montes
1450 773 1546 812 pedes
1561 774 1781 805 annuntiantis
1795 776 1826 805 et

1053 824 1253 863 praedicantis
1283 833 1413 863 pacem,
1442 827 1660 857 annuntiantis
1685 828 1824 865 bonum,

1054 877 1255 915 praedicantis
1270 877 1403 908 salutem
1415 901 1424 916 ,
1439 878 1571 909 dicentis
1588 879 1663 910 Sion
1677 888 1686 910 ι
1702 878 1826 918 Regna-

1055 928 1101 958 bit
1115 929 1196 959 Deus
1212 931 1303 959 tuus!
1320 941 1335 957 »
1357 930 1441 961 Unde
1457 930 1540 961 Beda
1554 942 1561 961 :
1581 943 1595 960 «
1612 931 1827 962 calceamenta

1055 983 1162 1011 autem
1186 982 1219 1011 in
1235 982 1329 1021 pedes
1353 983 1493 1013 officium
1518 984 1757 1023 evangelizandi
1771 984 1827 1015 de-

1055 1034 1218 1071 nuntiant,
1236 1037 1271 1064 ut
1285 1044 1398 1065 cursus
1412 1036 1527 1066 mentis
1547 1037 1585 1067 ad
1609 1036 1744 1067 coelestia
1757 1038 1827 1067 ten-

1056 1086 1149 1123 denS,
1165 1095 1184 1116 a
1199 1088 1398 1117 terrenarum
1421 1088 1569 1127 contagio
1592 1097 1703 1119 rerum
1723 1088 1827 1119 invio-

1056 1138 1119 1168 lata
1133 1141 1277 1169 servetur
1291 1142 1321 1170 et
1342 1140 1476 1178 munda,
1493 1141 1702 1181 priorumque
1723 1141 1828 1172 muni-

1056 1192 1108 1220 tus
1124 1192 1297 1231 exemplis,
1315 1202 1410 1232 super
1430 1196 1589 1232 serpentes
1606 1196 1637 1224 et
1649 1194 1828 1234 scorpiones

1056 1252 1186 1274 securus
1207 1244 1340 1275 incedat.
1359 1256 1373 1273 »
1389 1245 1492 1283 Unde,
1518 1246 1593 1285 quia
1616 1246 1829 1277 calceamenta

1056 1296 1138 1325 fiunt
1163 1296 1201 1326 de
1230 1297 1362 1336 pedihus
1391 1298 1579 1329 animalium
1605 1301 1826 1337 mortuorum,

1057 1357 1114 1387 per
1128 1348 1188 1378 hoc
1202 1352 1334 1387 possunt
1343 1350 1511 1389 designare
1523 1351 1670 1391 exempla
1683 1351 1828 1390 priorum

1057 1402 1184 1439 patrum
1204 1424 1214 1438 ,
1245 1402 1327 1432 sicut
1353 1402 1405 1432 hic
1433 1403 1507 1433 dicit
1531 1402 1615 1434 Beda
1642 1404 1676 1433 in
1701 1402 1826 1440 Glossa3

1058 1453 1134 1492 quia
1148 1462 1224 1483 vero
1239 1453 1388 1484 dicuntur
1403 1454 1471 1484 dari
1486 1455 1520 1485 in
1535 1455 1645 1494 pedes,
1661 1455 1829 1494 designare

1058 1507 1191 1544 possunt
1223 1507 1412 1537 vetustatem
1447 1507 1576 1546 peccati.
1610 1507 1682 1538 Ideo
1714 1507 1830 1538 dicitur

1059 1557 1160 1596 Moysi
1175 1558 1196 1575 ¹²
1214 1569 1220 1588 :
1239 1569 1253 1586 a
1280 1558 1372 1589 Solve
1401 1558 1650 1590 calceamentum
1678 1559 1717 1590 de
1741 1559 1829 1599 pedi-

1059 1610 1128 1640 bus.
1145 1621 1160 1638 »
1180 1610 1217 1640 Et
1233 1619 1328 1650 supra
1344 1612 1365 1630 ¹³
1383 1622 1389 1640 :
1412 1623 1426 1639 «
1448 1611 1550 1643 Nolite
1573 1614 1699 1652 portare
1720 1621 1831 1644 saccu-

1059 1662 1127 1692 lum
1138 1686 1148 1700 ,
1166 1671 1268 1701 neque
1289 1672 1399 1702 peram
1416 1687 1423 1700 ‚
1447 1673 1551 1704 neque
1576 1664 1796 1696 calceamenta.
1814 1676 1830 1694 1)

1061 1714 1147 1745 Unde
1162 1724 1259 1754 supra
1274 1715 1417 1755 loquitur
1431 1717 1470 1747 de
1486 1717 1706 1748 calceamentis
1725 1717 1765 1748 ad
1779 1718 1833 1748 lit-

1060 1768 1180 1805 teram;
1197 1768 1250 1798 hic
1264 1770 1385 1806 autem,
1403 1777 1459 1808 per
1483 1769 1725 1800 similitudinem
1740 1779 1832 1809 para-

1060 1819 1207 1850 bolicam.

1100 1873 1151 1900 ⁶23.
1166 1871 1199 1901 E
1201 1874 1213 1900 t
1224 1870 1371 1901 adducite
1392 1872 1529 1902 vitulum
1546 1874 1742 1912 seminatum.
1759 1873 1834 1904 Post

1061 1923 1310 1953 misericordiam
1329 1924 1361 1953 in
1383 1925 1582 1963 suscipiendo
1604 1926 1786 1965 indignum,
1802 1928 1834 1956 et

1061 1976 1222 2006 vestiendo
1237 1977 1373 2014 nudum,
1392 1978 1538 2008 subditur
1551 1979 1603 2009 hic
1618 1980 1833 2010 misericordia

1061 2028 1093 2058 in
1103 2029 1272 2059 reficiendo
1286 2029 1478 2060 famelicum.
1495 2030 1533 2060 Et
1542 2030 1603 2061 hoc
1612 2034 1697 2062 recto
1704 2031 1830 2070 ordine;

1061 2081 1136 2120 quia
1150 2083 1220 2120 post
1242 2081 1463 2112 remissionem
1483 2082 1668 2122 culparum,
1688 2085 1720 2114 et
1735 2085 1831 2115 vesti—

1061 2133 1180 2163 tionem
1197 2133 1363 2171 virtutum,
1379 2134 1524 2173 sequitur
1539 2135 1721 2166 divinarum
1731 2136 1835 2167 oblec-

1061 2185 1136 2215 tatio
1151 2185 1346 2222 deliciarum,
1372 2195 1445 2225 quae
1468 2187 1634 2226 consurgit
1652 2197 1693 2218 ex
1715 2188 1833 2228 duplici

1062 2238 1321 2268 consideratione.
1357 2239 1473 2269 scilicet
1508 2248 1549 2270 ex
1585 2240 1834 2272 consideratione

1062 2289 1234 2321 Salvatoris
1249 2291 1367 2327 nostri,
1385 2293 1415 2321 et
1430 2291 1570 2322 hominis
1586 2292 1710 2324 salvati.

1103 2343 1210 2374 Primo
1230 2344 1348 2382 igitur,
1373 2347 1529 2383 quantum
1553 2345 1592 2376 ad
1615 2346 1835 2378 consideratio-

1062 2404 1136 2426 nem
1152 2396 1323 2426 Salvatoris
1337 2397 1437 2426 nostri
1459 2396 1585 2434 Christi,
1601 2398 1676 2429 dicit
1692 2409 1699 2429 z
1727 2399 1833 2430 Addu-

1062 2449 1120 2478 cc'te
1134 2448 1270 2478 vitulum
1284 2450 1468 2488 saqinatzcm
1479 2472 1486 2486 ,
1509 2453 1539 2480 et
1552 2450 1692 2481 occidite.
1708 2450 1833 2482 vitulus

1062 2502 1120 2531 iste
1135 2501 1301 2539 saginatus
1314 2504 1360 2532 est
1376 2502 1517 2533 Christus
1528 2512 1586 2542 pro
1593 2503 1685 2534 nohis
1698 2504 1830 2541 occisus,

1062 2564 1101 2587 xi,
1126 2560 1161 2582 15.
1182 2571 1213 2576 —
1233 2559 1241 2572 ’
1257 2559 1337 2585 Cant..
1361 2565 1410 2589 vu,
1435 2561 1456 2582 1.
1474 2572 1505 2576 —
1527 2560 1548 2576 ¹⁰
1569 2559 1661 2590 Exod„
1680 2565 1731 2590 xit,
1750 2561 1787 2584 Η.
1802 2572 1832 2578 -—

1063 2595 1081 2610 ¹¹
1096 2593 1155 2622 lm„
1173 2599 1218 2622 Lu,
1234 2594 1256 2616 Τ.
1269 2607 1299 2611 -
1312 2594 1330 2609 ¹2
1345 2594 1435 2623 Emi„
1452 2599 1491 2622 111,
1507 2595 1529 2617 5.
1543 2607 1574 2611 -
1589 2594 1608 2611 ¹³
1620 2595 1693 2624 Sup„
1707 2600 1733 2623 x.
1747 2595 1771 2619 4.

1094 2633 1123 2662 (a)
1150 2632 1211 2655 Coet.
1239 2632 1298 2656 edet.
1325 2633 1453 2656 calciatus,
1476 2645 1506 2650 —-—
1531 2632 1566 2663 (b)
1592 2633 1652 2656 Item
1675 2633 1781 2657 calciati.
1802 2647 1829 2651 —

1063 2667 1091 2698 (c)
1109 2668 1169 2691 Item
1186 2667 1442 2696 praeparnuonem.—
1459 2667 1498 2697 (d)
1515 2668 1575 2691 Item
1589 2667 1746 2692 festinantes.
