1987 3032
214 216 251 244 10
757 214 967 246 EVANGELII
990 216 1129 248 SANCTI
1153 215 1267 248 LUCAE

212 280 386 311 contristati
401 281 475 311 estis
489 282 527 311 ad
552 283 780 322 poenitentiam.
802 281 979 312 Contristati

212 334 296 364 enim
307 334 380 364 estis
388 335 562 365 secundum
575 336 690 373 Deum,
704 338 738 366 ut
749 336 780 365 in
792 335 878 365 nullo
889 335 979 365 ‹letri-

213 389 356 417 mentum
373 388 536 427 patiamini
556 397 595 419 ex
616 389 717 419 nobis.
737 388 813 425 Qua:
828 388 913 418 enim
928 397 976 418 se-

212 441 354 471 cundnm
370 440 469 471 Deum
484 442 611 472 tristitia
629 444 690 479 est,
713 441 929 482 poenitentiam
946 441 979 471 in

212 494 347 524 salutem
360 494 503 524 stabilem
515 497 674 534 operatur.
688 506 701 522 n
720 494 757 524 Et
772 496 840 533 post
854 495 977 525 subdit:

216 559 230 575 (t
245 547 278 577 In
294 548 383 578 vobis
400 550 549 587 operatur
570 547 829 583 sollicitudinem;
855 547 907 577 sed
924 548 978 578 de-

212 601 397 638 fensionem,
410 602 463 632 sed
478 601 742 640 indignationem,
755 601 808 631 sed
819 601 977 636 timorem,

212 654 265 684 sed
280 654 486 691 desiderium,
503 654 555 684 sed
571 653 808 684 aemulationem
819 677 826 690 ,
843 653 896 683 sed
912 654 981 683 vin-

212 709 366 738 dictam.»
383 708 421 738 Et
442 717 481 738 ex
500 707 551 737 his
572 707 694 738 debitus
714 706 816 737 honor
839 705 981 736 redditur

212 761 328 792 divinae
341 761 496 800 maJestati
508 783 516 797 ,
534 769 688 791 numerus
709 759 843 790 coelestis
867 758 980 798 imple-

213 816 275 851 tur,
292 816 320 845 et
342 816 545 853 recuperatur
566 814 671 844 unitas
693 812 908 843 ecclesiasticae
924 821 979 851 pa-

213 867 265 897 cis.
294 866 331 897 Et
354 866 423 897 ideo
447 866 482 896 in
505 866 710 896 conversione
740 867 769 895 et
798 865 981 904 poenitentia

212 919 308 950 unius
330 920 499 959 peccatoris
524 919 635 949 merito
660 919 779 949 exultat
805 918 981 948 hierarchia

211 973 449 1013 supercoelestis,
467 975 497 1003 et
512 973 716 1003 subcoelestis.

251 1028 300 1056 11.
315 1026 372 1055 Att
380 1029 487 1055 autem
498 1035 508 1056 .·
520 1026 624 1056 Homo
635 1024 768 1065 quidam
779 1024 890 1055 habuit
902 1024 981 1055 (laos

207 1079 301 1117 filios.
319 1078 392 1109 Post
408 1078 588 1118 parabolam
611 1078 649 1108 de
672 1080 794 1118 pastore
813 1080 844 1108 et
867 1078 981 1108 ovibus

209 1132 286 1168 suis,
303 1134 334 1162 et
347 1132 384 1161 de
397 1132 529 1162 muliere
544 1134 574 1161 et
589 1131 758 1169 drachmis,
773 1131 918 1161 subditur
929 1130 981 1160 liic

210 1185 301 1215 tertio
318 1185 466 1224 parabola
482 1185 519 1214 de
535 1187 623 1224 patre
637 1186 668 1214 et
683 1184 765 1222 filiis,
781 1186 817 1214 ut
832 1184 888 1220 sic,
906 1192 980 1213 cum

210 1237 350 1268 maxima
367 1238 408 1267 sit
428 1237 527 1277 pietas
543 1238 639 1276 patris
655 1238 692 1267 ad
708 1237 822 1275 filium,
841 1237 982 1266 maxima

208 1290 390 1320 ostendatur
411 1290 463 1320 hic
484 1290 581 1329 pietas
605 1290 658 1319 Dei
682 1299 762 1328 erga
785 1291 982 1329 peccatorem

209 1352 409 1379 conversum,
426 1343 482 1381 qui
501 1342 692 1380 intelligitur
712 1351 767 1382 per
784 1342 888 1372 tilium
905 1351 982 1381 pro-

209 1396 334 1434 digum.
364 1395 402 1425 Et
422 1395 573 1434 quoniam
599 1395 813 1425 misericordia
836 1395 930 1433 patris
950 1395 983 1424 in

209 1449 268 1479 hoc
280 1447 464 1485 ostenditur,
482 1448 566 1487 quod
582 1447 735 1478 revelavit
750 1447 909 1477 miseriam
926 1447 983 1476 filii

210 1501 298 1541 prius
320 1500 475 1540 peccantis
487 1524 494 1538 ,
512 1502 542 1530 et
567 1500 768 1539 postmodum
784 1500 980 1539 poenitenti53

211 1554 280 1584 ideo
296 1554 327 1583 in
342 1553 401 1583 hac
414 1553 563 1592 parabola
574 1555 710 1592 quatuor
721 1553 869 1583 describit
883 1553 984 1583 Evan-

211 1607 335 1646 gelista.
352 1606 458 1637 Primo
469 1616 608 1646 namque
623 1606 771 1636 describit
783 1606 841 1636 filii
856 1606 984 1646 prodigi

212 1660 427 1696 insolentiam3
446 1660 595 1697 secundo,
613 1659 775 1689 miseriam
790 1662 820 1690 et
834 1660 984 1699 indigen-

212 1712 300 1750 tiam,
325 1713 369 1743 ibi
389 1713 395 1729 ¹
413 1723 420 1742 ε
443 1713 619 1752 Postquam
643 1713 752 1743 omnia
772 1722 986 1743 consummas-

212 1769 267 1803 set,
278 1767 349 1802 0th
362 1765 452 1795 tertio
462 1766 488 1804 ej
495 1765 604 1796 usdem
613 1766 841 1805 poenitentiam,
853 1766 895 1795 ibi
904 1769 915 1784 ²
928 1777 934 1796 z
946 1766 986 1796 In

212 1828 244 1848 se
257 1822 364 1848 autem
388 1827 530 1849 reversus
545 1818 637 1856 dizit,
659 1821 737 1856 etc.;
760 1821 874 1858 quarto
889 1819 986 1858 patris

214 1870 474 1908 misericordiam,
502 1871 544 1901 ibi
569 1874 579 1889 ⁸
608 1880 615 1901 :
644 1871 726 1902 Cum
747 1875 855 1901 autem
880 1871 984 1901 adhuc

214 1923 306 1962 lonqe
317 1927 403 1961 esset,
412 1925 470 1954 etc.
484 1923 587 1954 Ethoc
597 1924 725 1963 quidem
737 1924 987 1954 sacitrectissimo

214 1984 362 2015 processu
378 1978 408 2005 et
423 1976 545 2006 ordine.
569 1975 648 2007 Nam
663 1976 828 2007 insolentia
849 1977 988 2016 praecipi-

214 2028 292 2058 tavit
312 2028 344 2057 in
363 2028 524 2058 miseriam
546 2030 576 2058 et
601 2029 635 2058 in
654 2029 880 2068 indigentiam;
907 2029 987 2060 indi-

216 2081 324 2117 gentia
342 2083 449 2111 autem
474 2081 622 2112 excitavit
641 2082 680 2112 ad
695 2082 932 2121 poenitentiam3
959 2084 989 2112 et

215 2133 397 2172 poenitentia
416 2134 608 2173 praeparavit
631 2135 669 2165 ad
691 2135 788 2173 patris
809 2135 989 2165 misericor-

215 2185 298 2215 diam
316 2186 530 2216 obtinendam.
548 2186 634 2217 Circa
644 2187 700 2216 filii
712 2187 837 2226 prodigi
851 2188 988 2218 insolen-

216 2238 292 2267 tiam
317 2239 554 2278 exprimendam
565 2263 575 2278 ,
600 2240 660 2270 tria
682 2240 928 2270 introducuntur
950 2241 990 2271 ab

215 2290 429 2329 Evaugelista,
441 2292 557 2322 scilicet
567 2293 703 2323 conditio
713 2292 867 2323 libertatis
880 2294 991 2323 huma-

215 2352 276 2381 nae,
297 2344 485 2383 perpetratio
506 2345 695 2376 voluntariae
715 2346 827 2386 culpae,
851 2349 881 2376 et
896 2346 991 2377 (lissi-

216 2396 298 2435 patio
313 2396 399 2433 boni,
417 2396 528 2435 gratiae
542 2399 571 2426 et
586 2400 719 2428 naturae.

256 2448 362 2478 Primo
387 2448 505 2487 igitur,
530 2452 688 2489 quantum
713 2451 752 2481 ad
776 2451 991 2482 conditionem

215 2501 367 2531 libertatis
380 2501 542 2539 humanae,
560 2502 634 2532 dicit
648 2513 653 2532 2
668 2503 771 2533 Homo
785 2505 920 2544 quidam
932 2505 995 2538 Ιια.

249 2599 254 2611 “
274 2598 330 2628 tuf„
353 2605 376 2622 v.
405 2600 442 2623 ile.
461 2612 490 2616 -—
512 2600 519 2613 ²
539 2600 596 2630 Ins„
618 2608 642 2623 v.
664 2601 700 2624 Π.
721 2614 749 2618 -
770 2602 779 2617 ³
796 2602 851 2632 tufi,
871 2611 896 2627 v.
911 2604 949 2627 20.
964 2617 994 2621 —

217 2633 227 2648 Α
243 2633 315 2660 Dan„
331 2639 360 2664 x,
380 2635 416 2657 18.
433 2647 461 2652 —
479 2636 488 2651 ⁵
500 2636 583 2665 Joan„
599 2641 661 2666 vni,
678 2637 715 2661 35.
732 2649 760 2654 —
776 2638 784 2651 ⁰
800 2638 871 2661 Psal.
888 2645 936 2668 cn,
956 2640 981 2663 13

219 2680 249 2687 -
262 2668 271 2683 ⁷
287 2668 376 2699 Eccle„
391 2675 427 2699 xz,
443 2670 481 2694 20.
500 2683 525 2687 ——
544 2670 640 2702 ⁸1bid.,
660 2672 682 2695 9.

1033 283 1100 314 buit
1119 283 1197 314 duos
1215 284 1310 322 filios.
1328 282 1387 314 Per
1406 283 1570 313 hominem
1592 284 1687 313 istum
1699 307 1706 319 ,
1726 283 1806 314 sicut

1032 345 1116 376 saepe
1131 337 1250 367 dictum
1267 338 1323 373 est,
1342 335 1552 374 intelligimus
1566 336 1738 366 Dominum
1754 336 1806 366 be-

1033 389 1171 428 nignum
1186 391 1217 419 et
1232 389 1330 429 pium.
1349 388 1428 419 Nam
1446 389 1510 428 ipse
1526 389 1648 419 ratione
1670 398 1805 420 summae

1032 442 1167 481 pietatis,
1185 451 1257 481 quae
1277 441 1377 471 reddit
1396 450 1469 471 eum
1496 441 1672 480 benignum
1696 444 1727 472 et
1743 442 1804 473 hu-

1034 503 1165 524 manum
1189 503 1267 533 erga
1290 494 1468 531 hominem,
1492 494 1586 524 homo
1611 495 1722 526 merito
1746 495 1806 526 dici

1033 549 1149 587 potest;
1174 547 1258 577 unde
1280 546 1386 576 Daniel
1401 547 1410 561 ’
1435 557 1441 576 ;
1468 558 1482 574 <1
1502 546 1620 585 Tetigit
1644 557 1694 578 me
1717 548 1807 588 quasi

1034 601 1113 631 visio
1129 599 1279 637 hominis,
1298 601 1329 629 et
1345 599 1533 629 confortavit
1547 608 1609 630 me.
1623 611 1637 627 ι)
1653 600 1700 631 Ad
1716 602 1808 640 quus

1034 653 1128 683 etiam
1139 652 1392 691 designationem
1403 651 1482 681 Deus
1495 652 1526 681 iu
1535 652 1642 691 effigie
1653 653 1805 691 humana,

1035 716 1090 745 per
1105 707 1280 745 subjectam
1298 707 1491 742 creaturam,
1508 706 1689 744 frequenter
1707 715 1807 746 appa-

1034 760 1099 790 ruit
1113 759 1228 789 sanctis
1250 758 1392 798 patribus
1409 760 1439 787 et
1461 758 1633 796 prophetis.
1657 758 1716 788 Per
1731 759 1809 789 duos

1034 814 1142 843 autem
1171 812 1251 841 filios
1275 810 1483 849 intelligimus
1512 810 1645 841 humani
1680 812 1809 849 generis

1035 865 1288 901 universitatem,
1305 872 1368 893 nou
1384 863 1488 893 solum
1504 864 1607 903 quoad
1628 864 1765 895 Gentiles
1779 866 1811 895 et

1034 918 1049 948 J
1055 918 1171 955 udaeos,
1188 917 1267 947 sicut
1281 915 1388 946 Glossa
1403 917 1543 955 exponit,
1561 916 1615 947 sed
1634 919 1664 947 et
1679 926 1809 956 geueia-

1034 971 1105 1001 liter
1124 970 1229 1010 quoad
1253 970 1436 999 innocentes
1457 972 1487 999 et
1506 970 1712 1009 poenitentes,
1730 971 1810 1001 sicut

1035 1026 1157 1063 oportet
1182 1023 1315 1061 intelligi
1337 1032 1377 1052 ex
1399 1022 1466 1061 ipsa
1488 1023 1697 1062 applicatione
1717 1032 1811 1063 para-

1036 1076 1127 1106 bolae.
1146 1076 1232 1106 Unde
1248 1076 1332 1106 Beda
1345 1085 1351 1105 z
1369 1088 1383 1103 «
1395 1075 1470 1105 Haec
1484 1076 1633 1115 parabola
1647 1076 1684 1106 de
1699 1075 1810 1106 Judaeo

1035 1131 1066 1160 et
1081 1128 1204 1165 Gentili,
1221 1128 1411 1167 generaliter
1426 1128 1463 1158 de
1476 1129 1648 1168 pcenitente
1665 1131 1696 1159 et
1708 1130 1808 1168 justo,

1036 1182 1088 1213 vel
1102 1182 1156 1222 qui
1173 1182 1349 1221 sibijustns
1362 1182 1498 1219 videtur,
1514 1185 1615 1221 potest
1631 1182 1779 1221 intelligi.
1791 1193 1806 1210 n

1037 1235 1074 1265 Et
1089 1235 1122 1265 lii
1137 1235 1285 1265 dicuntur
1300 1234 1374 1271 tilii,
1392 1235 1447 1273 qui
1467 1234 1500 1264 in
1523 1234 1667 1265 libertate
1689 1235 1811 1265 arbitrii

1037 1289 1113 1318 sunt
1126 1287 1233 1324 creati,
1250 1289 1281 1317 et
1296 1287 1335 1317 ad
1351 1289 1505 1317 aeternam
1520 1288 1738 1318 haereditatem
1754 1288 1812 1318 ha-

1038 1341 1173 1371 bendam
1189 1341 1199 1356 ⁵
1216 1351 1222 1370 :
1245 1352 1259 1369 t(
1275 1341 1392 1370 Servus
1407 1349 1469 1370 non
1487 1342 1593 1370 manet
1612 1341 1646 1370 in
1669 1341 1763 1371 domo
1779 1342 1813 1371 in

1037 1396 1206 1430 aeternum,
1224 1393 1308 1423 filius
1329 1395 1434 1423 manet
1449 1393 1482 1422 in
1504 1396 1673 1424 aeternum.
1690 1405 1704 1421 »
1724 1393 1812 1424 Unde

1038 1448 1070 1477 in
1088 1447 1211 1477 Psalmo
1224 1447 1233 1462 ‘³
1251 1455 1259 1476 ε
1281 1458 1294 1474 α
1309 1446 1474 1483 Quomodo
1490 1447 1659 1477 miseretur
1674 1451 1763 1486 pater
1778 1448 1813 1477 fi-

1038 1501 1154 1531 liorum
1167 1524 1174 1538 ,
1202 1500 1349 1529 misertus
1374 1502 1421 1530 est
1448 1500 1600 1530 Dominus
1628 1500 1814 1531 timentibus

1039 1562 1081 1583 se.
1099 1564 1112 1580 n
1132 1552 1169 1582 Et
1186 1552 1261 1592 quia
1273 1552 1399 1582 libertas
1415 1552 1536 1582 arbitrii
1551 1553 1584 1582 in
1599 1553 1688 1582 vanis
1701 1555 1732 1583 et
1747 1562 1814 1593 pec—

1040 1606 1198 1636 catoribus
1212 1606 1393 1644 frequenter
1406 1605 1442 1635 de
1457 1605 1590 1645 propriis
1602 1606 1726 1636 viribus
1737 1616 1815 1646 prae-

1041 1659 1148 1696 sumit,
1164 1661 1194 1688 et
1209 1659 1267 1688 sibi
1282 1660 1414 1697 usurpat
1425 1658 1509 1697 quod
1524 1658 1578 1688 Dei
1589 1660 1646 1696 est⁷
1663 1658 1732 1690 ideo
1745 1660 1816 1690 sub-

1041 1712 1086 1741 dit
1102 1712 1143 1750 (v.
1158 1713 1204 1749 12)
1219 1722 1225 1741 z
1238 1712 1269 1742 E
1272 1716 1283 1741 t
1298 1711 1379 1741 <istest
1390 1710 1616 1741 adolescentior
1632 1720 1671 1741 ez
1686 1711 1749 1743 illis
1757 1721 1817 1752 pa-

1042 1765 1100 1795 tri:
1110 1765 1217 1802 Pater,
1229 1764 1269 1794 (la
1277 1764 1542 1804 miln'porcionem
1552 1765 1817 1806 substantioequae

1042 1828 1092 1848 me
1107 1818 1271 1857 contae'nqz‘t.
1290 1818 1349 1847 Iste
1372 1818 1599 1848 adolescentior
1619 1818 1733 1848 dieitur
1753 1818 1816 1854 iile,

1043 1872 1098 1910 qui
1114 1871 1227 1901 vanior
1242 1873 1299 1908 est,
1321 1873 1351 1901 et
1370 1871 1410 1901 ad
1429 1871 1588 1900 sensibilia
1610 1871 1692 1901 bona
1712 1872 1818 1911 magis

1043 1924 1198 1960 intentus,
1218 1924 1392 1953 secundum
1412 1923 1489 1953 illud
1505 1923 1709 1954 Ecclesiastae
1725 1926 1764 1963 (α)
1779 1925 1789 1941 ⁷
1808 1936 1816 1956 z

1048 1989 1061 2005 α
1077 1976 1294 2006 Adolescentia
1308 1975 1393 2005 enim
1410 1978 1439 2005 et
1450 1974 1597 2014 voluptas
1608 1985 1691 2006 vana
1701 1980 1787 2008 suut.
1799 1990 1813 2005 n

1045 2029 1118 2060 Et⁸2
1134 2041 1148 2057 «
1160 2028 1291 2064 Laetare,
1302 2028 1444 2067 juvenis,
1458 2028 1490 2057 in
1502 2028 1712 2060 adolescentia
1722 2032 1787 2060 tua.
1799 2042 1814 2058 »

1045 2083 1196 2122 Sequitur
1213 2093 1219 2111 :
1239 2093 1253 2109 «
1269 2081 1307 2112 Et
1321 2081 1398 2111 scito
1420 2081 1504 2121 quod
1525 2090 1581 2120 pro
1603 2083 1751 2113 omnibns
1770 2083 1819 2113 his

1046 2136 1177 2166 adducet
1200 2137 1230 2164 te
1249 2133 1331 2164 Deus
1354 2134 1386 2163 in
1403 2133 1574 2172 Judicium.
1593 2145 1607 2161 »
1625 2134 1681 2164 Hic
1696 2135 1818 2166 adoles-

1046 2198 1120 2219 cens
1136 2188 1211 2227 petit
1229 2188 1350 2225 partem
1373 2194 1462 2215 suam
1474 2209 1482 2223 ,
1499 2195 1572 2215 cnm
1594 2186 1730 2226 relinqui
1751 2188 1821 2219 vult

1046 2240 1181 2271 libertati
1202 2248 1281 2276 suae,
1297 2241 1333 2268 ut
1345 2239 1414 2277 jam
1437 2247 1500 2268 non
1522 2239 1697 2270 secundum
1719 2241 1820 2281 impe-

1047 2294 1132 2323 rium
1147 2292 1273 2332 gratiae,
1290 2291 1342 2321 sed
1365 2292 1541 2322 secundum
1563 2295 1681 2323 nutum
1705 2294 1821 2325 volun-

1047 2345 1118 2375 tatis
1133 2354 1199 2375 suae
1218 2344 1350 2374 incedat.
1369 2344 1456 2375 Unde
1472 2344 1555 2375 Beda
1576 2356 1582 2375 :
1612 2346 1822 2378 «Substantia

1048 2400 1096 2429 est
1110 2407 1203 2428 omne
1219 2397 1303 2437 quod
1321 2397 1461 2435 agimus,
1478 2398 1562 2437 quod
1575 2398 1727 2438 vivimus,
1743 2402 1822 2441 sapi-

1049 2460 1131 2489 mus,
1148 2450 1328 2489 cogitamus
1349 2452 1379 2479 et
1396 2450 1566 2489 loquimur.
1583 2462 1598 2479 n
1617 2451 1722 2491 HuJus
1742 2462 1822 2492 ergo

1050 2505 1227 2545 portionem
1243 2503 1429 2534 substantiae
1447 2503 1552 2534 minor
1569 2504 1645 2544 petit
1665 2505 1724 2535 sibi
1740 2506 1819 2546 dari,

1050 2567 1123 2589 cum
1146 2558 1242 2587 bomo
1263 2556 1409 2586 rationali
1433 2565 1529 2587 sensu
1550 2566 1608 2587 suo
1632 2557 1820 2597 delectatus,

1050 2620 1106 2651 per
1121 2610 1258 2640 liberum
1273 2609 1441 2640 arbitrium
1462 2618 1495 2640 se
1519 2619 1653 2650 regere,
1675 2613 1707 2642 et
1724 2621 1741 2642 a
1762 2612 1821 2644 Do-

1084 2674 1115 2704 to)
1131 2672 1190 2697 Caet.
1204 2670 1265 2695 edit.
1281 2670 1453 2696 Ecclesiastes.
