1987 3032
734 185 941 217 EXPOSITIO
963 185 1002 216 IN
1024 185 1109 217 CAP.
1131 186 1239 219 XXIII.

191 255 322 283 tuorum
336 251 532 292 exprobrasti
544 252 688 283 Domino.
702 262 716 280 »
732 252 793 282 Sed
806 251 960 282 Dominus

192 306 259 336 istis
273 304 474 345 blasphemiis
489 313 553 335 non
566 305 674 342 cessit,
696 307 732 336 ut
748 305 835 335 daret
848 313 958 336 exem-

191 357 282 397 plum
295 357 453 397 patientiae
467 360 497 388 et
512 358 765 397 perseverantiae,
784 358 958 387 secundum

190 410 267 441 illud
277 411 285 427 ¹
299 420 306 440 :
328 420 342 439 <t
357 409 547 449 Exemplum
560 411 701 450 accipite,
718 411 841 447 fratres,
854 410 958 440 exitus

189 463 275 501 mali,
291 463 407 493 laboris
422 465 453 493 et
469 464 638 502 patientIae.
652 475 665 492 υ
678 464 716 494 Et
727 465 797 503 post
813 474 843 493 z«
853 463 956 494 Suffe-

188 515 323 546 rentiam
333 515 390 546 Job
401 516 560 553 audistis,»
573 518 630 546 etc.
641 516 728 546 Unde
737 515 916 546 Bernardus
925 515 935 531 ²
945 524 956 545 .-

192 578 206 596 a
220 567 294 598 Sine
306 577 401 598 causa
412 568 552 607 maligne
562 569 680 608 parasti
696 569 828 607 sagittas
842 570 909 598 tuas
923 568 956 598 in

186 620 342 661 pharetra,
353 621 615 661 etdiscipulorum
623 622 758 661 suspiria
768 621 952 660 cumulas(a)

186 674 362 713 opprobriis
375 674 391 705 J
394 674 559 704 udaeorum
571 685 577 704 z
593 674 637 704 illi
649 674 764 714 quippe
775 674 952 713 desperant,

185 726 236 756 isti
247 727 461 766 improperant
475 738 482 763 ;
499 727 552 758 sed
568 727 688 758 Christo
703 729 815 757 neutra
830 727 890 757 tela
901 736 954 757 no-

184 779 300 809 cebunt
325 790 332 810 :
360 779 445 810 aliud
471 782 596 819 tempus
618 779 716 819 elegit
742 780 953 810 confortandis

183 831 357 871 discipulis,
375 834 405 862 et
419 832 504 863 aliud
520 833 557 871 (b)
582 832 771 863 adversariis
790 833 953 863 confutan-

182 884 240 915 diS.
257 885 268 903 ³
290 884 476 915 Patientiam
495 885 598 924 magis
620 884 763 923 exhibet,
787 885 952 916 humilita-

182 939 247 968 tem
262 938 477 976 commendat,
494 938 704 969 obedientiam
719 937 840 977 implet,
856 939 950 978 perfi-

182 991 222 1021 cit
236 991 430 1021 charitatem.
442 991 497 1021 His
507 999 621 1030 nempe
641 991 799 1021 virtutum
812 992 950 1029 gemmis

180 1047 317 1084 quatuor
330 1054 449 1075 cornua
462 1045 565 1076 crucis
579 1045 786 1082 adornantur,
797 1047 827 1075 et
841 1047 887 1075 est
900 1054 950 1076 su-

179 1098 424 1138 pereminentior
435 1098 585 1136 charitas,
597 1107 615 1128 a
625 1097 743 1128 dextris
758 1098 946 1136 obedientia,

178 1151 327 1191 patientia
339 1160 358 1181 a
372 1151 522 1189 sinistris,
539 1151 630 1181 radix
646 1151 801 1181 virtutum
814 1151 948 1182 humili-

177 1206 224 1234 tas
240 1203 274 1234 in
292 1204 458 1244 profundo.
477 1204 532 1235 His
546 1204 657 1234 ditavit
670 1204 852 1244 trophaeum
875 1214 947 1236 cru—

177 1254 220 1286 cis
235 1257 467 1287 consummatio
479 1257 644 1287 dominieae
658 1257 847 1297 passionis.»

217 1310 266 1339 38.
295 1309 380 1340 Erat
407 1313 513 1340 autem
534 1313 564 1339 et
582 1311 805 1349 superscriptio
828 1311 946 1351 scripta

175 1369 270 1401 super
286 1371 358 1392 eum
373 1361 484 1392 litteris
493 1362 616 1401 qraecz's,
628 1366 658 1392 et
670 1362 788 1400 latinis,
801 1366 831 1393 et
837 1363 945 1394 hebra-

176 1415 246 1452 icis,
268 1417 326 1446 etc.
353 1414 524 1454 Postquam
544 1415 708 1454 descripsit
731 1417 944 1454 aggravantia

175 1465 288 1497 Christi
302 1467 494 1506 passionem,
506 1467 557 1497 hic
572 1467 719 1497 describit
731 1468 940 1508 circumadja-

172 1519 275 1550 centia
291 1529 298 1550 :
317 1519 386 1550 haec
400 1521 506 1550 autem
521 1520 649 1551 suerunt
664 1522 813 1560 quatuor,
826 1521 942 1552 scilicet

171 1571 395 1611 superscriptio
413 1571 546 1611 Judicis,
574 1572 770 1612 blasphemia
790 1573 939 1611 latronis,

171 1624 323 1655 confessio
338 1624 534 1664 poenitentis,
551 1626 582 1655 et
601 1625 815 1657 misericordia
830 1626 939 1657 Salva-

170 1677 258 1708 toris.

209 1729 315 1761 Primo
338 1730 452 1770 igitur,
476 1734 632 1770 quantum
648 1731 687 1762 ad
702 1732 939 1772 superscriptio-

168 1792 242 1815 nem
261 1784 396 1823 Judicis‚
419 1783 493 1814 dicit
516 1792 523 1813 :
547 1784 631 1815 Erat
649 1789 754 1815 autem
775 1789 805 1815 et
826 1794 935 1826 super-

167 1837 295 1876 scriptio
309 1837 428 1875 scripta
440 1844 534 1876 super
549 1845 622 1867 eum
637 1837 747 1868 litteris
761 1839 874 1877 qroecz‘s
880 1862 890 1877 ,
908 1843 939 1869 et

168 1889 286 1927 latinis,
299 1892 329 1919 et
337 1888 490 1919 hebraicis
499 1897 510 1919 .·
529 1889 590 1920 Hic
605 1894 651 1921 est
663 1899 721 1921 rex
735 1891 933 1923 chclaeorum.

167 1940 254 1971 Hanc
279 1942 577 1981 superscriptionem
606 1943 711 1982 posuit
736 1944 855 1975 Pilatus
880 1954 936 1984 per

166 1993 297 2024 modum
312 1993 412 2032 titu1i,
431 1994 464 2024 in
482 2004 545 2034 quo
563 1995 743 2026 intendebat
764 1997 934 2028 inscribere

165 2055 292 2076 causam
308 2055 374 2077 suae
388 2047 553 2086 passionis.
573 2048 660 2078 Unde
675 2049 803 2080 Marcus
813 2050 822 2065 ⁴
833 2060 844 2079 :
866 2061 880 2079 α
896 2050 934 2081 Et

164 2102 231 2130 erat
246 2100 355 2130 titulus
370 2109 473 2130 causa}
486 2102 555 2139 eJus
570 2101 738 2140 inscriptus
758 2112 764 2132 :
789 2102 856 2133 Rex
876 2103 932 2134 Ju-

163 2153 316 2184 daeorum.
333 2164 348 2181 »
368 2152 402 2182 In
420 2162 483 2192 quo
502 2154 677 2184 ostenditur
698 2164 809 2193 causa,
834 2165 932 2195 quare

161 2206 334 2237 crucifixus
349 2207 395 2236 est
409 2206 583 2237 secundum
599 2207 781 2244 veritatem;
799 2208 853 2238 sed
875 2209 890 2239 J
894 2218 931 2239 u-

161 2258 221 2289 daei
250 2267 314 2289 non
346 2259 558 2298 acceptabant.
595 2259 682 2290 Unde
718 2260 856 2291 Joamzes
875 2264 885 2280 ⁵
919 2271 927 2292 :

165 2322 179 2340 (ι
190 2310 281 2341 Hunc
296 2319 376 2349 ergo
394 2311 524 2342 titulum
539 2312 630 2343 multi
645 2313 830 2345 Judaeorum
846 2315 930 2354 lege-

159 2366 252 2402 runt,
278 2366 309 2394 et
331 2364 475 2394 dicebant
499 2365 598 2395 Pilato
619 2367 781 2405 pontifices
805 2368 820 2398 J
824 2369 927 2399 udaeo-

190 2424 199 2440 ¹
215 2424 279 2452 Jac.,
295 2430 318 2454 v,
332 2427 369 2454 10,
391 2426 427 2447 11.
438 2437 468 2443 --
481 2425 488 2438 ²
501 2426 586 2455 Rern„
601 2426 642 2449 nbi
655 2434 710 2456 sup.
726 2434 804 2457 prox,
820 2435 846 2451 n.
862 2430 884 2452 2.
897 2442 926 2446 —

159 2458 168 2474 ³
186 2458 258 2488 ibid„
273 2466 298 2483 n.
315 2461 370 2482 3.-
382 2460 391 2475 ⁸
408 2460 495 2490 Marc„
511 2466 543 2483 xv
554 2479 561 2490 ,
577 2462 645 2484 202—
662 2462 671 2477 5
685 2462 766 2491 dorm,
778 2469 831 2493 xix,
844 2465 924 2489 ,ΞΟ-22.

159 2493 169 2509 ⁶
184 2495 252 2524 sseil„
263 2494 305 2518 ubi
320 2502 376 2525 sup.
391 2507 420 2512 ——
437 2496 443 2508 ⁷
458 2496 566 2525 1sa.‚1x,
582 2498 604 2519 6.
620 2510 645 2513 —
663 2498 671 2510 Β
683 2498 742 2520 Psal
755 2504 822 2529 ..ἲς-ν,
838 2501 875 2523 10.
891 2502 925 2524 ita

160 2529 279 2558 legebant
295 2529 364 2553 hunc
391 2531 541 2554 versiculum
563 2532 588 2555 S.
613 2532 725 2556 Jnslinns
747 2534 853 2565 (Dialoq.
870 2542 923 2559 cum

161 2563 316 2595 Thr-yphone,
327 2572 385 2595 pag.
408 2566 478 2589 mihi.
499 2567 542 2595 87)
568 2569 592 2590 ct
614 2568 782 2598 Augustinus;
808 2571 924 2600 quamvis

160 2598 234 2622 hodie
251 2600 337 2623 necin
357 2601 463 2631 Vulgata
478 2602 575 2632 legatur
593 2610 608 2625 a
631 2603 708 2634 liquo,
729 2605 922 2636 necquidquam

159 2633 248 2664 simile,
268 2634 321 2659 sive
335 2635 361 2660 in
372 2636 473 2662 hebraeo
489 2639 568 2669 textu,
583 2638 636 2662 sive
654 2639 680 2663 in
693 2640 781 2669 graecis
801 2640 922 2672 interpre-

1731 193 1790 222 213

1016 261 1089 282 rum
1102 262 1109 283 :
1120 252 1189 284 Noli
1200 253 1337 284 scribere
1349 264 1356 284 ε
1367 253 1433 285 Rex
1442 254 1458 285 J
1461 254 1639 292 udaeorum‚
1651 256 1705 286 sed
1712 257 1788 296 quia

1016 305 1081 343 ipse
1096 305 1175 336 dixit
1191 316 1198 336 :
1216 305 1283 336 Rex
1304 314 1377 337 sum
1399 306 1595 338 Judaeorum.
1617 307 1787 348 Respondit

1015 357 1135 388 Pilatus
1153 369 1159 388 ε
1178 359 1266 395 Quod
1287 359 1408 398 scripsi,
1429 359 1548 399 scripsi.
1564 370 1578 388 »
1599 359 1646 390 Ex
1656 370 1720 400 quo
1735 370 1786 401 ap-

1014 413 1101 450 paret
1112 412 1197 450 quod
1205 411 1314 443 divino
1326 414 1406 442 nutu
1414 412 1449 451 (c)
1459 412 1568 443 titulus
1579 413 1715 452 scriptus
1725 416 1782 445 est.

1015 463 1102 494 Unde
1126 464 1208 495 Beda
1231 465 1328 495 dicit‘3
1354 476 1360 494 :
1380 465 1451 496 Ideo
1480 465 1643 496 immolato
1673 467 1784 498 titulus

1013 517 1229 555 superpositus
1240 519 1296 556 est,
1318 520 1353 548 ut
1370 527 1388 548 a
1405 518 1526 549 cunctis
1542 518 1608 557 legi
1617 518 1650 558 (d
1656 520 1665 557 )
1678 521 1708 550 et
1716 529 1782 552 cre-

1012 568 1085 598 dere
1100 568 1279 600 volentibus
1294 571 1397 609 pateat
1415 570 1463 609 (e),
1488 571 1564 610 quia
1582 580 1638 610 per
1656 580 1783 603 crucem

1011 630 1075 651 non
1091 621 1240 660 perdidit,
1256 622 1310 652 sed
1323 623 1538 654 corroboravit
1558 623 1746 663 imperium,
1763 636 1778 654 i>

1010 674 1184 704 secundum
1205 674 1302 705 illud⁷
1321 685 1328 705 z
1353 686 1367 704 a
1382 675 1405 705 F
1408 677 1497 706 actus
1518 678 1563 707 est
1581 677 1781 717 principatus

1009 736 1106 766 super
1128 727 1299 758 humerum
1320 729 1400 767 ejus,
1425 739 1439 756 »
1468 730 1501 759 Et
1527 729 1560 759 in
1586 729 1715 760 Psalmo
1740 730 1750 746 ⁸
1769 739 1780 760 :

1011 777 1180 808 «Dominus
1194 778 1343 816 regnavit
1358 787 1376 808 a
1389 778 1506 817 ligno.»
1522 779 1575 809 Est
1588 782 1695 810 autem
1710 781 1781 811 titu-

1008 829 1057 860 lus
1072 830 1199 869 triplex,
1215 831 1341 868 scilicet,
1354 831 1558 870 memorialis,
1568 833 1623 872 qui
1633 833 1780 864 scribitur

1008 884 1041 913 in
1058 885 1189 915 tumulis
1204 887 1405 916 mortuorum
1420 896 1427 924 3
1444 887 1659 926 praeconialis,
1677 888 1779 928 quiin

1006 937 1105 976 portis
1120 937 1285 969 civitatum
1294 949 1302 976 ;
1318 940 1348 969 et
1363 939 1583 979 triumphalis,
1602 941 1658 980 qui
1677 941 1776 972 conti-

1006 994 1060 1020 net
1074 999 1201 1021 causam
1216 993 1247 1022 et
1258 991 1402 1022 ordinem
1417 992 1588 1033 triumphi,
1605 995 1636 1024 et
1649 1003 1778 1026 consue-

1005 1043 1051 1072 vit
1065 1044 1159 1073 scribi
1174 1044 1207 1073 in
1223 1044 1297 1074 aris.
1313 1044 1350 1075 Et
1364 1045 1434 1075 talis
1449 1045 1509 1075 fuit
1524 1046 1581 1076 iste
1593 1047 1721 1085 titulus,
1738 1048 1777 1079 de

1004 1104 1068 1134 quo
1084 1096 1187 1126 [satas
1201 1097 1211 1112 ⁹
1228 1105 1239 1126 .·
1254 1107 1269 1125 α
1283 1096 1350 1127 Erit
1363 1097 1461 1127 altare
1477 1097 1602 1128 Domini
1617 1099 1650 1128 in
1671 1099 1776 1131 medio

1003 1149 1098 1178 terrae
1118 1148 1268 1189 AEgypti,
1292 1151 1322 1180 et
1342 1150 1454 1181 titulus
1468 1150 1592 1181 Domini
1604 1152 1697 1191 juxta
1711 1154 1774 1183 ter-

1002 1201 1129 1231 minum
1144 1203 1223 1241 ejus.
1238 1212 1253 1230 >³
1272 1202 1329 1233 Hic
1343 1207 1450 1233 autem
1465 1204 1599 1243 scriptus
1615 1207 1662 1235 est
1674 1205 1775 1236 tribus

1001 1253 1137 1292 linguis,
1154 1255 1229 1294 quia
1244 1255 1315 1286 licet
1334 1259 1436 1287 essent
1457 1257 1661 1296 septuaginta
1683 1258 1771 1297 duae,

1000 1308 1064 1337 tres
1080 1308 1186 1338 tamen
1195 1310 1285 1338 erant
1300 1309 1484 1340 eminentes.
1502 1309 1590 1340 Unde
1601 1310 1708 1341 Glossa
1724 1312 1746 1328 ¹⁰
1760 1320 1770 1342 z

1006 1371 1020 1387 α
1041 1359 1097 1390 Hae
1120 1362 1183 1391 tres
1206 1361 1327 1400 linguae
1346 1368 1412 1401 prae
1428 1362 1550 1393 caeteris
1564 1363 1769 1396 eminebant:

1000 1412 1144 1451 Hebraea,
1157 1416 1285 1453 propter
1294 1416 1310 1445 J
1314 1415 1421 1445 ndaeos
1435 1416 1474 1446 de
1487 1415 1558 1455 lege
1574 1416 1766 1456 gloriante53

999 1465 1122 1503 Graeca,
1138 1468 1266 1506 propter
1281 1467 1453 1498 Gentilium
1467 1468 1671 1508 sapientiam;
1688 1470 1770 1501 Lati-

997 1527 1050 1556 na,
1067 1521 1196 1559 propter
1210 1519 1369 1551 Romanos
1382 1521 1586 1561 imperantes.
1603 1522 1700 1562 Ergo,
1717 1533 1768 1555 ve-

995 1570 1054 1602 lint
1077 1572 1179 1602 nolint
1203 1572 1324 1610 Judaei,
1349 1582 1444 1604 omne
1471 1583 1609 1614 regnum
1635 1576 1765 1614 mundi,

995 1626 1099 1656 omnis
1124 1626 1277 1666 sapientia
1303 1628 1485 1666 mundana,
1513 1628 1623 1660 omnia
1646 1629 1765 1662 divinae

993 1679 1073 1718 legis
1092 1682 1288 1711 sacramenta
1306 1682 1478 1719 testantur,
1501 1681 1585 1720 quod
1607 1681 1699 1713 Jesus
1719 1685 1766 1714 est

994 1731 1169 1771 Imperator
1186 1733 1383 1764 credentium
1410 1736 1439 1764 et
1466 1735 1684 1765 confitentium
1709 1736 1762 1775 (f).

992 1784 1047 1815 Vel
1061 1784 1131 1815 ideo
1143 1785 1244 1816 tribus
1258 1786 1389 1825 linguis,
1400 1786 1475 1825 quia
1489 1787 1557 1818 istae
1569 1788 1633 1818 tres
1642 1787 1764 1827 linguae

991 1838 1131 1869 innuunt
1147 1839 1336 1879 mysterium
1346 1839 1517 1870 Trinitatis.
1529 1840 1661 1871 Videtur
1668 1841 1763 1872 etiam

990 1891 1121 1921 firmum
1137 1892 1353 1922 testimonium
1369 1892 1523 1924 veritatis.
1536 1893 1624 1924 Unde
1635 1894 1763 1933 Augus-

989 1944 1074 1974 tinus
1090 1945 1128 1974 ¹¹:
1148 1955 1162 1973 α
1177 1944 1291 1975 Tribus
1306 1945 1431 1984 linguis
1446 1946 1536 1985 quasi
1556 1946 1659 1977 tribus
1674 1947 1760 1978 testi-

988 1997 1048 2028 bus
1072 1997 1182 2028 titulus
1206 2000 1253 2028 est
1273 1999 1486 2038 approbatuS,
1513 1999 1589 2038 qnia
1606 2000 1628 2019 ¹²
1650 2000 1683 2030 in
1707 2009 1761 2031 ore

988 2050 1136 2088 duorum,
1150 2051 1200 2082 vel
1213 2052 1310 2082 trium
1325 2055 1387 2082 stat
1402 2061 1495 2082 omne
1509 2053 1674 2084 verbam.»

1027 2104 1181 2143 Secundo,
1197 2106 1353 2144 quantum
1366 2105 1404 2135 ad
1416 2105 1651 2145 blasphemiam
1666 2106 1759 2138 latro-

985 2158 1050 2195 nis,
1068 2158 1173 2188 subdit
1189 2160 1230 2197 (v.
1248 2158 1294 2197 39)
1317 2169 1323 2189 ;
1344 2159 1431 2190 Unus
1448 2163 1556 2189 autem
1570 2160 1608 2191 (le
1623 2160 1682 2199 liis,
1701 2162 1759 2201 qui

982 2211 1172 2251 pendebant,
1181 2211 1367 2250 latronibus,
1376 2212 1703 2252 blasphemabateum,
1711 2214 1755 2245 cla·-

984 2273 1054 2295 cens
1061 2274 1071 2295 .·
1079 2265 1106 2296 S
1109 2266 1120 2295 ι’
1129 2269 1163 2295 tu
1172 2274 1202 2296 es
1210 2265 1366 2302 Clzristch,
1380 2266 1505 2296 salvum
1513 2267 1569 2305 fac
1579 2267 1714 2306 teipsum
1724 2271 1755 2298 et

982 2326 1048 2348 7205.
1075 2317 1135 2348 Sed
1159 2319 1356 2349 contrarium
1378 2319 1476 2357 hujus
1501 2319 1626 2350 videtur
1649 2320 1752 2352 dicere

981 2370 1115 2409 Marcus,
1133 2371 1187 2401 ubi
1202 2371 1245 2401 sic
1259 2371 1302 2402 ait
1318 2372 1340 2390 ¹³
1357 2382 1363 2402 z
1386 2382 1400 2400 α
1414 2371 1452 2402 Et
1466 2372 1523 2412 qui
1537 2381 1610 2404 cum
1625 2382 1663 2404 eo
1678 2383 1750 2405 cru·
1786 2366 1788 2369 ’

980 2429 1182 2453 talionibus—'³
1197 2429 1260 2457 lia,
1276 2435 1331 2459 ΜΚ,
1354 2430 1375 2453 9,
1390 2442 1412 2446 -
1433 2430 1452 2445 ¹⁰
1476 2431 1511 2454 Ex
1534 2431 1609 2460 neor,
1635 2431 1677 2455 uhi
1694 2439 1749 2462 sup.

979 2464 997 2479 ¹¹
1012 2466 1085 2492 Augu,
1102 2465 1188 2488 Enarr.
1208 2465 1232 2487 in
1248 2464 1313 2488 I'snl.
1331 2469 1371 2494 LV,
1387 2471 1411 2489 n.
1429 2467 1450 2489 2.
1467 2479 1497 2483 —
1512 2466 1531 2482 ¹²
1546 2466 1628 2496 Deut.¹
1644 2473 1697 2497 xm,
1712 2469 1748 2491 15.

982 2499 1000 2515 ¹²¹
1017 2500 1103 2528 Mat-12„
1119 2506 1161 2529 xv,
1177 2501 1216 2523 132.

1010 2539 1041 2568 (a)
1065 2539 1102 2561 Ιίιι
1124 2539 1191 2568 apud
1212 2539 1298 2569 Rcrn.,·
1312 2540 1370 2564 edit.
1394 2540 1472 2564 Valle.
1492 2542 1583 2565 Bonan.
1608 2543 1748 2566 cumulans.

980 2574 1011 2603 (b)
1023 2573 1091 2597 Edit.
1109 2574 1160 2597 l'at.
1176 2576 1198 2597 ct
1219 2574 1274 2598 Ven.
1288 2576 1359 2599 omis.
1375 2577 1400 2599 et
1414 2576 1489 2599 aliud.
1501 2589 1532 2594 —·
1545 2578 1572 2607 (c)
1589 2578 1664 2601 Juaela
1679 2577 1747 2601 easd.

977 2608 1076 2631 intuitu.
1091 2622 1120 2626 —
1137 2608 1172 2638 (tl)
1185 2609 1257 2639 Apud
1269 2609 1327 2634 Bed.
1344 2612 1373 2634 ut
1389 2611 1486 2635 cunctis
1503 2612 1596 2643 legere.
1612 2626 1641 2630 —
1658 2612 1688 2643 (e)
1704 2613 1746 2636 111-

974 2645 1096 2667 notcscat.
1112 2657 1142 2661 —
1154 2645 1194 2674 (s)
1206 2644 1278 2675 Apud
1292 2645 1349 2669 Bed.
1367 2646 1424 2671 odd.
1442 2648 1532 2672 Deum.
