1987 3032
224 246 282 276 562
725 236 989 269 comumnes
1014 236 1310 270 PRAEchssiLns

223 310 409 344 transierunt,
422 319 436 335 »
450 310 504 336 etc.
520 310 577 336 Nec
592 307 622 334 in
637 306 763 334 tenebris
777 312 875 340 prav-”e
889 311 991 339 opera-

223 357 310 385 tionis
333 355 523 392 pervertentis
548 354 578 381 in
602 355 676 380 statu
702 353 709 368 ¹
738 361 743 378 :
771 361 784 376 «
813 350 991 385 Ahjiciainus

223 411 314 439 opera
324 402 522 433 tenebrarum,
534 410 546 425 u
559 402 611 427 etc.
627 399 678 425 Sed
688 398 791 425 habebit
808 398 893 424 lumen
907 397 970 422 viloe
982 405 990 422 .-

223 452 305 485 cujus
325 450 435 477 visione
456 449 542 484 plene
564 446 744 473 illuminatur
766 444 807 470 vis
827 442 990 478 aspectiva;

224 498 306 532 cujus
321 496 456 524 fruitione
473 494 592 521 satiatur
611 493 651 519 vis
670 490 819 523 affectiva;
841 489 924 523 eujus
943 496 992 523 ap-

222 542 435 578 prehensione,
459 540 519 567 sive
544 539 688 571 tentione,
715 535 922 563 sublimabitur
947 534 992 560 vis

223 588 405 624 potestativa.
432 587 442 602 ‘²
468 596 482 611 ι(
504 585 609 612 Civitas
633 591 694 611 non
719 584 783 617 eget
807 581 868 608 sole
896 588 992 615 neque

223 634 309 666 luna;
327 633 441 661 claritas
460 632 509 659 Dei
530 630 709 658 illuminabit
731 636 811 661 eam,
827 629 854 653 ct
872 627 993 654 lucerna

224 681 286 715 ejus
301 687 395 714 agnus
411 679 472 706 erit.
489 688 501 703 »
515 676 557 704 lbi
572 676 650 704 enim
667 673 862 710 complebitur
879 672 971 699 ἰ11ιιι13
985 680 992 698 :

224 737 239 752 «
255 726 339 761 Apud
356 728 381 752 te
397 727 439 752 est
453 724 518 751 sons
532 723 616 756 vitae,
632 724 658 749 et
673 721 703 748 in
718 720 829 747 lumine
845 721 894 746 tuo
914 718 995 744 vide-

222 772 320 800 bimus
341 771 451 798 lumen.
472 781 485 796 »
502 772 605 804 Magna
622 776 692 803 ergo
709 765 935 794 honorificentia
954 766 995 791 cst

223 818 370 854 sequentis
386 817 542 844 Dominum
562 816 591 842 in
610 813 761 850 prmsenti,
777 814 805 839 et
819 819 928 846 magna
943 810 994 837 mi-

222 865 365 893 rificentia
380 867 421 892 est
435 863 546 900 praemii
562 863 592 889 in
606 863 715 889 futuro.

279 968 394 995 Collatio
413 963 748 1001 quadfraqesz'masecunda,
766 969 829 995 viu,
849 961 941 988 34-35.

261 1053 313 1085 Qui*
333 1053 402 1085 facilc
419 1052 571 1085 peccatum,
591 1055 681 1075 servus
701 1049 738 1073 est
760 1045 884 1080 peccati:
905 1051 997 1070 servus

226 1102 315 1125 aulem
336 1098 371 1132 (α)
391 1105 443 1123 non
462 1098 549 1122 manet
570 1096 599 1121 in
615 1094 690 1120 domo
706 1095 736 1119 iu
754 1094 891 1118 aeternum.
908 1091 938 1117 ln
953 1089 997 1116 his

225 1143 337 1177 verbis,
354 1142 392 1170 ad
407 1142 605 1170 ostensionem
627 1138 828 1171 miseriarum,
845 1144 909 1172 quae
931 1138 998 1162 sunt

225 1190 255 1217 in
269 1192 407 1225 peccato,
427 1188 481 1215 tria
503 1187 686 1214 insinuantur
702 1194 708 1211 ;
725 1191 853 1219 quorum
868 1182 997 1217 primum

226 1238 268 1263 est
282 1234 427 1271 peccantis
448 1232 666 1269 praevaricativa
681 1230 832 1265 perversio
843 1250 850 1262 ,
868 1228 907 1254 ibi
923 1237 928 1254 :
946 1228 999 1259 Qui

225 1283 295 1315 facit
314 1284 464 1316 peccatum:
480 1278 643 1306 secundum
662 1278 703 1303 est
720 1276 760 1302 sic
783 1273 999 1311 praevaricantis

227 1327 425 1363 ignominiosa
440 1325 596 1360 captivatio
608 1345 615 1357 ,
631 1323 690 1350 ihi:
712 1323 807 1349 Servus
825 1323 862 1348 cst
880 1321 997 1355 peccats3

228 1375 343 1402 tertium
363 1375 404 1400 cst
423 1372 463 1399 sic
482 1370 617 1406 captivati
637 1376 764 1403 apregno
787 1367 834 1394 Dei
855 1367 1000 1393 damnosa

229 1420 370 1452 exclusio,
385 1418 426 1446 ihi
440 1427 446 1445 :
463 1418 558 1444 Servus
576 1424 628 1443 non
643 1417 731 1441 manet
747 1416 775 1440 in
791 1414 866 1439 <torno
880 1414 907 1438 in
922 1415 998 1438 ceter-

229 1475 301 1493 mtm.
325 1465 370 1493 Ait
394 1472 483 1499 ergo:
508 1464 562 1496 Qui
586 1463 654 1495 facit
675 1463 821 1496 peccalum.
846 1460 878 1486 Et
893 1459 921 1486 in
943 1459 1000 1485 hoc

228 1512 431 1548 praevaricatio
447 1513 473 1538 ct
484 1508 644 1545 perversio,
659 1506 831 1542 quial-acere
847 1507 1000 1540 peecatum

229 1560 272 1586 est
296 1558 402 1585 divinae
430 1555 573 1590 majestati
600 1560 774 1588 repugnare.
802 1553 835 1577 Ut
861 1551 939 1577 enim
963 1550 1002 1577 ait

230 1603 406 1639 Augustinus
413 1604 422 1619 '·
435 1611 441 1629 2
456 1603 625 1628 «Peccatum
637 1602 678 1626 est
691 1598 812 1631 dictum,
823 1597 871 1623 vel
881 1596 1000 1629 sactum,

230 1650 278 1677 vel
292 1649 482 1684 concupitum
497 1649 599 1674 contra
615 1645 662 1672 Dei
677 1644 893 1671 voluntatem.»
910 1644 1002 1676 Prop-

232 1699 273 1723 ter
287 1695 370 1730 quod
385 1694 424 1722 ait
438 1693 580 1728 Propheta
620 1699 626 1716 z
645 1702 659 1715 <t
668 1690 730 1717 Tibi
745 1689 799 1716 soli
819 1688 938 1724 peceavi
952 1708 960 1720 ‚
977 1690 1004 1714 et

232 1742 343 1769 malum
364 1748 464 1767 coram
478 1742 505 1766 te
522 1738 586 1765 feci.
602 1747 614 1763 ι)
640 1739 710 1764 ltem
735 1736 829 1763 facere
850 1735 1004 1769 peecatum

234 1790 275 1815 est
289 1787 421 1814 divinam
436 1785 534 1820 legem
556 1782 729 1817 transgredi.
750 1783 903 1809 Peccatum
925 1780 1004 1807 enim

233 1837 275 1861 est
288 1831 488 1869 prtrvaricatio
503 1830 576 1864 legis
591 1829 710 1861 divim,
724 1829 751 1854 et
766 1827 926 1854 coelestium
942 1826 1006 1853 ino-

232 1880 381 1908 bedientia
408 1878 616 1906 mandatorum
627 1897 636 1910 ,
665 1876 704 1902 ait
731 1873 902 1901 Ambrosius
929 1874 951 1906 ⁶,
978 1875 1006 1900 et

234 1929 428 1954 Damascenus
442 1926 462 1951 ⁷.
479 1925 631 1951 Peccatum
647 1924 688 1948 est
703 1928 771 1947 man
784 1920 834 1946 lati
848 1922 1007 1954 transgres-

234 1974 294 2007 si03
316 1975 435 2007 propter
457 1969 539 2006 quod
554 1970 593 1995 ait
618 1967 760 2002 Propheta
774 1966 802 1992 ⁸:
823 1965 1003 2000 «Dissipave-

233 2021 303 2046 runt
324 2018 421 2052 legem
440 2019 531 2043 tuam.
548 2025 561 2040 »
584 2016 655 2042 Item
674 2014 827 2048 peccatum
847 2011 940 2038 facere
966 2013 1008 2038 est

236 2067 327 2092 Deum
342 2063 558 2097 derelinquere,
574 2063 601 2087 et
615 2061 813 2092 contemnere,
829 2060 856 2084 et
871 2065 1006 2084 commu-

236 2111 325 2139 tabile
336 2118 370 2137 ac
385 2115 532 2144 apparens
546 2107 659 2134 bonum
670 2103 903 2132 incommutabili
913 2103 1005 2137 bono,

236 2157 320 2193 qnod
332 2159 374 2184 est
389 2158 477 2189 Deus,
493 2161 675 2190 praeponere.
691 2153 721 2179 lu
737 2152 856 2186 peccato
873 2150 951 2177 enim
966 2151 1008 2176 est

236 2203 350 2231 aversio
365 2210 383 2229 a
396 2202 476 2229 bono
491 2198 741 2231 incommutabili,
758 2199 785 2224 et
801 2196 954 2224 conversio
969 2195 1008 2222 ad

237 2248 466 2282 commutabile,
495 2246 659 2274 secundum
690 2244 884 2278 Augustinum
914 2244 934 2270 ⁹.
962 2244 1009 2270 Est

238 2296 316 2323 enim
334 2297 488 2330 peecatum
507 2292 632 2320 desertio
648 2290 822 2324 meliorum,
838 2297 899 2317 non
919 2297 1009 2324 appe-

270 2353 276 2368 ¹
302 2352 380 2382 Rom,
400 2357 460 2381 xiii,
484 2351 522 2374 12.
543 2362 572 2366 —
595 2349 603 2362 2
624 2349 709 2378 .›tpoc.‚
729 2354 788 2376 xxi,
810 2347 848 2369 23.
865 2359 895 2363 —
910 2346 918 2360 ³
939 2345 1008 2369 Psal.

237 2392 317 2416 xxxv,
334 2390 370 2410 10.
386 2399 416 2404 —
431 2387 440 2402 δ
456 2387 530 2415 Aug„
544 2385 608 2408 cont.
625 2383 721 2411 ΙῗαιιινίΠ
737 2382 779 2405 lib.
796 2382 873 2410 Xth,
888 2388 910 2404 c.
926 2387 1007 2404 xxv-11.

237 2435 268 2439 —
289 2422 299 2438 ⁵
316 2421 383 2444 psal.
406 2427 435 2450 L,
454 2423 476 2444 6.
496 2433 526 2437 -
547 2420 556 2435 ⁶
575 2418 704 2442 Ambros..
725 2417 755 2439 cle
778 2417 879 2443 Parati..
900 2424 918 2441 c.
947 2421 1006 2446 vui,

238 2464 263 2481 n.
280 2458 318 2479 39.
333 2469 363 2473 —
379 2456 388 2471 '¹
403 2457 530 2484 Damaso„
545 2454 574 2476 tle
592 2453 647 2476 Fid.
666 2451 779 2480 (Ji-tliorl„
798 2451 838 2474 lib.
858 2451 899 2480 tv,
914 2458 937 2474 c.
953 2457 1008 2475 xx1.

238 2504 268 2509 -
284 2492 293 2505 ⁸
309 2490 375 2514 Psul.
393 2495 488 2519 exult,
508 2490 558 2512 126.
578 2501 603 2505 —
619 2488 629 2503 ⁹
645 2489 719 2517 Aug„
731 2486 759 2509 ‹le
774 2486 827 2510 Lib.
844 2485 972 2515 A1·t1.,1ib.
990 2486 1008 2514 l,

238 2533 260 2550 c.
280 2532 337 2555 xvr,
358 2532 384 2548 n.
404 2526 442 2548 35.
462 2537 492 2541 —
512 2524 531 2539 ¹⁰
549 2524 593 2552 m„
614 2522 642 2545 de
662 2522 722 2545 Nat.
743 2521 819 2550 Boni,
839 2528 861 2544 e.
877 2526 966 2544 xxxiv.
980 2533 1008 2537 —

240 2562 258 2578 ¹¹
276 2564 358 2588 Joan„
380 2565 440 2588 vm,
461 2561 498 2582 tt.
519 2571 549 2575 —-
572 2560 589 2574 ¹²
606 2558 688 2584 Pron..
707 2562 759 2585 xiv,
781 2558 819 2579 34.
839 2569 868 2573 —
890 2556 908 2571 ¹³
931 2556 1009 2585 Rom„

239 2602 302 2626 vui,
328 2596 364 2619 16.
388 2607 418 2612 -
447 2594 465 2610 ’δ
489 2594 570 2622 Βοιὲῑ.,
595 2592 626 2615 de
652 2590 741 2616 consol
777 2590 882 2619 Philas„
908 2590 952 2614 lib.
978 2591 1009 2618 V,

240 2637 306 2660 pros.
331 2632 355 2654 9..
377 2643 406 2647 -
432 2630 450 2646 '⁵
475 2630 576 2657 Senem,
601 2627 674 2657 epist.
699 2632 784 2656 xm'n,
810 2627 867 2656 post.
889 2626 956 2648 med.
979 2638 1009 2642 —

240 2666 261 2681 ¹⁰
274 2666 360 2696 Bern.‚
375 2665 405 2689 de
420 2663 529 2693 Consid„
547 2662 590 2686 lib.
611 2662 632 2691 t,
648 2663 705 2685 ante
720 2661 788 2684 med.
803 2673 832 2677 —
850 2661 868 2676 ¹⁷
890 2660 908 2683 ΙΙ
930 2661 1009 2689 Petr.,

1048 304 1108 331 titio
1125 308 1295 331 naturarum
1308 304 1455 332 malarum
1477 304 1523 340 (ὁ),
1539 305 1578 332 ait
1592 305 1770 340 Augustinus
1786 305 1816 333 ¹⁰.

1049 349 1117 377 Ideo
1129 350 1280 385 prohibuit
1294 350 1432 378 Dominus
1445 358 1578 386 peccare,
1589 359 1679 386 supra
1694 353 1713 369 ¹¹
1722 351 1820 379 :uNoli

1049 396 1176 431 amplius
1190 404 1321 431 peccare.
1334 406 1346 421 n
1365 398 1396 424 Et
1410 397 1452 424 ibi
1474 397 1510 425 de
1531 398 1598 425 hoc.
1615 399 1685 425 Vere
1701 398 1779 426 enim
1798 399 1820 416 ¹¹

1052 442 1195 469 «inneros
1215 443 1283 469 facit
1300 442 1428 478 populos
1448 447 1609 478 peccatum.
1623 454 1636 469 »
1653 446 1684 471 Et
1705 443 1821 476 merito,

1049 489 1119 524 quia
1134 491 1182 523 qui
1192 491 1260 522 facit
1272 492 1419 524 peccalum,
1430 497 1521 516 servus
1531 493 1567 516 est
1575 490 1715 525 pcccali.¹³
1724 490 1821 518 «Servi

1049 535 1115 562 estis
1138 536 1200 570 ejus
1223 535 1269 562 cui
1291 535 1448 568 obedistis,
1475 536 1534 563 sive
1557 537 1667 571 peccati
1688 537 1718 564 in
1744 543 1822 563 mor-

1049 583 1122 614 tem,
1137 592 1149 606 »
1178 584 1232 608 etc.
1261 582 1330 614 Quae
1357 582 1480 609 servitus
1507 584 1549 608 est
1575 582 1822 617 ignominiositate

1049 626 1207 660 vilissima,
1231 627 1303 662 quia
1321 627 1394 654 nihil
1414 629 1455 654 est
1477 627 1584 660 vitius,
1600 635 1690 662 quam
1713 627 1822 655 servire

1050 672 1151 699 vilitati
1168 673 1294 708 pcccati,
1311 675 1338 699 et
1350 673 1404 699 sub
1416 673 1488 707 jugo
1505 673 1682 700 daemoniali.
1698 674 1731 701 Ut
1743 673 1823 701 enim

1051 718 1090 745 ait
1111 719 1226 746 Boetius
1243 720 1263 735 μ’
1290 728 1296 746 :
1313 721 1475 746 «Extrema
1496 719 1619 746 servitus
1647 720 1690 746 est
1713 719 1823 747 servire

1050 764 1136 791 vitiis.
1149 775 1162 790 »
1182 767 1213 792 Et
1228 767 1336 793 Seneca
1354 765 1392 792 ¹³:
1413 765 1521 792 «Nulla
1543 767 1584 793 est
1605 765 1719 801 turpior
1733 765 1824 793 servi-

1051 813 1113 844 tus,
1141 819 1232 846 quam
1261 819 1326 846 qnae
1354 813 1395 838 est
1423 811 1623 839 voluntaria.»
1655 813 1686 839 Et
1711 811 1824 840 ibidem

1051 857 1215 884 Bernardus
1231 858 1261 891 ¹⁶,
1284 857 1366 892 quod
1390 857 1472 884 nulla
1495 860 1536 884 est
1557 858 1670 894 turpior
1690 857 1823 892 servitus,

1053 911 1143 938 qnam
1158 903 1210 930 illa
1224 911 1288 938 quae
1310 905 1352 931 est
1369 903 1456 930 vitiis.
1474 903 1492 920 ¹⁷
1502 905 1597 931 «Cum
1612 904 1667 939 ipsi
1678 903 1754 931 servi
1768 903 1826 931 sint

1053 949 1268 984 corruptionis:
1293 957 1311 976 a
1330 957 1390 985 quo
1412 949 1490 977 enim
1510 950 1576 985 quis
1596 951 1750 985 superatus
1771 951 1825 983 est,

1052 995 1140 1030 hujus
1154 998 1181 1023 et
1193 1004 1293 1023 servus
1308 998 1358 1023 est.
1372 1007 1384 1021 υ
1402 998 1472 1024 item
1494 1000 1536 1024 est
1550 997 1673 1024 servitus
1693 997 1826 1025 multitu-

1053 1042 1121 1069 dine
1150 1051 1318 1077 numerosa,
1340 1045 1367 1070 et
1390 1043 1527 1070 servitute
1550 1050 1685 1070 onerosa.
1713 1045 1826 1078 Augus-

1053 1088 1130 1115 tinus
1142 1089 1161 1105 ’Β
1178 1098 1184 1115 :
1204 1098 1216 1114 ι(
1228 1089 1318 1117 Malus
1333 1089 1355 1116 si
1371 1091 1473 1124 regnat
1489 1089 1537 1124 (r),
1557 1097 1658 1116 servus
1672 1091 1715 1116 tot
1733 1089 1828 1117 domi-

1054 1143 1171 1169 norum,
1183 1137 1255 1170 quot
1267 1135 1415 1162 vitiorum.
1424 1136 1465 1160 »¹⁹
1474 1144 1487 1160 «
1499 1135 1631 1162 Servietis
1646 1135 1701 1162 diis
1713 1135 1826 1167 alienis,

1054 1181 1104 1215 qui
1125 1188 1185 1208 non
1201 1181 1314 1208 dabunt
1329 1181 1413 1208 vobis
1428 1181 1561 1216 requiem
1585 1181 1632 1208 die
1655 1188 1688 1208 ac
1704 1182 1799 1208 nocte.
1811 1190 1825 1206 ι»

1054 1227 1093 1251 ⁸2⁰«
1100 1227 1227 1260 Migravit
1235 1227 1323 1254 Judas
1332 1229 1452 1262 propter
1461 1226 1695 1260 afflictionem,et
1702 1227 1829 1254 multitu-

1055 1272 1155 1300 dinem
1166 1273 1322 1300 servitutis.
1335 1282 1347 1297 n
1361 1273 1441 1299 Unde
1456 1274 1565 1300 Seneca
1575 1272 1595 1289 ²¹
1608 1282 1614 1300 :
1628 1272 1721 1300 Multis
1729 1273 1828 1306 servit,

1055 1319 1106 1354 qui
1127 1319 1243 1353 corpori
1267 1318 1389 1346 servit.»
1415 1320 1485 1346 ltem
1500 1321 1542 1345 est
1555 1318 1678 1346 servitus
1696 1318 1830 1354 perenni-

1055 1367 1111 1392 tate
1127 1365 1282 1398 continua,
1299 1366 1443 1399 quantum
1459 1366 1501 1391 est
1516 1372 1551 1391 ex
1565 1364 1605 1400 (d)
1618 1365 1701 1400 parte
1716 1363 1829 1392 diaboli

1056 1412 1230 1447 captivantis
1241 1433 1250 1445 ,
1287 1411 1342 1438 nisi
1379 1412 1537 1439 subveniat
1580 1411 1736 1438 clementia
1780 1410 1830 1438 Dei

1056 1458 1230 1485 miserantis.
1253 1458 1285 1484 [t
1307 1457 1385 1484 enim
1408 1457 1448 1484 ait
1471 1458 1647 1492 Augustinus
1661 1457 1692 1492 ²³,
1708 1457 1830 1484 servitus

1057 1504 1227 1531 daemonum
1243 1506 1285 1531 est
1299 1504 1392 1537 magis
1408 1503 1550 1538 timenda,
1566 1511 1631 1539 quae
1645 1511 1706 1530 non
1718 1503 1830 1536 finitur,

1057 1550 1128 1585 quia
1137 1550 1260 1576 servitus
1275 1549 1430 1576 hominum
1446 1549 1608 1584 aliquando
1623 1549 1732 1577 finitur.
1746 1551 1778 1576 Et
1793 1548 1830 1576 de

1057 1595 1113 1622 hoc
1127 1595 1174 1622 hie
1188 1596 1264 1622 bene
1279 1595 1470 1629 Augustinus:
1489 1604 1503 1620 «
1513 1596 1546 1628 O,
1561 1595 1667 1630 inquit,
1681 1594 1831 1622 miserabi-

1057 1641 1093 1668 lis
1120 1641 1260 1674 servitus,
1283 1642 1353 1676 quia
1377 1649 1477 1667 servus
1497 1641 1628 1676 peccati,
1653 1648 1720 1668 cum
1744 1640 1830 1676 fugit,

1058 1695 1158 1714 secum
1178 1687 1276 1721 trahit,
1290 1697 1303 1712 »
1324 1687 1356 1713 id
1378 1689 1419 1714 est
1433 1690 1600 1722 peccatum,
1619 1694 1831 1722 «quocumque

1058 1733 1172 1767 sugerit.
1185 1734 1289 1760 Scrvus
1305 1735 1401 1760 autem
1415 1732 1544 1759 hominis
1559 1732 1721 1768 aliquando
1735 1734 1832 1768 potest

1058 1779 1159 1814 fugere
1186 1779 1340 1807 dominum
1362 1787 1480 1806 suum.»
1503 1780 1526 1796 2³
1543 1789 1556 1804 a
1570 1780 1676 1814 Jugum
1703 1779 1831 1806 ferreum

1059 1826 1145 1861 posui
1161 1834 1248 1861 super
1262 1825 1372 1852 collum
1387 1826 1533 1860 gentium,
1549 1828 1581 1853 ut
1595 1826 1723 1853 serviant
1735 1825 1832 1853 Nabu-

1060 1872 1259 1906 chodonosor,
1272 1882 1284 1897 u
1303 1880 1368 1906 quae
1383 1872 1505 1899 servitus
1515 1871 1568 1899 fuit
1579 1871 1673 1907 figura
1687 1871 1832 1899 servitutis

1060 1918 1181 1953 peceati.
1199 1917 1218 1932 ²³
1233 1928 1246 1942 «
1258 1918 1425 1944 Serviamus
1441 1918 1466 1944 ei
1483 1918 1581 1945 multis
1602 1918 1716 1946 diebus.
1730 1927 1744 1944 ι)
1763 1919 1831 1946 item

1061 1966 1103 1991 est
1121 1964 1244 1991 servitus
1265 1964 1411 1999 stipendio
1434 1964 1579 1991 damnosa
1593 1964 1630 1991 ²⁵:
1650 1966 1743 1991 «Cum
1756 1963 1832 1991 servi

1061 2010 1161 2037 essetis
1184 2010 1315 2045 peccati,
1329 2020 1342 2036 n
1360 2012 1412 2036 ete.
1433 2011 1465 2036 Et
1479 2009 1611 2044 sequitur
1627 2018 1633 2036 :
1653 2019 1666 2035 «
1683 2009 1832 2045 Stipendia

1060 2056 1171 2091 peceati
1201 2063 1291 2083 mors.
1311 2065 1324 2081 »
1358 2055 1402 2082 Nil
1426 2064 1497 2090 ergo
1524 2056 1720 2083 miserabilius
1742 2063 1833 2091 quam

1061 2105 1182 2137 peceato
1204 2102 1322 2128 servire.
1344 2103 1376 2128 Et
1402 2101 1470 2128 idco
1491 2102 1639 2136 sequitur:
1661 2102 1757 2129 Servus
1780 2109 1833 2128 non

1061 2151 1148 2174 manet
1163 2150 1190 2174 1'71
1204 2148 1277 2174 domo
1294 2149 1322 2173 in
1335 2150 1473 2180 oeternum,
1488 2147 1519 2174 id
1532 2150 1583 2182 est,
1596 2147 1627 2174 in
1642 2147 1778 2181 Ecclesia,
1793 2147 1833 2174 ait

1063 2193 1238 2228 Augustinus
1259 2192 1289 2220 ²⁶.
1313 2194 1376 2220 Non
1402 2193 1480 2220 enim
1501 2195 1601 2220 manet
1620 2193 1696 2227 talis,
1721 2201 1775 2220 nec
1802 2192 1833 2219 in

1062 2239 1189 2266 Ecclesia
1204 2239 1357 2272 militante,
1374 2246 1426 2266 nec
1442 2238 1471 2265 in
1486 2239 1699 2274 triumphante,
1715 2238 1766 2265 sed
1779 2238 1832 2272 eji-

1063 2286 1153 2312 cietur
1175 2293 1193 2312 a
1214 2286 1361 2312 consortio
1389 2286 1558 2312 sanctorum
1572 2285 1592 2301 ²⁷
1609 2294 1616 2312 z
1636 2284 1722 2312 «Eris
1747 2283 1833 2320 quasi

1066 2374 1097 2396 ιι,
1116 2370 1150 2391 19.
1167 2380 1196 2384 -
1213 2366 1233 2383 ²⁸
1248 2369 1301 2397 Aug
1315 2385 1322 2396 ,
1336 2366 1365 2389 cle
1380 2367 1455 2389 Finit.
1475 2366 1527 2393 Dei,
1542 2366 1585 2389 lib.
1602 2366 1644 2396 Ν,
1657 2373 1679 2389 c.
1695 2372 1738 2396 ιιι,
1753 2371 1832 2396 prope

1064 2403 1106 2425 tin.
1131 2415 1160 2419 —
1185 2402 1204 2417 ¹³
1227 2402 1326 2429 levem„
1351 2407 1410 2429 xsi,
1437 2403 1471 2425 13.
1500 2414 1525 2418 —
1547 2401 1568 2417 ²⁰
1592 2401 1688 2427 leen..
1710 2406 1734 2430 1,
1757 2402 1780 2423 3.
1803 2412 1831 2416 -

1064 2438 1080 2452 '·'¹
1098 2439 1198 2465 Seuee„
1214 2436 1286 2466 epist,
1303 2442 1355 2466 xiv,
1369 2436 1436 2459 eirca
1451 2435 1531 2466 princ.
1544 2449 1574 2453 —
1589 2436 1607 2449 ²²
1621 2437 1696 2466 Aug„
1711 2435 1736 2458 in
1750 2435 1832 2465 loon„

1064 2474 1136 2495 tnui.
1154 2477 1211 2500 MA,
1231 2473 1253 2494 4.
1268 2485 1297 2488 -
1317 2471 1337 2486 ²³
1350 2471 1452 2499 ‚let-em„
1467 2477 1567 2500 xxxiii,
1585 2472 1621 2494 14.
1639 2483 1670 2488 -—
1686 2470 1705 2484 ²⁴
1723 2470 1794 2498 Bata,
1809 2475 1832 2499 1,

1064 2509 1101 2530 12,
1121 2520 1149 2523 —
1164 2507 1183 2522 ²⁵
1200 2507 1276 2536 Rom„
1292 2512 1330 2535 νι,
1346 2508 1384 2534 20,
1401 2508 1438 2529 23.
1456 2519 1485 2523 -
1501 2507 1519 2521 ²⁶
1534 2509 1608 2537 Aug„
1621 2505 1664 2529 ubi
1677 2512 1734 2535 sup.
1747 2511 1832 2536 prox„

1063 2548 1090 2564 ιι.
1106 2542 1129 2564 8.
1144 2554 1173 2558 -—
1187 2542 1206 2557 2³
1223 2542 1282 2569 Im„
1298 2546 1351 2570 xlv,
1371 2543 1409 2570 ¹9,
1422 2542 1461 2564 ΞΟ.

1097 2590 1129 2619 (α)
1146 2591 1208 2614 Cret.
1229 2589 1288 2612 edit.
1303 2589 1378 2612 enim.
1395 2601 1425 2606 —
1442 2588 1479 2618 (b)
1494 2588 1554 2612 Item
1568 2594 1621 2612 non
1637 2587 1760 2618 appetitio
1779 2593 1834 2611 ma-

1064 2624 1207 2683 {zelgzugq—
1228 2624 1257 2656 (ε’)
1276 2624 1334 2654 Leq.
1355 2623 1453 2648 etiamsi
1470 2625 1567 2654 regnet.
1585 2636 1615 2640 ——
1634 2623 1671 2654 (d,
1690 2623 1750 2647 Caee.
1770 2623 1834 2646 edit.
