1987 3032
615 201 654 232 IN
673 200 757 232 CAP.
781 199 875 231 XVIII
898 199 1036 231 SANCTI
1056 197 1230 230 JOANNIS.

128 271 231 303 hortus,
244 270 274 295 in
286 276 362 303 quem
377 269 512 295 introivit.
530 268 562 294 In
576 266 620 294 his
635 267 733 294 verbis
751 266 894 301 figuratur

127 315 272 350 passionis
294 314 356 341 Filii
381 313 430 340 Dei
453 313 604 347 acerbitas,
628 313 688 340 sive
713 312 850 347 gravitas,
866 313 894 339 et

127 361 261 396 ejusdem
274 359 468 391 fructuositas,
476 359 531 386 tria
547 368 554 386 ι
569 367 695 394 quorum
708 359 837 393 primum
852 360 894 385 est

126 406 271 442 passionis
284 405 479 433 numerositas
494 407 520 431 et
534 404 681 438 intimitaS,
698 403 739 431 ibi
756 413 762 430 :
781 405 892 430 Torren-

126 454 190 486 tem;
207 451 347 484 secunde,
370 450 512 485 figuratur
538 450 600 477 Filii
628 450 676 476 Dei
703 449 733 476 in
756 449 891 484 passione

125 497 326 528 victoriositaS,
339 496 380 523 ihi
393 505 399 522 :
411 498 539 530 Egressus
550 499 601 529 est3
618 495 732 522 tortium
749 497 790 522 est
802 495 892 529 ipsius

124 542 268 578 passionis
290 541 483 574 fructuositas,
500 542 541 569 ibi
559 550 566 567 :
581 542 708 568 Introivit
727 542 756 567 in
775 541 891 567 hortum.

160 588 204 615 Ait
227 595 298 622 ergo
321 596 328 614 ε
361 589 511 614 Torrentem
535 588 644 615 cedron.
669 589 791 614 Torrens
813 586 891 613 enim

127 642 141 658 ιι
155 635 197 661 est
209 641 287 668 aqua
300 633 421 660 veniens
435 641 502 660 cum
526 633 648 667 impetu,
663 642 676 657 »
694 634 725 659 ut
745 632 784 659 ait
799 632 890 659 Isido-

123 686 173 706 rus
188 679 206 705 ¹.
222 680 263 705 Ex
279 679 362 714 aquis
382 679 460 705 enim
479 678 658 713 pluvialibus
680 677 825 712 colligitur
849 685 891 704 se-

124 725 255 751 cundum
269 724 440 758 Gregorium
454 725 474 755 2²,
486 726 513 751 et
527 724 656 759 priorem
666 731 774 758 aquam
789 731 890 758 supcr-

123 770 243 797 veniens
257 770 427 805 praecipitat,
441 771 473 796 ut
488 769 527 796 ait
543 771 660 797 Seneca.
677 771 708 796 Et
727 769 821 803 signat
835 776 890 795 nu-

122 816 319 843 merositatem
339 815 482 850 passionis
497 817 564 842 lesu
578 814 689 848 Christi,
706 817 733 842 et
751 815 890 841 intimita-

122 863 193 895 tem,
206 863 233 888 et
248 861 479 894 diuturnitatem,
501 861 560 888 sive
581 861 752 895 passionum
779 868 890 887 succes-

123 907 284 941 sionem,in
299 908 403 934 Psalmo
419 908 428 923 3
441 916 447 933 ;
462 916 473 931 «
483 908 519 933 De
535 908 661 933 torrente
672 906 702 932 in
712 906 759 933 via
773 906 863 933 bibet.
874 916 887 931 »

122 952 132 968 ⁸
145 962 158 979 «
173 954 284 980 Fratres
299 952 356 980 mei
378 952 578 987 praeterierunt
592 959 649 984 me,
673 951 746 978 sicut
766 954 889 985 torrens,

123 999 174 1035 qui
188 999 295 1034 raptim
311 999 411 1026 transit
423 999 452 1025 in
465 998 650 1025 convallibus
666 1007 674 1024 :
690 1009 702 1023 n
722 1000 752 1025 ut
765 1006 817 1033 per
834 999 889 1025 fra-

121 1047 178 1072 tres
192 1044 304 1080 possint
317 1044 438 1079 intelligi
453 1044 604 1079 passiones
616 1046 770 1079 assumptae
787 1052 803 1071 a
817 1044 888 1071 Filio

122 1090 182 1124 Dei,
196 1090 244 1117 vel
258 1090 348 1117 ludaei
364 1089 516 1117 inferentes
529 1090 708 1125 passionem,
724 1092 750 1117 et
764 1097 890 1124 praecur-

121 1138 216 1163 rentes
231 1136 270 1163 ad
290 1135 372 1162 illam
391 1135 582 1162 inferendam.
608 1135 687 1162 Unde
708 1137 821 1162 torrens
842 1136 887 1162 di-

122 1182 195 1209 citur
209 1181 424 1216 multipliciter:
443 1182 485 1208 est
507 1181 585 1207 enim
600 1183 712 1208 torrens
734 1181 888 1215 affligentis

120 1227 276 1264 passionis,
299 1227 335 1254 de
361 1235 420 1262 quo
441 1227 551 1254 dictum
575 1229 633 1261 est3
657 1230 685 1254 et
712 1229 754 1254 est
776 1229 887 1254 torrens

121 1274 237 1301 fluentis
263 1273 433 1308 iniquitatis,
457 1273 487 1300 in
512 1274 614 1299 Psalmo
630 1274 639 1289 ⁵
662 1281 668 1298 :
698 1284 709 1297 (ι
737 1275 886 1300 Torrentes

120 1319 279 1355 iniquitatis
293 1319 541 1346 conturbaverunt
560 1326 617 1345 me.
634 1328 647 1344 n
671 1320 702 1345 Et
717 1321 758 1345 est
776 1320 886 1345 torrens

120 1373 283 1393 numerosae
298 1364 478 1392 contritionis
493 1365 503 1381 ὅ
516 1374 523 1391 .-
537 1374 550 1389 a
566 1364 663 1391 Deduc
679 1364 762 1399 quasi
778 1367 887 1391 torren-

119 1413 178 1439 tem
192 1411 348 1447 lacrymas.
364 1422 377 1437 n
391 1413 422 1438 Et
433 1412 475 1437 est
490 1412 602 1438 torrens
617 1410 717 1444 gloriae
731 1410 885 1444 affluentis,

118 1457 149 1484 in
170 1459 272 1484 Psalmo
291 1458 301 1474 ⁷
315 1467 321 1484 ι
335 1466 348 1481 α
361 1458 495 1484 Torrente
520 1456 676 1491 voluptatis
697 1458 751 1483 ture
770 1456 886 1491 potabis

119 1510 180 1530 eos.
195 1512 209 1528 v>
226 1504 313 1530 Istum
333 1504 490 1530 torrentem
515 1506 648 1536 egressus
663 1504 704 1528 est
717 1503 807 1535 Jesus,
824 1510 885 1529 non

119 1558 136 1577 a
150 1550 286 1585 passione
300 1549 404 1582 victus,
423 1556 478 1575 neo
499 1556 516 1575 a
537 1551 629 1575 morte
637 1558 645 1581 3
669 1549 720 1575 sed
742 1556 885 1583 egressus,

118 1596 213 1631 ipsam
226 1597 350 1622 mortem
370 1594 499 1627 vincens,
515 1593 646 1620 victurus
666 1593 696 1620 in
720 1595 859 1621 aeternum
877 1604 883 1622 :

122 1651 135 1667 κ
152 1641 208 1669 Etsi
220 1641 299 1668 enim
313 1641 323 1657 ⁸
338 1640 492 1667 crucifixus
508 1641 549 1667 est
568 1648 603 1666 ex
623 1639 798 1673 infirmitate,
814 1640 886 1666 vivit

117 1690 216 1714 tamen
231 1694 265 1713 ex
280 1686 392 1713 virtute.
405 1696 417 1711 »
434 1685 444 1701 ⁹
456 1694 470 1710 «
486 1686 577 1718 Quem
592 1686 666 1711 Deus
679 1685 826 1712 suscitavit
839 1693 885 1712 so-

117 1732 185 1760 lutis
200 1732 352 1759 doloribus
367 1731 481 1764 inferni,
502 1731 584 1765 juxta
599 1730 681 1765 quod
702 1730 884 1765 impossibile

117 1781 179 1806 erat
193 1786 260 1806 eum
274 1778 312 1805 ab
326 1777 377 1804 illo
394 1777 526 1804 detineri.
542 1787 555 1802 »
574 1777 605 1804 Et
617 1776 653 1803 de
668 1776 724 1803 hoc
740 1776 769 1803 in
788 1776 884 1810 figura

116 1824 192 1852 hene
207 1824 246 1851 ait
259 1823 425 1850 Timotheus
441 1822 460 1839 ¹⁰
477 1831 483 1848 :
505 1822 559 1849 «Si
581 1822 670 1849 Judas
692 1823 720 1848 et
742 1822 884 1849 exercitus

116 1870 178 1904 ejus
194 1868 476 1904 appropinquaverit
490 1867 528 1895 ad
544 1869 711 1899 torrentem,
725 1870 752 1894 et
766 1868 884 1895 transie-

115 1915 151 1943 rit
166 1915 204 1942 ad
219 1922 274 1942 nos
287 1914 378 1950 prior,
399 1921 460 1940 non
481 1913 639 1948 poterimus
661 1913 801 1940 sustinere
825 1913 883 1939 im-

114 1964 215 1998 petum
239 1962 341 1996 ejus.»
364 1960 453 1988 Judas
474 1960 526 1987 fuit
549 1960 645 1994 figura
668 1960 781 1993 Christi,
802 1960 883 1994 cujus

115 2008 258 2035 exercitus
279 2006 333 2033 fuit
354 2006 450 2041 figura
478 2007 641 2040 martyrum
671 2005 814 2032 Christum
838 2014 882 2032 se-

115 2053 267 2088 quentium
277 2073 286 2086 ,
315 2052 367 2087 qui
394 2051 524 2078 transivit
552 2052 710 2077 torrentem
738 2051 882 2085 passionis

114 2098 205 2126 modo
220 2098 308 2125 dicto.
324 2097 490 2124 Timotheus
502 2104 572 2123 vcro
586 2096 680 2130 figura
695 2096 817 2130 diaboli,
830 2097 881 2132 qui

112 2152 173 2172 non
186 2144 280 2180 potuit
291 2144 422 2171 resistere
437 2143 560 2176 Christo,
572 2142 612 2168 sic
628 2144 784 2169 torrentem
800 2151 882 2177 egre-

113 2191 214 2219 dienti.
237 2190 373 2218 Similiter
388 2189 493 2216 dicitur
509 2190 527 2205 ¹¹
547 2198 552 2214 :
572 2198 585 2213 «
601 2188 804 2215 'transfretavit
824 2190 882 2215 tor-

111 2239 223 2264 rentem
238 2236 361 2272 primus,
375 2238 402 2262 et
416 2235 554 2262 viderunt
569 2242 638 2261 eum
658 2234 725 2267 viri,
742 2236 768 2261 ct
788 2236 880 2261 trans-

111 2282 289 2310 fretaverunt
303 2284 368 2317 post
380 2290 459 2315 eum,
474 2291 487 2307 n
505 2283 558 2309 ctc.
582 2281 625 2308 Sic
651 2281 776 2308 Christus
799 2290 880 2315 egre-

113 2328 196 2356 diens
211 2327 340 2355 introivit
366 2327 396 2354 in
417 2327 545 2361 hortum,
568 2334 620 2362 per
640 2335 729 2362 quem
749 2328 881 2361 signatur

112 2374 214 2402 hortus
227 2373 356 2410 paradisi
371 2373 534 2400 secundum
547 2373 677 2400 Glossam
693 2381 700 2399 :
720 2382 733 2399 t(
746 2375 798 2400 Pcr
811 2381 878 2408 pas-

143 2435 152 2451 ¹
165 2434 234 2463 lsid.,
251 2432 369 2463 Etymah,
383 2432 425 2455 lib.
439 2432 505 2461 ΧΙΙΙ,
516 2439 538 2455 c.
550 2437 603 2455 xm.
617 2444 647 2449 —
657 2432 666 2447 2
679 2433 763 2461 (ἔτυμα,
778 2432 880 2462 Mor-al„

113 2469 157 2493 lib.
178 2470 239 2499 vu,
264 2476 285 2492 e.
309 2474 339 2497 x,
359 2468 390 2491 al.
411 2474 472 2495 xxv,
487 2475 513 2490 n.
529 2469 567 2491 30.
582 2480 613 2484 —
633 2468 642 2482 ³
658 2468 723 2491 Prot.
740 2474 795 2497 cix,
812 2470 833 2491 7.
849 2481 879 2486 —

115 2505 122 2518 ⁴
139 2504 191 2532 lob,
209 2505 297 2533 v'1,15.
309 2516 340 2520 —
352 2504 358 2517 ⁵
372 2502 440 2526 Psal.
456 2508 522 2528 xvii,
536 2504 560 2525 5.
573 2514 602 2519 ——
616 2502 626 2518 ὅ
641 2502 715 2525 leren
731 2519 738 2530 ,
752 2509 782 2532 u,
800 2504 836 2526 18.
850 2516 879 2521 —

114 2541 122 2554 ’
135 2539 203 2563 Psal.
216 2545 293 2568 xxxv,
309 2541 331 2563 9,
347 2552 377 2556 -
395 2539 436 2562 ⁸11
453 2538 592 2568 Cor.‚x111,
609 2538 631 2560 4.
646 2550 676 2555 -0
690 2538 699 2553 ⁹
715 2538 778 2566 Acti,
797 2544 824 2566 lt,
840 2540 877 2561 24.

116 2587 141 2591 -
159 2573 308 2604 ¹⁰1Mach.,
323 2579 347 2604 v,
368 2575 406 2597 42.
421 2586 451 2590 —
465 2574 482 2589 ¹¹
501 2573 572 2602 thid„
590 2578 642 2601 XVI,
658 2574 680 2595 G.
702 2573 764 2590 --12
778 2573 879 2603 Mutllz„

115 2615 160 2638 xx,
174 2610 211 2633 22.
227 2621 257 2626 —
273 2609 289 2622 '¹
304 2609 392 2640 Greg„
406 2609 432 2632 in
449 2609 554 2638 Erana,
574 2607 643 2631 hom.
661 2613 747 2638 xxm,
763 2614 788 2632 n.
810 2610 832 2632 4.
848 2621 878 2626 —

1656 209 1713 238 597

949 265 1061 293 sionem
1075 266 1244 301 pervenitur
1259 267 1297 295 ad
1312 268 1431 296 delicias
1450 271 1588 305 paradisi.
1601 281 1614 297 n
1633 272 1713 300 Unde

949 312 989 339 ait
1007 313 1137 340 Salvator
1165 314 1272 348 petenti
1299 315 1384 342 matri
1405 316 1472 343 filiis
1497 317 1597 351 gloriae
1616 318 1712 346 hono-

949 366 1010 385 rem
1026 358 1046 375 ¹2
1061 367 1067 386 z
1087 369 1099 384 «
1114 359 1232 386 Potestis
1245 360 1348 388 bibere
1363 361 1482 389 calicem
1495 371 1583 398 quem
1597 371 1652 398 ego
1667 364 1714 391 bi-

947 404 1060 431 biuu‘us
1074 405 1156 431 sum?
1170 415 1182 429 »ι
1201 406 1292 440 Super
1307 407 1388 441 quod
1403 409 1557 442 Gregorius
1570 410 1591 426 ¹³
1608 417 1615 437 t
1634 418 1648 435 a
1662 411 1714 437 Per

949 450 1068 477 calicem
1082 451 1252 485 pervenitur
1267 451 1303 487 (a)
1320 452 1358 479 ad
1372 454 1561 487 majestatem.
1573 454 1616 479 »¹⁶
1626 456 1713 490 Opor-

948 496 1001 522 tuit
1028 496 1106 522 enim
1133 496 1276 524 Christum
1310 498 1389 532 pati,
1419 501 1447 526 et
1482 499 1522 527 ita
1548 500 1654 527 intrare
1683 501 1713 527 in

947 541 1072 575 gloriam
1087 549 1180 569 suam.
1196 552 1208 568 »
1227 543 1306 570 Unde
1322 546 1363 571 est
1376 544 1477 571 hortus
1498 545 1607 580 gloriae,
1630 546 1713 581 cujus

947 587 999 613 iste
1014 587 1114 614 hortus
1127 586 1180 614 fuit
1194 588 1300 622 figura,
1320 589 1359 616 ait
1382 589 1482 617 Glossa
1496 590 1554 624 hic,
1573 591 1603 618 in
1623 599 1712 626 quem

947 632 1069 659 intratur
1083 640 1135 667 per
1149 634 1327 668 passionem,
1343 637 1374 662 ut
1393 635 1504 662 dictum
1518 638 1570 669 est,
1594 636 1630 663 de
1652 644 1712 672 quo

946 676 1031 704 horto
1051 677 1142 712 possit
1163 679 1305 707 verificari
1328 679 1402 707 illud
1422 682 1442 698 ¹⁵
1458 690 1464 707 ε
1480 692 1492 705 α
1508 682 1584 709 Sicut
1611 683 1712 710 hortus

947 730 1046 749 semen
1062 731 1146 750 suum
1167 725 1321 758 germinat,
1343 726 1383 752 sic
1406 727 1544 754 Dominus
1568 728 1712 762 germina-

946 769 1141 803 bitjustitiam
1156 770 1313 797 etlaudem
1334 779 1434 798 coram
1458 773 1600 800 universis
1620 774 1711 808 genti-

946 815 1011 842 bus.
1028 815 1095 842 »Vel
1110 824 1161 850 per
1174 816 1292 843 hortum
1306 817 1437 851 signatur
1452 818 1578 846 Ecclesia
1591 819 1711 847 fructifi-

946 868 1015 887 cans
1028 869 1081 896 per
1095 862 1262 896 passionem
1275 863 1341 889 Jesu
1357 863 1470 897 Christi,
1486 864 1538 899 qui
1553 873 1618 891 eain
1636 864 1712 899 riga-

945 906 986 933 vit
998 907 1139 941 sanguine
1154 915 1207 934 suo
1224 908 1244 924 ¹⁶
1261 916 1291 934 2«
1305 908 1416 942 Rigabo
1429 909 1546 936 hortum
1560 909 1712 945 plantatio-

944 959 1016 978 num
1036 960 1177 979 mearum.
1202 952 1221 969 ¹⁷
1245 962 1258 977 «
1283 954 1386 980 Hortus
1407 954 1571 989 conclusus,
1590 955 1656 982 fons
1676 956 1712 983 si-

945 999 1058 1031 gnatus.
1075 1007 1088 1023 n
1106 998 1156 1024 Vel
1171 1006 1222 1032 per
1242 998 1359 1025 hortum
1374 999 1504 1033 signatur
1518 1000 1617 1028 anima
1634 1001 1711 1028 fruc-

944 1043 1036 1076 tifera,
1061 1051 1126 1078 quae
1149 1044 1258 1078 profert
1280 1044 1405 1071 fructum
1427 1054 1513 1072 suum
1534 1054 1569 1073 ex
1592 1046 1662 1079 fide,
1684 1048 1712 1074 et

945 1089 1106 1116 imitatione
1120 1089 1264 1124 passionis
1283 1091 1348 1117 Jesu
1371 1090 1484 1124 Christi,
1507 1093 1533 1118 et
1551 1092 1710 1120 mortifica--

944 1134 1022 1162 tione
1038 1143 1105 1161 eum
1119 1143 1164 1162 eo.
1180 1135 1272 1170 Supra
1288 1136 1308 1152 ¹⁸
1319 1144 1346 1162 :«
1362 1136 1419 1163 Nisi
1434 1144 1559 1170 granum
1574 1137 1709 1165 frumenti

944 1182 1093 1207 mortuum
1106 1179 1202 1213 fuerit,
1217 1180 1312 1215 ipsum
1327 1181 1422 1215 solum
1438 1184 1544 1209 manet.
1560 1192 1572 1207 »
1589 1183 1608 1199 ¹⁹
1626 1192 1639 1207 «
1653 1183 1710 1210 Erit

943 1226 1041 1252 anima
1077 1233 1178 1253 eorum
1222 1226 1305 1261 quasi
1345 1226 1445 1254 hor'tus
1473 1227 1608 1261 irriguus
1633 1238 1646 1254 »
1678 1230 1709 1256 Et

943 1271 1022 1298 idem
1045 1270 1086 1296 ¹²⁰:
1106 1271 1283 1298 «Adducam
1307 1280 1357 1299 eos
1381 1280 1434 1306 per
1454 1275 1596 1300 torrentes
1618 1281 1708 1309 aqua-

942 1324 1008 1343 rum
1023 1317 1053 1343 in
1068 1317 1113 1344 via
1126 1319 1214 1350 recta,
1230 1328 1242 1343 »
1260 1319 1312 1344 etc.
1329 1317 1429 1345 Nullus
1449 1318 1527 1345 enim
1545 1318 1654 1346 fructus
1677 1320 1707 1347 in

941 1363 1050 1397 anima,
1066 1370 1119 1389 nec
1142 1362 1172 1389 in
1195 1363 1334 1396 Ecclesia,
1355 1363 1410 1390 nisi
1436 1364 1466 1398 (b)
1491 1372 1543 1398 per
1564 1364 1655 1392 fidem
1681 1368 1708 1392 et

940 1407 1132 1435 imitationem
1152 1409 1218 1435 Jesu
1233 1408 1343 1442 Christi,
1366 1417 1425 1444 qua
1447 1409 1612 1444 irrigantur.
1635 1420 1648 1435 »
1676 1412 1707 1438 Et

940 1453 1008 1480 ideo
1033 1456 1064 1481 ut
1085 1454 1266 1488 fructificent,
1289 1456 1404 1489 oportet
1426 1463 1492 1482 cum
1515 1455 1625 1483 Christo
1648 1457 1706 1483 tor-

939 1501 1050 1526 rentem
1064 1499 1209 1534 passionis
1223 1499 1333 1534 egredi.

1061 1600 1172 1627 Collatc'o
1191 1601 1346 1634 octogesima
1365 1600 1409 1635 (c),
1429 1608 1516 1635 xvut,
1538 1602 1579 1628 18.

974 1683 1085 1709 Stabant
1097 1684 1165 1709 servi
1176 1683 1211 1709 ad
1220 1690 1330 1717 prunas,
1344 1685 1367 1709 et
1382 1683 1575 1716 calefaciebant
1586 1691 1623 1717 se,
1638 1685 1704 1718 quia

937 1729 1026 1762 frigus
1040 1731 1107 1761 crat,
1123 1731 1147 1755 et
1162 1729 1257 1755 Petrus
1272 1737 1329 1755 cum
1343 1730 1391 1762 eis,
1408 1730 1461 1756 etc.
1478 1730 1532 1756 Ista
1547 1729 1638 1756 verba
1652 1737 1703 1756 ex-

937 1777 1021 1812 ponit
1041 1777 1196 1811 Gregorius
1209 1776 1240 1811 21,
1256 1777 1307 1804 ubi
1323 1777 1362 1804 ait
1378 1786 1384 1804 :
1404 1787 1417 1803 «
1431 1780 1452 1805 A
1467 1778 1606 1812 qualitate
1629 1778 1703 1805 aeris

937 1832 983 1852 res
1004 1825 1185 1860 subsequens
1206 1825 1406 1853 demonstatur
1428 1833 1434 1852 ι
1455 1825 1522 1852 hinc
1542 1827 1598 1859 est,
1621 1826 1702 1861 quod

938 1872 975 1899 de
1003 1871 1041 1907 (d)
1070 1873 1210 1906 negaturo
1241 1872 1321 1899 Petro
1345 1871 1535 1907 praemittitur,
1559 1873 1623 1906 quia
1648 1873 1702 1905 sri-

937 1925 985 1951 9us
997 1919 1064 1950 erat,
1087 1919 1111 1944 et
1127 1920 1201 1944 stans
1222 1917 1258 1943 ad
1273 1925 1374 1951 prunas
1389 1918 1563 1950 calefaciebat
1576 1925 1603 1944 se
1623 1926 1628 1943 :
1641 1918 1702 1951 Jam

936 1970 1064 1997 namque
1093 1962 1170 1989 intus
1198 1962 1230 1997 (e)
1252 1970 1270 1989 a
1293 1962 1439 1989 charitatis
1462 1962 1559 1990 calore
1585 1964 1702 1997 torpue-

936 2011 990 2041 rat,
1006 2010 1032 2035 ct
1054 2008 1093 2035 ad
1118 2015 1250 2035 amorem
1278 2008 1425 2043 proesentis
1449 2009 1530 2042 vitae,
1558 2008 1641 2043 quasi
1663 2008 1702 2035 ad

936 2058 1153 2090 persecutorum
1172 2062 1292 2090 prunas,
1314 2054 1478 2082 infirmitate
1500 2055 1636 2083 aestuante
1657 2062 1702 2082 re-

937 2101 1087 2128 calebat.»
1112 2102 1175 2127 flaec
1192 2100 1251 2127 ille.
1274 2101 1305 2127 Et
1325 2100 1489 2127 secundum
1510 2100 1576 2133 hoc,
1593 2100 1652 2127 duo
1672 2100 1702 2127 in

935 2147 980 2174 his
995 2147 1091 2173 verbis
1115 2146 1276 2180 figurantur
1302 2155 1307 2173 :
1332 2145 1438 2180 primo,
1459 2146 1652 2181 peccantium,
1675 2148 1702 2172 et

936 2193 1022 2221 etiam
1036 2193 1146 2228 pcccati
1161 2192 1389 2220 contaminativa
1404 2191 1538 2227 qualitas,
1559 2191 1599 2219 ibi
1617 2199 1623 2217 :
1639 2192 1700 2218 Sta—

935 2240 998 2266 bant
1013 2239 1048 2265 acl
1060 2240 1236 2273 prunas,quia
1251 2240 1340 2272 frigus
1355 2240 1427 2272 erat3
1440 2237 1580 2271 secundo,
1596 2245 1701 2265 concu-

933 2284 1080 2319 piscentiae
1103 2284 1209 2311 ardens
1233 2283 1438 2319 appetibililes,
1454 2282 1495 2310 ibi
1520 2291 1526 2310 :
1550 2283 1700 2316 Calefacie-

935 2332 997 2358 bant
1011 2338 1047 2357 se.

936 2395 952 2409 1'·
969 2394 1033 2421 Lusa,
1050 2398 1118 2422 κ’(ιν,
1134 2393 1171 2415 25.
1183 2404 1212 2408 —
1227 2393 1244 2407 ’ὃ
1259 2392 1314 2419 Iso..
1332 2397 1384 2419 Lxx,
1400 2394 1435 2414 11.
1448 2403 1477 2408 -
1492 2392 1512 2407 ¹⁶
1526 2391 1611 2419 Eccli.‚
1629 2397 1697 2420 xxiv,

934 2430 972 2451 42.
998 2441 1027 2445 -
1054 2428 1070 2444 ¹⁷
1098 2428 1180 2454 Cant.‚
1207 2432 1248 2455 iv,
1276 2428 1312 2449 12.
1337 2438 1367 2442 —
1391 2425 1410 2442 ¹⁸
1434 2427 1505 2456 Sap„
1531 2431 1581 2453 xii,
1608 2427 1645 2450 at.
1669 2439 1699 2443 —

934 2464 952 2479 ¹²
967 2463 1066 2492 leram„
1079 2467 1150 2491 xxxr,
1167 2462 1203 2484 12.
1216 2474 1245 2477 —
1257 2461 1277 2476 ²⁰
1293 2460 1366 2490 lbid.,
1381 2462 1404 2484 9.
1419 2474 1446 2477 —-
1461 2461 1480 2476 ²¹
1496 2462 1581 2491 (περ,
1598 2460 1697 2489 Mat-ol„

933 2497 976 2521 lib.
993 2498 1022 2527 ll,
1037 2505 1061 2521 c.
1078 2503 1108 2532 Μ’,
1120 2499 1177 2520 unte
1193 2496 1259 2520 med.

966 2540 996 2567 (a)
1020 2538 1061 2562 At.
1079 2537 1237 2568 pertingitur.
1253 2549 1282 2554 —
1301 2536 1336 2567 (b)
1354 2536 1413 2560 Caet.
1432 2536 1492 2560 edit.
1514 2537 1578 2559 deest
1595 2536 1652 2559 nisi.
1668 2549 1697 2553 --

936 2575 964 2604 (c)
981 2575 1040 2597 (λεί.
1062 2573 1122 2596 edit.
1144 2572 1314 2602 octuagesima
1326 2589 1331 2599 ‚
1346 2573 1368 2594 et
1391 2571 1511 2595 similiter
1533 2571 1650 2600 deinceps.
1669 2583 1696 2588 --

936 2609 974 2638 ([Ι)
994 2609 1052 2632 Coet.
1068 2607 1127 2631 edit.
1143 2607 1209 2630 deest
1225 2607 1266 2630 de.
1282 2619 1311 2624 -
1328 2606 1356 2636 (e)
1373 2606 1433 2630 Caet.
1446 2606 1505 2629 edit.
1521 2606 1625 2630 meritis.
