1987 3032
148 208 206 236 ’134
692 205 905 237 EVANGELII
927 205 1068 238 SANCTI
1090 205 1203 238 LUCAE

148 271 256 303 dinem
278 271 451 312 potestatis,
472 273 504 302 et
526 271 747 302 certitudinem
765 271 918 302 veritatis.

189 324 308 362 Primo,
324 326 481 364 quantum
499 323 539 354 ad
563 324 801 363 perversitatem
812 324 919 364 Judai-

149 386 194 409 cae
210 378 325 417 gentis,
338 379 485 417 respectu
497 376 690 416 legislatoris
699 376 811 417 Moysi,
823 377 919 408 dicit:

149 431 195 462 Et
208 431 242 461 in
262 434 400 470 tempore
417 430 504 460 misit
517 429 562 459 acl
574 430 708 461 cultores
727 439 866 469 servum,
887 435 923 461 ut

149 483 188 514 de
208 484 320 523 fructu
336 484 436 514 vineoe
457 482 571 513 darent
589 482 646 513 illi.
670 482 778 514 Glossa
796 495 803 514 ε
825 495 839 513 α
853 484 922 515 Pri-

150 546 223 568 mus
237 546 348 568 servus
365 536 419 576 qui
436 536 572 566 mittitur
592 538 638 566 est
659 536 782 576 Moyses
798 537 923 577 legisla-

150 594 211 630 tor,
236 591 291 631 qui
311 599 367 630 per
381 590 595 629 quadraginta
609 597 711 621 annos
725 591 865 622 fructum
880 592 922 623 le-

152 645 214 683 gis,
226 653 323 684 quam
333 644 472 682 dederat,
484 652 503 674 a
515 643 690 674 cultoribus
702 644 898 684 inquirebat¹
912 656 920 675 z

150 698 233 729 Misit
255 697 384 737 Moysen
404 706 535 728 servum
563 706 671 735 suum,
698 698 805 728 Aaron
826 707 923 738 quem

151 751 249 789 elegit
267 750 386 790 ipsum.
401 761 416 779 υ
440 750 482 781 De
503 750 563 781 hac
584 751 733 782 missione
757 751 871 782 dicitur
885 752 896 768 ²
912 761 920 783 :

156 816 170 833 (t
187 803 274 841 Veni,
289 803 414 834 mlttam
428 805 459 834 te
473 803 512 834 ad
527 803 736 843 Pharaonem,
757 806 793 835 ut
811 804 924 835 educas

152 856 307 897 populum
330 865 439 887 meum
463 856 545 887 lilios
567 856 662 887 Israel
683 857 722 887 de
738 857 889 897 AEgypto.
904 868 919 885 »

152 909 213 940 Sed
227 909 302 949 quia
315 909 402 940 hunc
421 918 551 941 servum
570 909 754 940 ludaeorum
770 910 925 949 perversi-

152 965 200 993 tas
214 971 278 993 non
295 962 478 1002 acceptavit,
501 962 571 993 ideo
595 962 741 993 subditur
758 972 766 993 :
783 963 848 1002 Qui
860 973 926 994 cce-

152 1026 224 1047 sum
236 1015 426 1047 dimiserunt
439 1025 513 1047 eum
527 1017 667 1048 z'ncmem.
683 1016 808 1048 Glossa:
831 1029 845 1046 (t
858 1018 925 1048 Cae-

153 1078 224 1100 sum
239 1069 400 1100 dimittunt
419 1071 450 1100 et
469 1070 609 1107 inanem,
632 1072 706 1109 quia
727 1070 736 1086 ³
756 1081 770 1098 «
784 1070 927 1102 irritave-

154 1124 231 1153 runt
246 1122 376 1162 Moysen
392 1122 426 1152 in
440 1122 561 1160 castris,
581 1122 689 1153 Aaron
703 1125 849 1154 sanctum
864 1124 922 1155 Do-

155 1176 245 1207 mini.
262 1187 276 1204 »
303 1176 341 1206 Et
355 1176 473 1207 iterum
487 1176 522 1214 ἵε
551 1187 566 1204 (ι
579 1175 718 1207 Vexatus
735 1179 782 1207 est
804 1176 927 1217 Moyses

155 1233 283 1269 propter
297 1239 362 1268 eOS,
387 1230 462 1269 quia
488 1230 759 1260 exacerbaverunt
779 1230 927 1269 spiritum

156 1282 236 1319 ejus.
253 1291 267 1308 »
285 1280 373 1311 Unde
387 1281 420 1311 in
437 1281 683 1312 Deuteronomio
698 1281 708 1297 ⁵
724 1290 734 1312 .·
753 1292 767 1309 «
782 1280 852 1320 Ego
865 1282 927 1312 scio

156 1335 389 1366 contentionem
400 1337 500 1372 tuam,
516 1337 547 1366 et
557 1336 713 1367 cervicem
729 1338 816 1366 tuam
827 1337 929 1367 duris-

157 1388 280 1418 simam.
307 1388 419 1419 Adhuc
443 1388 571 1419 vivente
591 1397 654 1426 me,
681 1391 711 1419 et
730 1389 929 1428 ingrediente

156 1440 334 1479 vobiscum,
359 1450 485 1481 semper
514 1441 698 1472 contentiosi
725 1442 798 1472 estis
820 1445 930 1473 contra

158 1494 347 1532 Dominum3
378 1496 497 1533 quanto
528 1494 632 1533 magis
668 1504 741 1525 cum
783 1497 930 1526 mortuus

158 1547 271 1578 fuero?
287 1558 301 1576 »
321 1546 387 1578 Hoc
402 1549 507 1578 autem
524 1548 666 1579 fecerunt
680 1548 783 1579 coloni
807 1549 927 1588 specia-

157 1600 239 1638 liter,
259 1600 290 1630 id
311 1602 356 1630 est
379 1609 524 1640 proceres
548 1610 723 1641 synogogae
742 1602 751 1618 ⁸
778 1613 784 1631 :
815 1613 828 1630 α
852 1602 930 1633 Ecce

159 1654 236 1685 Core
264 1654 347 1685 filius
375 1653 471 1692 isaar,
501 1657 531 1685 et
558 1655 699 1694 Dathan,
728 1657 823 1696 atque
851 1656 930 1686 Abi-

158 1717 228 1746 ron,
252 1710 324 1744 etc.,
347 1711 555 1739 surrexerunt
573 1711 682 1739 contra
697 1709 824 1749 Moysen
835 1734 842 1748 ,
860 1711 930 1741 alii—

159 1771 221 1802 que
244 1761 385 1792 filiorum
412 1761 519 1798 Israel,
544 1762 670 1792 ducenti
695 1763 930 1803 quinquaginta

158 1816 220 1846 viri
234 1825 378 1856 proceres
393 1825 582 1856 synagogae,
594 1818 624 1846 et
634 1816 689 1856 qui
703 1819 845 1856 tempore
860 1826 931 1848 con—

159 1870 222 1900 cilii
232 1879 289 1909 per
302 1869 433 1900 nomina
448 1870 681 1901 vocabantur.»
700 1869 738 1900 Et
750 1870 808 1900 hos
823 1880 930 1910 seque-

159 1923 276 1954 bantur
303 1923 454 1953 minores.
478 1922 566 1953 Unde
593 1925 623 1953 et
651 1923 795 1962 sequitur
822 1927 891 1963 post
906 1928 928 1962 ⁷,

159 1977 245 2016 quod
273 1976 516 2007 «murmuravit
536 1976 639 2007 omnis
663 1976 833 2007 multitudo
848 1977 930 2008 filio-

159 2039 231 2060 rum
254 2029 350 2060 Israel
371 2030 516 2069 sequenti
540 2029 590 2060 die
615 2031 724 2060 contra
745 2029 874 2069 Moysen
900 2033 930 2062 ct

158 2084 277 2116 Aaron.
294 2083 437 2123 Cumque
446 2082 583 2113 oriretur
594 2083 715 2121 seditio,
730 2085 760 2113 et
772 2083 929 2114 tumultus

158 2138 357 2174 incresceret,
381 2137 504 2176 Moyses
525 2139 555 2167 et
576 2137 682 2167 Aaron
706 2136 861 2175 sugerunt
890 2138 930 2168 ad

158 2190 397 2222 tabernaculum
409 2190 546 2220 foederis.
565 2201 579 2217 υ

200 2243 353 2282 Secundo,
380 2245 537 2284 quantum
563 2242 602 2273 ad
624 2243 862 2282 perversitatem
877 2253 927 2274 re-

161 2299 269 2336 spectu
298 2297 386 2336 regis
412 2296 511 2327 David
535 2295 687 2335 praecipui
711 2296 840 2326 cultoris
863 2296 927 2335 Dei,

159 2349 266 2381 subdit
291 2350 332 2389 (v.
348 2352 376 2387 4)
402 2360 408 2379 :
435 2350 479 2381 Et
498 2348 622 2379 addidit
641 2348 778 2379 alterum
803 2358 929 2380 scrvwn

159 2402 294 2433 mittere.
311 2401 420 2432 Glossa
437 2412 444 2432 :
465 2413 479 2429 «
498 2402 585 2432 Alter
602 2410 725 2439 servus,
740 2401 837 2432 David
852 2411 929 2441 pro-—

159 2455 265 2494 pheta,
288 2455 343 2494 qui
364 2457 434 2494 post
447 2454 576 2494 Moysen
591 2454 717 2485 colonos
731 2455 832 2486 vincae
845 2456 930 2495 psal-

159 2508 273 2539 modiae
288 2507 502 2538 modulamine
517 2509 548 2537 et
568 2507 697 2538 citharae
712 2507 875 2538 dulcedine
890 2508 929 2539 ad

159 2561 346 2592 exercitium
356 2561 431 2592 boni
442 2560 545 2600 operis
560 2560 716 2591 invitavit.
733 2572 746 2589 ›)
768 2560 859 2592 Hunc
873 2561 930 2592 Do-

192 2643 198 2657 ¹
220 2641 287 2665 Psul.
310 2648 360 2671 etv,
378 2642 416 2664 215.
434 2653 465 2658 —-
482 2640 490 2654 ²
513 2640 600 2666 E-rozl.v
619 2646 656 2668 ιιι,
683 2642 717 2664 ιθ.
733 2654 762 2658 —-
781 2642 791 2657 3
806 2641 872 2665 Psal.
889 2648 927 2672 nv,

162 2680 198 2707 16.
214 2690 244 2694 —
258 2677 350 2708 ⁸1bid.,
366 2678 404 2701 32.
417 2677 462 2694 --Ι
478 2676 559 2706 Deus„
575 2677 747 2705 xxx1‚27.—
763 2676 864 2708 ¹*N1cm.‚
876 2684 927 2708 xvi,

979 273 1087 303 minus
1102 272 1199 310 misit,
1215 273 1343 312 quando
1364 273 1402 304 de
1420 274 1545 314 pascuis
1559 275 1657 314 elegit
1670 284 1747 306 eum

977 326 1016 356 ad
1027 325 1206 365 regendum
1218 327 1248 356 et
1262 326 1454 366 pascendum
1470 328 1624 368 populum
1639 337 1745 366 suum,

977 379 1152 410 secundum
1165 379 1248 419 quod
1265 379 1329 418 ipse
1345 381 1499 420 propheta
1515 380 1611 411 David
1627 381 1701 411 dicit
1715 381 1748 411 in

978 431 1106 463 Psalmo
1127 434 1136 450 ⁸
1154 442 1160 461 ε
1183 442 1197 459 «
1213 431 1316 470 Elegit
1334 431 1432 462 David
1447 442 1576 463 servum
1590 442 1698 470 suum,
1718 435 1750 464 et

978 485 1106 515 sustulit
1134 494 1208 515 eum
1232 485 1270 515 de
1292 485 1448 524 gregibus
1471 486 1592 517 ovium.
1616 486 1657 516 De
1679 487 1750 525 post

978 538 1122 568 soelantes
1135 537 1254 576 accepit
1269 546 1355 575 eum,
1372 546 1498 576 pascere
1510 538 1605 569 Jacob
1619 548 1750 570 servum

979 600 1085 629 suum,
1102 593 1132 621 et
1152 590 1246 621 Israel
1268 590 1486 621 haereditatem
1504 600 1607 622 suam.
1627 602 1642 620 n
1661 591 1750 623 Unde

979 645 1093 676 dicitur
1112 646 1122 661 ⁹
1151 656 1158 675 z
1189 656 1203 673 t<
1229 644 1302 675 Haec
1321 645 1405 676 dices
1423 654 1515 676 servo
1539 654 1611 677 meo
1625 646 1723 677 David
1739 655 1747 676 ε

980 698 1048 737 Ego
1072 698 1129 728 tuli
1155 700 1184 729 te
1202 698 1240 728 de
1259 698 1383 738 pascuis
1404 700 1588 738 sequentem
1613 707 1749 738 greges,

979 754 1017 782 ut
1030 760 1113 782 esses
1128 760 1185 782 rex
1199 761 1294 791 super
1305 752 1458 792 populum
1472 762 1580 783 meum
1597 752 1704 791 Israel,
1721 755 1752 783 et

980 805 1025 835 fui
1042 807 1145 835 tecum
1157 805 1188 835 in
1199 805 1348 836 omnibus
1358 805 1552 846 ubicumque
1559 805 1728 836 ambulasti
1741 815 1749 836 ι

980 857 1102 897 fecique
1131 858 1187 888 tibi
1214 867 1333 889 nomen
1362 859 1494 897 grande,
1519 860 1615 898 Juxta
1634 867 1751 889 nomen

982 920 1177 949 magnorum
1194 912 1250 951 qui
1273 914 1349 942 sunt
1365 912 1399 942 in
1414 914 1508 942 terra.
1526 923 1540 940 ι)
1559 911 1648 942 Unde
1662 914 1693 942 et
1709 911 1749 950 ei,

981 964 1099 995 scilicet
1114 964 1224 1002 David,
1243 965 1327 996 dedit
1346 965 1451 996 sedem
1465 965 1606 1005 regalem
1620 965 1654 995 in
1667 974 1750 996 sem-

981 1018 1153 1057 piternum,
1177 1020 1207 1049 et
1228 1019 1312 1049 dedit
1333 1019 1506 1058 prophetiae
1527 1018 1688 1058 spiritum,
1707 1018 1751 1049 ei-
1783 1040 1785 1043 -

981 1070 1053 1101 dem
1080 1071 1164 1102 dedit
1188 1071 1371 1111 psalmodiae
1398 1074 1539 1109 cantum,
1569 1074 1606 1102 ut
1632 1072 1677 1102 sic
1701 1071 1751 1101 in-

982 1123 1113 1154 clinaret
1137 1124 1291 1164 populum
1320 1125 1409 1155 illum
1434 1125 1569 1162 durum;
1594 1127 1625 1155 et
1646 1126 1754 1155 tamen

982 1176 1124 1216 mitigari
1163 1186 1226 1208 non
1258 1178 1360 1218 potuit
1395 1178 1514 1208 duritia
1554 1177 1752 1208 Judaeorum.

984 1228 1115 1269 Propter
1129 1231 1214 1270 quod
1226 1231 1311 1261 addit
1324 1241 1330 1260 :
1349 1230 1403 1262 Illi
1417 1234 1525 1261 autem
1534 1230 1618 1261 hunc
1627 1239 1754 1270 quoque

984 1284 1136 1314 caedentis
1161 1288 1191 1314 ec
1213 1283 1390 1322 afficientes
1411 1283 1614 1321 contumelia,
1631 1283 1754 1313 dimise-

984 1342 1060 1368 runt
1083 1338 1223 1374 z'ncmem,
1246 1336 1321 1375 quia
1343 1338 1601 1376 contempserunt
1621 1337 1690 1375 eJus
1703 1344 1753 1366 re-

984 1400 1087 1431 gnum
1101 1393 1132 1420 et
1147 1390 1310 1421 ducatum.
1320 1388 1408 1420 Unde
1423 1389 1530 1419 Glossa
1544 1400 1550 1419 2
1564 1400 1578 1418 (ι
1593 1388 1756 1420 Contume-

984 1445 1026 1475 lia
1045 1444 1194 1474 affectum
1213 1442 1376 1473 dimittunt
1395 1442 1533 1479 inanem,
1555 1442 1692 1473 dicentes
1707 1443 1728 1461 ¹⁰
1744 1453 1751 1473 :

989 1510 1003 1527 (ι
1019 1497 1089 1528 Non
1104 1499 1151 1527 est
1165 1496 1255 1527 nobis
1270 1504 1343 1535 pars
1356 1495 1390 1525 in
1406 1495 1515 1532 David,
1529 1504 1634 1535 neque
1649 1496 1755 1526 heere-

985 1551 1065 1582 ditas
1081 1551 1115 1580 in
1137 1549 1201 1580 [ilio
1227 1549 1297 1579 lsai.
1315 1560 1329 1577 »
1355 1547 1413 1578 Ubi
1428 1548 1522 1578 etiam
1539 1549 1753 1588 praemittitur,

985 1604 1120 1644 qualiter
1129 1602 1227 1633 David
1233 1611 1306 1632 cum
1313 1601 1467 1632 Absalone
1473 1602 1627 1641 persecuti
1635 1602 1734 1632 stmt¹¹
1745 1613 1753 1632 2

989 1670 1003 1687 <‹
1011 1657 1103 1689 Venit
1114 1656 1245 1687 nuntius
1255 1655 1294 1685 ad
1307 1655 1416 1693 David,
1429 1655 1534 1685 dicens
1552 1654 1649 1685 :Toto
1663 1654 1756 1686 corde

987 1711 1159 1741 universus
1171 1709 1265 1740 Israel
1276 1708 1421 1748 sequitur
1430 1708 1580 1739 Absalon.
1592 1707 1630 1738 Et
1645 1709 1688 1738 ait
1697 1708 1756 1738 Da-

985 1764 1039 1795 vid
1064 1763 1164 1794 servis
1185 1762 1272 1792 suis:
1290 1761 1432 1800 Surgite,
1453 1761 1628 1800 fugiamus,
1653 1770 1757 1801 neque

986 1817 1046 1847 erit
1067 1816 1158 1847 nobis
1182 1815 1340 1854 effugium
1364 1824 1383 1844 a
1407 1814 1484 1844 facie
1508 1814 1655 1844 Absalon.
1678 1824 1692 1842 n
1718 1814 1756 1845 Et

985 1872 1056 1910 post
1070 1869 1183 1900 dicitur
1199 1869 1237 1899 de
1252 1867 1449 1898 contumeliis
1465 1867 1494 1897 ei
1509 1867 1603 1897 illatis
1619 1867 1640 1885 ¹²
1657 1878 1663 1897 :
1682 1878 1697 1896 ι(
1711 1866 1756 1898 Ita

986 1924 1176 1962 loquebatur
1198 1922 1313 1959 Seniei,
1339 1930 1412 1952 cum
1438 1920 1637 1951 malediceret
1658 1921 1753 1960 regi:

985 1976 1156 2015 Egredere,
1181 1975 1343 2014 egredere,
1369 1974 1419 2004 vir
1445 1974 1641 2012 sanguinum
1655 1976 1686 2005 et
1706 1974 1757 2005 vir

985 2028 1092 2059 Belial.
1123 2028 1267 2059 Reddidit
1293 2028 1349 2058 tibi
1381 2027 1534 2058 llominus
1568 2028 1756 2059 universum

986 2083 1179 2121 sanguinem
1193 2081 1308 2112 domus
1323 2080 1398 2111 Saul
1415 2089 1422 2110 :
1440 2083 1469 2110 et
1484 2089 1553 2110 ecce
1566 2083 1716 2120 premunt
1726 2083 1756 2111 te

985 2136 1069 2166 mala
1083 2138 1148 2174 tua,
1165 2135 1316 2174 quoniam
1332 2134 1381 2163 vir
1394 2133 1589 2172 sanguinum
1605 2142 1672 2164 es.»

1026 2189 1144 2226 Tertio,
1170 2189 1328 2228 quantum
1347 2186 1386 2217 ad
1410 2187 1650 2226 perversitatem
1670 2186 1756 2217 illius

985 2242 1095 2283 populi
1116 2245 1261 2281 respectu
1282 2240 1374 2270 cunei
1396 2239 1600 2279 prophetalis,
1622 2240 1757 2279 subJ'un-

985 2296 1072 2334 gitur
1089 2297 1131 2333 (v.
1160 2294 1203 2334 1-2)
1230 2305 1237 2324 ι
1262 2294 1307 2324 Ec
1325 2292 1448 2323 addidit
1472 2293 1599 2322 tertium
1619 2293 1754 2323 mittere.

987 2349 1095 2379 Glossa
1108 2360 1115 2379 z
1138 2360 1151 2378 «
1166 2347 1291 2378 Tertius
1307 2355 1419 2377 servus
1434 2348 1480 2376 cst
1495 2346 1611 2376 chorus
1625 2346 1757 2386 prophe-

985 2405 1102 2439 tarum,
1128 2402 1182 2441 qui
1204 2400 1358 2441 populum
1374 2399 1594 2439 corripiebant,
1615 2401 1645 2429 et
1655 2398 1752 2437 mala,

985 2464 1058 2494 quae
1073 2455 1175 2485 vineae
1194 2453 1419 2490 imminebant,
1439 2452 1662 2492 praedicebant.
1678 2462 1693 2479 n
1713 2451 1755 2482 De

985 2508 1134 2538 missione
1146 2508 1243 2547 hujus
1255 2506 1338 2537 servi
1348 2506 1463 2536 dicItur
1480 2506 1500 2524 ¹³
1518 2516 1547 2535 z«
1564 2504 1632 2535 Misi
1647 2504 1686 2535 ad
1698 2513 1755 2535 vos

986 2609 1036 2631 1-3.
1052 2620 1081 2624 -
1102 2607 1109 2620 ¹
1129 2606 1201 2635 ll=id.,
1230 2606 1305 2629 'll-43.
1321 2618 1351 2623 —-
1365 2604 1375 2620 ⁸
1397 2603 1465 2628 Psal.
1493 2608 1589 2632 Lxxvn,
1618 2603 1697 2626 70-71.
1725 2616 1754 2620 -

984 2646 992 2655 ²¹
1010 2643 1027 2665 ll
1051 2642 1097 2672 11η]
1112 2660 1118 2669 ,
1136 2647 1181 2664 νιν.
1200 2642 1222 2670 8,
1240 2644 1262 2664 ἕ),
1280 2655 1309 2658 -
1325 2642 1343 2656 ¹⁰
1362 2641 1379 2663 ll
1400 2640 1467 2668 Κεφ,
1483 2645 1525 2668 xx,
1553 2641 1572 2661 1.
1593 2651 1618 2655 -
1643 2639 1659 2653 ¹¹
1681 2637 1752 2666 thid„

988 2679 1064 2702 13-11.
1081 2691 1111 2694 -
1127 2680 1144 2692 ¹-
1163 2677 1214 2700 lbid
1228 2695 1235 2707 ,
1251 2683 1302 2706 xvi,
1321 2678 1367 2700 3—8.
1381 2688 1406 2692 -—
1423 2675 1553 2704 ¹³Jcrem.,
1570 2679 1615 2704 vll,
1631 2675 1712 2697 25:26.

1977 2255 1982 2264 .
1973 2187 1987 2220 μ.
