1987 3032
758 191 962 224 EXPOSITIO
984 191 1023 223 IN
1045 192 1130 223 CAP.
1155 192 1179 223 1.

176 261 282 289 ducere
298 269 365 289 eum
376 262 415 290 ad
429 261 582 290 Christum.
593 260 674 288 Unde
689 260 912 296 chrysostomus
921 259 941 293 ¹,

175 307 245 343 quia
269 317 282 333 «
296 308 369 335 sicut
384 307 513 335 Andreas
531 315 593 334 non
612 307 713 334 valens
731 306 938 342 repraesentare

174 353 299 388 divitias,
315 361 388 389 quas
406 353 555 380 invenerat
573 353 655 388 apud
677 353 837 385 Christum,
857 350 941 378 duxit

172 397 300 432 fratrem,
317 399 349 425 id
365 400 417 432 est,
432 400 546 426 Petrum
567 399 606 426 ad
628 399 740 434 ipsum,
763 397 804 424 sic
823 399 849 424 et
871 397 939 429 iste,

173 445 278 472 scilicet
287 445 445 480 Philippus,
452 445 538 472 trahit
546 453 614 472 eum
620 445 659 472 ad
669 443 824 477 Christum,
834 442 939 475 scienS,

173 490 197 517 si
215 490 307 517 verba
325 492 353 517 et
374 491 538 518 doctrinam
559 491 661 518 Christi
683 490 854 525 gustaverit,
877 496 939 515 non

174 535 356 563 deserturum
370 536 512 564 Christum
528 537 664 572 amplius.
680 546 693 562 »
711 537 774 563 I-Iaec
788 535 846 563 ille.
863 536 895 562 Et
909 534 940 561 in

173 582 230 608 hoc
243 583 321 616 patet
334 582 467 617 ipsorum
487 583 657 617 credulitas,
676 584 704 610 et
723 581 826 609 Christi
844 580 882 608 ab
899 580 939 608 eis

171 627 393 655 honorabilitas.

59 684 158 708 Quacum-
206 674 250 700 47.
266 675 299 700 Et
311 674 441 709 sequitur
454 674 504 701 illa
517 681 596 709 pars,
610 674 642 701 in
656 681 716 709 qua
732 674 769 701 de
785 673 939 701 vocatione

53 713 156 764 infivoea-
170 719 262 755 ipsius
274 721 469 754 Nathanaelis,
490 721 531 749 ibi
546 730 552 748 :
576 722 654 748 Vidit
663 722 752 755 Jesus,
768 722 836 755 etc.;
851 722 878 748 et
896 719 939 747 ibi

75 750 157 794 Νὲῗξι-
171 766 301 802 quinque
321 776 327 794 ε
347 767 458 803 primo,
483 767 560 794 illius
583 775 600 794 a
622 768 732 795 Christo
748 767 938 794 commenda-

53 805 130 826 ’ΨΜ
171 812 211 839 tio
217 821 225 846 ;
239 813 380 845 secundo,
397 813 528 848 ejusdem
543 821 560 841 a
574 814 685 841 Christo
699 813 859 849 inquisitio,
875 813 936 840 ibi:

173 858 246 885 Unde
257 867 298 886 me
311 860 401 886 nosti?
415 860 509 894 tertio,
524 860 626 887 Christi
640 860 804 895 responsio,
820 859 862 886 ibi
878 868 885 885 z
902 859 937 885 Et

168 904 236 931 dicit
248 906 281 938 ei,
297 907 363 939 etc.;
385 908 499 941 quarto,
515 906 605 941 ipsius
627 906 812 934 Nathanaelis
826 905 938 933 confes-

167 950 221 984 sio,
237 950 278 978 ibi
296 960 302 977 :
319 952 476 986 Respondit,
492 954 557 986 etc.;
577 952 691 987 quinto,
714 951 770 986 ipsi
787 950 936 979 confitenti

168 996 269 1024 Christi
282 997 449 1032 promissio,
464 998 505 1024 ibi
517 1006 524 1025 z
540 998 687 1032 Respondit
701 999 785 1032 Jesus,
797 1000 852 1025 etc.

201 1042 245 1069 Ait
261 1050 331 1077 ergo
347 1052 354 1069 ;
373 1043 451 1070 Vidit
465 1045 540 1070 Jesns
557 1046 712 1071 venientem.
735 1045 768 1071 Ut
792 1044 832 1071 ait
846 1044 936 1078 Chry-

165 1090 311 1116 sostomus
325 1088 352 1123 ²,
377 1089 503 1117 multum
536 1090 716 1117 desiderium
744 1091 873 1118 habebat
897 1091 937 1118 ad

164 1134 306 1161 Christum
312 1144 320 1169 3
337 1136 364 1162 et
378 1135 444 1162 licet
458 1135 562 1163 dixerit
576 1136 657 1171 prius
669 1145 675 1162 :
691 1137 832 1171 Numquid
849 1145 866 1163 α
880 1138 936 1164 Να-

164 1181 265 1212 zareth,
281 1183 348 1214 etc„
362 1189 423 1208 non
440 1183 539 1209 tamen
560 1182 633 1209 dixit
656 1192 662 1209 ι
685 1182 800 1210 Nullum
821 1183 936 1210 bonum

163 1227 218 1254 fert
231 1227 358 1255 Galilaea.
374 1228 442 1255 Ideo
458 1229 588 1263 sequitur
605 1229 666 1263 ejus
682 1229 901 1257 commendatio
918 1238 936 1257 a

165 1273 293 1300 Christo:
319 1275 379 1300 Ecce
395 1282 453 1301 vere
472 1276 605 1308 Israelita,
624 1276 706 1310 quus
726 1276 871 1310 judicium
891 1276 936 1303 in-

166 1319 355 1354 corruptibile
375 1329 382 1346 :
404 1320 472 1347 ideo
491 1321 623 1355 sequitur
641 1330 646 1348 :
663 1323 695 1348 In
719 1330 769 1356 quo
790 1323 866 1350 dolus
884 1330 935 1349 non

166 1368 216 1399 est,
230 1365 262 1392 id
272 1368 322 1399 est,
333 1365 438 1393 dolosa
448 1366 614 1402 duplicitas,
629 1367 708 1395 Unde
723 1368 932 1403 Augustinus³:

169 1420 183 1436 (ι
201 1410 288 1437 Dolus
309 1412 366 1445 est,
386 1419 454 1438 cum
473 1412 555 1439 aliud
577 1413 681 1447 agitur,
706 1413 787 1440 aliud
804 1414 934 1448 fingitur.

166 1457 254 1483 Fraus
269 1458 320 1490 est,
336 1457 483 1485 simulatio
497 1460 548 1491 est,
563 1460 684 1493 quando
700 1460 806 1495 aliquis
821 1460 935 1496 aliquid

166 1502 196 1529 in
211 1503 299 1530 corde
315 1503 393 1538 tegit,
409 1505 437 1530 et
450 1504 532 1531 aliud
555 1505 686 1540 loquitur
702 1515 710 1531 :
727 1506 814 1533 dolus
837 1508 890 1540 est,
908 1509 936 1534 et

166 1550 308 1584 tanquam
321 1549 381 1576 duo
396 1550 487 1577 corda
506 1550 595 1577 habet
616 1551 650 1586 (a)
670 1560 676 1578 ε
701 1552 794 1586 Corde,
809 1552 903 1588 inquit
913 1553 933 1584 ⁶,

166 1597 191 1620 et
201 1595 279 1622 corde
292 1596 374 1622 locuti
386 1598 457 1622 sunt.
474 1605 487 1621 ›>
502 1597 566 1623 Haec
581 1597 640 1624 ille.
657 1597 698 1624 Ibi
709 1598 801 1626 multa
817 1600 845 1626 et
858 1599 934 1626 bene

48 1644 145 1665 Israelita
166 1641 203 1668 de
225 1641 291 1669 hoc.
313 1643 440 1669 Israelita
459 1643 537 1670 enim
550 1644 585 1679 (b)
608 1644 812 1680 interpretatur
831 1646 935 1673 videns

167 1689 257 1714 Deum
267 1688 288 1722 ⁵,
310 1688 406 1723 qualis
421 1690 482 1716 erat
501 1689 563 1723 istc,
583 1692 614 1717 ut
636 1690 742 1718 dicitur
767 1692 797 1718 in
824 1691 932 1720 Glossa.

167 1735 199 1760 Et
213 1733 249 1760 de
261 1733 318 1761 hoc
331 1734 362 1760 in
373 1734 533 1762 Collatione
545 1736 564 1762 ⁵.

201 1781 246 1807 48.
266 1782 297 1807 Et
313 1780 445 1815 sequitur
463 1781 626 1808 secundum
638 1790 644 1808 :
656 1783 730 1808 Dt'cz't
746 1785 788 1810 ei:
812 1784 885 1810 Unde
895 1791 936 1811 me

166 1828 247 1860 nosti,
264 1834 300 1853 ex
317 1834 377 1861 quo
399 1829 464 1853 ante
487 1834 548 1853 non
567 1827 686 1854 vidisti?
701 1829 732 1855 Et
751 1828 882 1864 loquitur
904 1832 936 1858 ut

168 1871 289 1898 credens
302 1871 400 1907 ipsum
415 1880 475 1899 esse
496 1881 604 1908 purum
618 1873 770 1901 hominem
788 1884 795 1901 ε
812 1875 879 1902 ideo
896 1877 935 1904 ad

168 1917 372 1945 attrahendum
393 1926 461 1945 eum
477 1919 625 1953 respondit
642 1921 722 1946 Iesus
746 1929 752 1947 :
773 1922 935 1956 Priusquam

169 1966 194 1990 te
208 1964 363 1999 Philippus,
378 1966 431 1991 etc.
451 1966 483 1991 Et
502 1965 664 1992 secundum
682 1966 934 2003 Chrysostomum,

169 2009 208 2036 ad
221 2009 347 2037 litteram
367 2013 408 2037 est
430 2010 671 2045 intelligendum,
695 2015 726 2039 ut
746 2013 830 2041 sciret
853 2015 935 2050 quod

169 2055 290 2090 quando
311 2055 461 2091 Philippus
481 2057 561 2084 solus
582 2059 643 2085 erat
665 2060 692 2085 et
710 2059 883 2094 Nathanael,
908 2064 936 2090 et

168 2101 364 2135 singulariter,
383 2103 483 2129 omnIa
504 2102 566 2130 haec
587 2104 732 2132 dixerunt.
756 2105 883 2141 Ideoque
909 2110 936 2135 et

169 2149 283 2182 tempus
297 2147 379 2182 dixit,
400 2151 429 2176 et
442 2149 552 2183 locum,
567 2152 594 2177 et
608 2150 756 2186 arborem,
771 2155 803 2179 ut
816 2160 877 2180 non
891 2161 935 2181 es-

80 2207 154 2227 rmus.
168 2195 211 2220 set
224 2194 409 2229 suspectibile
422 2195 631 2224 testimonium.
645 2197 813 2225 Secundum
822 2201 935 2234 Augus-

169 2239 263 2266 tinum
278 2240 288 2256 ⁷
306 2249 312 2266 ι
325 2249 338 2264 α
353 2241 520 2268 Invenimus
533 2242 563 2277 (c)
577 2243 715 2271 arborem
730 2244 934 2280 maledictam,

169 2286 239 2320 quia
252 2285 316 2313 sola
329 2285 400 2314 folia
414 2286 512 2314 habet.
535 2289 567 2315 Et
589 2288 684 2323 signat
702 2290 776 2325 legis
797 2291 934 2328 litteram,

169 2331 224 2358 suh
243 2339 302 2366 qua
322 2334 383 2359 erat
400 2332 458 2360 ille.
479 2342 493 2358 »
515 2335 547 2360 Et
565 2334 602 2361 de
621 2335 678 2362 hoc
699 2337 875 2371 Augustinus
894 2339 935 2367 ibi

168 2377 255 2412 bene,
270 2379 298 2405 et
311 2377 341 2405 in
357 2377 457 2406 Glossa
471 2378 509 2406 de
523 2379 588 2408 hoc.
605 2381 657 2408 Vel
670 2389 723 2416 per
737 2381 828 2411 ficum
841 2384 936 2420 Scrip-

202 2471 208 2483 ¹
229 2470 369 2502 Chrysost„
388 2472 464 2502 paulo
483 2474 550 2496 ante.
565 2486 596 2490 —
614 2474 622 2487 ²
642 2474 702 2498 Ibid.
721 2487 752 2492 —
772 2475 782 2491 ³
800 2478 875 2507 Aug„
892 2478 935 2501 ubi

171 2511 237 2535 sup„
255 2513 282 2529 n.
304 2507 340 2529 18.
358 2519 387 2524 --
403 2506 414 2522 ⁸
430 2507 495 2530 Psal.
515 2513 558 2538 xi,
576 2510 599 2532 3.
613 2521 643 2526 —
660 2509 669 2525 ⁵
685 2510 757 2540 ΨΚ,
776 2511 837 2542 vm
855 2512 934 2543 mu,

172 2539 251 2569 viam
267 2526 347 2571 075⁸,
366 2542 441 2566 neus.
462 2555 492 2559 -
515 2544 524 2555 0
546 2543 612 2572 vm„
636 2544 696 2575 inf„
726 2545 819 2569 eoum.
843 2552 879 2570 ις.
904 2561 950 2572 -,

171 2574 182 2590 '¹
196 2575 270 2604 Aug„
285 2576 311 2599 in
327 2576 407 2606 loun„
424 2578 497 2600 treet.
514 2583 563 2607 vn,
579 2585 604 2601 n.
622 2580 660 2602 21.
677 2592 707 2597 —
727 2581 736 2593 ¹³
752 2580 834 2607 Pron„
852 2587 933 2611 xxvii,

175 2609 210 2632 18.
228 2621 258 2626 —
276 2610 285 2623 ⁹
303 2612 375 2641 Aug„
392 2611 435 2634 ubi
454 2618 521 2642 sup„
539 2619 564 2635 n.
582 2614 619 2637 Π.
636 2627 667 2632 -
681 2615 702 2632 ¹⁰
716 2617 790 2646 Aug„
810 2615 840 2640 de
858 2617 934 2641 Civit.

1705 194 1759 223 281

996 260 1061 286 tura
1070 260 1165 294 potest
1176 258 1333 294 significari
1342 258 1353 275 ⁸
1363 266 1370 285 :
1381 266 1394 283 «
1403 258 1457 291 Qui
1467 257 1701 293 custoditficum,
1713 266 1762 286 co-

995 305 1092 332 medet
1105 305 1215 333 fructus
1229 305 1301 339 eJus.
1315 314 1329 331 »
1347 305 1378 331 Et
1396 304 1465 339 quia
1479 303 1528 331 ille
1546 305 1606 331 erat
1620 304 1650 330 in
1664 304 1761 340 Scrip-

994 351 1066 377 turis
1085 351 1224 385 eruditus,
1244 350 1313 377 ideo
1336 350 1376 377 ait
1398 350 1436 383 ei,
1453 350 1536 385 quod
1556 350 1670 378 viderat
1693 358 1761 378 eum

994 396 1049 423 sub
1063 396 1131 424 ficu.
1147 397 1203 425 Sed
1216 396 1365 432 quaeritur,
1378 404 1413 423 ex
1429 403 1488 431 quo
1502 395 1554 422 iste
1570 398 1631 423 erat
1643 396 1674 423 in
1688 397 1762 430 Lege

994 444 1021 469 et
1036 442 1188 477 Scripturis
1210 442 1329 477 peritus,
1350 444 1377 469 et
1399 442 1438 469 ad
1458 442 1639 469 credendum
1658 442 1762 475 facilis,

993 491 1020 516 et
1035 489 1074 516 ad
1087 489 1232 516 Christum
1246 489 1431 522 affectuosus,
1456 496 1547 524 quare
1562 496 1623 516 non
1641 488 1695 515 fuit
1709 497 1762 516 an-

992 538 1162 562 numeratus
1183 535 1213 562 in
1236 543 1361 562 numero
1385 535 1588 570 apostolorum
1613 544 1620 562 :
1645 535 1761 562 videtur

993 582 1072 609 enim
1086 582 1168 617 quod
1177 582 1200 608 si
1213 581 1312 620 fuisset
1322 584 1530 609 annumeratus
1540 590 1607 609 cum
1616 581 1666 616 eis,
1679 581 1761 616 quod
1779 569 1831 618 ᾖξ’
1838 574 1882 618 ἓξ

990 627 1057 662 plus
1071 628 1212 663 potuisset
1225 628 1367 663 proficere
1389 628 1419 654 in
1437 627 1646 663 praedicatione
1670 635 1762 654 evan·
1778 629 1874 664 'thauael

993 675 1096 709 gelica.
1134 677 1203 702 Item
1238 675 1376 710 quaeritur
1414 683 1505 710 quare
1543 675 1589 702 isti
1621 674 1763 702 revelavit
1776 666 1800 710 22²,
1807 666 1882 717 ’ἓξὲξ

992 721 1183 755 abscondita,
1212 722 1245 748 ut
1267 721 1308 748 sic
1331 723 1449 748 voearet
1480 729 1566 754 eum,
1586 723 1614 748 et
1632 720 1763 748 similiter
1776 721 1878 741 telorum.

993 768 1075 794 Petro
1096 774 1195 802 supra,
1217 775 1279 794 non
1297 767 1338 794 sic
1361 767 1426 794 aliis
1446 767 1607 802 discipulis.
1637 767 1681 794 Ad
1704 767 1763 802 pri-

992 821 1075 840 mum
1102 813 1261 848 respondet
1280 813 1456 847 Augustinus
1472 812 1496 847 ⁹,
1524 813 1607 848 quod
1635 812 1762 840 Christus

993 859 1080 894 elegit
1104 859 1230 892 idiotas,
1255 867 1316 886 non
1340 859 1501 894 sapientes,
1529 858 1634 886 volens
1663 866 1763 893 super-

992 905 1099 932 borum
1124 905 1258 940 frangere
1283 905 1410 932 cervices
1435 913 1441 932 ε
1462 913 1524 932 non
1551 905 1683 940 quaesivit
1710 912 1763 940 per

992 953 1138 978 oratorem
1161 951 1199 986 (d)
1221 950 1400 986 piscatores,
1422 951 1474 978 sed
1493 951 1530 978 de
1550 951 1695 986 piscatore
1719 950 1763 977 lu-

992 999 1087 1024 cratus
1106 999 1147 1024 est
1181 999 1398 1033 Imperatorem.
1427 999 1481 1024 Iste
1503 998 1599 1024 autem
1620 996 1675 1024 suit
1701 1004 1763 1024 ma-

992 1051 1078 1077 guus,
1102 1044 1129 1070 et
1152 1043 1214 1070 sine
1237 1043 1319 1077 dolo,
1348 1045 1375 1070 et
1404 1043 1434 1070 in
1464 1043 1530 1077 lege
1555 1043 1679 1078 peritus,
1703 1043 1761 1070 hoc

989 1089 1053 1116 solo
1069 1097 1129 1116 non
1144 1089 1262 1122 electuS,
1273 1096 1310 1115 ne
1325 1097 1459 1124 unquam
1472 1088 1606 1116 videatur
1621 1089 1762 1116 Dominus

991 1135 1095 1162 doctos
1109 1135 1239 1169 elegisse.
1256 1144 1269 1160 »
1287 1136 1350 1162 Haec
1364 1134 1423 1162 ille.
1440 1136 1472 1162 Et
1486 1135 1527 1161 ibi
1542 1135 1668 1162 multum
1686 1135 1763 1163 bene

991 1181 1027 1208 de
1042 1180 1106 1208 hoc.
1126 1181 1204 1208 Idem
1216 1181 1393 1216 Augustinus
1407 1181 1434 1214 ¹⁰,
1449 1181 1557 1208 scilicet
1571 1189 1661 1216 quare
1674 1180 1764 1216 elegit

990 1226 1167 1261 illitteratos,
1185 1229 1215 1254 ut
1231 1229 1324 1255 essent
1339 1227 1482 1262 apostoli,
1497 1227 1581 1262 quod
1595 1227 1688 1254 «ideo
1707 1227 1764 1254 ele-

991 1273 1031 1308 git
1044 1273 1130 1307 tales,
1150 1275 1181 1300 ut
1197 1273 1344 1308 quidquid
1358 1281 1501 1307 magnum
1520 1276 1628 1307 essent,
1646 1275 1673 1300 et
1685 1273 1761 1301 face-

990 1321 1068 1353 rent,
1091 1319 1152 1354 ipse
1171 1320 1202 1346 in
1220 1320 1261 1347 eis
1280 1322 1352 1347 esset
1368 1322 1395 1347 et
1418 1319 1534 1347 faceret.
1551 1330 1564 1345 n
1581 1320 1636 1346 Job
1660 1320 1699 1347 ait
1720 1320 1738 1337 ¹¹
1754 1329 1760 1347 :

993 1373 1006 1389 «
1020 1364 1135 1398 Ligabis
1151 1373 1219 1392 eum
1233 1365 1346 1399 ancillis
1361 1365 1416 1392 tuis
1425 1375 1433 1399 3
1449 1375 1463 1390 n
1476 1365 1516 1392 ibi
1533 1365 1706 1400 Gregorius,
1721 1365 1763 1393 lo-

990 1418 1084 1446 quens
1099 1411 1135 1438 de
1150 1411 1215 1445 isto,
1232 1411 1271 1438 ait
1284 1413 1313 1444 ¹²,
1329 1412 1411 1446 quod
1424 1412 1584 1439 «Dominus
1599 1411 1762 1439 Nathauae-

990 1456 1049 1483 lem
1064 1456 1181 1489 laudat,
1202 1465 1263 1484 nou
1284 1459 1382 1484 tamen
1398 1457 1429 1484 in
1449 1459 1525 1484 sorte
1538 1457 1763 1492 praedicantium

990 1505 1138 1536 numerat,
1155 1503 1226 1538 quia
1244 1503 1283 1530 ad
1302 1503 1526 1539 praedicandum
1546 1511 1613 1530 cum
1629 1503 1700 1530 tales
1714 1511 1764 1531 ve-

990 1548 1052 1575 nire
1067 1548 1248 1583 debuerant,
1263 1550 1314 1584 qui
1328 1550 1364 1576 de
1385 1549 1474 1577 laude
1490 1549 1611 1585 propria
1625 1549 1699 1576 nihil
1712 1549 1765 1577 ha-

991 1595 1115 1628 bebant,
1130 1597 1162 1622 ut
1180 1597 1259 1623 tanto
1280 1596 1369 1623 solius
1391 1596 1518 1623 veritatis
1538 1598 1764 1631 cognosceretur

991 1649 1067 1675 esse,
1093 1641 1175 1676 quod
1197 1644 1330 1677 agerent,
1356 1645 1465 1677 quanto
1488 1644 1515 1669 et
1539 1644 1638 1678 aperte
1661 1650 1762 1669 cerne-

990 1688 1080 1721 retur,
1096 1688 1167 1723 quia
1181 1688 1220 1715 ad
1234 1689 1291 1716 hoc
1306 1689 1456 1723 agendum
1469 1697 1523 1724 per
1541 1697 1571 1716 se
1586 1689 1686 1716 idonei
1699 1697 1761 1716 non

990 1733 1119 1761 fuissent.
1137 1744 1150 1759 »
1177 1736 1209 1761 Et
1230 1735 1272 1761 ibi
1290 1735 1367 1762 bene
1388 1735 1424 1762 de
1445 1735 1512 1762 hoc.
1529 1736 1550 1755 ¹³
1567 1737 1653 1762 «Non
1676 1735 1761 1763 multi

991 1782 1133 1815 potentes.
1148 1791 1160 1807 »
1175 1781 1202 1809 Si
1217 1781 1355 1816 objicitur
1377 1781 1414 1808 de
1431 1781 1538 1814 Paulo,
1553 1781 1636 1816 quod
1651 1781 1682 1808 in
1696 1781 1761 1816 lege
1785 1785 1884 1811 objectio

990 1826 1044 1854 tuit
1057 1827 1178 1862 peritus,
1191 1830 1219 1855 et
1232 1830 1330 1855 tamen
1347 1827 1454 1854 electus
1469 1828 1500 1854 in
1514 1827 1693 1863 apostolum,
1705 1836 1763 1855 res-
1777 1816 1803 1836 de
1815 1816 1882 1836 P⁸⁰³⁰

990 1873 1197 1909 pondendum,
1213 1873 1295 1909 quod
1304 1881 1365 1900 non
1376 1873 1429 1901 t'uit
1443 1873 1550 1900 electus
1565 1873 1638 1900 inter
1651 1873 1763 1909 primos

991 1919 1141 1954 apostolos
1149 1929 1156 1953 ;
1180 1919 1231 1946 sed
1255 1921 1321 1954 post
1344 1919 1547 1947 ascensionem
1566 1919 1682 1946 Domini
1701 1928 1764 1947 mu-

990 1967 1065 1992 tatus
1081 1965 1117 1992 de
1130 1965 1217 1993 Saulo
1232 1965 1262 1992 in
1277 1965 1409 2003 Paulum,
1421 1967 1448 1993 et
1458 1967 1498 1993 sic
1512 1965 1697 1999 humiliatus,
1711 1965 1765 1993 fuit

992 2010 1115 2038 devotus
1128 2013 1156 2038 et
1171 2011 1286 2038 electus.
1305 2012 1383 2039 Unde
1399 2014 1426 2039 et
1438 2012 1568 2047 seipsum
1579 2014 1666 2039 vocat
1677 2012 1764 2040 abor-

990 2057 1083 2084 tivum
1094 2057 1113 2073 ¹¹⁴
1125 2067 1132 2085 :
1144 2067 1157 2083 «
1171 2058 1238 2085 Mihi
1260 2060 1403 2093 tanquam
1424 2058 1558 2085 abortivo
1581 2058 1660 2086 visus
1680 2060 1759 2086 est.»

989 2105 1061 2132 Item
1077 2104 1100 2131 si
1120 2105 1285 2139 objiciatur,
1307 2105 1390 2140 quod
1411 2106 1485 2132 Deus
1505 2105 1641 2140 praecepit
1655 2105 1762 2140 eligere

991 2150 1136 2185 sapientes
1150 2150 1189 2178 ad
1199 2150 1296 2178 officia
1306 2150 1482 2186 praelationis
1498 2150 1529 2177 in
1542 2151 1617 2178 illud
1629 2152 1660 2177 ¹⁵:
1675 2160 1687 2176 «
1696 2153 1763 2179 Pro-

991 2196 1059 2224 vide
1074 2197 1152 2224 viros
1166 2198 1310 2232 potentes,
1320 2207 1333 2222 »
1351 2199 1379 2224 et
1393 2197 1433 2223 sic
1445 2196 1560 2223 videtur
1574 2195 1674 2223 fecisse
1690 2204 1761 2224 con-

991 2244 1036 2270 tra
1050 2242 1094 2276 id,
1112 2243 1194 2278 quod
1206 2243 1281 2270 fecit.
1299 2244 1405 2270 Iterum
1419 2250 1454 2270 ex
1466 2243 1522 2270 hoc
1540 2242 1665 2276 videtur,
1679 2242 1762 2278 quod

991 2290 1022 2317 in
1034 2289 1225 2317 electionibus
1246 2298 1314 2317 eum
1329 2290 1471 2317 debemus
1484 2289 1609 2324 imitari,
1625 2289 1761 2324 eligendo

991 2336 1101 2363 scilicet
1122 2336 1278 2371 simplices.
1305 2338 1336 2363 Et
1359 2336 1397 2363 ad
1422 2336 1499 2364 istud
1519 2338 1561 2363 est
1579 2336 1761 2371 responden-

993 2383 1075 2417 dum,
1091 2382 1173 2418 quod
1187 2384 1262 2410 Deus
1276 2382 1363 2417 elegit
1375 2381 1522 2418 simplices
1534 2382 1573 2410 ad
1588 2382 1761 2418 dignitatem
1799 2388 1858 2408 neus

992 2464 1049 2492 Dei,
1063 2464 1105 2487 lib.
1119 2464 1208 2494 XVIII,
1224 2471 1246 2487 c.
1263 2469 1374 2487 xrix.—
1391 2464 1406 2478 ¹¹
1422 2463 1478 2494 Job,
1493 2470 1536 2494 XL,
1549 2465 1588 2489 24.
1600 2477 1628 2482 —-
1643 2464 1661 2480 ¹²
1674 2465 1760 2496 Grcg„

991 2499 1093 2529 Moral„
1108 2499 1149 2522 lib.
1167 2499 1277 2528 xxxm,
1293 2506 1315 2522 c.
1334 2505 1374 2528 κν,
1390 2499 1423 2523 al.
1436 2505 1488 2530 xw,
1504 2506 1530 2523 n.
1547 2501 1585 2524 32.
1596 2512 1627 2517 —
1640 2499 1678 2523 ¹³1
1694 2500 1762 2526 Cor„

992 2540 1010 2564 1,
1024 2536 1063 2558 26.
1079 2546 1108 2551 —
1123 2535 1142 2550 ¹⁶
1157 2534 1230 2564 ibid„
1246 2540 1288 2562 xv,
1304 2535 1326 2558 8.
1343 2548 1370 2552 —
1386 2535 1405 2551 ¹⁵
1420 2535 1510 2564 Exeat,
1526 2541 1601 2564 xvm,
1618 2536 1657 2559 21.

1023 2583 1056 2611 (a)
1077 2582 1136 2606 θαι.
1157 2582 1216 2607 edit.
1234 2583 1370 2607 habenh-
1390 2583 1422 2614 (b)
1441 2584 1498 2615 [κς.
1516 2583 1591 2608 etiam
1611 2583 1649 2607 vel
1665 2584 1758 2608 autem.

993 2617 1022 2647 (c)
1039 2617 1098 2641 Coet.
1115 2618 1174 2642 edit.
1192 2618 1250 2642 add.
1265 2618 1347 2643 istam.
1364 2632 1390 2637 -
1405 2619 1445 2650 (d)
1460 2620 1521 2643 Item
1535 2621 1686 2644 creatorem.
