1987 3032
682 183 886 216 EXPOSITIO
909 182 948 213 IN
971 182 1055 213 CAP.
1076 181 1153 214 XVI.
1677 185 1716 213 25

125 249 220 280 habet
233 250 340 280 omnia
355 252 385 279 et
400 249 541 280 abundat
557 253 564 269 ¹
584 260 590 280 :
612 261 626 279 «
642 250 730 281 Meus
744 252 790 281 est
805 249 890 280 enim

125 303 209 333 orbis
221 304 323 339 terrae,
337 304 368 332 et
382 302 543 341 plenitudo
556 304 639 341 eJus.
654 314 667 331 »
681 303 718 333 Et
732 311 844 333 rursus
858 302 887 331 ²:

126 367 140 383 <(
158 355 234 385 Meae
248 356 321 384 sunt
334 364 444 385 omnes
459 355 533 385 serae
548 355 712 386 silvarum.
730 367 744 383 n
764 356 802 386 Et
817 364 889 385 rur-

124 416 178 437 sus
195 415 202 436 :
223 417 237 435 (‹
253 407 377 437 Domini
398 408 444 437 est
462 409 560 445 terra,
579 409 609 437 et
626 407 788 447 plenitudo
803 409 887 446 eJus3

123 459 208 489 orbis
224 461 392 497 terrarum,
413 470 427 488 1)
439 462 497 490 etc.
514 460 575 499 Huj
583 470 618 490 us
632 460 771 490 hominis
785 460 891 490 divitis

123 511 245 542 villicus
259 514 306 542 est
320 512 452 550 quilibet
468 513 576 548 homo,
593 513 648 552 qui
662 513 757 543 habet
771 512 890 551 aliquid

121 573 212 603 posse
227 566 400 602 terrenum,
418 565 484 596 sive
500 565 674 604 dignitatis,
687 566 753 596 sive
769 565 890 595 divitia-

121 626 194 647 rum
210 617 249 647 ad
265 617 525 657 dispensandum.
544 617 631 648 Unde
647 617 754 648 Glossa
771 627 778 647 :
799 629 812 645 «
827 617 889 648 Vil-

121 669 199 699 licus
215 671 277 707 est,
297 670 348 699 cui
368 670 449 700 Deus
464 670 586 710 aliquas
602 670 750 710 pecunias
765 671 804 699 ad
818 679 889 700 ero-

122 722 265 761 gandum
285 723 479 761 pauperibus
499 723 666 753 commisit.
684 734 696 750 υ
717 722 754 752 Ε1
773 724 809 753 111
828 722 891 752 alia

121 775 227 806 Glossa
250 776 324 806 dicit
346 785 353 806 :
378 788 392 805 (1
417 776 545 807 Villicus
568 778 614 806 est
641 776 777 815 propriae
804 776 889 807 villae

120 830 238 865 custos;
255 828 307 858 sed
323 829 453 868 ponitur
468 829 518 858 hic
534 837 591 868 pro
606 837 781 867 oeconomo,
796 829 828 859 id
843 831 889 859 est

119 881 342 920 dispensatore.
373 892 386 908 n
420 881 567 911 Humana
599 882 701 920 igitur
728 884 866 921 potestas
878 906 887 919 ‚

119 934 270 973 quoniam
287 943 350 964 non
369 935 414 964 est
430 934 491 963 nisi
513 935 552 964 ad
572 936 698 973 tempus
717 936 746 964 et
769 935 808 964 ab
828 934 888 965 alio

120 986 247 1023 collata,
275 996 338 1017 non
360 989 407 1017 est
430 986 489 1016 nisi
515 987 662 1026 quaedam
685 986 834 1017 villicatio
858 989 889 1017 et

120 1039 306 1069 oeconomia.
325 1039 412 1069 Unde
432 1039 546 1069 dicitur
561 1040 571 1055 ³
590 1050 596 1069 ι
618 1038 715 1069 «Tua
731 1041 888 1069 5111110111-

119 1091 185 1127 nia,
203 1093 234 1121 et
254 1101 326 1130 quae
343 1092 380 1122 de
402 1101 499 1121 manu
517 1094 572 1121 tua
593 1092 786 1131 accepimuS,
803 1092 888 1123 dedi-

119 1152 192 1174 mus
206 1144 273 1174 tibi.
292 1144 454 1182 Peregrini
474 1144 567 1174 etiam
590 1153 702 1174 sumus
718 1154 824 1175 coram
845 1147 885 1183 te,

117 1199 149 1227 et
169 1197 315 1235 advenae,
332 1197 413 1228 sicut
433 1206 543 1228 omnes
563 1200 666 1237 patres
685 1199 795 1228 nostri.
818 1198 887 1229 Dies

119 1250 217 1280 nostri
237 1251 327 1289 quasi
343 1251 458 1281 umbra
482 1260 578 1290 super
597 1253 732 1288 terram,
750 1253 780 1281 et
800 1251 888 1282 nulla

119 1304 165 1333 est
188 1311 287 1333 mora.
312 1314 326 1330 1)
350 1302 437 1333 Unde
462 1305 492 1333 et
516 1303 684 1342 Apostolus
707 1304 834 1334 nolebat
854 1314 887 1334 se

119 1354 269 1384 aestimari
284 1355 465 1392 Dominum,
483 1355 536 1385 sed
551 1364 769 1392 (economum,
786 1358 817 1385 et
832 1356 888 1385 vil-

118 1406 231 1443 licum,
249 1416 321 1436 cum
344 1407 466 1437 dicebat
482 1408 491 1422 ⁶
515 1416 522 1437 :
543 1418 556 1435 (1
574 1407 625 1437 Sic
648 1416 705 1437 nos
728 1407 887 1438 existimet

117 1458 229 1495 homo,
244 1460 280 1489 ut
293 1459 453 1489 ministros
468 1459 596 1497 Christi,
612 1462 643 1489 et
655 1459 887 1498 dispensatores

117 1511 344 1550 mysteriorum
360 1512 429 1549 Dei,
447 1523 461 1540 »
480 1514 539 1542 etc.
557 1512 664 1542 Talem
679 1512 822 1542 villicum
836 1522 884 1543 re-

116 1573 190 1594 rum
221 1565 427 1603 praesentium
460 1574 493 1594 se
522 1565 722 1595 existimabat
749 1565 807 1596 ‚Iob
837 1569 846 1583 ³
878 1577 884 1596 :

120 1616 306 1647 «Dominus
332 1617 434 1654 dedit,
462 1617 612 1647 Dominus
636 1617 781 1655 abstulit,
806 1619 887 1649 sicut

118 1669 248 1700 Domino
262 1670 389 1708 placuit,
407 1670 450 1700 ita
466 1670 583 1700 factum
598 1672 653 1700 est.
669 1682 683 1698 n

156 1722 311 1759 Secundo,
328 1725 485 1761 quantum
500 1723 538 1753 ad
554 1723 739 1754 abusionem
756 1726 886 1763 potesta-

115 1775 155 1805 tis
171 1777 347 1805 commissae
362 1776 401 1805 ab
417 1776 565 1806 omnibus
586 1777 790 1815 fugiendam,
809 1778 887 1808 sub-

115 1827 177 1857 dit:
195 1827 240 1858 Ec
251 1827 300 1857 laic
314 1828 501 1866 diffamatus
514 1833 558 1858 est
571 1829 661 1868 apud
674 1829 776 1867 illum,
793 1831 887 1869 quasi

116 1879 296 1919 dissipasset
317 1881 398 1910 bona
426 1881 535 1919 ipsius.
563 1881 650 1911 Bona
673 1891 811 1922 namque
832 1884 885 1914 Dei

116 1933 262 1971 dissipat,
280 1933 335 1971 qni
356 1933 541 1972 temporalia
562 1934 620 1964 ista
641 1938 691 1965 vel
710 1935 792 1965 male
808 1937 883 1966 reti-

116 1987 183 2022 net,
209 1985 260 2014 vel
283 1985 364 2015 male
387 1986 516 2025 accipit,
538 1987 588 2017 vel
610 1988 692 2017 male
715 1988 883 2028 dispensat.

118 2036 204 2067 Unde
227 2037 335 2067 Glossa
352 2049 358 2068 ι
376 2048 390 2066 (t
407 2038 573 2078 Dissipatio
591 2042 654 2077 est,
675 2041 801 2079 quando
817 2042 885 2081 ipsa

116 2090 198 2119 bona
222 2090 303 2120 male
323 2093 574 2130 congregantur,
596 2093 646 2123 vel
672 2094 797 2132 quando
820 2104 884 2125 11011

115 2143 194 2173 bene
223 2143 456 2182 expenduntur.
487 2156 500 2172 n
531 2145 567 2175 Et
596 2146 676 2176 ratio
700 2146 796 2185 11111115
819 2150 881 2185 051,

114 2195 189 2233 quia
208 2195 288 2225 bona
305 2197 490 2235 temporalia
507 2200 597 2234 sunt,
615 2200 651 2228 ut
675 2208 731 2237 per
748 2199 817 2229 haec
832 2209 881 2230 ac-

114 2247 281 2286 quirantur
295 2248 377 2278 bona
392 2251 519 2280 aeterna.
538 2250 615 2280 Cum
630 2260 707 2290 ergo
722 2252 792 2282 hcec
807 2254 883 2283 tem-

112 2299 232 2338 poralia
259 2300 303 2330 sic
330 2301 508 2339 habentur,
546 2304 630 2342 quod
667 2306 793 2343 propter
830 2306 883 2336 illa

112 2353 230 2382 aeterna
247 2353 434 2391 perduntur,
451 2356 527 2384 tunc
540 2355 658 2395 absque
679 2356 775 2387 dubio
791 2358 880 2388 dissi-

111 2406 236 2443 pantur.
259 2405 317 2441 Qui
339 2414 418 2444 ergo
439 2406 507 2437 haec
528 2409 713 2447 temporalia
736 2409 817 2440 bona
838 2412 882 2441 sic

111 2457 309 2495 expendunt,
327 2458 411 2497 1111011
426 2467 489 2488 11011
507 2463 656 2498 quaerunt
675 2461 707 2491 in
726 2462 770 2491 eis
785 2463 878 2493 meri-

112 2511 179 2539 tum
195 2510 320 2547 salutis,
339 2511 393 2542 sed
408 2512 558 2542 solatium
579 2514 698 2551 carnis;
724 2517 881 2555 tempora-

145 2589 149 2601 ·
175 2590 239 2613 Psal.
264 2596 340 2620 xmx,
367 2592 408 2619 12,
436 2593 472 2614 10.
495 2604 525 2608 -
554 2592 561 2604 ²
586 2592 652 2616 Psul.
679 2599 762 2622 xxiii,
792 2596 827 2617 11.
851 2608 880 2613 —

111 2622 121 2638 θ
141 2623 146 2645 l
168 2624 264 2656 Paral„
285 2631 360 2655 nix,
385 2627 414 2651 14
436 2628 459 2649 ct
476 2633 529 2656 5011.
546 2639 574 2644 -
595 2627 603 2643 ⁵
624 2628 642 2651 11
665 2628 733 2658 Cor„
754 2635 788 2659 iv,
812 2631 832 2652 l.
850 2642 879 2647 -

946 247 988 277 lia
1011 257 1075 278 non
1093 248 1277 287 dispensant
1298 247 1336 277 ad
1358 247 1489 277 modum
1510 247 1585 278 boni
1602 249 1714 288 villici3

947 301 1000 331 sed
1026 301 1176 340 dissipant
1204 300 1244 330 ad
1269 300 1400 330 modum
1428 300 1485 330 filii
1509 301 1652 339 prodigi,
1679 303 1717 333 de

946 362 1009 392 quo
1028 362 1125 392 supra
1143 353 1258 383 dicitur
1272 352 1294 389 ⁸,
1315 352 1399 391 quod
1422 364 1436 381 (1
1457 353 1620 392 dissipavit
1640 356 1715 385 sub-

947 406 1095 436 stantiam
1111 415 1202 436 suam
1217 405 1354 436 vivendo
1369 405 1543 436 luxuriose.
1567 418 1581 434 »
1604 406 1717 438 Contra

945 467 1024 496 quos
1039 459 1112 488 dicit
1126 458 1277 488 Dominus
1291 466 1347 496 per
1362 457 1473 488 Oseam
1485 459 1672 498 prophetam
1684 464 1693 479 ⁷
1707 471 1714 491 ε

950 521 963 538 «
979 510 1054 541 Dedi
1074 511 1118 541 eis
1138 511 1335 541 frumentum
1358 512 1389 540 et
1407 510 1537 546 vinum,
1563 513 1592 541 et
1610 512 1717 543 oleum

946 565 977 593 et
999 565 1173 602 argentum
1198 563 1409 602 multiplicavi
1438 563 1499 600 eis,
1525 566 1555 594 et
1583 573 1716 604 aurum,

945 624 1017 655 quae
1042 616 1183 646 fecerunt
1207 616 1282 646 Baal
1309 625 1316 645 :
1340 616 1458 646 idcirco
1482 619 1665 655 convertar,
1688 621 1719 649 et

946 678 1072 699 sumam
1093 669 1290 699 frumentum
1315 677 1422 698 meum
1438 669 1472 698 in
1488 670 1630 709 tempore
1647 680 1717 709 sno,

948 723 978 751 et
992 721 1106 751 vinum
1119 729 1228 750 meum
1243 720 1277 750 in
1292 722 1434 759 tempore
1450 730 1519 758 suo,
1535 724 1565 751 et
1579 722 1718 753 liberabo

944 774 1051 804 lanam
1068 782 1184 810 meam,
1201 775 1231 803 et
1246 773 1350 802 linum
1367 781 1489 810 meum,
1509 782 1580 812 quae
1596 775 1716 813 operie-

944 827 1020 856 bant
1047 826 1260 864 ignominiam
1290 827 1369 864 ejus.
1399 825 1438 855 Et
1466 827 1544 856 111110
1570 827 1718 858 revelabo

945 879 1112 909 stultitiam
1135 879 1205 917 ejus
1226 878 1260 907 in
1281 877 1379 908 oculis
1402 879 1581 908 amatorum
1603 880 1683 917 ejus.
1699 892 1713 908 n

946 931 1044 968 Unde,
1060 931 1135 970 quia
1148 930 1256 969 plures
1269 931 1343 960 sunt
1357 930 1569 969 dissipatores,
1582 932 1613 961 et
1625 932 1718 970 pauci

944 984 1188 1023 dispensatores,
1204 982 1338 1012 dicitur⁸
1356 993 1362 1012 :
1380 994 1394 1010 «
1410 982 1466 1012 Hic
1478 984 1546 1021 ¹iam
1561 985 1718 1023 qnaeritur

944 1037 1026 1067 inter
1041 1036 1288 1074 dispensatores,
1304 1037 1340 1065 ut
1361 1035 1461 1065 fidelis
1482 1036 1553 1074 quis
1573 1036 1718 1068 invenia-

944 1092 1006 1120 tur.
1033 1100 1047 1116 »
1076 1088 1165 1118 Tunc
1192 1090 1300 1118 autem
1326 1088 1396 1118 haec
1422 1089 1610 1127 temporalia
1637 1089 1718 1120 bene

943 1143 1183 1181 dispensantur,
1207 1140 1334 1180 quando
1359 1140 1391 1169 in
1416 1149 1512 1179 opera
1536 1141 1716 1173 misericor-

943 1195 1004 1225 diae
1016 1194 1260 1231 distribuuntur,
1275 1193 1450 1223 secundum
1465 1193 1544 1224 illud
1555 1196 1565 1213 ⁹
1579 1205 1585 1224 ε
1603 1195 1715 1233 «Quis,

943 1249 1052 1287 putas,
1080 1249 1126 1277 est
1153 1246 1254 1277 fidelis
1281 1246 1478 1285 dispensator
1501 1248 1530 1277 et
1558 1247 1715 1286 prudens,

943 1309 1038 1339 quem
1067 1299 1229 1329 constituit
1257 1298 1412 1328 Dominus
1439 1308 1534 1338 super
1562 1300 1717 1331 familiam

943 1355 1051 1382 suam?
1068 1363 1081 1379 »
1101 1353 1158 1381 etc.
1177 1350 1215 1380 Et
1230 1350 1320 1380 istius
1340 1350 1555 1390 dissipationis
1575 1352 1668 1391 origo
1688 1356 1719 1384 et

943 1406 1044 1434 mater
1065 1406 1112 1434 est
1133 1403 1165 1432 in
1191 1402 1416 1433 misericordia.
1442 1402 1514 1433 Ideo
1539 1404 1653 1434 dicitur
1674 1406 1716 1436 ¹⁰:

947 1469 961 1485 «
984 1456 1077 1487 Novit
1098 1457 1205 1495 justus
1228 1464 1357 1486 causam
1379 1464 1568 1495 pauperum;
1599 1457 1719 1497 impius

942 1511 1071 1550 ignorat
1086 1509 1271 1546 scientiam3
1288 1508 1434 1539 homines
1453 1509 1634 1548 pestilentes
1655 1511 1717 1541 dis-

942 1565 1046 1603 sipant
1060 1563 1232 1593 civitatem.
1250 1572 1265 1589 »
1285 1561 1372 1592 Tunc
1393 1563 1500 1591 autem
1522 1562 1574 1592 hic
1593 1563 1718 1594 villicus

942 1617 1027 1656 apud
1044 1616 1215 1647 Dominum
1238 1615 1431 1651 diffamatur,
1448 1615 1576 1654 quando
1597 1616 1718 1648 clamor

943 1678 1120 1710 pauperum
1140 1668 1279 1699 ascendit
1297 1668 1336 1697 ad
1358 1667 1540 1698 Dominum.
1563 1668 1650 1699 Unde
1668 1670 1713 1700 111-

943 1723 1024 1753 citur
1039 1723 1061 1740 ¹¹
1078 1733 1084 1752 ;
1109 1733 1123 1750 «
1136 1721 1232 1759 AgIte
1247 1728 1343 1757 nunc,
1359 1719 1483 1756 divites,
1506 1720 1625 1759 plorate
1640 1721 1717 1752 ulu-

942 1775 1042 1804 lantes
1066 1774 1100 1803 in
1127 1772 1263 1803 miseriis
1289 1772 1419 1809 vestris,
1447 1781 1519 1811 quae
1544 1773 1715 1804 advenient

943 1827 1044 1857 vobis.
1065 1837 1079 1854 n
1104 1826 1142 1856 Et
1160 1827 1229 1864 post
1250 1834 1257 1854 ε
1279 1835 1293 1852 «
1312 1824 1390 1854 Ecce
1411 1833 1531 1855 merces
1550 1827 1715 1864 operario-

942 1889 1026 1917 rum,
1044 1879 1099 1918 qui
1115 1879 1317 1908 messuerunt
1330 1877 1480 1915 regiones
1493 1879 1625 1916 vestras,
1642 1888 1714 1918 quae

942 1932 1085 1963 fraudata
1105 1933 1152 1961 est
1174 1940 1193 1960 a
1211 1930 1315 1968 vobiS,
1331 1929 1460 1967 clamat,
1477 1931 1507 1959 et
1527 1929 1645 1961 clamor
1660 1940 1713 1962 eo-

942 1994 1015 2015 rum
1030 1986 1063 2014 in
1077 1993 1170 2015 aures
1185 1983 1309 2014 Domini
1325 1983 1455 2013 sabaoth
1470 1983 1624 2014 introivit.
1642 1995 1656 2012 n
1676 1985 1714 2015 Et

941 2038 1093 2077 quoniam
1110 2036 1244 2067 crudelis
1258 2038 1303 2066 est
1318 2036 1372 2075 qui
1388 2036 1504 2066 famam
1519 2037 1666 2076 negligit,
1683 2040 1713 2068 et

942 2091 1045 2121 omnis
1060 2091 1157 2121 homo
1172 2089 1313 2119 maxime
1328 2089 1437 2119 horret
1451 2089 1624 2127 infamiam,
1642 2090 1712 2121 ideo

941 2145 1011 2175 talis
1023 2145 1181 2175 bonorum
1196 2142 1308 2173 abusio
1323 2144 1369 2172 est
1383 2142 1534 2179 cavenda,
1546 2152 1586 2173 ne
1599 2152 1637 2173 ex
1653 2143 1712 2173 dis-

941 2198 1093 2237 sipatione
1111 2198 1269 2226 bonorum
1294 2194 1546 2234 dispensatorum
1567 2195 1656 2226 cadat
1677 2196 1710 2226 in

940 2250 1146 2291 opprobrium
1162 2251 1192 2279 01
1206 2248 1395 2280 derisionem
1410 2248 1581 2287 publicam,
1597 2257 1708 2279 secun-

940 2305 1016 2334 dum
1040 2303 1116 2333 illud
1132 2303 1153 2319 ¹²
1173 2313 1178 2331 :
1202 2313 1216 2329 «
1232 2301 1331 2331 Fatuo
1352 2309 1416 2330 non
1437 2300 1495 2330 erit
1515 2301 1651 2339 amicus,
1679 2304 1710 2332 et

939 2366 1003 2387 non
1018 2356 1077 2386 erit
1095 2355 1198 2394 gratia
1216 2354 1249 2382 in
1271 2352 1361 2382 bonis
1379 2352 1473 2382 illius.
1489 2364 1504 2381 ))
1525 2352 1562 2383 Ε1
1576 2356 1683 2393 postea
1699 2366 1705 2384 :

943 2408 1099 2445 «Quoties
1122 2409 1152 2437 et
1172 2405 1282 2445 quanti
1302 2404 1478 2434 irridebunt
1500 2406 1597 2435 eum?
1612 2417 1626 2434 n
1648 2406 1708 2437 Ne-

939 2471 1002 2501 que
1029 2461 1114 2491 enim
1143 2458 1227 2498 quod
1258 2457 1440 2488 habendum
1474 2460 1560 2497 erat,
1591 2458 1707 2489 directo

939 2561 945 2572 ⁵
960 2559 1016 2585 doh,
1034 2564 1054 2587 1,
1071 2558 1109 2581 21.
1124 2569 1153 2574 —
1168 2556 1178 2571 ὅ
1193 2558 1264 2586 51111,
1280 2556 1423 2585 Χν,13.-·
1440 2555 1447 2568 ⁷
1463 2554 1526 2582 ose„
1546 2561 1577 2583 11,
1597 2556 1662 2579 8-10.
1676 2568 1706 2573 —

937 2594 947 2610 Β
965 2595 970 2617 Ι
990 2594 1058 2621 Cor„
1078 2599 1111 2620 ιν,
1132 2594 1154 2615 2.
1172 2605 1198 2608 —
1214 2592 1224 2607 ⁹
1239 2592 1311 2621 Sup.,
1331 2595 1384 2619 ΧΗ,
1401 2591 1438 2613 42.
1454 2603 1484 2607 —
1501 2590 1518 2603 ¹⁰
1537 2591 1617 2620 Pron„
1633 2596 1705 2621 nix,

937 2635 959 2654 ὅ.
976 2642 1005 2646 -
1023 2630 1036 2642 ¹¹
1052 2631 1115 2658 luc„
1132 2634 1154 2658 v,
1169 2633 1186 2657 1,
1203 2628 1224 2651 4.
1245 2639 1270 2643 -
1291 2626 1309 2642 ¹²
1324 2625 1410 2655 Ecca„
1428 2632 1471 2656 xx,
1489 2626 1577 2656 ¹71¹&
