1987 3032
186 240 243 268 150

187 311 353 343 nunquam
375 302 546 333 mulierum
574 300 668 341 pedes
693 301 806 330 terant.
839 299 956 330 Omnes

186 356 306 396 puellas
333 358 364 386 et
391 354 535 392 virgines
558 352 682 389 Christi,
709 354 765 383 aut
792 352 956 391 aequaliter

186 409 312 447 ignora,
334 410 388 438 aut
404 407 568 447 aequaliter
583 406 691 444 dilige.
709 405 796 435 Unde
820 414 877 435 nec
896 405 955 436 sub

186 462 296 492 eodem
313 463 393 491 tecto
408 459 571 496 manseris,
589 467 647 488 nec
666 458 698 487 in
715 458 873 497 praeterita
887 467 954 488 cas-

187 515 275 545 titate
290 513 440 544 confidas.
451 512 513 543 Nec
526 510 622 541 David
637 510 783 548 sanctior,
797 520 855 541 nec
865 511 954 541 Sam-

187 576 264 598 sone
283 566 403 603 sortior,
423 573 480 594 nec
500 563 668 594 Salomone
683 563 854 603 sapientior
870 565 957 603 potes

188 628 266 650 esse.
284 618 442 648 Memento
465 625 600 656 semper,
619 615 704 655 quod
719 616 855 655 paradisi
872 616 954 646 colo-

188 681 267 702 num
290 671 404 701 mulier
429 670 467 700 de
487 669 684 709 possessione
705 678 763 699 sua
784 669 920 708 eiecerit.
938 680 952 697 ι)

186 724 256 755 Non
271 726 345 754 sunt
366 732 443 762 ergo
464 722 576 753 scribae
598 722 753 759 imitandi,
776 731 833 752 nec
854 731 957 761 quan-

187 780 255 808 tum
270 777 309 807 ad
328 776 555 813 carnalitatem,
567 784 625 805 nec
639 777 797 814 quantum
812 774 850 805 ad
867 774 955 814 cupi-

187 830 327 867 ditatem,
348 828 424 868 quia
443 828 480 858 de
495 827 706 858 imitatoribus
720 828 836 858 horum
850 827 958 857 scribi-

187 887 240 914 tur
259 882 266 898 ¹
283 894 290 913 :
311 894 325 911 α
341 882 390 919 Hi,
408 881 494 912 velut
507 880 734 911 irrationabilia
753 889 876 920 pecora,
892 880 956 919 pel-

187 937 328 966 licientes
351 935 474 965 animas
488 934 658 971 instabiles,
678 942 730 963 cor
751 933 957 963 exercitatum

188 988 321 1019 avaritia
340 987 504 1024 habentes,
526 985 754 1016 maledictionis
776 985 848 1022 filii,
865 985 958 1016 dere-

187 1042 364 1080 linquentes
385 1042 502 1070 rectam
516 1040 615 1075 viam,
641 1040 844 1076 erraverunt,
860 1039 958 1068 secuti

187 1094 272 1125 viam
294 1092 422 1123 Balaam
445 1101 485 1122 ex
500 1091 607 1129 Bosor,
630 1091 685 1130 qui
704 1090 880 1121 mercedem
896 1091 959 1120 iui-

187 1146 316 1185 quitatis
340 1145 469 1176 amavit.
493 1155 507 1171 n
535 1144 648 1175 Contra
669 1143 746 1173 tales
772 1143 958 1182 indignatur

188 1198 352 1235 Dominus,
376 1197 552 1227 secundum
568 1196 646 1226 illud
660 1196 670 1212 ²
695 1206 702 1226 z
728 1207 742 1224 «
762 1195 824 1226 Vos
838 1195 957 1234 depasti

187 1252 261 1282 estis
275 1251 401 1282 vineam
415 1259 519 1281 meam
533 1250 642 1289 rapina
656 1249 804 1288 pauperis
819 1249 852 1279 in
864 1248 957 1279 domo

186 1307 302 1335 vestra.
320 1315 334 1332 n

227 1356 356 1394 Quarto,
373 1357 529 1395 quantum
551 1355 590 1385 ad
604 1354 840 1384 simulationem
853 1354 956 1384 virtu--

187 1413 267 1448 tum,
289 1409 395 1440 subdit
421 1419 428 1439 z
457 1407 653 1438 simulantes
683 1407 813 1446 lonssam
839 1407 958 1437 oratio-

187 1472 271 1500 nem,
300 1461 474 1492 secundum
500 1460 659 1498 Glossam,
684 1462 719 1490 ut
743 1459 958 1498 religiosiores

187 1516 382 1555 appareant:
405 1513 560 1553 prolixius
583 1515 685 1550 orant,
706 1514 741 1543 ut
760 1512 799 1542 ab
823 1512 958 1542 infirmis

188 1568 391 1608 quibuslibet,
404 1569 435 1597 et
448 1568 649 1606 peccatorum
660 1574 792 1596 suorum
802 1565 960 1595 conscien-

189 1622 231 1652 tia
247 1621 392 1658 turbatis,
411 1623 565 1659 tanquam
580 1619 715 1659 patroni,
732 1619 841 1649 laudes
855 1621 886 1649 et
904 1627 958 1658 pe-

189 1675 299 1705 cunias
313 1674 476 1713 accipiant.
502 1673 563 1703 Sed
578 1672 735 1711 numquid
750 1672 873 1711 prolixa
887 1680 958 1702 ora-

188 1728 232 1758 tio
255 1727 337 1757 mala
351 1729 417 1757 est?
438 1726 526 1757 Certe
545 1734 610 1756 non
625 1727 682 1762 est,
700 1734 772 1755 cum
787 1725 908 1755 dicatur
923 1725 933 1741 ³
951 1736 958 1754 :

195 1793 208 1810 (ι
223 1781 351 1820 Oportet
364 1788 489 1819 semper
499 1787 600 1809 orare.
612 1789 627 1806 »
642 1778 680 1808 Et
695 1778 705 1794 ⁶
721 1789 728 1807 :
751 1789 764 1806 ιι
779 1776 854 1808 Sine
869 1778 962 1807 inter—

190 1833 340 1864 missione
352 1834 450 1863 orate.
468 1843 482 1860 n
496 1831 556 1862 Sed
571 1831 631 1862 hoc
646 1831 760 1861 dicitur
774 1833 901 1870 propter
917 1830 959 1860 si-

192 1886 411 1924 mulationem,
427 1885 502 1925 quia
517 1893 590 1915 cum
605 1884 763 1914 simulatio
778 1886 809 1914 et
828 1884 914 1913 fraus
929 1883 963 1913 in

192 1940 340 1970 omnibus
354 1938 611 1978 reprehensibilis
625 1937 675 1975 sit,
686 1937 847 1976 potissime
858 1945 963 1975 repre-

191 1993 344 2023 henditur
364 1992 397 2021 in
413 1991 463 2021 his
478 1991 612 2027 actibuS,
637 1990 692 2029 qui
714 1989 854 2019 maxime
868 1989 963 2019 debe-

192 2047 263 2075 rent
278 2045 346 2075 fieri
361 2044 503 2074 veritate.
526 2043 564 2074 Et
583 2042 654 2073 talis
678 2044 725 2072 est
741 2045 828 2072 actus
843 2042 962 2072 oratio-

192 2098 242 2129 nis
257 2099 267 2114 ⁵
285 2109 291 2128 :
313 2109 327 2126 (ι
343 2097 403 2128 Eos
417 2097 473 2136 qui
493 2096 626 2126 adorant
641 2104 727 2132 eum,
753 2095 787 2124 in
808 2094 921 2134 spiritu
933 2096 963 2124 et

192 2151 324 2182 veritate
345 2151 468 2189 oportet
483 2149 624 2180 adorare.
640 2159 655 2176 ι)
676 2148 719 2178 De
740 2148 794 2177 illo
815 2156 892 2186 ergo
908 2147 962 2186 qui

192 2204 408 2234 fraudulenter
434 2203 543 2233 adorat
565 2204 596 2232 et
617 2201 822 2236 simulatorie,
848 2201 962 2231 dicitur

192 2258 225 2287 in
235 2257 364 2288 Psalmo
378 2257 388 2273 ⁶
402 2265 412 2286 .·
426 2268 439 2284 α
452 2255 556 2287 Oratio
567 2256 635 2294 eius
648 2255 702 2284 fiat
712 2254 744 2284 in
759 2255 933 2293 peccatum,
944 2264 957 2281 n

193 2309 284 2349 quia⁷
299 2321 312 2337 «
323 2309 506 2340 maledictus
516 2308 570 2348 qui
582 2307 653 2337 facit
660 2316 740 2346 opus
748 2306 871 2336 Domini
879 2306 963 2336 frau-

193 2361 348 2392 dulenter.
374 2374 388 2389 n
416 2361 454 2392 Et
470 2361 540 2392 ideo
563 2360 667 2391 subdit
700 2370 706 2390 z
738 2360 781 2390 Ηῖ
807 2359 963 2399 accipient

194 2414 433 2446 damnationem
443 2414 612 2453 majorem,
626 2412 711 2452 quia,
727 2412 808 2442 sicut
816 2411 929 2442 dicitur
939 2411 961 2449 ⁸,

198 2480 213 2498 <t
228 2468 426 2499 simulatores
441 2470 472 2498 et
485 2468 586 2498 callidi
597 2468 770 2506 provocant
779 2466 859 2496 iram
875 2466 957 2496 Dei.»

194 2525 266 2556 Ideo
283 2524 397 2554 dicitur
410 2526 420 2542 ⁹
437 2534 444 2553 ;
466 2534 480 2552 ι(
494 2523 538 2554 Ne
551 2523 648 2553 fueris
663 2521 828 2562 hypocrita
842 2521 876 2551 in
891 2529 963 2551 con-

226 2624 233 2639 ¹
261 2622 280 2645 ll
297 2622 414 2651 Petr.,1i‚
433 2621 564 2650 12,14-15.
582 2632 606 2636 —-
625 2620 632 2634 ²
644 2621 703 2650 lsa„
720 2625 757 2650 111,
775 2621 813 2644 14.
826 2632 852 2637 —
867 2619 875 2633 ³
889 2620 962 2649 Sup.‚

195 2664 270 2686 xviii,
295 2660 318 2681 1.
341 2670 367 2675 -
383 2658 391 2671 ⁴
410 2657 418 2680 l
436 2656 526 2684 Thess„
546 2662 570 2685 ν,
587 2656 624 2679 17.
645 2668 676 2674 —-
694 2656 704 2672 ⁶
718 2657 799 2686 Joan„
824 2660 859 2685 iv,
879 2656 917 2678 24.
931 2653 979 2672 —‘

197 2694 206 2708 ⁵
217 2692 282 2719 Paul,
296 2698 368 2724 cvm,
379 2693 403 2717 7.
417 2705 447 2710 -
463 2691 471 2707 ⁷
483 2692 583 2720 lei-em„
596 2696 686 2721 vani,
700 2692 774 2715 10.—
784 2692 792 2704 ¹⁵
801 2690 856 2720 lob,
873 2695 962 2719 xxxvi,

734 232 946 264 EVANGELll
969 232 1108 265 SANCTI
1127 232 1238 264 LUCAE

1012 301 1119 339 spectu
1134 299 1313 338 hominum,
1333 309 1374 331 ne
1396 300 1513 331 revelet
1532 300 1613 331 Deus
1627 301 1780 332 absconsa

1013 355 1078 389 tua,
1100 354 1130 382 et
1151 352 1184 382 in
1207 353 1310 383 medio
1331 362 1509 392 synagogae
1530 353 1624 384 elidat
1644 356 1684 384 te.
1709 364 1724 382 n
1743 353 1781 385 Et

1012 405 1081 436 ideo
1096 405 1217 442 scribis,
1228 407 1380 444 tanquam
1390 406 1571 445 hypocritis,
1589 406 1780 445 imprecatur

1013 458 1128 497 septies
1143 467 1192 488 vae
1208 461 1230 477 ¹⁰
1244 467 1252 488 :
1270 469 1284 486 ιι
1302 457 1355 487 Vae
1371 458 1473 496 vohis,
1490 458 1608 489 Scribae
1624 461 1654 489 et
1671 458 1781 490 Phari-

1013 511 1068 541 saei
1083 511 1269 550 hypocritas,
1284 522 1298 538 »
1318 513 1444 550 propter
1459 511 1693 542 simulationem
1708 521 1778 552 sep-

1014 563 1191 600 tisormem3
1217 565 1344 602 propter
1365 572 1461 602 quam
1483 564 1572 602 digni
1589 567 1690 602 erant,
1706 573 1781 595 cum

1015 616 1081 646 suis
1107 616 1294 655 sequacibus
1306 639 1314 652 ‚
1351 616 1384 645 in
1413 618 1565 646 aeternam
1592 617 1781 656 praecipitari

1013 668 1262 705 damnationem,
1281 668 1454 698 secundum
1470 668 1549 698 illud
1564 669 1583 684 ¹¹
1603 680 1609 699 :
1631 680 1645 697 α
1660 669 1779 708 Appre—

1014 722 1113 752 hensa
1127 723 1173 751 est
1187 721 1298 759 bestia,
1312 723 1343 751 et
1356 730 1428 751 cum
1444 730 1482 752 ea
1497 722 1780 761 pseudopropheta,

1014 775 1069 814 qui
1089 774 1160 804 fecit
1177 774 1271 812 signa
1291 783 1397 804 coram
1424 769 1500 814 ipso,
1527 775 1643 814 quibus
1656 775 1782 806 seduxit

1014 836 1067 857 eos
1091 827 1146 866 qui
1164 829 1351 866 acceperunt
1371 827 1582 858 characterem
1610 828 1729 866 bestiae,
1752 830 1783 859 et

1014 880 1079 911 vivi
1095 880 1183 910 missi
1197 883 1271 910 sunt
1285 880 1318 910 hi
1333 880 1396 910 duo
1413 880 1447 910 in
1461 883 1613 919 stagnum
1628 881 1715 919 ignis
1729 890 1780 911 ar-

1013 933 1115 963 dentis
1143 932 1306 972 sulphure.
1335 932 1373 963 Et
1400 942 1510 963 omnes
1533 942 1608 964 aves
1633 934 1782 964 saturatae

1014 990 1088 1018 sunt
1102 986 1251 1017 carnibus
1262 995 1386 1017 eorum.
1398 997 1412 1014 »

1269 1102 1411 1135 CAPUT
1434 1101 1523 1134 XXI.

1055 1203 1083 1229 1.
1106 1199 1286 1239 Respiciens
1303 1203 1410 1229 autem
1428 1198 1517 1235 vidit,
1536 1200 1594 1228 etc.
1612 1198 1783 1238 Postquam

1014 1252 1197 1282 informavit
1208 1251 1378 1290 discipulos
1391 1251 1430 1280 ad
1443 1251 1598 1281 cautelam
1611 1250 1781 1287 malorum,

1014 1305 1065 1334 hic
1079 1304 1216 1334 secundo
1231 1304 1379 1333 informat
1394 1312 1447 1333 eos
1462 1304 1500 1333 ad
1517 1303 1699 1341 eligentiam
1716 1312 1784 1333 me-

1014 1357 1131 1387 liorum
1148 1367 1154 1386 :
1173 1358 1203 1387 et
1212 1356 1282 1395 hoc,
1293 1356 1438 1395 exemplo
1451 1355 1650 1395 pauperculae
1666 1355 1782 1393 viduae,

1014 1409 1174 1440 offerentis
1187 1411 1290 1439 totum
1305 1409 1425 1439 victum
1443 1418 1549 1446 suum,
1566 1417 1638 1448 quae
1653 1408 1783 1447 praet'er-

1014 1465 1068 1493 tur
1081 1462 1150 1492 aliis
1164 1462 1220 1501 qui
1234 1462 1389 1492 dederunt
1408 1464 1541 1501 partem.
1567 1461 1600 1491 In
1624 1461 1682 1491 hac
1706 1470 1783 1500 ergo

1014 1519 1102 1555 parte
1114 1515 1254 1554 procedit
1265 1515 1325 1545 hoc
1334 1515 1443 1545 ordine
1455 1525 1461 1544 ε
1479 1514 1689 1544 introducitur
1698 1514 1783 1544 enim

1014 1569 1065 1598 hic
1094 1577 1215 1598 munus
1238 1567 1450 1598 multitudinis
1473 1566 1642 1606 opulentae,
1666 1566 1782 1597 oblatio

1014 1621 1121 1652 viduae
1144 1620 1356 1660 pauperculae,
1382 1620 1450 1650 laus
1469 1619 1635 1650 oblationis
1653 1628 1672 1649 a
1687 1619 1784 1650 vidua

1014 1675 1114 1712 sactae,
1131 1676 1161 1704 et
1175 1673 1348 1712 assignatio
1363 1672 1495 1702 rationis
1509 1674 1539 1702 et
1553 1680 1668 1702 causae.

1057 1727 1164 1757 Primo
1178 1735 1268 1765 ergo,
1284 1727 1441 1765 quantum
1453 1725 1492 1755 ad
1508 1733 1626 1755 munus
1641 1724 1786 1754 multitu-

1016 1781 1099 1811 dinis
1118 1779 1286 1820 opulentae,
1307 1778 1381 1808 dicit
1398 1787 1405 1808 ε
1422 1778 1601 1817 Respiciens
1615 1781 1723 1807 autem
1738 1778 1783 1807 υἰ-

1017 1834 1064 1863 (lit
1086 1842 1136 1864 eos
1155 1833 1213 1873 qul
1227 1832 1392 1862 mittebant
1410 1840 1545 1861 munera
1559 1839 1618 1860 sua
1638 1830 1671 1860 in
1685 1839 1783 1869 (sazo-

1015 1886 1202 1927 plzylact'wn
1231 1885 1353 1915 divites.
1375 1883 1454 1914 Nota
1477 1883 1562 1922 quod
1587 1882 1784 1922 gazophyla-

1017 1939 1101 1969 cium
1116 1938 1231 1968 dicitur
1244 1947 1263 1968 a
1273 1937 1363 1976 ρει-,ῖς
1379 1937 1471 1975 (Γάζα)
1489 1959 1498 1973 ,
1513 1935 1545 1965 id
1560 1937 1606 1965 est
1617 1935 1746 1972 divitiis,
1755 1936 1786 1965 et

1016 1991 1149 2031 phylaca
1166 1990 1319 2029 phanath),
1341 1989 1426 2028 quod
1447 1990 1493 2018 est
1512 1988 1599 2018 locus
1621 1987 1782 2017 custodiae.

1018 2044 1092 2075 Inde
1111 2042 1386 2082 gazophylacium,
1409 2041 1497 2071 locus
1513 2040 1569 2071 ubi
1585 2042 1652 2070 erat
1666 2041 1786 2079 reposi-

1016 2097 1134 2128 torium
1154 2095 1307 2135 pecuniae.
1324 2094 1484 2133 Accipitur
1497 2095 1605 2123 autem
1620 2093 1783 2132 gazophy-

1016 2150 1134 2180 lacium
1149 2148 1319 2188 aliquando
1334 2155 1391 2186 pro
1404 2146 1471 2176 loco
1486 2146 1518 2175 in
1532 2154 1596 2184 quo
1610 2145 1783 2184 reponeba-

1018 2205 1082 2240 tur,
1099 2202 1180 2232 sicut
1198 2200 1230 2230 in
1250 2199 1404 2232 Nelzeme'a
1420 2199 1441 2216 ¹²
1457 2206 1468 2228 .·
1485 2209 1499 2226 α
1514 2196 1632 2227 Levitae
1652 2197 1784 2227 offerent

1017 2255 1172 2286 decimam
1188 2255 1309 2293 partem
1328 2251 1458 2282 decimae
1482 2259 1548 2281 suae
1565 2250 1597 2280 in
1617 2250 1711 2280 domo
1730 2250 1783 2280 Dei

1017 2307 1127 2344 nostri,
1139 2306 1178 2337 ad
1189 2304 1452 2345 gazophylacium
1464 2304 1496 2333 in
1506 2303 1600 2334 domo
1611 2303 1779 2333 thesauri.»

1017 2358 1194 2398 Aliquando
1216 2366 1274 2397 pro
1293 2357 1385 2387 domo
1399 2356 1568 2387 levitarum
1590 2358 1621 2386 et
1639 2356 1784 2386 sacerdo·

1017 2414 1087 2442 tum
1102 2410 1123 2430 ¹³
1141 2421 1169 2442 z«
1184 2410 1301 2441 Eduxit
1315 2418 1367 2439 me
1382 2409 1415 2439 in
1429 2409 1547 2439 atrium
1567 2409 1705 2439 exterius
1727 2418 1783 2447 per

1017 2465 1103 2495 viam
1117 2465 1285 2495 ducentem
1296 2463 1335 2493 ad
1350 2462 1550 2502 Aquilonem,
1562 2464 1592 2491 et
1606 2460 1784 2491 introduxit

1017 2527 1068 2548 me
1083 2517 1117 2549 in
1132 2516 1395 2556 gazophylacium
1408 2514 1492 2554 quod
1505 2516 1571 2544 erat
1579 2515 1687 2544 contra
1697 2522 1783 2553 sepa—

1018 2616 1118 2639 13.—³
1137 2614 1225 2643 aceli„
1246 2620 1269 2644 1,
1291 2614 1329 2637 37.
1345 2625 1375 2630 —
1390 2614 1408 2629 1⁰
1424 2611 1525 2641 Mutet„
1545 2616 1625 2641 xxm,
1644 2612 1781 2641 13,14,¹5,

1017 2654 1056 2681 23,
1067 2652 1105 2680 25,
1117 2651 1156 2678 Ξῖ,
1166 2651 1205 2673 29.
1219 2662 1249 2667 -
1264 2649 1376 2679 ¹¹Apoc.,
1387 2654 1440 2677 xix,
1456 2647 1606 2672 20-21.—¹²
1619 2648 1638 2672 tl
1654 2647 1742 2677 Esdn,
1755 2653 1780 2678 x,

1017 2688 1056 2711 38.
1071 2699 1101 2704 —
1112 2686 1130 2703 ¹³
1143 2684 1240 2715 Ezech„
1255 2686 1357 2716 x1.11‚¹,
1374 2685 1410 2708 13.

1832 1856 1902 1874 Gazo-

1812 1885 1889 1910 phyla-

1821 1916 1880 1934 cium

1799 1947 1851 1971 quot
1858 1951 1903 1965 mo-

1810 1975 1844 1995 dis
1857 1981 1894 1995 su-

1810 2008 1890 2026 matur.
