1987 3032
232 216 290 246 588

232 289 293 317 quo
308 283 452 317 praecepto
467 283 534 308 sunt
546 281 645 308 omnia
659 282 818 315 praecepta,
834 281 865 307 ut
882 279 921 307 ait
935 280 1000 307 Gre-

233 329 332 364 gorius
347 330 355 346 ¹
372 338 378 356 :
405 339 418 355 «
432 330 593 364 Praecepta,
615 328 722 363 inquit,
745 327 894 354 dominica
909 327 1001 355 multa

233 377 299 402 sunt
324 383 377 410 per
400 375 598 402 diversitatem
621 374 728 409 operiS,
748 376 775 400 et
797 381 888 400 unum
907 373 937 400 in
956 381 1001 400 ra-

234 419 299 447 dice
323 419 497 447 dilectionis.
514 429 527 444 »
554 420 584 445 Et
607 418 648 446 ibi
667 418 741 445 bene
766 420 792 445 et
813 418 939 445 multum
963 418 999 445 de

233 465 300 492 hoc.
316 465 396 492 Unde
420 465 595 499 Augustinus
610 465 642 491 ²:
671 474 683 489 ι(
709 466 797 491 Breve
821 466 1000 499 praeceptum

234 511 285 539 tibi
299 511 480 547 praecipitur:
495 510 594 545 Dilige,
607 512 633 537 et
652 510 734 546 quod
753 511 796 537 vis
809 510 864 538 fac.
881 511 946 538 Sive
963 513 1001 538 ta-

235 566 316 592 ceaS,
345 557 500 585 dilectione
529 559 641 591 taceas;
672 557 732 583 sive
761 557 885 588 clames,
913 557 1001 584 dilcc-

235 604 312 630 tione
334 603 461 636 clames3
484 602 544 629 sive
566 602 716 636 emendeS,
734 602 891 630 dilectione
904 611 1001 630 emcn-

235 650 302 684 des;
326 649 386 676 sive
408 657 525 684 pareas,
552 648 707 675 dilectione
732 656 844 684 parcas.
871 660 883 673 n
910 651 941 676 Et
961 649 1001 676 sic

234 696 270 723 de
297 695 372 729 aliiS,
395 703 460 730 quae
484 695 525 722 ibi
543 697 702 722 enumerat.
721 705 735 719 «
754 695 848 723 Radix
870 696 904 723 sit
925 696 1002 723 intus

235 741 398 769 dilectionis
413 751 419 768 :
434 749 494 769 non
508 744 603 776 potest
615 741 652 768 de
665 741 719 769 ista
732 742 830 769 radice
846 742 924 769 exire
947 743 1001 770 nisi

233 789 347 816 bonum
361 796 471 815 semen.
488 798 501 813 >1
520 789 582 815 llaec
596 787 654 815 ille.
672 789 702 815 Et
722 788 762 815 ibi
784 788 859 815 bene
879 788 915 815 de
935 789 1001 816 hoc.

233 837 304 862 Vere
319 843 390 870 ergo
405 834 571 870 adimplens
584 835 641 862 hoc
655 837 836 869 praeceptum
859 835 894 862 de
915 835 1004 862 dilec—

233 881 322 915 tione,
341 881 463 915 «legem
478 880 620 916 implevit.
636 891 649 907 »
666 883 697 908 Et
707 881 819 908 ibidem
833 882 842 897 ³
859 890 865 908 ι
887 891 900 907 ι(
914 881 1004 909 Pleni-

235 927 308 954 tudo
322 927 395 962 legis
410 928 452 954 est
466 926 593 954 dilectio.
611 937 624 953 >³
641 927 767 960 Qualiter
782 930 880 955 autem
898 928 1004 955 facien-

235 973 309 1000 dum
332 976 374 1000 est
392 973 449 1000 hoc
466 976 661 1009 praeceptum,
686 974 796 1001 dictum
815 976 857 1001 est
871 974 900 1001 in
913 975 1004 1009 priori

235 1019 406 1047 Collatione.
433 1021 465 1047 Et
486 1020 526 1046 sic
555 1020 721 1055 adimplens
746 1022 924 1056 praeccptum
952 1020 1006 1047 erit

235 1067 347 1094 amicus
369 1067 428 1094 Dei.
443 1066 453 1082 ⁶
475 1076 489 1091 «
505 1067 661 1094 Annuntiat
682 1067 719 1094 de
738 1075 773 1094 eo
793 1067 888 1095 amico
908 1075 1001 1094 suo.»

235 1114 277 1141 lbi
289 1113 444 1148 Gregorius
454 1113 706 1149 ffexponcnsistud
714 1113 763 1147 ait,
777 1113 859 1149 quod
873 1113 1006 1140 «amicus

237 1160 364 1187 veritatis
389 1162 430 1187 est
449 1161 532 1187 rectae
552 1162 666 1187 amator
685 1160 816 1187 actionis.
833 1171 845 1185 η
870 1160 925 1187 Sed
945 1168 1006 1187 non

236 1208 278 1233 est
289 1208 367 1233 recta
382 1205 457 1233 actio
475 1206 523 1241 (a),
537 1206 591 1232 nisi
606 1206 704 1232 exiens
717 1206 753 1233 de
767 1206 866 1233 radice
881 1207 1005 1233 charita-

236 1252 280 1285 tis,
296 1254 322 1279 et
338 1252 494 1279 informata
509 1252 658 1286 charitate,
675 1254 702 1279 et
715 1252 778 1288 ipsa
792 1253 895 1279 eadem
910 1252 1006 1280 finali-

234 1300 278 1326 ter
290 1297 448 1326 ordinata.⁶
464 1309 475 1323 α
485 1298 513 1326 si
527 1298 696 1326 charitatem
709 1306 768 1325 non
780 1299 923 1332 habuero,
933 1299 1006 1326 nihil

235 1353 310 1372 sum.
325 1355 339 1370 »
360 1346 392 1371 Et
406 1344 493 1379 hujus
509 1344 727 1379 adimpletionis
742 1345 950 1372 mandatorum
965 1348 1007 1372 est

234 1391 354 1425 fructus,
371 1391 486 1426 assequi
502 1390 660 1418 amicitiam
685 1391 743 1417 Dei.
769 1391 848 1418 Unde
870 1391 932 1418 ait:
955 1392 1006 1418 Vos

235 1439 318 1464 amici
332 1439 394 1471 mei,
416 1439 483 1471 etc„
498 1439 522 1464 si
539 1439 669 1471 feceritis.
689 1439 721 1464 Ut
741 1437 818 1464 enim
838 1438 877 1465 ait
897 1439 1006 1472 Grego-

235 1484 295 1511 rius
317 1483 327 1499 ⁷
348 1493 354 1511 :
380 1494 392 1509 «
410 1484 523 1517 Quanta
544 1486 585 1511 est
609 1484 736 1518 dignitas
762 1484 917 1511 hominum
944 1493 1005 1512 esse

236 1530 346 1557 amicos
371 1530 438 1557 Dei!
453 1530 532 1558 Servi
554 1530 636 1564 digni
656 1538 715 1557 non
735 1538 850 1564 sumuS,
871 1532 898 1557 et
919 1531 1005 1557 amici

237 1583 387 1603 vocamur.
404 1585 418 1601 »
438 1577 470 1602 Ut
489 1575 567 1602 enim
589 1576 629 1602 ait
646 1575 755 1602 Tullius
769 1576 778 1591 ⁸
794 1585 800 1603 :
821 1585 835 1601 a
850 1576 1005 1603 Maximum

236 1624 277 1649 est
291 1622 321 1648 in
337 1621 474 1654 amicitia,
490 1621 528 1657 (b)
544 1629 645 1656 parem
661 1629 722 1648 esse
734 1621 878 1649 inferiori:
889 1633 900 1646 n
912 1622 1005 1649 multo

236 1669 330 1704 magis
349 1677 498 1696 summum
518 1671 558 1696 cst
583 1670 673 1695 Deum
697 1668 950 1700 condescendere,
976 1672 1007 1696 ut

236 1716 271 1742 sit
291 1716 403 1743 amicus
424 1715 574 1742 hominis:
597 1725 609 1739 «
631 1714 762 1742 Amicitia
783 1715 862 1742 enim
876 1716 886 1731 ⁹
900 1718 941 1742 est
961 1724 1006 1742 re-

236 1770 301 1789 rum
311 1762 509 1789 humanarum
524 1763 551 1788 et
566 1761 733 1788 divinarum
750 1769 817 1788 cum
831 1761 1007 1789 benevolen—

237 1808 276 1835 tia
292 1809 320 1835 et
335 1807 471 1835 charitate
487 1807 656 1840 consensio,
672 1817 684 1832 »
702 1807 742 1834 ait
755 1807 876 1834 ibidem.
899 1809 932 1834 Et
953 1810 1006 1835 Au-

237 1855 370 1889 gustinus
384 1854 472 1881 idem.
492 1855 589 1881 «Deus
605 1854 683 1880 enim
697 1853 831 1880 amicitiae
846 1853 1007 1888 aequiparat

237 1909 266 1928 se
275 1900 381 1934 amico,
391 1910 404 1926 »ι
419 1900 458 1928 ait
473 1899 645 1927 Bernardus.
661 1899 745 1926 Fiunt
760 1902 857 1926 autem
871 1900 1006 1927 homines

237 1947 323 1974 amici
339 1946 400 1980 Dei,
415 1948 442 1973 et
455 1946 620 1973 efficiuntur
632 1946 662 1980 (c)
678 1945 891 1973 immaculabili
904 1946 1007 1973 sancti-

237 1993 372 2020 monia.¹⁰
389 2003 402 2018 <a
417 1992 470 2026 Qui
486 1992 580 2027 diligit
594 1992 692 2019 cordis
706 1991 898 2026 munditiam,
914 2000 1005 2027 prop-

238 2041 280 2066 ter
294 2039 416 2073 gratiam
430 2038 580 2065 labiorum
595 2038 716 2065 habebit
728 2037 856 2065 amicum
870 2045 981 2072 regem.
992 2048 1003 2063 n

236 2085 306 2112 Item
327 2085 494 2112 efficiuntur
513 2084 598 2111 amici
621 2084 668 2111 Dei
689 2084 879 2111 inenarrabili
894 2084 1007 2119 sapien-

237 2131 277 2159 tia
293 2133 312 2148 ¹¹
326 2131 476 2159 :aAmicos
489 2130 538 2158 Dei
551 2132 578 2157 et
588 2130 745 2166 prophetas
760 2131 917 2164 constituit,
925 2141 938 2156 »
952 2130 1006 2157 sci-

237 2177 305 2205 licet
323 2177 475 2213 sapientia.
496 2179 566 2204 ltem
588 2177 753 2204 efficiuntur
768 2177 853 2204 amici
868 2177 916 2204 Dei
931 2185 1005 2212 prze-

238 2225 390 2259 ceptorum
411 2223 539 2259 perfecta
562 2223 762 2258 observantia,
788 2226 877 2259 prout
902 2223 1007 2250 dicitur

236 2270 295 2303 hic,
308 2273 335 2297 et
349 2272 391 2297 est
404 2270 578 2305 expositum.
594 2271 665 2297 Item
680 2270 845 2297 efficiuntur
859 2270 945 2297 amici
958 2270 1007 2297 Dei

237 2316 461 2343 tribulationum
475 2316 637 2350 longanimi
652 2315 836 2350 sufferentia;
858 2316 894 2343 de
916 2316 1007 2343 Abra-

237 2361 307 2389 ham
321 2362 352 2395 ¹²‚
364 2362 445 2398 quod
463 2371 476 2387 «
490 2370 543 2398 per
561 2362 668 2390 multas
682 2361 885 2389 tribulationes
899 2362 1008 2397 proba-

270 2435 277 2450 ¹
294 2435 378 2463 Greg.,
399 2434 424 2456 in
440 2434 546 2463 Evanq„
560 2433 629 2457 hom.
647 2438 727 2462 xxvii,
744 2440 770 2457 n.
786 2435 809 2456 1.
827 2447 853 2450 -—
869 2434 879 2449 ²
892 2434 965 2464 Aua„
982 2434 1006 2457 in

240 2469 320 2499 Epist.
338 2469 419 2497 Jozm„
436 2470 507 2492 tract.
528 2474 576 2497 vu,
596 2475 621 2492 n.
639 2469 661 2492 8.
678 2481 706 2485 --
724 2469 733 2484 ³
748 2468 825 2498 Rom„
843 2474 906 2499 xni,
923 2470 951 2495 8,
971 2470 1005 2492 10.

242 2517 267 2520 —
282 2504 292 2519 Β
306 2503 359 2530 Job.
379 2509 471 2533 XXXVI,
494 2505 531 2526 31³3.
551 2516 579 2520 —-
596 2504 605 2519 ¹⁵
620 2504 706 2533 Greg.‚
724 2504 824 2532 Mor-al„
843 2503 886 2527 lib.
907 2503 1007 2533 ΧΧΥΙΙ,

240 2546 262 2563 c.
276 2544 331 2569 vin,
346 2539 378 2562 al.
395 2544 436 2569 xv,
450 2546 477 2562 n.
499 2540 536 2561 28.
554 2552 579 2555 ——
597 2539 606 2554 ὓ
622 2540 628 2562 1
646 2539 712 2568 σωκ,
730 2544 787 2568 3111,
806 2542 828 2562 3.
844 2552 874 2556 --
893 2540 902 2555 ⁷
919 2540 1006 2569 Greg„

240 2575 266 2597 in
285 2575 389 2605 Evnnq.,
408 2574 477 2597 hom.
499 2579 582 2603 xxvii,
601 2580 626 2597 n.
648 2575 670 2597 4.
692 2587 717 2590 —
740 2574 748 2587 ⁸
766 2574 829 2603 Cic.,
849 2574 878 2597 (Ie
895 2574 1004 2602 Amant,

240 2616 266 2633 n.
282 2610 318 2632 19.
329 2622 354 2626 —
371 2609 467 2638 ⁹1hid.‚
482 2615 507 2632 n.
521 2611 543 2632 ὓ.
559 2609 625 2626 -10
637 2609 798 2638 Prov.‚xx11,
815 2612 849 2632 tt.
868 2622 893 2626 —
906 2610 922 2625 ¹¹
937 2610 1006 2639 San,

240 2650 291 2674 vu,
306 2647 343 2669 27.
363 2659 393 2663 -
414 2644 432 2661 ¹²
450 2644 547 2673 ludim,
570 2650 628 2674 viii,
656 2646 693 2668 22.
709 2657 738 2662 —-
758 2645 776 2660 ¹³
791 2646 852 2672 lae,
871 2651 903 2674 ιι,
920 2647 957 2668 23.
980 2658 1003 2660 —

739 211 1005 244 COLLA'l'lONES
1026 212 1317 244 PRAEDUCABILES

1054 282 1099 307 tus
1114 279 1162 306 Dei
1177 279 1288 306 amicus
1299 279 1418 307 effectus
1429 283 1479 307 est.
1496 290 1508 305 »ι
1527 282 1559 308 Et
1572 280 1652 308 idem
1668 282 1699 308 ¹³.
1718 283 1749 309 Et
1762 282 1823 310 hoec

1054 326 1180 353 amicitia
1196 328 1237 353 est
1251 325 1474 354 honorificativa
1489 329 1517 353 ct
1529 327 1685 354 exaltative.
1696 327 1824 355 eminen-

1055 374 1096 400 ter
1113 374 1140 399 et
1161 371 1328 407 perenniter
1342 371 1381 399 ¹⁸:
1402 382 1415 397 α
1430 374 1459 400 ln
1481 373 1608 400 amicitia
1625 375 1675 400 tua
1696 373 1823 401 decorati

1054 420 1131 445 sunt.
1144 428 1157 443 »
1170 418 1189 433 ¹⁵
1207 429 1220 442 (ι
1236 418 1348 452 Amice,
1365 418 1490 446 ascende
1504 419 1646 454 superius.
1663 429 1676 444 »
1694 421 1763 447 ltem
1783 422 1826 447 est.

1055 464 1229 492 dclectativa
1244 466 1272 491 et
1284 465 1466 492 consolativa
1479 466 1499 482 ¹⁶
1516 474 1522 492 :
1535 476 1547 490 α
1562 468 1592 493 ln
1607 466 1734 494 amicitia
1749 466 1826 494 illius

1055 510 1209 537 delectatIO
1225 511 1315 537 bona.
1331 522 1343 536 »
1363 512 1430 538 item
1448 511 1510 538 haec
1529 512 1655 540 amicitia
1676 514 1717 539 est
1736 512 1766 539 in
1784 511 1827 540 su-

1055 559 1120 584 turo
1135 556 1346 589 beatificativa,
1361 557 1431 592 quia
1449 557 1569 584 visionis
1588 558 1635 585 Dei
1650 560 1678 586 et
1693 558 1827 586 omnium

1055 604 1204 631 honorum
1226 603 1420 638 impetrativa.
1441 603 1519 630 [nde
1539 604 1579 631 ait
1596 604 1642 631 hic
1660 613 1666 630 :
1692 606 1744 632 Vos
1764 605 1826 632 dixi

1055 652 1164 683 amicos,
1180 651 1244 685 qula
1260 651 1350 676 omnia
1363 652 1425 676 nota
1440 651 1492 682 fect*
1506 651 1595 683 vobis,
1609 649 1639 676 id
1654 651 1711 684 est,
1731 650 1762 678 iu
1782 651 1827 678 su-

1056 699 1121 724 turo
1149 697 1269 729 faciam,
1292 699 1380 732 prout
1402 697 1523 732 exponit
1545 697 1730 732 Augustinus.
1751 699 1827 725 Tunc

1057 743 1136 771 enim
1151 744 1171 760 ¹⁷
1190 753 1204 767 «
1219 743 1386 770 videbimus
1411 751 1478 770 eum
1503 744 1586 770 sicuti
1608 745 1658 770 est.
1675 754 1688 769 ι)
1709 745 1829 778 Magnus

1057 797 1128 824 ergo
1144 789 1253 816 fructus
1268 790 1354 823 hujus
1372 789 1523 822 amicitiae,
1543 792 1570 817 et
1588 789 1724 817 modicus
1743 789 1829 818 labor

1058 836 1097 863 ad
1112 843 1177 862 eam
1192 835 1408 870 impetrandam
1424 835 1443 851 ¹⁸
1461 844 1486 862 z«
1502 836 1618 863 Amicus
1632 835 1745 869 fidelis,
1765 843 1828 863 me-

1059 882 1259 909 dicamentum
1274 881 1349 914 vitae,
1365 892 1378 905 »
1395 881 1491 917 qualis
1506 884 1547 909 est
1561 881 1698 909 Christus.

1208 984 1320 1010 collatio
1340 984 1553 1018 septuoqesima,
1574 990 1622 1015 xv,
1643 984 1687 1010 19,

1097 1067 1168 1100 Quia
1183 1067 1215 1094 dc
1236 1067 1335 1094 mundo
1352 1075 1403 1094 non
1419 1068 1497 1101 estis,
1521 1067 1567 1094 sed
1587 1075 1633 1101 eqo
1652 1068 1719 1101 elegi
1735 1075 1780 1094 uos
1799 1067 1831 1094 de

1059 1114 1166 1145 mundo,
1182 1116 1293 1148 propter
1306 1113 1352 1140 hoc
1366 1113 1423 1140 odit
1437 1121 1480 1139 cos
1494 1113 1619 1140 mundus.
1635 1114 1666 1140 ln
1679 1113 1724 1140 his
1733 1113 1831 1140 verbis

1060 1159 1114 1187 tria
1127 1159 1305 1194 figurantur,
1319 1159 1379 1186 sive
1399 1159 1584 1186 insinuantur
1601 1169 1607 1186 :
1628 1167 1756 1195 quorum
1775 1159 1832 1194 pri-

1061 1214 1143 1233 mum
1154 1208 1196 1232 est
1207 1205 1420 1241 discipulorum
1429 1206 1530 1233 Christi
1543 1206 1670 1240 ingenua
1680 1205 1830 1239 nobilitas,

1060 1253 1102 1279 ibi
1119 1261 1125 1279 ι
1142 1253 1201 1280 Non
1223 1254 1286 1279 estis
1303 1253 1334 1279 de
1352 1253 1468 1284 ῃηιηιῑος
1486 1252 1635 1286 secundo,
1658 1251 1831 1280 eorumdem

1061 1300 1119 1326 Deo
1135 1301 1218 1333 grata
1237 1299 1457 1334 acceptibilitas,
1474 1299 1514 1326 ibi
1532 1308 1537 1325 :
1555 1299 1607 1326 Sed
1620 1307 1666 1333 eqo
1683 1299 1750 1332 eleqi
1763 1307 1831 1330 vos,-

1061 1346 1162 1379 tertio,
1184 1346 1404 1373 mundanorum
1424 1346 1453 1373 in
1477 1345 1650 1373 detestando
1671 1344 1832 1381 discipulos

1061 1392 1162 1420 Christi
1173 1392 1357 1428 perversitas,
1366 1392 1405 1419 ibi
1419 1401 1424 1419 :
1436 1393 1579 1426 Propterea
1589 1392 1648 1418 odit
1657 1399 1701 1419 vos
1708 1391 1830 1419 mundus.

1096 1438 1141 1466 Ait
1162 1446 1232 1473 ergo
1254 1448 1261 1464 :
1286 1439 1345 1466 Non
1371 1439 1434 1465 estis
1460 1438 1492 1465 cte
1515 1438 1636 1465 mundo:
1661 1445 1716 1465 nec
1731 1445 1833 1465 seeun-

1061 1485 1131 1512 dum
1140 1484 1322 1520 spiritualem
1331 1484 1486 1519 originem,
1495 1484 1566 1519 quia
1575 1484 1711 1520 discipuli
1721 1484 1832 1518 Christi,

1061 1534 1087 1558 et
1097 1531 1231 1558 membra
1246 1532 1308 1565 ejus
1324 1531 1537 1558 descenderunt
1552 1530 1588 1558 de
1603 1531 1690 1564 coelo,
1701 1538 1790 1566 supra
1801 1531 1831 1558 ¹⁹.-

1063 1579 1180 1604 «Nemo
1201 1577 1331 1604 ascendit
1353 1577 1383 1603 in
1407 1577 1530 1611 coelum,
1554 1577 1608 1604 nisi
1628 1577 1677 1612 qui
1701 1576 1737 1604 de
1757 1576 1832 1604 coelo

1061 1622 1227 1656 descendit,
1250 1622 1336 1649 Filius
1350 1622 1493 1657 hominis,
1514 1623 1566 1658 qui
1589 1625 1631 1649 est
1650 1622 1680 1650 in
1702 1622 1776 1650 coelo
1793 1632 1800 1649 :
1815 1633 1829 1648 ι)

1061 1669 1187 1696 Christus
1202 1677 1268 1695 cum
1283 1668 1424 1695 membris
1438 1669 1513 1702 suis,
1525 1668 1687 1695 secundum
1700 1669 1832 1702 Augusti-

1061 1723 1144 1748 num,
1157 1714 1237 1742 ibi.²0
1250 1714 1338 1741 «Vidi
1352 1714 1497 1741 civitatem
1511 1717 1640 1741 sanctam
1655 1714 1833 1742 Hierusalem

1062 1761 1098 1788 de
1114 1761 1188 1788 coelo
1201 1760 1436 1794 descendentem,
1448 1770 1461 1786 »
1475 1762 1540 1794 etc„
1556 1760 1587 1787 id
1597 1763 1648 1794 est,
1661 1760 1828 1788 Ecclesiam.

1061 1805 1081 1824 ²¹
1100 1817 1113 1831 «
1123 1807 1234 1834 Primus
1249 1806 1341 1834 homo
1356 1806 1393 1833 de
1407 1808 1495 1840 terra,
1508 1809 1640 1834 terrenus
1658 1816 1664 1834 ι
1685 1806 1832 1834 secundus

1062 1853 1099 1880 de
1114 1853 1206 1887 coelo,
1222 1853 1355 1881 coelestis.
1373 1863 1385 1878 ι)
1404 1854 1474 1880 Item
1490 1852 1626 1888 discipuli
1639 1852 1757 1886 Christi,
1771 1852 1832 1880 sive

1062 1899 1159 1933 electi,
1182 1907 1243 1927 non
1263 1900 1330 1926 sunt
1349 1898 1385 1926 de
1407 1898 1521 1925 mundo
1540 1898 1703 1926 secundum
1721 1898 1831 1925 mansi-

1061 1953 1131 1972 vam
1155 1945 1353 1972 dilectionem.
1372 1946 1403 1972 Ut
1423 1944 1501 1971 enim
1523 1944 1563 1971 ait
1585 1945 1761 1979 Augustinus
1782 1944 1803 1961 ²²
1824 1953 1830 1971 :

1064 2000 1078 2016 a
1092 1991 1226 2018 Amando
1245 1991 1432 2018 habitamus:
1453 1991 1505 2025 qui
1524 1989 1650 2025 diligunt
1668 1989 1831 2024 mundum,

1063 2039 1150 2065 corde
1162 2038 1296 2066 habitant
1310 2039 1340 2065 in
1355 2038 1485 2065 mundo:
1503 2038 1554 2073 qui
1569 2045 1628 2065 non
1640 2037 1689 2072 (d),
1701 2045 1788 2064 carne
1803 2037 1833 2064 in

1062 2084 1186 2118 mundo,
1197 2085 1285 2112 corde
1300 2086 1452 2112 versantur
1464 2084 1493 2111 in
1501 2083 1583 2111 coelo.
1594 2083 1704 2110 »²³«Ubi
1719 2085 1760 2110 est
1775 2083 1833 2110 the-

1062 2140 1165 2159 saurus
1179 2133 1255 2164 tuus,
1270 2131 1311 2158 ibi
1327 2132 1353 2158 ct
1368 2138 1418 2158 cor
1430 2132 1523 2158 tuum.
1536 2129 1580 2156 »2¹⁴
1592 2139 1605 2154 a
1621 2131 1651 2157 ln
1665 2129 1766 2157 arduis
1780 2137 1832 2165 po-

1063 2180 1110 2205 net
1122 2177 1235 2204 nidum.
1251 2187 1264 2203 >›
1283 2177 1323 2204 tbi
1337 2177 1492 2211 Gregorius
1504 2177 1524 2193 ²⁵
1541 2176 1609 2203 satis
1622 2175 1658 2203 de
1673 2175 1740 2209 hoc,
1758 2183 1831 2211 qua-

1063 2224 1127 2251 liter
1146 2225 1187 2251 est
1208 2223 1348 2251 hahitatio
1365 2226 1532 2251 sanctorum
1555 2230 1681 2250 sursum.
1705 2232 1718 2248 (ι
1733 2223 1763 2249 ln
1785 2229 1831 2249 ar-

1063 2270 1140 2304 duis,
1156 2269 1260 2305 inquit,
1276 2269 1359 2304 ponit
1371 2269 1474 2296 nidum
1484 2290 1492 2303 ‚
1507 2268 1577 2304 quia
1592 2268 1622 2295 in
1642 2267 1776 2304 superius
1794 2268 1831 2294 fi-

1064 2356 1081 2370 ¹⁴
1097 2354 1186 2384 Ecclz'„
1206 2359 1299 2381 xuni,
1325 2356 1361 2376 11.
1381 2366 1408 2370 —
1426 2353 1446 2369 ¹⁵
1463 2351 1527 2378 Luc..
1549 2358 1602 2382 xiv,
1623 2354 1660 2375 io.
1674 2364 1705 2369 —
1723 2352 1743 2368 Ν
1762 2353 1830 2382 Sap„

1063 2395 1125 2419 viu,
1146 2391 1184 2412 ts.
1202 2402 1227 2405 —
1246 2388 1265 2405 ¹⁷
1283 2389 1290 2411 1
1307 2388 1389 2418 Jocm„
1410 2394 1451 2415 111,
1467 2390 1490 2412 2.
1509 2401 1538 2404 —
1556 2388 1574 2404 ¹⁸
1591 2386 1676 2416 Ecclt„
1694 2388 1832 2417 v1‚16.—

1064 2426 1083 2442 ¹⁹
1097 2425 1179 2453 Jomi„
1198 2430 1235 2454 111,
1254 2426 1289 2448 13.
1305 2437 1335 2441 -
1350 2425 1370 2440 '²⁰
1385 2424 1467 2454 Apum,
1485 2429 1544 2453 XXI,
1559 2424 1582 2446 2.
1596 2435 1627 2439 ·—
1643 2423 1662 2439 ²¹
1680 2423 1687 2445 l
1704 2422 1772 2450 Cor„
1789 2428 1830 2451 XV,

1064 2462 1101 2484 47.
1115 2473 1144 2476 —
1159 2460 1179 2475 Ὠ
1194 2460 1267 2489 Aug„
1287 2460 1311 2482 in
1326 2460 1406 2487 Joan.¹
1423 2460 1493 2482 tract.
1511 2464 1538 2488 ιι,
1555 2465 1580 2481 n.
1598 2461 1635 2482 Η.
1649 2471 1680 2475 -
1696 2457 1716 2473 ²³
1730 2457 1831 2488 Mami..

1064 2501 1102 2524 vi,
1124 2496 1161 2518 21.
1181 2508 1211 2512 —
1233 2495 1252 2510 '³⁸
1273 2494 1332 2524 lob,
1357 2499 1453 2523 xxxix,
1478 2495 1516 2517 27.
1535 2507 1564 2510 —
1585 2494 1604 2509 ²⁵
1626 2493 1710 2523 Greg„
1731 2492 1830 2519 Mei-al..

1064 2530 1108 2554 lib.
1124 2530 1211 2558 ΧΧΧΙ,
1227 2536 1249 2553 c.
1265 2535 1319 2559 xix,
1334 2528 1366 2553 al.
1383 2535 1463 2559 xum,
1479 2536 1505 2552 u.
1520 2530 1560 2558 95,
1572 2529 1611 2551 96.

1094 2574 1128 2603 (α)
1146 2574 1206 2596 Caet.
1221 2573 1282 2596 edil.
1299 2572 1496 2603 comparatio.—
1512 2571 1546 2601 (b)
1562 2570 1649 2602 sappi.
1663 2570 1830 2601 superiorem.

1063 2621 1093 2625 —
1108 2610 1138 2638 (c)
1154 2608 1213 2631 Coet.
1229 2608 1290 2632 edit.
1303 2607 1420 2631 efficiunt.
1434 2621 1458 2624 —
1475 2606 1508 2636 (d)
1529 2606 1615 2636 Suppl.
1634 2605 1741 2636 diligunt
1759 2611 1831 2629 mun-

1063 2644 1132 2673 dum,
1145 2645 1285 2667 versantur.
