1987 3032
124 1441 196 1463 Quare

99 1471 190 1496 apostoli

112 1506 178 1526 super

92 1531 184 1551 asellum
192 1546 197 1556 ,

92 1564 114 1582 et
127 1562 198 1582 caeteri

107 1593 129 1612 in
148 1592 185 1612 via

107 1628 186 1649 posuc-

93 1655 144 1674 runt
153 1660 199 1673 vcs-

94 1684 192 1704 timeum.

205 245 262 275 120

203 309 353 349 pulorum
380 310 589 340 obedientiam
619 310 652 339 in
681 307 900 348 obsequendo,
923 308 975 339 hie

203 362 339 393 ostendit
352 362 444 393 tertio
466 372 522 402 per
541 362 734 402 populorum
756 361 974 391 honorificen-

204 415 282 445 tiam
303 415 336 445 in
358 415 576 445 collaudando.
600 415 649 445 Ad
672 415 732 445 hoc
747 416 853 444 autem
868 414 973 453 expri-

205 468 369 506 mendum,
385 468 488 507 primo
503 467 679 506 explicatur
695 466 820 498 devotio
841 466 974 497 laudan-

205 521 284 552 tium
296 530 304 559 ;
317 521 454 551 secundo
466 529 552 558 vere,
566 520 717 551 celsitudo
730 520 872 558 laudum,
884 520 928 551 ibi
943 521 951 537 ¹
966 531 973 551 ε

207 574 395 605 Benedictus
422 574 480 613 qui
501 574 587 603 venit
609 582 666 604 rex
692 574 725 603 in
753 573 881 603 nomine
910 574 974 604 Do-

206 628 296 665 mini,
312 629 369 657 etc.
382 636 389 664 3
402 626 493 657 tertio
504 635 580 656 vero
595 626 767 656 confutatio
779 626 973 664 invidorum,

207 681 250 711 ibi
263 681 274 696 ²
293 681 359 711 :Et
380 679 512 719 quidam
537 678 787 717 Plzarisoeorum,
810 681 868 709 etc.
890 679 977 709 Circa

206 733 306 771 igitur
334 732 534 763 devotionem
564 732 763 762 laudantium
794 731 975 771 exprimen-

207 786 281 817 dam
302 786 365 816 duo
386 786 648 823 introducuntur,
676 785 792 815 scilicet
816 785 977 824 expressio

207 838 384 870 devotionis
398 839 432 869 in
447 847 550 878 opere,
568 840 598 868 et
611 838 770 878 expressio
785 838 817 868 in
832 847 977 869 sermone

207 894 238 922 ct
253 900 340 923 voce.

248 944 355 974 Primo
381 944 482 982 igitur
497 946 655 984 quantum
679 945 718 975 ad
742 945 978 984 expressionem

208 997 383 1027 devotionis
397 997 430 1027 in
445 1006 548 1037 opere,
564 997 637 1027 dicit
655 1007 662 1028 t
680 998 788 1028 Ezmte
802 1002 910 1028 autem
925 998 979 1029 illo

208 1050 447 1080 substernebant
472 1051 658 1081 vestimenta
672 1059 731 1080 sua
754 1051 787 1080 in
802 1051 855 1080 υῖα
871 1061 877 1080 :
895 1051 979 1090 quod

209 1103 340 1142 signum
354 1105 421 1134 erat
436 1112 567 1142 magnae
582 1103 769 1134 devotionis.
790 1104 858 1134 Non
873 1108 980 1136 autem

210 1156 359 1196 exprimit
372 1157 427 1196 qui
456 1158 545 1186 erant
560 1156 605 1186 illi
620 1156 675 1195 qui
698 1157 890 1195 sternebant,
906 1159 981 1198 quia

210 1210 270 1239 hoc
283 1209 495 1239 communiter
504 1209 659 1239 faciebant
669 1218 790 1247 omnes,
800 1212 830 1240 et
840 1212 980 1243 maxime

210 1263 323 1292 turbae.
356 1262 445 1292 Unde
471 1262 586 1292 dicitur
610 1264 620 1280 ⁸
645 1273 651 1293 :
680 1273 694 1291 (ι
722 1262 864 1294 Plurima
888 1265 981 1295 turba

210 1316 391 1345 straverunt
402 1315 591 1345 vestimenta
603 1324 660 1345 sua
674 1315 706 1345 in
715 1315 768 1347 via
783 1326 790 1346 ε
807 1316 861 1346 alii
874 1319 981 1348 autem

211 1368 373 1399 caedebant
387 1377 493 1398 ramos
508 1368 546 1398 de
558 1368 738 1406 arboribus,
757 1372 787 1399 et
801 1370 983 1402 sternebant

211 1422 245 1452 in
259 1421 352 1452 via.»
376 1421 412 1452 Et
435 1423 509 1452 nota
532 1422 592 1451 hoc
614 1421 732 1461 quoda
747 1423 897 1462 mysterio
919 1433 983 1454 non

213 1476 313 1512 vacat,
330 1475 414 1514 quod
430 1475 575 1514 discipuli
588 1475 778 1505 vestimenta
794 1485 852 1506 sua
868 1486 980 1516 posue-

212 1529 288 1558 runt
304 1536 399 1567 super
409 1527 554 1565 asellum,
567 1528 619 1558 sed
635 1528 729 1558 turba
745 1529 903 1559 sternebat
916 1539 984 1561 ves-

214 1582 344 1611 timenta
359 1590 417 1611 sua
432 1582 490 1611 sub
505 1581 638 1621 pedibus
653 1582 734 1612 asini
746 1582 785 1612 ad
799 1584 984 1615 conculcan-

214 1634 301 1664 dum.
320 1634 378 1665 Per
399 1634 459 1665 hoc
485 1634 568 1665 enim
590 1634 799 1674 intelligimus
817 1637 903 1675 quod
924 1647 984 1677 po-

214 1687 309 1727 pulus
347 1687 493 1726 gentium
529 1688 762 1718 convertendus
795 1689 984 1721 documenta

213 1740 428 1780 apostolorum
438 1741 571 1771 debebat
584 1741 741 1777 venerari,
755 1743 786 1772 et
800 1743 984 1774 traditiones

213 1793 397 1824 Judaeorum
414 1794 445 1823 et
459 1793 664 1823 caeremonias
687 1794 879 1825 conculcare.
898 1795 984 1827 Unde

213 1847 455 1886 Chrysostomus
474 1847 484 1863 ⁶
501 1855 508 1875 ι
531 1858 545 1875 (ι
567 1846 669 1886 Super
682 1848 867 1886 Junientum
883 1849 985 1888 Apos-

212 1899 267 1930 toli
284 1901 458 1938 posuerunt
475 1899 664 1929 vestimenta
679 1909 753 1937 sua;
770 1900 829 1930 sub
853 1901 985 1940 pedibus

213 1961 289 1983 vero
317 1952 421 1983 caeteri
439 1975 446 1989 ‚
476 1952 550 1991 quia
577 1952 733 1982 mandatis
768 1954 984 1992 apostolorum

214 2006 407 2044 evangelicis
422 2006 670 2036 substernuntur
694 2005 873 2044 Christiani,
896 2007 983 2046 leges

214 2061 320 2089 autem
336 2058 573 2088 consuetudinis
590 2058 785 2089 conculeant.
803 2070 816 2087 ι)
839 2059 924 2090 Unde
939 2061 985 2091 di-

214 2112 295 2142 citur
309 2111 319 2127 ⁵
337 2120 344 2141 :
363 2122 377 2139 a
391 2110 467 2147 Quae
485 2111 563 2141 mihi
586 2112 715 2142 fuerunt
732 2111 831 2149 lucra,
848 2112 983 2143 arbitror

214 2166 249 2194 ut
263 2166 410 2201 stercora,
425 2166 461 2194 ut
484 2163 644 2194 Christum
668 2165 876 2196 lucrifaciam.
892 2176 906 2193 ι)
927 2165 982 2196 Se-

214 2218 355 2248 cundum
371 2217 581 2248 moralitatem
596 2219 715 2254 autem,
730 2227 787 2257 per
801 2219 983 2250 strationem

214 2271 477 2301 vestimentorum
504 2271 538 2301 in
552 2271 605 2301 via
626 2271 837 2309 intelligimus
854 2273 984 2302 concul-

214 2324 370 2354 cationem
386 2332 555 2361 corporum
570 2325 749 2354 nostromm
760 2332 816 2363 per
827 2324 984 2355 abstinen-

214 2377 292 2407 tiam
307 2378 337 2406 et
354 2376 546 2416 patientiam,
562 2377 602 2407 ad
617 2376 753 2407 aliorum
774 2376 856 2407 bona
875 2386 985 2407 exem-

216 2429 277 2469 pla,
291 2437 345 2468 per
356 2438 429 2468 quae
443 2429 625 2467 dirigantur
635 2429 668 2459 in
678 2429 740 2460 via.
754 2429 841 2460 Unde
852 2429 959 2461 Glossa
975 2440 981 2459 ε

220 2494 234 2511 α
248 2482 364 2520 Turba,
388 2484 566 2521 martyrum
585 2483 731 2522 exempla
752 2492 897 2523 sequenS,
914 2493 982 2515 car-

249 2596 256 2612 ¹
274 2595 330 2624 lut„
347 2601 371 2618 v.
387 2594 426 2618 38.
442 2607 472 2611 —
487 2594 498 2609 ἵ
519 2594 577 2623 lnf.,
592 2601 619 2618 v,
642 2596 679 2619 39.
696 2608 726 2613 —
740 2596 750 2612 ³
768 2596 873 2626 Matth„
892 2602 945 2626 xm,
960 2598 983 2620 S.

215 2644 243 2649 -
258 2631 267 2647 ⁵
286 2632 339 2654 lmo
354 2631 442 2653 auctor
455 2630 526 2660 Ope-1¹.
538 2631 640 2660 imperf.
653 2631 677 2654 1¹71
688 2632 788 2660 Mattln,
800 2632 870 2655 hom.
884 2637 984 2662 xxxvii,

216 2666 280 2689 iuter
297 2668 372 2696 Oper.
395 2665 534 2695 ctu-ysost„
554 2665 670 2695 Append.
686 2668 747 2689 tom.
762 2667 804 2691 Vl,
817 2681 848 2685 -
860 2668 868 2681 ⁵
879 2667 983 2697 Philip„

217 2707 255 2731 ιιι,
267 2703 326 2726 8.-
336 2701 603 2732 ⁶1VReq.‚11,13.—
613 2701 620 2715 ⁷
634 2701 718 2731 Cant„
730 2708 766 2732 iv,
780 2704 817 2727 ti.
830 2716 860 2720 —
874 2703 885 2720 ⁸
899 2702 983 2731 Helua,

747 240 960 273 EVANGELII
982 240 1122 272 SANCTI
1147 240 1257 272 LUCAE

1029 316 1104 338 nem
1126 317 1182 348 per
1208 307 1429 339 abstinentiam
1451 308 1587 345 edomat,
1608 309 1644 338 ut
1669 306 1800 338 Domino

1030 361 1090 392 iter
1104 361 1143 392 ad
1160 363 1300 392 mentem
1322 364 1421 402 paret,
1445 364 1475 393 et
1498 360 1703 401 sequentibus
1719 368 1801 399 prze-

1031 415 1102 445 beat
1117 414 1200 445 bona
1214 415 1370 454 exempla.
1387 426 1401 443 n
1421 415 1455 445 ln
1471 417 1562 455 quus
1582 415 1677 445 etiam
1701 413 1746 444 rei
1762 413 1800 443 fi-

1031 475 1148 505 guram
1165 467 1279 498 dicitur
1294 468 1304 483 ⁶
1319 468 1403 506 quod
1418 467 1502 498 Elias
1525 467 1653 507 reliquit
1668 466 1799 506 pallium

1031 528 1126 549 suum
1155 519 1268 551 Eliseo.
1300 520 1338 550 Et
1370 521 1445 560 quia
1472 521 1590 551 bonum
1617 520 1800 559 exemplum

1031 571 1122 610 quasi
1137 572 1220 603 bono
1231 572 1326 603 odore
1341 573 1437 603 trahit
1446 573 1484 603 ad
1500 573 1718 610 imitationem,
1730 573 1800 604 ideo

1032 624 1146 655 dicitur
1160 628 1170 643 ⁷
1197 635 1204 655 :
1226 636 1240 653 «
1262 625 1344 656 Odor
1370 625 1634 656 vestimentorum
1659 629 1798 664 tuorum,

1033 678 1113 708 sicut
1127 678 1204 709 odor
1220 679 1333 709 thuris.
1350 689 1364 706 n
1383 678 1421 709 Et
1437 679 1506 709 haec
1522 679 1555 708 in
1570 679 1622 709 via
1642 681 1738 710 strata
1752 679 1803 710 vi-

1033 730 1156 761 demus.
1180 730 1267 761 Unde
1283 731 1396 762 dicitur
1410 732 1420 748 ³
1437 741 1443 760 :
1462 743 1476 761 ‹-
1495 731 1628 762 Tantam
1650 731 1803 764 habentes

1032 784 1214 823 impositam
1229 783 1349 814 nubem
1367 784 1508 821 testium,
1525 796 1539 812 »
1560 786 1619 815 etc.

1074 836 1230 875 Secundo,
1254 839 1411 876 quantum
1426 838 1466 868 ad
1489 838 1726 878 expressionem
1748 838 1804 869 de-

1034 890 1169 920 votionis
1183 890 1217 920 in
1231 899 1387 929 sermone,
1404 891 1508 921 subdit
1524 892 1564 930 (v.
1582 892 1629 926 37)
1647 901 1654 922 :
1670 892 1716 923 Et
1729 901 1802 922 cum

1033 944 1309 983 appropinquaret
1324 944 1397 982 jam
1421 944 1466 974 ml
1484 944 1665 975 descensum
1688 945 1804 975 montis

1037 996 1170 1034 Oliveti,
1198 999 1327 1036 propter
1353 998 1595 1036 congruentiam
1621 998 1700 1035 loci,
1729 998 1805 1038 quia

1035 1058 1132 1089 prope
1161 1050 1347 1081 Jerusalem.
1372 1050 1459 1081 Unde
1483 1053 1514 1081 et
1537 1051 1574 1081 de
1588 1050 1641 1081 illo
1666 1050 1734 1082 loco
1752 1060 1803 1082 as-

1035 1103 1139 1133 cendit
1153 1103 1163 1119 ⁹
1182 1112 1188 1132 :
1210 1115 1224 1131 «
1239 1103 1367 1134 Reversi
1383 1104 1502 1134 suntin
1523 1104 1771 1144 Hierosolymam
1786 1114 1806 1134 a

1036 1158 1160 1194 monte,
1184 1157 1238 1196 qui
1267 1159 1399 1187 vocatur
1421 1156 1543 1194 Oliveti,
1565 1157 1620 1197 qui
1643 1160 1689 1188 est
1709 1158 1806 1197 juxta

1035 1207 1229 1246 Jerusalem,
1260 1209 1383 1239 sabbati
1410 1209 1530 1240 babens
1553 1211 1623 1241 iter.
1650 1210 1709 1241 Per
1734 1211 1806 1242 des-

1036 1270 1166 1291 censum
1182 1263 1288 1292 autem
1310 1261 1401 1292 illum
1425 1262 1614 1302 intelligitur
1639 1263 1806 1294 descensus

1037 1313 1228 1352 dignationis
1248 1314 1470 1345 misericordiae
1492 1315 1555 1353 Dei,
1579 1318 1706 1355 propter
1722 1317 1807 1357 quod

1037 1367 1150 1397 merito
1178 1377 1197 1397 a
1224 1368 1314 1398 nobis
1342 1368 1434 1398 debet
1463 1369 1602 1407 laudari,
1632 1370 1807 1401 secundum

1038 1420 1114 1451 illud
1131 1422 1152 1439 ¹0
1166 1431 1194 1451 z«
1207 1421 1346 1452 Laudate
1357 1421 1538 1460 Dominum,
1551 1432 1661 1454 omnes
1674 1427 1804 1463 gentes:

1038 1474 1163 1505 laudate
1182 1484 1268 1513 eum,
1285 1484 1395 1506 omnes
1418 1477 1538 1516 populi.
1559 1478 1715 1514 Quoniam
1732 1488 1808 1510 con-

1038 1528 1164 1557 firmata
1174 1529 1221 1557 est
1234 1537 1396 1567 supernos
1407 1529 1619 1560 misericordia
1629 1532 1710 1570 ejus,
1722 1542 1735 1559 r>
1749 1533 1806 1562 etc.

1038 1580 1076 1610 Et
1090 1580 1159 1611 ideo
1174 1581 1280 1612 subdit
1297 1592 1303 1612 ε
1324 1581 1492 1621 &eperunt
1507 1592 1614 1613 omnes
1629 1584 1730 1615 turboe
1744 1584 1810 1615 cles-

1039 1634 1240 1665 cenclentz'ztm
1259 1635 1432 1674 (laudentes
1454 1636 1586 1666 laudm-e
1610 1637 1712 1668 Deum
1736 1645 1810 1667 voce

1038 1696 1169 1727 mayn«.
1192 1697 1248 1727 per
1263 1688 1515 1719 convenientiam
1531 1689 1615 1720 modi
1636 1690 1655 1706 ¹¹
1675 1699 1681 1718 ε
1703 1701 1717 1719 (ι
1731 1689 1808 1720 Date

1039 1740 1163 1770 nomini
1177 1741 1246 1779 ejus
1267 1741 1550 1780 magnificentiam,
1566 1744 1596 1772 et
1615 1743 1810 1773 confitemini

1039 1793 1083 1823 ilii
1102 1793 1135 1823 in
1158 1802 1235 1824 voce
1258 1794 1417 1825 labiorum
1442 1797 1664 1826 vestrorum.»
1692 1796 1730 1826 Et
1753 1797 1774 1815 ¹²
1799 1805 1807 1826 ε

1046 1858 1060 1875 <‹
1084 1846 1168 1876 Bene
1188 1846 1309 1886 psallite
1323 1847 1351 1877 ei
1366 1847 1400 1877 in
1420 1848 1653 1878 vociferatione.
1679 1859 1693 1876 ι)
1720 1848 1810 1879 Ratio

1041 1902 1148 1930 autem
1163 1899 1260 1939 hujus
1273 1900 1374 1930 laudis
1390 1901 1571 1939 magnificae
1592 1901 1653 1932 fuit
1667 1902 1807 1932 conside-

1039 1953 1118 1983 ratio
1133 1953 1328 1983 mirabilium
1345 1953 1471 1984 Christi.
1486 1954 1524 1984 Et
1538 1954 1607 1984 ideo
1623 1954 1708 1985 addit
1726 1965 1732 1985 :
1749 1956 1811 1986 Su-

1037 2016 1095 2047 per
1119 2007 1275 2044 omnlbzffi,
1296 2016 1376 2046 quas
1398 2006 1545 2037 viderant
1569 2007 1606 2046 (a)
1629 2007 1808 2046 virtutibus,

1040 2068 1094 2099 per
1122 2058 1374 2089 convenientiam
1397 2068 1437 2089 ex
1467 2061 1556 2098 parte
1578 2060 1703 2091 motivi.
1730 2059 1810 2090 Nam

1041 2112 1121 2142 visio
1136 2111 1332 2142 mirabilium
1356 2111 1476 2142 inducit
1499 2113 1530 2141 et
1550 2114 1656 2142 movet
1678 2112 1715 2142 ad
1738 2112 1808 2143 lau-

1042 2166 1182 2196 dandum
1198 2165 1217 2182 ¹³
1233 2176 1240 2195 :
1258 2176 1272 2193 α
1288 2165 1416 2195 Cantate
1431 2164 1564 2194 Domino
1578 2164 1735 2195 canticum
1749 2174 1809 2195 no-

1041 2228 1129 2256 vum,
1148 2217 1222 2258 quia
1237 2217 1395 2248 mirabilia
1405 2217 1488 2247 feeit.
1506 2228 1519 2245 n
1536 2216 1620 2247 Inter
1634 2217 1742 2248 omnia
1757 2227 1811 2248 au·

1040 2273 1105 2302 tem
1135 2270 1310 2308 mirabilia,
1335 2279 1409 2310 quae
1432 2270 1522 2307 fecit,
1549 2270 1729 2301 maximum
1751 2270 1811 2301 suit

1040 2323 1200 2354 suscitatio
1215 2322 1331 2353 mortui
1346 2322 1563 2362 quatriduani,
1580 2323 1703 2353 ratione
1718 2324 1810 2362 cujus

1040 2377 1133 2407 turba
1162 2376 1320 2416 praecipue
1349 2375 1471 2406 Christo
1491 2375 1618 2405 obviam
1643 2375 1731 2406 venit
1757 2376 1778 2394 ¹⁸
1800 2385 1808 2406 :

1044 2441 1058 2458 «
1081 2428 1312 2459 Testimonium
1337 2428 1522 2467 perhibebat
1546 2428 1640 2458 turba
1663 2428 1714 2466 (b),
1737 2437 1810 2468 quae

1040 2484 1107 2513 erat
1128 2491 1200 2513 cum
1224 2490 1272 2519 eo,
1297 2481 1423 2521 quando
1447 2480 1600 2511 Lazarum
1624 2480 1748 2512 vocavit
1772 2481 1810 2512 de

1040 2583 1088 2605 x11,
1109 2579 1129 2599 l.
1148 2589 1177 2594 —
1199 2577 1207 2590 ⁹
1229 2576 1294 2605 Act„
1322 2578 1342 2605 1,
1366 2576 1404 2598 12.
1426 2587 1456 2591 —
1480 2574 1500 2590 ¹⁰
1521 2573 1589 2596 Psal.
1613 2579 1682 2602 exn,
1707 2576 1756 2598 1-2.
1779 2588 1810 2593 -

1040 2614 1057 2628 ¹¹
1073 2611 1160 2641 Εεοίιᾏ,
1180 2617 1269 2640 xxmx,
1286 2612 1325 2634 ⁶20.
1343 2623 1374 2628 —
1396 2610 1413 2626 1²
1430 2608 1497 2633 Psal.
1519 2614 1601 2638 xxxxi,
1622 2610 1644 2631 3.
1664 2621 1694 2626 —
1709 2608 1730 2625 ¹³
1743 2610 1808 2633 Psal.

1041 2652 1119 2676 xcvii,
1137 2649 1157 2670 1.
1173 2646 1331 2673 —1‘Joan.,
1348 2645 1446 2674 xu,17.

1072 2701 1105 2730 (a)
1121 2701 1183 2724 Cant.
1198 2700 1257 2724 edit.
1272 2699 1398 2723 videbunt.
1417 2711 1447 2716 -—
1462 2697 1494 2728 (b)
1510 2698 1569 2721 uem
1589 2697 1659 2721 deest
1675 2698 1756 2722 turba.
