1987 3032
209 215 266 243 572

208 280 279 308 tavit
293 280 322 307 in
337 280 437 314 nobis;
453 290 466 305 n
484 279 531 307 vel
550 278 805 312 sacramentaliter,
823 278 897 305 sicut
919 278 974 305 sub

208 328 394 354 sacramento
409 330 416 346 ¹
433 335 441 352 .·
460 335 473 351 α
486 325 644 353 Vobiscum
660 333 725 351 sum
740 332 833 360 usque
849 324 887 352 ad
903 332 974 352 con-

208 373 435 401 summationem
450 372 557 399 saeculi.
572 382 584 396 »
602 371 697 398 Primo
713 371 804 398 modo
820 373 862 398 est
876 370 977 399 nohis-

209 428 293 454 cum,
322 427 358 447 ne
386 419 508 447 omnino
535 418 707 445 deficiamus
734 418 772 445 ab
801 418 976 445 omnimoda

209 466 359 494 existentia
372 467 382 482 ²
399 474 405 492 :
423 475 436 490 «
452 467 514 500 lpse
529 466 572 491 est
587 464 676 491 virtus
690 467 810 499 portans
825 464 926 491 omnia
942 472 973 490 z»

208 514 240 540 Et
266 514 276 530 ³
302 521 308 540 ;
337 522 349 537 «
377 514 437 547 lpse
459 510 538 538 solus
565 512 616 538 est:
646 521 658 535 »
689 510 731 537 lbi
756 510 911 545 Gregorius
936 511 946 527 ⁴
967 519 974 537 ι

212 569 225 585 «
239 560 345 587 Cuncta
360 558 470 593 quippe
485 565 520 585 ex
533 557 625 584 nihilo
638 557 714 583 facta
724 559 800 589 sunt,
813 564 975 592 eorumque

208 605 329 633 essentia
343 611 460 631 rursum
475 603 514 630 ad
529 603 654 630 nihilum
670 603 815 637 tenderet,
840 602 896 629 nisi
912 610 976 629 eam

208 656 309 682 auctor
333 652 466 680 omnium
488 652 639 687 regiminis
658 660 747 679 manu
772 653 881 679 teneret
897 651 944 686 (a).
962 661 974 675 »

208 702 276 728 ltem
291 699 422 727 secundo
437 699 528 726 modo
545 701 586 726 est
608 698 764 725 nobiscum
775 719 783 731 ,
805 706 842 725 ne
859 697 976 724 deficia-

208 755 273 775 mus
287 755 304 774 a
319 746 410 781 gratia
430 748 457 773 et
474 745 583 780 justitia
606 746 615 761 ⁵
642 754 648 772 ε
672 755 686 770 «
709 744 805 772 Gratia
829 744 907 771 enim
930 744 978 771 Dei

207 802 272 822 sum
285 793 327 827 id,
343 792 425 828 quod
440 800 515 819 sum.
529 801 542 816 n
557 783 622 819 Sine
632 799 691 826 qua
705 791 796 818 homo
808 790 881 817 nihil
896 790 958 817 est⁶
971 798 976 816 :

212 849 225 865 «
239 839 266 867 Si
279 838 448 866 charitatem
463 845 524 865 non
536 837 669 864 habuero
679 858 687 870 ,
702 837 775 864 nihil
790 845 866 863 sum.
882 847 895 862 »
913 838 978 863 Ter-

208 885 248 913 tio
259 885 350 913 modo
366 887 409 912 est
418 884 586 917 nobiscum,
598 892 634 911 ne
648 883 820 910 deficiamus
830 882 867 909 ab
881 882 978 917 operis

209 931 356 966 efficacia,
379 933 407 958 et
427 930 646 958 adversantium
668 929 814 956 malorum
836 928 977 962 victoria,

208 977 283 1004 infra
297 979 307 994 ⁷
325 986 331 1004 :
349 987 361 1003 «
377 977 441 1005 Sine
456 984 503 1003 me
518 976 591 1003 nihil
606 975 726 1011 potestis
747 974 852 1002 facere.
868 985 881 1000 »
900 976 931 1002 Et
944 975 954 991 ⁸
970 984 976 1002 :

213 1033 225 1048 «
240 1024 352 1051 Stemus
366 1023 462 1050 simul,
479 1033 492 1047 ν)
510 1024 542 1050 Et
559 1022 691 1057 sequitur
707 1030 713 1048 :
731 1031 744 1046 α
755 1023 826 1048 Ecce
838 1021 978 1048 Dominus

209 1070 364 1098 auxiliator
374 1078 470 1103 meus;
479 1069 545 1105 quis
553 1071 594 1096 est
605 1069 655 1104 qui
662 1067 881 1102 condemnat(b)
890 1068 954 1094 me?
963 1077 976 1092 ι)

209 1118 316 1150 Quarto
336 1116 428 1143 modo
453 1117 494 1143 est
518 1115 691 1147 nobiscum,
707 1122 743 1141 ne
765 1114 938 1141 deficiamus
961 1122 979 1141 a

210 1163 304 1198 gloria
322 1172 328 1189 ε
344 1162 407 1197 ipse
428 1161 506 1189 enim
522 1161 610 1188 Filius
628 1160 676 1187 Dei
697 1160 790 1187 factus
811 1159 865 1186 fuit
887 1160 978 1186 homo

210 1211 220 1227 ⁹
237 1220 250 1235 (ι
265 1209 405 1237 Mediator
421 1209 467 1235 Dei
485 1210 512 1236 et
534 1208 699 1240 hominum,
716 1217 728 1232 »
746 1206 914 1234 immolatus
924 1214 978 1241 pro

209 1263 315 1291 genere
333 1255 481 1287 humano,
507 1255 624 1281 solvens
641 1253 774 1281 debitum
789 1261 842 1288 per
865 1253 977 1288 passio-

209 1310 277 1330 nem
290 1309 384 1334 suam,
404 1303 432 1328 et
451 1301 584 1336 aperiens
598 1300 682 1335 regni
694 1300 815 1334 januam
836 1299 854 1317 ¹⁰
877 1308 883 1326 ε
899 1309 911 1324 t<
926 1298 978 1331 Qui

210 1347 315 1384 eripuit
327 1355 380 1374 nos
391 1347 427 1374 de
442 1348 583 1382 potestate
599 1346 798 1379 tenebrarum,
814 1348 841 1373 et
857 1347 981 1372 transtu-

210 1395 242 1422 lit
256 1394 286 1421 in
308 1401 434 1428 reguum
459 1392 623 1420 dilectionis
647 1392 708 1419 Filii
734 1392 796 1426 sui,
811 1402 825 1417 »
850 1394 902 1418 etc.
927 1391 979 1418 Ubi

211 1443 307 1468 autem
322 1443 363 1468 est
377 1440 503 1468 Christus
517 1439 614 1475 primo
629 1438 731 1473 modo,
748 1446 809 1465 non
826 1440 866 1464 est
882 1437 979 1464 defec-

211 1487 329 1514 tibilitas
343 1485 513 1520 existeniiae5
530 1485 581 1513 ubi
597 1487 695 1512 autem
719 1484 848 1512 secundo
870 1483 978 1518 modo,

210 1541 271 1560 non
286 1535 327 1560 est
339 1540 419 1559 mors
434 1532 543 1567 culpae3
555 1531 606 1558 ubi
616 1533 658 1558 est
669 1531 751 1558 tertio
762 1530 865 1563 modo,
877 1538 980 1565 quam-

212 1580 264 1606 diu
279 1579 398 1613 adjuvat
415 1580 441 1605 et
456 1579 620 1611 conservat,
636 1585 696 1604 non
712 1580 751 1604 est
764 1584 843 1603 mors
858 1578 979 1608 naturae,

211 1626 284 1652 sicut
293 1626 373 1660 patet
382 1624 418 1651 de
430 1624 551 1651 Ezechia
567 1624 596 1657 ¹¹,
612 1624 656 1650 cui
671 1622 877 1658 superaddidit
887 1629 980 1648 annos

211 1671 290 1705 vitae;
306 1670 358 1698 ubi
374 1672 415 1697 est
431 1672 536 1705 quarto
554 1669 656 1703 modo,
674 1672 702 1696 et
716 1677 783 1696 cum
798 1668 906 1704 quibus
921 1669 976 1701 est,

211 1726 271 1746 non
287 1718 339 1745 erit
353 1725 432 1744 mors
446 1724 553 1752 poence.
579 1718 662 1743 Recte
685 1723 756 1749 ergo
780 1715 819 1741 ait
840 1714 949 1741 Martha
973 1723 978 1740 :

211 1765 242 1791 Si
255 1766 350 1797 fuisses
365 1765 423 1797 hic,
441 1763 549 1790 scilicet
571 1762 673 1789 volens
688 1769 804 1789 servare
819 1761 909 1787 vitam
924 1760 981 1786 fra-

211 1811 262 1837 tris
277 1810 333 1837 mei
351 1819 357 1837 z
380 1811 441 1837 Non
459 1811 554 1842 fuisset
569 1811 704 1841 mortuus,
728 1808 798 1842 quia
812 1809 915 1842 potens
931 1814 980 1839 es,

212 1864 301 1892 snpra
318 1856 337 1872 ¹²
353 1865 385 1883 z«
400 1856 477 1883 Sicut
497 1857 580 1882 Pater
601 1854 717 1881 suscitat
735 1856 883 1886 mortuos,
899 1852 940 1879 sie
955 1855 982 1879 et

212 1902 308 1929 Filius.
325 1911 339 1927 ))
357 1903 387 1929 Et
401 1909 453 1937 per
471 1901 527 1928 hoc
542 1900 672 1935 signatur
695 1899 778 1935 quod
793 1899 834 1926 illi
845 1920 853 1933 ,
871 1899 900 1926 in
915 1898 981 1933 qui-

212 1948 269 1975 bus
291 1950 333 1975 est
347 1947 474 1975 Christus
494 1954 546 1982 per
566 1946 710 1981 gratiam,
734 1952 795 1972 non
817 1945 983 1972 moriuntur

213 1996 307 2021 morte
322 1993 415 2028 culpae
433 2002 438 2019 :
456 1993 492 2019 de
507 2000 567 2027 qna
582 1994 675 2019 morte
693 1991 803 2018 dictum
819 1993 860 2018 est
874 1998 981 2025 supra,

214 2040 255 2067 ibi
272 2041 292 2057 ¹³
308 2048 314 2067 ε
336 2040 412 2067 sicut
426 2041 506 2066 Pater
525 2040 637 2065 suscitat
652 2041 777 2064 mortuos.
795 2037 887 2072 Culpa
905 2036 983 2064 enim

214 2088 255 2113 est
275 2093 354 2113 mors
370 2084 559 2119 damnabilis,
575 2084 670 2119 privat
687 2083 765 2111 enim
780 2083 910 2110 animam
926 2084 982 2110 Deo

215 2132 379 2159 vivificante
397 2141 403 2158 z
419 2133 460 2158 est
475 2131 634 2164 tristabilis,
650 2130 721 2166 quia
735 2129 841 2165 spoliat
854 2129 984 2157 animam

215 2187 267 2207 sua
281 2179 542 2214 verajucunditate
559 2187 565 2205 :
583 2180 625 2205 est
639 2185 718 2204 mors
734 2177 883 2204 horribilis
893 2197 902 2210 ,
915 2176 984 2211 quia

215 2225 317 2260 implet
331 2225 461 2252 animam
477 2224 561 2260 quasi
581 2224 753 2251 daemonum
773 2222 959 2250 multitudine
976 2231 981 2249 :

216 2274 243 2299 et
263 2274 304 2299 est
326 2280 405 2299 mors
430 2271 625 2307 opprobriosa
648 2270 708 2297 sive
733 2269 892 2304 ignobilis,
915 2268 984 2303 quia

216 2318 332 2353 subjicit
357 2319 487 2346 animam
511 2317 566 2344 sul)
591 2317 761 2344 daemonum
783 2315 930 2342 servitute.
955 2316 985 2342 Et

215 2363 284 2391 ideo
299 2364 336 2391 de
356 2364 411 2391 hae
426 2366 518 2391 morte
532 2362 697 2391 verificatur
711 2362 830 2398 proprie
850 2360 924 2388 illud
941 2360 960 2376 ²⁶
977 2370 983 2387 ε

247 2435 254 2450 ¹
272 2434 372 2463 Μαίνῃ,
386 2440 478 2464 xxvm,
492 2436 531 2457 20.
546 2447 571 2451 -
588 2433 598 2448 ⁴¹
611 2433 696 2461 Helm,
709 2439 728 2463 1,
743 2435 809 2456 3.-
820 2433 829 2449 ³
839 2432 892 2461 Job,
906 2438 984 2462 xxm,

219 2471 255 2493 13.
268 2482 297 2486 —-
312 2469 320 2482 ⁴
335 2470 451 2500 Gregon,
467 2470 566 2496 Moral„
581 2469 626 2492 lib.
642 2469 711 2497 λῊ,
727 2475 748 2492 c.
765 2474 822 2496 xvi,
838 2468 870 2492 al.
885 2473 985 2498 xxxvii,

216 2511 243 2528 n.
265 2505 304 2528 45.
324 2517 354 2521 —
377 2505 387 2521 ⁵
408 2505 414 2527 Ι
437 2505 506 2532 Corn,
533 2510 574 2534 xv,
600 2506 637 2527 10.
659 2516 689 2520 —
714 2508 722 2516 '⁷
742 2503 815 2533 ibid„
835 2509 897 2533 xm,
915 2505 937 2526 3.
957 2516 986 2520 —

217 2539 225 2552 ⁷
246 2539 327 2567 Joan„
348 2545 392 2570 κν,
413 2540 435 2562 5.
455 2552 484 2556 —
503 2539 513 2555 Β
531 2540 588 2567 Isti„
610 2545 637 2568 L,
657 2540 684 2568 8,
702 2541 764 2562 9.-
783 2539 791 2552 ⁹
812 2538 883 2568 Tim.y
908 2545 942 2568 11,
962 2540 986 2561 5.

216 2587 247 2591 -
269 2575 288 2591 ¹⁰
307 2574 411 2602 Colossi„
432 2580 453 2604 1,
482 2576 548 2597 1:t‚-
567 2576 580 2589 ¹¹
602 2575 632 2597 tV
650 2575 717 2604 Περ.)
734 2580 780 2602 xx,
796 2574 890 2597 6.-12
905 2574 986 2603 joan„

218 2615 242 2639 v,
257 2611 296 2633 21.
311 2622 340 2627 —
354 2610 375 2626 ¹³
390 2609 446 2634 Vid.
460 2616 527 2639 sup.,
543 2608 635 2632 Collat.
653 2614 735 2633 xxvix.
751 2622 779 2626 -
796 2608 815 2625 1*
831 2608 917 2639 Ecca„
933 2614 987 2638 xm,

220 2646 272 2667 l.—
286 2646 301 2659 ¹⁵
315 2644 369 2675 Job,
385 2651 460 2675 xviii,
478 2646 545 2668 131-
563 2645 582 2660 ¹⁶
597 2645 705 2674 Aug.,in
722 2646 805 2671 Jozm,
822 2646 894 2668 tract.
912 2650 986 2673 mx,

712 211 979 242 COLLATlONES
1004 212 1295 243 PRAEmCABlLES

1034 288 1047 304 «
1061 280 1082 307 O
1098 286 1196 313 mors,
1213 287 1303 314 quam
1318 286 1419 307 amara
1434 282 1476 307 est
1490 279 1635 306 memoria
1653 280 1704 306 tna
1718 279 1799 307 omni

1029 325 1137 360 injusto
1154 327 1159 352 ἰ
1178 335 1190 350 ι)
1204 325 1224 342 ¹⁵
1237 336 1250 350 «
1265 326 1415 353 Consumit
1429 325 1550 353 brachia
1571 326 1634 360 ejus
1647 325 1800 360 primoge-

1030 371 1090 399 nita
1111 379 1202 399 mors.
1230 381 1243 396 ι)
1269 373 1301 398 Et
1320 371 1426 398 dicitur
1448 371 1644 407 primogenita
1667 373 1801 407 respectu

1030 417 1132 445 mortis
1144 425 1249 453 poenae.
1262 420 1293 444 Et
1303 417 1340 444 de
1351 417 1407 444 hac
1416 420 1509 445 morte
1520 418 1566 445 hic
1578 417 1753 452 Augustinus
1763 418 1798 444 ¹⁸:

1034 474 1046 489 α
1062 464 1183 492 Multum
1198 467 1350 499 peccatum
1365 472 1445 491 mors
1460 464 1564 491 animae
1579 466 1630 491 est.
1648 474 1661 489 ι)
1678 463 1706 490 Si
1721 471 1802 490 mors

1031 510 1163 544 corporis
1183 512 1226 537 est
1245 509 1378 537 cavenda
1399 512 1427 537 et
1450 509 1596 542 timenda,
1621 512 1648 537 et
1673 516 1728 544 pro
1751 508 1803 536 illa

1031 556 1195 583 differenda
1222 558 1335 583 tantum
1368 555 1452 583 multi
1481 556 1620 583 laborant
1646 555 1782 583 homines
1791 565 1800 590 ;

1031 602 1124 630 multo
1139 602 1234 637 magis
1248 610 1302 638 pro
1318 604 1413 630 morte
1427 602 1521 637 eulpae
1536 601 1686 635 cavenda,
1701 603 1729 628 et
1748 609 1802 637 pro

1032 651 1125 677 morte
1136 657 1229 685 poenae
1239 650 1369 684 vitanda,
1379 651 1466 685 prout
1477 649 1517 676 ibi
1529 649 1569 676 ait
1580 647 1756 683 Augustinus
1774 648 1801 674 ¹⁷.

1032 696 1052 713 ¹⁸
1070 706 1083 721 «
1098 696 1191 724 Nolite
1206 696 1308 724 timere
1325 704 1375 723 eos
1391 696 1443 732 qui
1457 696 1597 723 occidunt
1612 702 1736 730 corpus3
1751 693 1804 720 sed

1032 742 1129 778 potius
1143 750 1211 769 enm
1226 742 1333 776 timete,
1350 742 1400 777 qui
1411 744 1506 778 potest
1518 741 1648 769 animam
1659 742 1685 768 et
1696 747 1804 776 corpus

1031 788 1155 824 perdere
1176 788 1207 815 in
1223 788 1398 823 gehennam.
1416 798 1429 813 n

1141 890 1255 918 Collatia
1269 891 1587 925 quinquaqesimatertia,
1600 897 1639 923 xi,
1651 890 1697 916 29.

1073 977 1188 1008 nomine,
1199 975 1257 1008 jam
1272 976 1356 1008 foetet,
1369 974 1567 1009 quatriduanus
1577 976 1626 1001 est.
1637 973 1804 1001 secundum

1034 1021 1226 1055 Augustinum
1249 1021 1268 1037 ¹⁹
1291 1029 1297 1047 :
1315 1030 1328 1046 «
1350 1023 1425 1048 Mors
1448 1020 1546 1048 Lazari
1566 1020 1686 1055 gerebat
1701 1022 1804 1056 typum

1034 1068 1136 1094 mortis
1153 1066 1266 1102 generis
1287 1067 1409 1094 humani
1424 1087 1432 1100 ,
1455 1067 1501 1093 vel
1522 1066 1678 1101 cujuslibet
1700 1073 1804 1102 pecca-

1035 1114 1104 1141 toris
1128 1114 1272 1141 manentis
1294 1114 1324 1140 in
1343 1115 1474 1149 peccato.
1498 1123 1512 1138 »
1538 1113 1618 1140 Unde
1640 1113 1685 1140 his
1706 1113 1805 1140 verbis

1034 1161 1089 1188 tria
1104 1160 1303 1193 insinuantur,
1321 1168 1447 1195 quorum
1468 1160 1597 1195 primum
1617 1161 1660 1186 est
1679 1159 1740 1186 Filii
1756 1160 1803 1187 Dei

1035 1206 1166 1234 emmens
1181 1205 1356 1239 sublimitas,
1371 1206 1412 1232 ibi
1425 1215 1431 1232 ι
1447 1207 1571 1238 Domine‚·
1587 1205 1751 1232 secundum
1763 1208 1806 1233 est

1035 1253 1117 1288 quod
1132 1252 1276 1287 figuratur
1296 1252 1458 1287 peccatoris
1479 1252 1620 1278 morantis
1634 1251 1664 1278 in
1685 1254 1806 1287 peccato

1034 1298 1150 1334 prolixa
1166 1298 1356 1331 diuturnitas,
1371 1298 1413 1325 ibi
1430 1307 1436 1324 :
1458 1297 1665 1330 Quam-idumeus
1680 1301 1718 1325 est
1727 1306 1736 1329 ;
1751 1299 1807 1325 ter-

1036 1345 1108 1372 tium
1123 1346 1165 1371 est
1180 1344 1313 1379 ejusdem
1337 1344 1456 1379 putrida
1470 1343 1717 1378 corruptibilitas,
1739 1343 1782 1371 ibi
1799 1353 1805 1371 :

1035 1393 1127 1420 Foetet.

1071 1438 1115 1466 Ait
1130 1446 1199 1473 ergo
1217 1447 1223 1465 z
1250 1439 1359 1464 Domine
1375 1446 1383 1463 .-
1399 1436 1429 1463 in
1444 1444 1504 1472 quo
1520 1438 1637 1463 notatur
1659 1436 1741 1472 quod
1757 1444 1806 1464 so-

1036 1484 1092 1511 lius
1103 1484 1164 1511 Filii
1179 1486 1220 1511 est
1235 1483 1283 1510 Dei
1299 1482 1436 1510 suscitare
1449 1484 1582 1509 mortuos
1595 1484 1688 1510 morte
1702 1482 1805 1518 culpae.

1036 1531 1119 1563 Quia,
1134 1532 1166 1557 nt
1180 1530 1219 1556 ait
1234 1529 1411 1563 Augustinus
1425 1528 1446 1544 ²⁰
1464 1537 1490 1554 z«
1503 1528 1604 1555 Melius
1611 1528 1747 1556 suscitata
1755 1530 1806 1562 est,

1036 1576 1145 1603 scilicet
1158 1575 1256 1608 Maria,
1274 1582 1365 1609 qnam
1375 1575 1507 1606 Lazarus,
1519 1574 1589 1609 quia
1599 1573 1651 1601 illa
1666 1574 1703 1601 de
1713 1576 1807 1602 morte

1036 1622 1157 1657 culpae.»
1175 1623 1238 1656 lpse
1254 1620 1333 1647 enim
1347 1621 1367 1636 ²²
1385 1622 1492 1647 «vocat
1506 1627 1550 1653 ea,
1561 1627 1626 1654 quae
1634 1627 1695 1647 non
1704 1622 1779 1648 sunt.
1793 1630 1806 1645 ι»

1036 1669 1068 1694 Et
1090 1667 1126 1694 de
1150 1667 1349 1694 dominatione
1368 1673 1421 1692 sua
1440 1666 1575 1692 habitum
1596 1668 1638 1692 est
1656 1673 1745 1701 supra
1759 1666 1780 1682 ²²
1799 1674 1806 1693 :

1039 1714 1158 1747 Domine,
1179 1713 1215 1739 ad
1236 1721 1311 1747 quem
1325 1713 1444 1738 ibimus?
1463 1713 1585 1739 Lazarus
1607 1719 1680 1739 vero
1695 1711 1807 1747 quatri-

1038 1760 1154 1787 duanus
1166 1759 1263 1794 figura
1277 1758 1440 1794 peccatoris
1453 1757 1584 1793 oppressi
1595 1757 1808 1785 consuetudine

1036 1806 1157 1841 peceati,
1173 1805 1338 1832 secundum
1352 1804 1545 1839 Augustinum
1559 1803 1581 1820 ²³
1592 1803 1643 1831 ubi
1663 1811 1762 1839 supra.
1778 1805 1809 1831 Et

1038 1851 1200 1879 secundum
1214 1851 1334 1878 beatum
1349 1850 1520 1885 Gregorium
1534 1849 1554 1865 ²⁸
1569 1857 1657 1885 snper
1671 1849 1748 1877 istud
1763 1849 1786 1867 ²⁵
1799 1858 1807 1877 z

1040 1900 1092 1924 t'ur
1107 1899 1222 1924 lactatus
1234 1897 1377 1924 uberibus?
1391 1896 1435 1923 Ait
1449 1895 1527 1923 enim
1542 1895 1625 1931 quod
1643 1906 1656 1922 a
1669 1897 1749 1923 Jesus
1763 1903 1809 1923 re-

1038 1945 1175 1980 demptor
1188 1943 1319 1979 puellam
1334 1943 1364 1969 in
1380 1943 1471 1970 domo
1491 1942 1653 1975 suscitavit;
1668 1942 1809 1976 juvenem

1038 1993 1118 2018 extra
1139 1992 1255 2026 portam
1262 1999 1270 2023 3
1288 1991 1428 2016 Lazarum
1442 1989 1472 2015 in
1494 1989 1527 2024 (c)
1549 1987 1724 2023 sepulchro,
1742 1998 1755 2013 1>
1778 1990 1809 2015 ut

1038 2037 1085 2064 hic
1102 2045 1108 2063 :
1124 2037 1204 2071 cujus
1220 2044 1299 2063 mors
1314 2035 1410 2070 signat
1426 2034 1529 2068 illum,
1547 2043 1561 2059 a
1578 2034 1629 2069 qui
1651 2034 1681 2061 in
1702 2042 1809 2069 perpe-

1038 2083 1162 2110 tratione
1177 2082 1324 2118 nequitiae,
1340 2090 1395 2109 usu
1415 2080 1634 2108 consuetudinis
1650 2080 1688 2115 (d)
1705 2088 1808 2115 grava-

1039 2132 1093 2156 tur.
1117 2139 1129 2154 u
1149 2131 1180 2156 Et
1195 2129 1235 2156 ibi
1251 2128 1325 2155 bene
1343 2127 1379 2155 de
1394 2128 1460 2155 hoc.
1476 2129 1509 2154 Et
1531 2127 1612 2154 idem
1632 2126 1809 2161 Augustinus

1039 2175 1095 2202 hic.
1113 2175 1192 2202 Unde
1208 2174 1364 2209 Gregorius
1384 2182 1390 2200 ε
1409 2183 1423 2199 <1
1440 2174 1570 2206 Quatuor
1588 2172 1686 2199 modis
1704 2179 1809 2207 perpe-

1040 2223 1130 2248 tratur
1144 2222 1296 2256 peccatum
1312 2220 1342 2246 in
1358 2219 1446 2246 corde
1456 2240 1465 2252 ‚
1481 2218 1589 2246 scilicet
1604 2218 1808 2253 suggestione,

1041 2267 1250 2300 delectatione,
1273 2273 1418 2294 consensu
1429 2286 1437 2299 ,
1467 2264 1645 2292 defensionis
1674 2264 1808 2292 audacia.

1040 2314 1109 2341 Item
1125 2315 1252 2349 quatuor
1274 2312 1372 2340 modis
1394 2313 1614 2339 consummatur
1635 2310 1665 2338 in
1689 2318 1778 2346 opere
1802 2319 1809 2337 :

1042 2431 1068 2446 n.
1089 2426 1111 2446 3.
1131 2436 1159 2440 -
1183 2423 1198 2436 ¹⁷
1222 2423 1294 2451 thid„
1309 2429 1335 2446 n.
1352 2424 1405 2446 2.-
1426 2422 1446 2437 ¹¹³
1462 2420 1563 2449 Matth„
1586 2426 1600 2444 x
1612 2439 1619 2450 ,
1634 2422 1709 2445 28.—
1724 2420 1741 2436 '⁹
1757 2421 1810 2444 Au-

1043 2458 1243 2489 gust.,insomz.‚
1260 2460 1330 2481 tract.
1344 2462 1419 2486 Xle,
1434 2463 1461 2480 n.
1476 2458 1535 2480 2,-
1553 2456 1572 2470 ²⁰
1589 2456 1680 2479 ibid.—
1697 2456 1715 2470 ²¹
1731 2455 1809 2482 Rom.‚

1043 2500 1092 2522 vu,
1114 2494 1148 2516 Π.
1169 2506 1195 2509 —-
1214 2494 1233 2509 ⁹²
1248 2493 1304 2516 Yid.
1325 2500 1394 2522 sup„
1409 2491 1500 2515 collat.
1520 2496 1597 2515 xxxv.
1613 2490 1680 2521 --Ἀ
1695 2491 1809 2521 August„

1043 2528 1085 2552 ubi
1100 2535 1188 2559 51η).-
1204 2529 1225 2544 ²⁸
1239 2529 1325 2558 Greg.‚
1343 2526 1432 2551 Mor-al.
1449 2526 1494 2550 lib.
1514 2526 1555 2555 tv,
1569 2533 1592 2550 c.
1604 2531 1662 2554 Ην,
1680 2525 1712 2548 al.
1729 2531 1809 2553 xxvii,

1044 2570 1068 2588 n.
1087 2565 1125 2587 ἵν.)-
1142 2576 1170 2580 -
1189 2564 1209 2580 2⁸
1222 2563 1280 2592 Job,
1297 2569 1334 2593 ιιι,
1356 2564 1392 2586 12.

1076 2608 1108 2638 (ιι)
1121 2607 1160 2631 ΑΙ.
1170 2608 1298 2632 retineret.
1307 2621 1336 2625 -
1350 2606 1384 2637 (b)
1403 2606 1475 2636 Vuly.
1485 2606 1646 2629 condemnat.
1664 2618 1694 2622 —
1705 2606 1735 2635 (c)
1749 2605 1809 2630 Coet.

1044 2643 1103 2667 cclii.
1129 2643 1195 2667 deest
1218 2644 1251 2668 in.
1267 2657 1291 2660 —-
1311 2643 1344 2673 (d)
1362 2642 1448 2673 Suppl.
1466 2647 1576 2672 pressus,
