1987 3032
216 225 227 253 ¹i
234 224 272 253 40

213 288 251 319 Et
263 290 270 306 ¹
285 298 292 318 :
312 300 326 318 α
339 288 419 319 Deus
434 297 584 328 magnus,
597 291 626 319 et
641 291 764 329 potens,
778 289 807 318 et
821 287 980 326 terribilis,

213 340 269 380 qui
290 349 457 380 personam
480 350 542 371 non
567 341 697 380 accipit,
720 348 777 370 nec
801 348 977 369 munera.»

213 394 282 425 Sed
288 394 374 424 viam
391 394 450 425 Dee*
461 394 494 424 in
509 394 640 424 veritate
652 393 753 430 (loces,
771 394 925 432 quantum
944 392 983 422 ad

213 447 405 486 exemplum.
430 446 559 486 Propter
588 446 673 485 quod
699 446 766 485 ipse
794 445 915 476 dicebat
936 446 947 462 ²
973 455 980 476 :

214 511 229 529 ιι
247 499 314 538 Ego
329 509 400 530 sum
422 499 485 537 via,
503 502 533 529 et
556 499 685 536 veritas,
708 501 738 529 ot
762 498 837 528 vita.
861 509 876 526 »
895 498 949 529 Vel
973 508 980 529 :

216 553 307 584 Recte
319 553 405 590 dicis,
418 552 521 592 quoad
530 552 695 583 veritatem
707 552 781 582 vitae
793 563 800 589 3
815 560 981 591 personam

213 616 277 638 non
297 607 420 646 accipis,
445 606 549 645 quoad
573 606 739 636 veritatem
760 605 907 645 Justitiae3
929 606 982 636 sed

213 660 299 690 viam
314 659 367 689 Dei
383 659 415 688 in
430 659 562 689 veritate
576 658 679 696 doces,
697 658 801 697 quoad
817 658 982 688 veritatem

213 712 376 742 doctrinae.
401 711 435 741 In
459 720 522 751 quo
549 711 679 741 laudant
704 711 863 740 Christum
889 710 983 740 laude

213 774 300 802 vera,
319 765 372 795 sed
388 765 489 795 fallaci
504 764 612 802 corde;
630 767 660 795 et
674 764 734 795 hoc
749 766 833 804 patet
848 773 888 793 ex
902 764 982 803 ipso-

213 827 286 848 rum
306 820 436 848 versuta
458 818 717 856 interrogatione,
741 826 813 847 cum
838 816 983 846 subditur

216 871 255 909 (v.
272 871 320 910 22)
342 881 349 900 :
370 871 455 901 Licet
470 871 558 901 nobis
579 870 731 900 tributum
751 870 828 900 clare
853 870 981 907 Coesm‘z',

214 924 357 954 annon?
376 924 550 954 secundum
565 924 682 954 divinae
705 924 784 962 legis
807 923 980 953 decretum.

214 977 248 1007 In
276 985 339 1016 quo
368 977 577 1016 quaestionem
606 976 745 1007 dolosam
774 978 980 1016 proponunt,

213 1029 289 1069 quia
309 1030 431 1060 utrovis
453 1029 535 1067 dato,
561 1030 667 1069 ipsum
688 1030 727 1060 ad
756 1029 983 1060 inconveniens

214 1083 366 1113 deducere
381 1083 560 1113 intendunt.
586 1082 665 1113 Nam
687 1085 741 1113 ant
763 1083 878 1112 diceret
899 1082 983 1122 quod

214 1136 268 1172 sic,
283 1138 313 1166 et
328 1136 370 1166 ita
385 1136 547 1167 videretur
573 1136 677 1166 dicere
691 1138 800 1166 contra
816 1135 934 1174 legem,
953 1138 984 1165 et

214 1190 325 1219 contra
343 1189 498 1228 populum
516 1188 719 1227 Judaeorum,
744 1192 775 1219 et
800 1189 982 1229 opinionem

219 1250 441 1279 communem3
457 1244 512 1272 aut
534 1242 650 1272 diecret
665 1243 749 1281 quod
771 1251 847 1279 non,
865 1244 894 1272 ct
909 1244 984 1272 tuno

212 1294 372 1324 traderent
388 1304 462 1324 enm
478 1295 678 1335 principatui,
698 1295 779 1325 sicut
803 1295 917 1325 Caesari
934 1303 984 1324 re-

213 1346 338 1384 bellem,
353 1349 384 1377 et
400 1347 495 1378 totius
509 1348 634 1387 imperii
651 1348 784 1378 hostem.
798 1347 886 1377 Unde
902 1346 985 1377 Glos-

213 1409 247 1430 sa
264 1409 271 1429 ε
292 1412 307 1429 ((
321 1399 483 1437 Pharisaei,
501 1401 608 1440 quide
626 1401 748 1440 justitia
771 1400 830 1430 sibi
852 1400 982 1439 applau-

214 1453 339 1491 debant,
350 1454 403 1493 qui
415 1454 551 1484 decimas
565 1456 595 1484 et
609 1454 770 1493 primitiva
781 1453 841 1483 Deo
854 1453 982 1491 dabant,

214 1506 333 1536 tributa
345 1506 468 1536 homini
483 1507 632 1537 solvenda
645 1506 818 1545 negabant.
834 1517 847 1534 »
862 1505 899 1536 Et
910 1506 984 1535 hinc

214 1561 261 1589 est
284 1559 366 1598 quod
387 1558 508 1589 Christo
529 1559 783 1595 blandiebantur,
806 1561 841 1588 ut
864 1568 903 1589 ex
930 1567 984 1589 ore

214 1612 326 1643 Christi
352 1615 576 1653 extorquerent
599 1613 659 1643 hoe
677 1613 924 1649 documentum,
949 1615 985 1643 ut

214 1666 257 1696 sic
273 1668 399 1706 possent
413 1666 515 1697 dicere
535 1666 613 1697 illud
628 1667 637 1682 ³
656 1676 661 1695 :
681 1678 695 1694 «
713 1666 745 1696 Si
770 1666 856 1696 hunc
873 1666 984 1696 dimit-

214 1720 265 1757 tis,
290 1729 354 1750 non
369 1729 402 1750 es
427 1720 548 1750 amicus
572 1720 701 1750 Caesaris
725 1730 731 1748 :
755 1720 864 1751 Omnis
886 1720 982 1758 enim,

214 1773 269 1812 qui
285 1782 317 1803 se
331 1782 442 1812 regem
458 1773 539 1811 facit,
557 1773 741 1804 contradicit
756 1772 880 1803 Caesari.
894 1783 908 1800 »

253 1828 301 1856 23.
316 1825 526 1858 Considerans
536 1830 642 1856 autem
654 1826 764 1857 dolum
775 1826 914 1864 illorum,
923 1828 981 1856 ete.

216 1879 387 1919 Postquam
414 1880 577 1919 descripsit
604 1879 756 1910 versutiae
785 1879 985 1910 adinventio-

213 1942 286 1963 nem
300 1933 453 1971 fallacem,
470 1933 521 1963 hic
543 1933 679 1963 secundo
703 1933 850 1963 describit
874 1934 983 1963 contu-

214 1987 363 2017 tationem
379 1996 522 2017 veracem
536 1997 543 2024 ;
559 1987 639 2016 circa
656 1995 752 2025 quam
768 1987 827 2016 tria
844 1987 983 2016 introdu-

213 2043 339 2079 cuntur,
352 2040 467 2071 scilicet
478 2041 702 2080 circumspecta
718 2040 923 2070 consideratio
938 2049 985 2070 sa-

213 2094 339 2133 pientiae
358 2093 586 2133 respondentis,
604 2103 702 2123 verax
724 2093 886 2124 dissolutio
910 2102 983 2132 pro-

212 2147 322 2187 positae
350 2147 534 2186 quaestionis
549 2171 558 2185 ,
590 2149 620 2177 et
653 2147 783 2177 evidens
812 2147 983 2177 confutatio

213 2200 337 2230 astutiae
352 2199 536 2239 versipellis.

254 2252 359 2283 Primo
374 2262 466 2292 ergo,
483 2254 640 2293 quantum
661 2253 700 2283 ad
724 2253 983 2292 circumspectam

214 2306 496 2336 considerationem
516 2306 677 2345 sapientiae
693 2305 921 2345 respondentis,
935 2307 983 2336 di-

214 2359 255 2389 cit
276 2369 283 2390 :
308 2360 519 2391 Considerans
541 2364 647 2390 autem
664 2359 773 2390 dolum
793 2359 932 2397 illorum,
950 2360 981 2390 in

214 2412 332 2442 animo.
350 2412 437 2443 Unde
463 2413 677 2452 Hieronymus
697 2423 703 2442 ι
725 2425 739 2441 (ι
760 2412 865 2443 Prima
882 2413 983 2443 virtus

214 2465 430 2505 respondentis
446 2468 492 2496 est
507 2466 774 2505 interrogantium
789 2468 910 2496 mentes
932 2475 981 2496 re-

215 2527 416 2558 cognoscere.
437 2529 450 2546 »
468 2518 501 2548 ln
516 2519 566 2549 his
583 2520 740 2550 mentibus
750 2520 816 2560 ipsa
831 2520 982 2559 sapientia

215 2572 342 2603 videbat
352 2571 472 2602 dolum.
485 2571 572 2602 Unde
588 2572 701 2602 dicitur
712 2575 722 2591 ⁶
738 2584 744 2603 ε
763 2572 980 2612 «Sapientiam

245 2654 252 2669 ¹
267 2653 349 2683 Deut.‚
365 2660 390 2683 x,
408 2654 444 2677 17.
456 2666 488 2670 —
501 2653 602 2682 2.Ιοιιη.,
618 2658 672 2683 xiv,
687 2655 708 2677 6.
723 2667 748 2670 —-
760 2653 860 2684 ³Joan.‚
874 2655 980 2684 xix‚12.

213 2702 244 2707 —
257 2689 268 2706 δ
285 2689 355 2720 Sap.,
368 2694 413 2718 vit,
424 2689 462 2713 30.
480 2701 511 2706 ——-
524 2688 534 2705 ⁵
549 2688 636 2718 Eccli„
652 2695 707 2719 xw,
723 2690 761 2720 20,
780 2690 817 2713 21.
833 2702 862 2706 —
876 2689 884 2703 ὑ
895 2688 978 2719 Ηεὺικ,

757 220 969 251 EVANGELII
992 220 1130 252 SANCTI
1152 221 1264 252 LUCAE

1038 297 1102 319 non
1117 288 1215 319 vincit
1238 288 1368 319 malitia.
1386 298 1401 315 n
1426 287 1463 318 Et
1479 290 1489 306 ⁸
1508 297 1514 316 π
1535 298 1550 315 α
1565 286 1663 317 Omne
1681 295 1736 318 oer
1754 287 1805 318 ἰη-

1039 341 1191 380 telligitur
1212 342 1251 372 ab
1270 341 1335 379 illo,
1353 343 1383 371 et
1400 341 1469 372 vias
1490 340 1575 371 illius
1596 341 1668 380 quis
1690 340 1804 370 intelli-

1039 394 1108 433 git‘?
1124 405 1138 422 »
1157 394 1238 431 Quia
1253 395 1263 411 ⁶
1282 406 1296 422 «
1311 395 1405 425 vivus
1427 396 1473 425 est
1489 402 1593 424 sermo
1611 393 1676 430 Dei,
1692 395 1723 424 et
1739 393 1807 423 effi-

1038 456 1106 477 cax.
1125 458 1138 475 >³
1167 447 1317 487 Sequitur
1336 458 1342 476 :
1371 458 1385 475 α
1407 447 1444 477 Et
1467 447 1618 478 discretor
1642 446 1807 485 cogitatio-

1038 509 1117 529 num
1132 502 1162 529 et
1176 500 1387 529 intentionum
1403 499 1517 530 cordis.
1534 510 1548 527 i)
1576 499 1647 530 ideo
1669 499 1725 529 iste
1739 508 1807 530 ser-

1038 562 1090 582 mo
1107 562 1113 582 :
1131 553 1221 583 Dioeit
1236 552 1281 582 acl
1298 561 1370 584 eos:
1394 553 1482 591 Quid
1499 562 1549 583 me
1574 552 1726 584 tentans?
1750 553 1809 583 sci·

1038 605 1107 635 licet
1119 606 1151 635 in
1162 606 1270 642 verbo,
1285 606 1462 636 secundum
1477 605 1553 636 illud
1567 606 1578 623 ⁷
1593 617 1600 636 :
1614 617 1628 635 a
1644 606 1692 636 Ex
1704 605 1807 636 multa

1038 659 1163 698 loquela
1176 659 1308 689 tentabit
1319 662 1361 696 te,
1374 661 1404 689 et
1419 659 1585 689 subridens
1599 659 1809 698 interrogabit

1038 714 1067 742 te
1082 712 1119 742 de
1134 712 1325 742 absconditis
1346 712 1419 743 tuis.
1436 723 1450 739 »
1478 712 1512 742 in
1534 721 1668 752 persona
1690 712 1809 743 horum

1039 765 1151 795 dicitur
1168 765 1177 782 ¹
1195 776 1201 795 τ
1218 776 1232 793 «
1244 765 1417 795 Tentemus
1431 774 1503 804 quae
1514 767 1649 796 ventura
1664 767 1737 796 sunt
1751 764 1808 803 illi,

1038 821 1066 849 ot
1085 819 1233 855 sciemus,
1250 828 1322 858 quae
1334 821 1428 849 erunt
1443 819 1615 850 novissima
1627 819 1721 849 illius.
1738 830 1752 847 »
1770 818 1808 850 Et

1039 872 1113 910 quia
1129 872 1251 902 cautela
1274 872 1453 903 tentationis
1477 872 1651 902 revincitur
1671 881 1727 912 per
1742 881 1809 902 ma-

1039 925 1268 956 nifestationem
1282 925 1435 961 veritatis,
1450 925 1518 955 ideo
1530 925 1674 955 subditur
1685 925 1726 963 (v.
1738 925 1785 964 24)
1801 935 1809 956 ι

1041 978 1200 1009 Ostendite
1217 978 1298 1009 milii
1311 978 1424 1009 denari
1427 987 1479 1008 um
1494 987 1504 1008 .·
1519 977 1609 1017 cujus
1622 977 1715 1008 habet
1727 976 1810 1009 z‘mass

1038 1032 1144 1071 qinom
1176 1036 1204 1062 et
1229 1032 1527 1072 superscriptionem
1538 1030 1554 1061 ,⁹
1580 1030 1812 1071 Respondentes

1039 1085 1192 1115 (ltrerwzt
1207 1086 1237 1115 εἰ
1248 1095 1258 1116 .·
1274 1085 1419 1122 Coesczris,
1430 1084 1546 1114 scilicet
1562 1084 1593 1113 in
1604 1084 1752 1115 exteriori
1767 1084 1812 1114 si-

1039 1147 1114 1177 gno.
1130 1138 1194 1168 1100
1210 1138 1360 1168 Dominus
1374 1146 1436 1167 non
1453 1136 1568 1176 quaerit
1584 1137 1659 1176 quia
1677 1137 1810 1175 dubitet,

1039 1191 1091 1220 sed
1105 1193 1139 1221 nt
1155 1200 1194 1221 ex
1213 1200 1325 1221 eorum
1348 1190 1553 1230 responsione
1576 1190 1661 1229 ipsos
1682 1190 1811 1220 convin-

1039 1246 1099 1274 cat.
1110 1243 1164 1274 Vel
1179 1244 1248 1274 ideo
1260 1244 1375 1283 quaerit
1389 1244 1562 1282 imaginem
1578 1245 1607 1273 et
1617 1243 1811 1283 superscrip-

1039 1297 1157 1327 tionem
1171 1296 1302 1333 denarii,
1319 1298 1354 1326 ut
1377 1305 1417 1326 ex
1432 1297 1499 1335 ipsa
1515 1296 1627 1332 forma,
1644 1297 1674 1325 et
1688 1296 1809 1334 figura,

1039 1351 1070 1379 et
1085 1349 1235 1388 qualitate
1250 1349 1305 1386 rei,
1322 1349 1465 1379 ostendat
1482 1357 1612 1378 manare
1627 1348 1740 1379 debere
1761 1349 1811 1388 ju-

1039 1402 1157 1432 dicium
1172 1402 1342 1442 aequitatis.
1359 1401 1413 1432 Vel
1437 1401 1506 1432 ideo
1530 1401 1590 1432 hoc
1613 1401 1758 1441 requirit,
1775 1402 1812 1432 ut

1040 1456 1182 1485 ostendat
1201 1455 1285 1495 quod
1310 1455 1529 1495 unusquisque
1550 1454 1740 1494 judicandus
1764 1456 1810 1484 est

1039 1507 1212 1538 secundum
1234 1508 1550 1547 superscriptionem,
1575 1516 1671 1547 quam
1696 1516 1808 1546 super—

1039 1561 1188 1600 scriptam
1212 1561 1307 1591 habet
1334 1561 1468 1599 imagini
1493 1560 1606 1590 mentis
1627 1569 1704 1591 suae.
1730 1559 1809 1591 Nam

1039 1622 1095 1653 per
1110 1613 1275 1644 denarium
1294 1613 1482 1652 intelligitur
1498 1613 1607 1651 homo,
1623 1613 1698 1652 quia
1713 1613 1810 1644 dena-

1038 1667 1106 1697 rius
1121 1669 1166 1697 est
1182 1666 1219 1696 de
1235 1667 1367 1697 materia
1383 1666 1532 1703 terrestri,
1550 1665 1665 1696 scilicet
1679 1666 1718 1697 de
1744 1675 1808 1697 me-

1039 1720 1124 1758 tallo,
1140 1722 1171 1750 et
1184 1720 1280 1750 homo
1302 1719 1339 1750 de
1363 1719 1438 1749 limo
1455 1719 1464 1734 ⁹
1483 1728 1489 1747 z
1509 1730 1523 1747 «
1544 1718 1707 1749 Formavit
1728 1718 1810 1749 Deus

1039 1774 1202 1804 hominem
1217 1773 1255 1804 de
1272 1773 1348 1803 limo
1373 1775 1477 1803 terrae.
1496 1783 1510 1800 »
1530 1772 1567 1802 Et
1582 1772 1647 1811 ipse
1667 1773 1809 1804 decimus

1039 1830 1083 1857 est
1099 1829 1168 1866 post
1183 1827 1394 1857 novenarium
1409 1826 1610 1865 angelorum,
1624 1828 1654 1856 et
1668 1835 1724 1866 per
1739 1826 1810 1857 dra-

1040 1880 1166 1910 chmam
1175 1880 1329 1910 decimam
1338 1879 1522 1918 designatus
1535 1881 1580 1908 est
1592 1879 1612 1895 ²⁰
1625 1890 1653 1909 2«
1665 1879 1727 1909 Aut
1736 1888 1808 1919 quae

1040 1933 1154 1963 mulier
1168 1933 1299 1969 habens,
1314 1943 1328 1959 »
1344 1935 1401 1962 etc.
1416 1931 1474 1962 Per
1494 1932 1670 1970 imaginem
1689 1931 1810 1962 denarii

1038 1986 1228 2024 intelligitur
1255 1984 1393 2015 Trinitas
1423 1993 1648 2023 personarum,
1680 1985 1718 2015 de
1746 1994 1810 2025 qua

1039 2040 1152 2069 dicitur
1168 2039 1187 2055 ¹¹
1206 2048 1236 2067 z«
1252 2038 1333 2068 Deus
1347 2037 1467 2067 creavit
1481 2037 1518 2067 de
1534 2039 1619 2067 terra
1633 2037 1807 2075 hominem,

1039 2094 1067 2122 ct
1084 2091 1256 2122 secundum
1276 2091 1450 2129 imaginem
1473 2099 1564 2120 suam
1584 2090 1655 2120 fecit
1672 2090 1774 2120 illum.
1790 2101 1805 2118 »

1040 2145 1077 2175 Et
1106 2146 1126 2164 ¹²
1157 2155 1163 2174 :
1196 2155 1210 2172 «
1229 2144 1395 2174 Faciamus
1426 2143 1590 2173 hominem
1618 2143 1657 2173 ad
1692 2143 1808 2181 imagi—

1038 2208 1123 2236 nem,
1140 2210 1153 2226 »
1179 2200 1236 2228 etc.
1258 2196 1316 2227 Per
1339 2196 1636 2236 superscriptionem
1657 2195 1810 2235 intelligi-

1038 2254 1091 2282 tur
1105 2251 1240 2291 qualitas
1255 2259 1394 2287 morum,
1410 2251 1440 2279 et
1456 2249 1524 2279 haec
1539 2251 1585 2279 est
1601 2249 1729 2288 duplex,
1746 2259 1812 2280 una

1039 2305 1157 2342 divina,
1174 2304 1235 2334 alia
1251 2303 1425 2334 mundana.
1443 2302 1555 2333 Divina
1570 2304 1615 2332 est
1631 2311 1688 2342 per
1702 2303 1812 2333 lumen

1039 2358 1151 2397 gratiae
1167 2359 1197 2388 et
1212 2357 1346 2397 ,iustitiae
1363 2357 1384 2375 ¹³
1402 2367 1408 2386 :
1432 2367 1446 2384 (ι
1461 2356 1632 2394 Signatum
1655 2358 1813 2396 estsuper

1038 2421 1095 2442 nos
1112 2412 1221 2442 lumen
1236 2410 1347 2441 vultus
1372 2409 1429 2447 tui,
1448 2409 1593 2439 Domine.
1612 2420 1626 2437 n
1652 2409 1813 2440 Mundana

1039 2468 1156 2502 autem,
1175 2472 1248 2504 quae
1264 2466 1311 2494 est
1331 2463 1471 2500 Caesaris,
1491 2471 1548 2502 per
1562 2462 1735 2502 appetitum
1756 2472 1811 2493 cu-

1038 2519 1176 2559 piditatis
1195 2520 1225 2549 et
1250 2517 1405 2554 avaritiae;
1431 2516 1469 2547 de
1486 2516 1545 2546 hac
1562 2516 1749 2547 Ambrosius
1765 2516 1785 2533 ¹⁸
1803 2527 1810 2547 :

1038 2581 1292 2610 n·,12.—⁷Eccli.,
1310 2581 1466 2609 x111,14.—
1480 2578 1490 2595 ⁸
1504 2579 1705 2609 S‹11J.,11,17.-
1718 2579 1728 2593 ³
1740 2578 1811 2609 Gen„

1038 2624 1066 2647 11,
1080 2618 1102 2640 Ἰ.
1113 2630 1143 2633 -
1155 2617 1173 2632 ¹⁰
1186 2618 1258 2646 Suu,
1270 2622 1312 2643 xv,
1326 2617 1349 2639 8.
1368 2628 1398 2633 —
1418 2613 1537 2642 ¹¹Eccl1'„
1553 2619 1616 2642 svn,
1635 2616 1654 2636 t.
1672 2627 1697 2631 —
1708 2614 1726 2630 ¹²
1739 2614 1827 2641 Getas

1038 2659 1055 2682 1,
1068 2655 1107 2675 Sti.
1125 2665 1154 2668 -
1172 2652 1190 2667 ¹³*
1206 2652 1270 2675 psal.
1290 2657 1324 2681 iv,
1340 2652 1362 2674 7.
1379 2664 1403 2668 —-
1420 2650 1441 2666 ¹⁸
1454 2649 1570 2673 Arnbros.
1591 2651 1616 2672 ἰη
1634 2650 1690 2673 Luc.
1710 2649 1753 2672 lib.
1770 2649 1811 2679 lx,

1038 2695 1064 2712 ΙΙ.
1081 2689 1118 2712 35.
