1987 3032
677 233 881 266 EXPOSITIO
904 233 943 264 IN
966 234 1050 265 CAP.
1073 235 1151 266 XIX.

121 304 236 344 quibus
251 312 346 343 supra
359 302 480 333 dixerat
492 303 501 318 ¹
519 312 526 332 :
544 312 558 330 «
573 301 691 332 Solvite
701 303 731 332 et
743 301 887 332 adducite

120 357 211 387 mihi.
227 368 241 385 n
260 357 305 388 Ec
317 356 475 395 ‚jactantes
497 356 683 385 vestimenta
705 364 764 385 sua
787 363 886 394 supra

118 410 255 450 pullum,
268 409 487 448 imposuerunt
500 409 607 439 Jeswn
618 417 629 438 .·
640 410 677 438 ut
689 408 888 438 ostenderent

119 463 226 493 Jesum
246 470 313 492 esse
337 461 530 500 promissum
553 470 676 499 regem.
702 460 790 491 Unde
811 460 887 491 dici-

119 518 171 545 tur
181 517 192 532 ²
202 524 210 545 ε
222 525 236 543 α
253 514 317 544 lloc
331 516 438 544 autem
453 514 570 543 factum
585 515 642 551 est,
652 516 688 544 ut
702 513 888 553 impleretur

119 567 203 607 quod
218 567 337 597 dictum
353 568 399 597 est
412 575 468 606 per
484 566 690 605 Prophetam,
707 566 861 596 dicentem
878 575 885 595 :

118 619 214 650 Dicite
228 619 302 649 filiae
324 618 397 650 Sion
421 630 427 649 :
451 628 521 649 ecce
544 628 601 649 rex
622 621 697 649 tuus
717 619 804 650 venit
832 618 888 648 tibi

119 675 313 710 mansuetus,
330 672 442 702 sedens
455 681 551 711 super
571 672 698 702 asinum
715 674 745 702 et
763 672 888 711 pullum

118 725 220 756 filium
249 725 436 764 subjugalis.
463 736 477 752 »
511 724 562 755 Sic
590 725 675 755 euim
699 724 834 754 habetur
851 726 884 754 ³:

123 791 137 808 «
166 778 280 809 Exulta
308 778 393 816 satis,
419 778 484 808 filia
508 778 601 815 Sion;
621 777 733 817 Jubila,
756 777 820 807 filia
836 777 888 808 Je-

117 832 266 862 rusalem.
284 832 361 862 Ecce
374 840 432 862 rex
446 834 520 861 tuus
535 831 640 861 veniet
662 830 719 860 tibi
732 831 839 869 justus
857 831 887 860 et

118 885 263 916 Salvator
289 895 295 914 :
320 885 387 924 ipse
410 893 530 924 pauper
553 886 582 914 et
601 883 771 914 ascendens
792 891 888 922 super

118 938 250 975 asinam,
267 940 298 968 et
313 946 408 976 super
419 937 543 976 pullum
558 937 661 967 silium
682 936 789 966 asinae.
806 946 820 964 n
840 935 888 966 Ex

117 992 178 1022 hoc
193 1000 270 1030 ergo
282 990 447 1021 manifesto
462 990 576 1020 indicio
595 990 645 1029 (a),
657 992 687 1020 et
697 989 884 1029 praehabito,

117 1045 328 1083 colligebatur
343 1045 427 1084 quod
455 1043 595 1074 Christus
621 1046 687 1074 erat
712 1052 808 1074 verus
829 1052 886 1073 rex

116 1098 311 1128 Judaeorum.
343 1097 404 1128 Sed
438 1097 498 1127 hoc
532 1098 578 1127 est
607 1096 751 1126 mirabile
767 1120 775 1133 ,
801 1096 886 1135 quod

118 1151 270 1187 Christus,
287 1159 360 1180 cum
374 1152 455 1180 esset
481 1159 576 1180 verus
591 1149 673 1179 Deus
697 1151 727 1179 et
754 1158 812 1179 rex
840 1157 887 1178 re-

117 1213 212 1243 gum,
238 1203 406 1234 ascendere
430 1202 532 1233 voluit
560 1211 654 1241 super
677 1201 795 1232 animal
820 1203 886 1232 tam

118 1257 310 1296 despectum.
328 1256 387 1286 Sed
406 1258 513 1285 tamen
530 1255 591 1285 hoc
605 1254 697 1285 valde
719 1254 887 1285 rationabi-

117 1309 189 1340 liter
205 1309 285 1346 secit,
302 1311 333 1340 et
348 1311 474 1348 propter
494 1307 694 1347 mysterium,
712 1309 742 1337 et
759 1308 886 1346 propter

118 1362 310 1401 exemplum.
344 1361 475 1400 Propter
503 1360 703 1400 mysterium,
728 1359 858 1398 inquam
874 1383 884 1397 ,

117 1416 203 1455 quia,
217 1415 298 1445 sicut
315 1416 434 1444 tactum
454 1415 510 1451 est,
527 1422 584 1452 per
598 1412 722 1452 pullum
738 1412 886 1450 intelligi-

116 1471 169 1498 tur
183 1467 318 1508 populus
344 1466 481 1505 gentilis,
506 1474 561 1505 per
586 1465 706 1495 asinam
724 1464 883 1503 jiidaicus.

116 1521 153 1552 Et
172 1521 241 1551 ideo
255 1520 327 1550 licet
349 1520 428 1550 alter
443 1519 568 1549 deberet
584 1518 642 1547 sibi
666 1517 819 1554 sufficere,
836 1519 884 1547 ta-

116 1584 189 1604 men
204 1583 299 1613 super
313 1575 486 1611 utrumque
507 1571 656 1609 ascendit,
673 1570 813 1610 primum
829 1579 885 1600 su-

115 1636 170 1667 per
184 1627 319 1666 pullum,
336 1628 367 1656 et
384 1625 495 1656 deinde
510 1633 607 1663 super
620 1624 743 1655 asinam
761 1632 768 1653 ι
788 1624 823 1653 ut
837 1632 885 1653 os-

115 1680 255 1711 tenderet
268 1688 300 1710 se
316 1679 419 1718 primo
434 1680 622 1709 vocaturum
636 1677 791 1716 populum
808 1676 885 1706 Gen—

114 1734 206 1771 tium,
232 1732 343 1763 deinde
367 1732 399 1762 in
424 1732 486 1761 sine
512 1730 623 1761 mundi
650 1730 804 1769 populum
827 1729 883 1759 Ju-

114 1786 269 1816 daeorum.
291 1784 377 1814 Unde
405 1786 435 1814 et
458 1784 489 1813 in
514 1783 568 1812 illa
591 1782 787 1812 nobilissima
810 1791 885 1821 pro-

115 1838 218 1878 phetia
235 1838 350 1868 dieitur
365 1837 375 1852 ¹⁷
393 1847 400 1866 z
420 1848 434 1864 «
458 1835 527 1866 Non
542 1836 704 1865 auferetur
724 1836 884 1874 sceptrum

115 1891 152 1921 de
167 1891 258 1926 Juda‚
272 1892 302 1920 et
316 1889 381 1919 dux
392 1889 429 1919 de
445 1889 563 1918 femore
577 1889 603 1927 ej
610 1896 657 1924 US,
669 1887 767 1918 donec
778 1887 884 1918 veniat

116 1944 170 1984 qui
198 1942 368 1973 mittendus
393 1945 449 1979 est,
474 1943 505 1971 et
533 1941 599 1981 ipse
626 1941 685 1971 erit
709 1940 884 1980 expectatio

116 1997 273 2036 gentium.
288 1996 407 2034 Ligaus
422 1995 461 2025 ad
478 1995 606 2025 vincam
631 1994 753 2034 pullum
775 2003 881 2032 suum,

116 2053 146 2081 et
161 2051 199 2081 ad
211 2051 318 2087 vitem,
339 2059 357 2080 0
372 2049 416 2079 fili
430 2049 485 2085 mi,
503 2049 623 2079 asinam
636 2058 738 2078 suam.
752 2048 883 2079 Lavabit

116 2104 148 2134 in
164 2104 239 2134 vino
259 2103 371 2133 stolam
394 2111 497 2139 suam,
519 2104 549 2132 et
572 2102 604 2131 in
633 2101 790 2139 sanguine
809 2110 883 2131 uvae

116 2157 245 2196 pallium
259 2165 365 2186 suum.
375 2167 388 2183 n
403 2155 468 2185 Hoc
483 2155 543 2185 fuit
558 2155 590 2185 in
605 2154 752 2185 torculari
768 2153 881 2184 crucis.

116 2210 270 2248 Quoniam
289 2218 367 2248 ergo
390 2209 475 2239 hunc
492 2208 626 2249 pullum,
645 2207 676 2237 id
700 2209 757 2244 est,
781 2215 882 2246 popu—

115 2264 182 2293 lum
208 2262 353 2293 Gentium
376 2263 519 2294 Christus
539 2262 577 2291 ad
601 2270 633 2291 se
654 2260 725 2291 duci
745 2259 826 2296 fecit,
854 2260 885 2289 et

115 2325 211 2355 super
227 2305 300 2345 eum
316 2315 456 2345 ascendit
478 2323 534 2353 per
555 2313 767 2344 ministerium
790 2320 882 2351 apos-

115 2368 272 2404 tolorum;
292 2368 361 2397 ideo
380 2367 506 2404 dicitnr,
523 2367 606 2405 quod
622 2365 766 2405 discipuli
783 2366 882 2404 Jacta-

116 2425 232 2452 verunt
239 2420 426 2451 vestimenta
442 2429 510 2457 sua,
522 2419 552 2449 id
565 2421 621 2457 est,
631 2418 776 2457 exempla
789 2418 881 2455 hona,

115 2483 170 2513 per
184 2483 256 2514 quae
270 2475 496 2504 converterunt
510 2474 639 2511 gentem
652 2472 749 2502 illam.
763 2471 805 2502 De
817 2470 885 2510 qui-

115 2527 174 2557 bus
198 2527 407 2558 vestimentis·
428 2527 462 2556 in
490 2525 679 2565 Apocalypsi
707 2525 820 2555 dicitur
839 2523 848 2539 ¹⁵
874 2533 881 2552 ε

150 2625 156 2639 ¹
171 2624 241 2654 Sup.‚
252 2630 278 2647 v.
296 2626 334 2653 30,
348 2624 387 2647 vel
403 2623 486 2654 potius
501 2622 603 2650 Mutua,
617 2628 671 2652 xxi,
682 2624 705 2646 2.
718 2635 749 2640 —
759 2622 768 2638 ²
783 2621 884 2651 Maian,

119 2665 174 2687 mi,
189 2660 239 2681 7ἰ-ΞΞ.
254 2671 282 2676 —-
297 2659 306 2675 ³
325 2659 461 2689 Zacl1.,1x,
478 2660 500 2682 9.
521 2672 546 2675 -
564 2659 569 2671 ⁴
587 2659 657 2686 Gen„
674 2659 885 2687 xmx‚¹l(1-tl.—

118 2695 127 2709 ⁵
140 2695 222 2724 Alme„
240 2696 381 2724 xv1,15.-
398 2695 406 2707 ⁰
421 2695 451 2717 ΙΙΙ
468 2694 534 2724 Ith„
546 2699 598 2723 xxx,
618 2695 653 2717 19.
664 2692 820 2721 —⁷J1ulz·c.,
836 2697 884 2721 ΧΗ,

1660 241 1715 269 119

947 300 1089 332 «Beatus
1116 301 1172 341 qui
1204 301 1341 332 custodit
1362 302 1552 333 vestimenta
1579 311 1651 341 sua,
1676 313 1716 334 ne

943 354 1048 384 nudus
1069 354 1221 384 ambulet.
1244 365 1258 382 »
1286 354 1320 384 In
1341 355 1440 394 hujus
1458 355 1597 394 figuram
1619 355 1714 385 etiam

943 407 1057 437 dicitur
1072 408 1081 424 ⁸
1097 407 1182 446 quod
1196 407 1279 438 Elias
1295 407 1380 437 misit
1399 407 1531 446 pallium
1546 416 1642 437 suum
1658 417 1711 438 su-

943 469 998 499 per
1018 460 1168 491 Eliseum.
1192 460 1348 497 Quoniam
1367 470 1447 499 ergo
1469 460 1528 490 ista
1551 461 1714 491 conversio

942 513 1023 542 facta
1038 515 1084 543 est
1110 522 1174 543 non
1201 513 1304 544 solum
1323 522 1379 552 per
1407 514 1574 552 apostolos,
1600 522 1713 544 verum

943 565 1037 595 etiam
1052 574 1107 604 per
1122 566 1324 605 septuaginta
1339 565 1518 605 discipuIOS,
1532 566 1649 605 quibus
1665 566 1715 596 de-

943 620 1061 658 putatae
1082 621 1155 648 sunt
1182 619 1387 658 particulares
1405 619 1543 649 ecclesiae
1568 619 1714 657 gentium

943 680 1185 708 conversarum,
1207 671 1276 701 ideo
1299 671 1331 701 in
1351 671 1448 710 huJus
1472 672 1611 710 figuram
1637 673 1712 702 dici-

943 726 995 754 tur
1019 725 1029 740 ⁷
1058 725 1096 755 de
1117 724 1224 763 J'udice
1251 724 1403 763 quodam,
1429 725 1513 764 quod
1538 725 1574 764 (b)
1602 725 1714 756 habuit

943 777 1156 816 quadraginta
1170 776 1251 820 filios
1265 778 1295 806 et
1314 776 1444 815 triginta
1463 785 1503 807 ex
1518 777 1562 807 eis
1585 780 1715 816 nepotes

943 829 1147 860 ascendentes
1163 838 1260 869 super
1273 830 1476 869 septuaginta
1489 829 1592 869 pullos
1603 831 1710 860 asina-

942 892 1027 914 rum.
1044 883 1082 913 Et
1098 883 1135 913 de
1150 883 1210 913 hoc
1226 882 1331 913 Glossa
1352 892 1359 912 ι
1380 895 1394 911 α
1408 883 1602 914 Vestimenta
1622 885 1725 924 apos-'

941 937 1080 967 tolorum
1110 936 1252 966 doctrina
1278 936 1459 974 virtutum,
1488 937 1540 967 vel
1568 937 1714 968 discretio

941 991 1184 1030 scripturarum,
1209 992 1240 1020 et
1263 990 1368 1028 gratia
1390 990 1571 1030 spiritualis,
1599 991 1713 1030 quibus

941 1043 986 1073 illi
1008 1043 1102 1073 corda
1124 1043 1293 1073 homiuum
1313 1043 1402 1082 prius
1425 1043 1512 1073 nuda
1535 1046 1566 1074 et
1594 1044 1713 1082 frigida

942 1097 1127 1134 contegunt,
1149 1098 1185 1125 ut
1210 1098 1393 1126 mereantur
1413 1096 1530 1127 hahere
1557 1105 1714 1127 sessorem

942 1147 1113 1179 Christum.
1130 1159 1144 1177 ι)
1160 1148 1245 1178 Fecit
1259 1148 1354 1178 etiam
1374 1148 1435 1179 hoc
1453 1151 1582 1189 propter
1602 1160 1712 1180 exem-

942 1201 1043 1240 plum,
1060 1201 1098 1231 ad
1122 1201 1351 1231 conterendum
1375 1202 1579 1241 supercilium
1603 1213 1713 1243 super-

942 1254 1066 1290 borum,
1076 1253 1131 1293 qui
1146 1253 1341 1284 delectantur
1352 1254 1386 1284 in
1400 1255 1605 1286 multitudine
1618 1266 1714 1296 equo-

941 1315 1015 1335 rum
1030 1308 1060 1336 et
1083 1315 1239 1336 curruum
1253 1306 1263 1322 ⁸
1281 1317 1288 1337 ε
1311 1318 1324 1335 α
1340 1307 1378 1337 Hi
1396 1307 1429 1337 in
1452 1308 1611 1346 curribus,
1628 1312 1658 1339 et
1680 1310 1714 1339 hi

941 1359 975 1389 in
996 1359 1096 1398 equis.
1119 1369 1134 1387 ι)
1159 1359 1197 1389 Et
1211 1359 1221 1375 ⁹
1241 1368 1249 1389 :
1274 1371 1288 1388 «
1309 1359 1364 1390 Vae
1385 1361 1440 1400 qui
1467 1361 1660 1392 descendunt
1682 1363 1715 1393 in

943 1412 1119 1451 AEgyptum
1135 1413 1173 1443 ad
1193 1413 1350 1443 auxilium
1374 1414 1407 1444 in
1429 1415 1518 1453 equis
1541 1418 1713 1454 sperantes,

942 1467 972 1495 et
987 1465 1139 1495 habentes
1154 1465 1304 1496 fiduciam
1326 1476 1422 1506 super
1441 1468 1616 1507 quadrigis,
1640 1470 1716 1508 quia

942 1519 1051 1549 multa}
1067 1521 1152 1556 sunt,
1174 1530 1187 1547 ))
1214 1522 1270 1550 etc.
1297 1519 1386 1556 Quod
1405 1522 1551 1561 exemplo
1573 1522 1715 1553 Christus

941 1581 999 1602 suo
1009 1573 1223 1602 condemnans
1234 1582 1298 1603 non
1311 1573 1546 1605 multitudinem
1557 1584 1715 1615 equorum

941 1625 1065 1662 habuit,
1083 1625 1147 1655 imo
1163 1634 1220 1655 nec
1248 1635 1353 1656 unum
1383 1636 1523 1666 equum3
1546 1629 1599 1659 sed
1619 1638 1715 1669 super

941 1678 1210 1717 contemptibilem
1224 1679 1352 1718 pullum
1370 1681 1510 1711 ascendit
1522 1681 1555 1711 in
1570 1682 1619 1712 die
1635 1691 1714 1721 prae-

941 1731 1025 1770 cipui
1046 1731 1176 1761 honoris
1203 1732 1264 1762 sui.
1291 1732 1377 1763 Unde
1404 1732 1645 1773 Chrysostomus
1666 1736 1712 1767 10;

945 1796 960 1812 «
974 1783 1026 1814 Vis
1039 1793 1230 1823 cognoscere
1243 1786 1521 1817 mansuetudinem
1536 1788 1712 1819 venientis?

941 1837 1110 1867 Considera
1124 1837 1261 1876 speciem
1277 1838 1434 1869 adventus
1449 1841 1530 1879 eJus.
1542 1840 1612 1871 Non
1628 1842 1714 1873 sedet

940 1889 973 1918 in
995 1898 1092 1919 curru
1115 1898 1224 1927 aureo,
1241 1899 1385 1930 purpura
1406 1891 1534 1930 fulgens
1542 1903 1549 1931 3
1574 1903 1639 1924 non
1663 1903 1712 1925 as-

940 1943 1044 1974 cendit
1071 1952 1166 1983 super
1194 1944 1353 1975 fervidum
1380 1954 1517 1985 equum,
1549 1947 1713 1979 discordiae

940 1998 1132 2033 amatorem;
1151 2006 1215 2027 non
1230 1997 1343 2028 habuit
1358 1999 1391 2028 in
1401 1999 1535 2030 circuitu
1552 2001 1715 2040 splenden-

940 2052 986 2080 tes
1007 2050 1146 2088 gladiOS,
1171 2053 1226 2081 aut
1251 2053 1353 2082 cetera
1376 2056 1564 2084 ornamenta
1587 2055 1712 2085 terribi-

940 2103 1019 2133 lium
1036 2112 1200 2133 armorum
1220 2113 1226 2132 ε
1245 2104 1299 2134 sed
1319 2105 1418 2144 quid?
1433 2105 1548 2137 Ramos
1563 2107 1713 2138 fronden-

940 2157 996 2193 tes,
1014 2156 1193 2186 testimonia
1208 2157 1342 2196 pietatis.
1361 2169 1375 2186 >2
1395 2158 1432 2189 Et
1447 2159 1491 2189 sic
1506 2160 1642 2190 ostendit
1657 2170 1711 2191 ve-

940 2217 1013 2239 rum
1029 2218 1097 2239 esse
1114 2210 1197 2248 quod
1223 2210 1256 2239 in
1269 2210 1399 2241 Psalmo
1419 2211 1534 2242 dicitur
1550 2213 1568 2228 ¹¹
1587 2223 1594 2242 ε
1615 2223 1629 2242 «
1643 2212 1712 2243 Non

940 2261 974 2291 in
988 2262 1171 2293 fortitudine
1187 2263 1259 2302 equi
1280 2263 1475 2295 voluntatem
1498 2265 1637 2303 habebit,
1654 2275 1712 2297 nec

940 2314 973 2344 in
989 2314 1084 2353 tibiis,
1102 2326 1116 2342 n
1134 2317 1192 2346 etc.

984 2369 1032 2398 36.
1072 2369 1178 2399 Emzle
1203 2373 1309 2400 autem
1345 2370 1415 2408 illo,
1447 2372 1504 2401 eto.
1541 2370 1712 2412 Postquam

942 2421 1077 2451 ostendit
1091 2431 1124 2451 se
1139 2423 1324 2461 potestatem
1352 2423 1469 2454 habere
1490 2425 1630 2463 regalem
1656 2435 1712 2465 per

942 2483 1033 2504 suam
1056 2475 1323 2506 excellentiamin
1343 2476 1545 2516 imperando,
1568 2479 1598 2508 et
1619 2478 1711 2509 disci,-

944 2573 980 2595 14.
1001 2584 1031 2588 —
1055 2573 1063 2584 ’⁴
1084 2572 1154 2596 Psal.
1178 2579 1232 2603 xix,
1248 2575 1270 2597 8.
1286 2586 1317 2591 —-
1334 2576 1342 2588 ³⁴
1357 2575 1416 2605 Isca,
1439 2581 1516 2605 xxm,
1534 2577 1554 2600 l.
1577 2589 1608 2593 —
1624 2576 1641 2591 ¹⁰
1657 2577 1709 2600 lmo

943 2608 1030 2630 auctor
1046 2608 1117 2637 Oper.
1140 2610 1239 2639 imperf.
1259 2610 1285 2633 in
1304 2610 1403 2639 Mattlz„
1423 2610 1493 2634 hom.
1520 2616 1622 2641 xxxvn,
1645 2611 1711 2635 inter

950 2643 1025 2672 Oper.
1049 2643 1190 2674 Chrys-ost,
1205 2646 1266 2668 tom.
1285 2645 1326 2669 Vl.
1344 2658 1371 2662 —
1389 2646 1405 2661 ¹¹
1419 2645 1487 2669 Psnl.
1505 2651 1590 2675 cnm,
1604 2647 1640 2670 10.

976 2688 1009 2717 (a)
1025 2688 1085 2711 Coee.
1100 2688 1159 2711 (dil.
1172 2687 1277 2718 judicio.
1290 2702 1322 2707 —-
1336 2689 1368 2720 ([ι)
1385 2690 1444 2714 Caet.
1459 2690 1518 2713 erlis.
1535 2690 1586 2720 qui.
