<?xml version="1.0" encoding="UTF-8"?>
<!DOCTYPE html PUBLIC "-//W3C//DTD XHTML 1.0 Transitional//EN"
    "http://www.w3.org/TR/xhtml1/DTD/xhtml1-transitional.dtd">
<html xmlns="http://www.w3.org/1999/xhtml" xml:lang="en" lang="en">
 <head>
  <title>
</title>
<meta http-equiv="Content-Type" content="text/html;charset=utf-8" />
  <meta name='ocr-system' content='tesseract 3.04.00' />
  <meta name='ocr-capabilities' content='ocr_page ocr_carea ocr_par ocr_line ocrx_word'/>
</head>
<body>
  <div class='ocr_page' id='page_1' title='image "./operaomniasixtiv11bonauoft/operaomniasixtiv11bonauoft_0425.png"; bbox 0 0 1987 3032; ppageno 0'>
   <div class='ocr_carea' id='block_1_1' title="bbox 738 191 1188 225">
    <p class='ocr_par' dir='ltr' id='par_1_1' title="bbox 738 191 1188 225">
     <span class='ocr_line' id='line_1_1' title="bbox 738 191 1188 225; baseline 0.007 -3"><span class='ocrx_word' id='word_1_1' title='bbox 738 191 944 224; x_wconf 82' lang='lat' dir='ltr'><strong>EXPOSITIO</strong></span> <span class='ocrx_word' id='word_1_2' title='bbox 965 192 1006 223; x_wconf 91' lang='lat' dir='ltr'><strong>IN</strong></span> <span class='ocrx_word' id='word_1_3' title='bbox 1027 193 1113 225; x_wconf 80' lang='lat' dir='ltr'><strong>CAP.</strong></span> <span class='ocrx_word' id='word_1_4' title='bbox 1137 194 1188 225; x_wconf 85' lang='lat' dir='ltr'><strong>XI.</strong></span> 
     </span>
    </p>
   </div>
   <div class='ocr_carea' id='block_1_2' title="bbox 161 257 936 1591">
    <p class='ocr_par' dir='ltr' id='par_1_2' title="bbox 162 257 934 481">
     <span class='ocr_line' id='line_1_2' title="bbox 163 257 931 294; baseline -0.007 -5"><span class='ocrx_word' id='word_1_5' title='bbox 163 261 273 290; x_wconf 87' lang='lat' dir='ltr'><strong>Christo</strong></span> <span class='ocrx_word' id='word_1_6' title='bbox 289 260 487 293; x_wconf 80' lang='lat' dir='ltr'><strong>denunciatio,</strong></span> <span class='ocrx_word' id='word_1_7' title='bbox 502 260 530 286; x_wconf 87' lang='lat' dir='ltr'><strong>et</strong></span> <span class='ocrx_word' id='word_1_8' title='bbox 544 258 582 286; x_wconf 92' lang='lat' dir='ltr'><strong>ab</strong></span> <span class='ocrx_word' id='word_1_9' title='bbox 596 258 661 293; x_wconf 89' lang='lat' dir='ltr'><strong>ipso</strong></span> <span class='ocrx_word' id='word_1_10' title='bbox 678 257 838 294; x_wconf 84' lang='lat' dir='ltr'><strong>discipulis,</strong></span> <span class='ocrx_word' id='word_1_11' title='bbox 854 258 894 285; x_wconf 89' lang='lat' dir='ltr'><strong>ibi</strong></span> <span class='ocrx_word' id='word_1_12' title='bbox 905 258 931 284; x_wconf 88' lang='lat'><strong>¹:</strong></span> 
     </span>
     <span class='ocr_line' id='line_1_3' title="bbox 163 304 932 341; baseline -0.005 -6"><span class='ocrx_word' id='word_1_13' title='bbox 163 309 309 341; x_wconf 79' lang='lat' dir='ltr'><strong><em>Miserunt,</em></strong></span> <span class='ocrx_word' id='word_1_14' title='bbox 325 309 389 341; x_wconf 89' lang='lat' dir='ltr'><strong>etc.;</strong></span> <span class='ocrx_word' id='word_1_15' title='bbox 405 305 499 339; x_wconf 88' lang='lat' dir='ltr'><strong>tertio,</strong></span> <span class='ocrx_word' id='word_1_16' title='bbox 515 304 658 332; x_wconf 85' lang='lat' dir='ltr'><strong>adventus</strong></span> <span class='ocrx_word' id='word_1_17' title='bbox 679 304 780 331; x_wconf 76' lang='lat' dir='ltr'><strong>Christi</strong></span> <span class='ocrx_word' id='word_1_18' title='bbox 797 305 932 339; x_wconf 86' lang='lat' dir='ltr'><strong>designa-</strong></span> 
     </span>
     <span class='ocr_line' id='line_1_4' title="bbox 163 352 932 388; baseline -0.005 -7"><span class='ocrx_word' id='word_1_19' title='bbox 163 354 213 388; x_wconf 86' lang='lat' dir='ltr'><strong>tio,</strong></span> <span class='ocrx_word' id='word_1_20' title='bbox 229 353 271 380; x_wconf 87' lang='lat' dir='ltr'><strong>ibi</strong></span> <span class='ocrx_word' id='word_1_21' title='bbox 285 352 295 368; x_wconf 82' lang='lat'><strong>²</strong></span> <span class='ocrx_word' id='word_1_22' title='bbox 310 361 316 380; x_wconf 91' lang='lat'>:</span> <span class='ocrx_word' id='word_1_23' title='bbox 336 354 415 380; x_wconf 77' lang='lat' dir='ltr'><strong>Venit</strong></span> <span class='ocrx_word' id='word_1_24' title='bbox 427 353 520 385; x_wconf 77' lang='lat' dir='ltr'><strong>itaque</strong></span> <span class='ocrx_word' id='word_1_25' title='bbox 533 352 618 383; x_wconf 84' lang='lat' dir='ltr'><strong>Jesus,</strong></span> <span class='ocrx_word' id='word_1_26' title='bbox 634 352 699 385; x_wconf 86' lang='lat' dir='ltr'><strong>etc.;</strong></span> <span class='ocrx_word' id='word_1_27' title='bbox 716 353 831 386; x_wconf 87' lang='lat' dir='ltr'><strong>quarto,</strong></span> <span class='ocrx_word' id='word_1_28' title='bbox 847 358 932 378; x_wconf 79' lang='lat' dir='ltr'><strong>soro-</strong></span> 
     </span>
     <span class='ocr_line' id='line_1_5' title="bbox 162 396 934 432; baseline -0.005 -5"><span class='ocrx_word' id='word_1_29' title='bbox 162 408 228 427; x_wconf 85' lang='lat' dir='ltr'><strong>rum</strong></span> <span class='ocrx_word' id='word_1_30' title='bbox 242 399 338 426; x_wconf 83' lang='lat' dir='ltr'><strong>Lazari</strong></span> <span class='ocrx_word' id='word_1_31' title='bbox 359 397 470 425; x_wconf 84' lang='lat' dir='ltr'><strong>Christo</strong></span> <span class='ocrx_word' id='word_1_32' title='bbox 486 397 627 431; x_wconf 86' lang='lat' dir='ltr'><strong>obviatio,</strong></span> <span class='ocrx_word' id='word_1_33' title='bbox 644 399 670 424; x_wconf 85' lang='lat' dir='ltr'><strong>et</strong></span> <span class='ocrx_word' id='word_1_34' title='bbox 688 396 828 432; x_wconf 90' lang='lat' dir='ltr'><strong>implicita</strong></span> <span class='ocrx_word' id='word_1_35' title='bbox 846 396 934 423; x_wconf 86' lang='lat' dir='ltr'><strong>inter-</strong></span> 
     </span>
     <span class='ocr_line' id='line_1_6' title="bbox 162 444 841 481; baseline -0.006 -8"><span class='ocrx_word' id='word_1_36' title='bbox 162 445 291 481; x_wconf 82' lang='lat' dir='ltr'><strong>pellatio,</strong></span> <span class='ocrx_word' id='word_1_37' title='bbox 306 444 349 472; x_wconf 86' lang='lat' dir='ltr'><strong>ibi</strong></span> <span class='ocrx_word' id='word_1_38' title='bbox 364 445 374 461; x_wconf 79' lang='lat'>³</span> <span class='ocrx_word' id='word_1_39' title='bbox 391 453 397 471; x_wconf 73' lang='grc' dir='ltr'><strong><em>ι</em></strong></span> <span class='ocrx_word' id='word_1_40' title='bbox 414 445 524 471; x_wconf 80' lang='lat' dir='ltr'><strong>Martha</strong></span> <span class='ocrx_word' id='word_1_41' title='bbox 540 452 600 478; x_wconf 75' lang='lat' dir='ltr'><strong>erqo</strong></span> <span class='ocrx_word' id='word_1_42' title='bbox 614 446 644 470; x_wconf 84' lang='lat' dir='ltr'><strong>ut</strong></span> <span class='ocrx_word' id='word_1_43' title='bbox 657 444 774 476; x_wconf 72' lang='lat' dir='ltr'><strong>audivit,</strong></span> <span class='ocrx_word' id='word_1_44' title='bbox 788 444 841 470; x_wconf 88' lang='lat' dir='ltr'><strong>etc.</strong></span> 
     </span>
    </p>

    <p class='ocr_par' dir='ltr' id='par_1_3' title="bbox 161 491 936 1591">
     <span class='ocr_line' id='line_1_7' title="bbox 197 491 930 526; baseline -0.005 -7"><span class='ocrx_word' id='word_1_45' title='bbox 197 492 241 519; x_wconf 87' lang='lat' dir='ltr'><strong>Ait</strong></span> <span class='ocrx_word' id='word_1_46' title='bbox 255 499 324 526; x_wconf 88' lang='lat' dir='ltr'><strong>ergo</strong></span> <span class='ocrx_word' id='word_1_47' title='bbox 345 499 351 517; x_wconf 90' lang='lat'>:</span> <span class='ocrx_word' id='word_1_48' title='bbox 372 492 441 518; x_wconf 82' lang='lat' dir='ltr'><strong>Erat</strong></span> <span class='ocrx_word' id='word_1_49' title='bbox 455 491 567 525; x_wconf 78' lang='lat' dir='ltr'><strong>quidam</strong></span> <span class='ocrx_word' id='word_1_50' title='bbox 583 492 710 524; x_wconf 65' lang='lat' dir='ltr'><strong>languens</strong></span> <span class='ocrx_word' id='word_1_51' title='bbox 730 491 860 520; x_wconf 72' lang='lat' dir='ltr'><strong>Lazarus.</strong></span> <span class='ocrx_word' id='word_1_52' title='bbox 877 491 930 516; x_wconf 86' lang='lat' dir='ltr'><strong>etc.</strong></span> 
     </span>
     <span class='ocr_line' id='line_1_8' title="bbox 162 534 932 565; baseline -0.005 0"><span class='ocrx_word' id='word_1_53' title='bbox 162 537 241 565; x_wconf 87' lang='lat' dir='ltr'>Unde</span> <span class='ocrx_word' id='word_1_54' title='bbox 255 537 429 565; x_wconf 84' lang='lat' dir='ltr'><strong>describitur</strong></span> <span class='ocrx_word' id='word_1_55' title='bbox 442 537 576 564; x_wconf 86' lang='lat' dir='ltr'><strong>infirmus</strong></span> <span class='ocrx_word' id='word_1_56' title='bbox 594 545 630 564; x_wconf 80' lang='lat' dir='ltr'><strong>ex</strong></span> <span class='ocrx_word' id='word_1_57' title='bbox 645 536 832 563; x_wconf 78' lang='lat' dir='ltr'><strong>diuturnitate</strong></span> <span class='ocrx_word' id='word_1_58' title='bbox 846 534 932 562; x_wconf 86' lang='lat' dir='ltr'><strong>infir-</strong></span> 
     </span>
     <span class='ocr_line' id='line_1_9' title="bbox 161 582 933 618; baseline -0.003 -8"><span class='ocrx_word' id='word_1_59' title='bbox 161 584 278 617; x_wconf 87' lang='lat' dir='ltr'><strong>mitatis,</strong></span> <span class='ocrx_word' id='word_1_60' title='bbox 294 583 336 611; x_wconf 87' lang='lat' dir='ltr'><strong>ibi</strong></span> <span class='ocrx_word' id='word_1_61' title='bbox 358 593 364 610; x_wconf 88' lang='lat'>:</span> <span class='ocrx_word' id='word_1_62' title='bbox 386 585 538 618; x_wconf 75' lang='lat' dir='ltr'><strong>Lanquens;</strong></span> <span class='ocrx_word' id='word_1_63' title='bbox 559 585 586 610; x_wconf 91' lang='lat' dir='ltr'><strong>et</strong></span> <span class='ocrx_word' id='word_1_64' title='bbox 609 591 645 610; x_wconf 77' lang='lat' dir='ltr'><strong>ex</strong></span> <span class='ocrx_word' id='word_1_65' title='bbox 665 582 866 617; x_wconf 80' lang='lat' dir='ltr'><strong>designatione</strong></span> <span class='ocrx_word' id='word_1_66' title='bbox 881 589 933 608; x_wconf 92' lang='lat' dir='ltr'><strong>no-</strong></span> 
     </span>
     <span class='ocr_line' id='line_1_10' title="bbox 161 627 930 664; baseline -0.003 -8"><span class='ocrx_word' id='word_1_67' title='bbox 161 629 258 664; x_wconf 84' lang='lat' dir='ltr'><strong>minis,</strong></span> <span class='ocrx_word' id='word_1_68' title='bbox 274 629 315 657; x_wconf 92' lang='lat' dir='ltr'><strong>ibi</strong></span> <span class='ocrx_word' id='word_1_69' title='bbox 333 639 339 657; x_wconf 87' lang='lat'><strong>:</strong></span> <span class='ocrx_word' id='word_1_70' title='bbox 362 630 498 661; x_wconf 75' lang='lat' dir='ltr'><strong>Lazarus:</strong></span> <span class='ocrx_word' id='word_1_71' title='bbox 521 631 549 657; x_wconf 86' lang='lat' dir='ltr'><strong>et</strong></span> <span class='ocrx_word' id='word_1_72' title='bbox 563 637 580 656; x_wconf 90' lang='lat' dir='ltr'><strong>a</strong></span> <span class='ocrx_word' id='word_1_73' title='bbox 598 629 665 657; x_wconf 84' lang='lat' dir='ltr'><strong>loco</strong></span> <span class='ocrx_word' id='word_1_74' title='bbox 680 628 846 662; x_wconf 84' lang='lat' dir='ltr'><strong>nativitatis,</strong></span> <span class='ocrx_word' id='word_1_75' title='bbox 861 627 902 655; x_wconf 91' lang='lat' dir='ltr'><strong>ibi</strong></span> <span class='ocrx_word' id='word_1_76' title='bbox 924 637 930 654; x_wconf 73' lang='grc' dir='ltr'><em>ι</em></span> 
     </span>
     <span class='ocr_line' id='line_1_11' title="bbox 161 674 933 711; baseline -0.003 -9"><span class='ocrx_word' id='word_1_77' title='bbox 161 677 181 702; x_wconf 83' lang='grc' dir='ltr'><strong><em>Α</em></strong></span> <span class='ocrx_word' id='word_1_78' title='bbox 198 676 345 708; x_wconf 62' lang='lat' dir='ltr'><strong>Bethania,-</strong></span> <span class='ocrx_word' id='word_1_79' title='bbox 361 678 388 703; x_wconf 88' lang='lat' dir='ltr'><strong>et</strong></span> <span class='ocrx_word' id='word_1_80' title='bbox 407 683 425 703; x_wconf 89' lang='lat' dir='ltr'><strong>a</strong></span> <span class='ocrx_word' id='word_1_81' title='bbox 443 675 581 711; x_wconf 80' lang='lat' dir='ltr'><strong>qualitate</strong></span> <span class='ocrx_word' id='word_1_82' title='bbox 601 674 794 710; x_wconf 83' lang='lat' dir='ltr'><strong>cognationis,</strong></span> <span class='ocrx_word' id='word_1_83' title='bbox 810 674 851 701; x_wconf 89' lang='lat' dir='ltr'><strong>ibi</strong></span> <span class='ocrx_word' id='word_1_84' title='bbox 872 684 878 699; x_wconf 80' lang='lat' dir='ltr'>z</span> <span class='ocrx_word' id='word_1_85' title='bbox 895 675 933 700; x_wconf 86' lang='lat' dir='ltr'><strong>De</strong></span> 
     </span>
     <span class='ocr_line' id='line_1_12' title="bbox 162 720 932 756; baseline -0.004 -7"><span class='ocrx_word' id='word_1_86' title='bbox 162 724 268 750; x_wconf 75' lang='lat' dir='ltr'><strong>castello</strong></span> <span class='ocrx_word' id='word_1_87' title='bbox 288 723 395 756; x_wconf 82' lang='lat' dir='ltr'><strong>Marioe,</strong></span> <span class='ocrx_word' id='word_1_88' title='bbox 412 724 464 749; x_wconf 89' lang='lat' dir='ltr'><strong>etc.</strong></span> <span class='ocrx_word' id='word_1_89' title='bbox 481 724 512 749; x_wconf 86' lang='lat' dir='ltr'><strong>Et</strong></span> <span class='ocrx_word' id='word_1_90' title='bbox 535 722 591 749; x_wconf 84' lang='lat' dir='ltr'><strong>hoc</strong></span> <span class='ocrx_word' id='word_1_91' title='bbox 612 724 654 748; x_wconf 86' lang='lat' dir='ltr'><strong>est</strong></span> <span class='ocrx_word' id='word_1_92' title='bbox 674 721 756 756; x_wconf 87' lang='lat' dir='ltr'><strong>quod</strong></span> <span class='ocrx_word' id='word_1_93' title='bbox 777 720 816 747; x_wconf 83' lang='lat' dir='ltr'><strong>ait</strong></span> <span class='ocrx_word' id='word_1_94' title='bbox 836 729 842 747; x_wconf 72' lang='grc' dir='ltr'><strong><em>ε</em></strong></span> <span class='ocrx_word' id='word_1_95' title='bbox 865 721 932 746; x_wconf 87' lang='lat' dir='ltr'><strong>Erat</strong></span> 
     </span>
     <span class='ocr_line' id='line_1_13' title="bbox 163 765 933 803; baseline -0.004 -8"><span class='ocrx_word' id='word_1_96' title='bbox 163 769 272 802; x_wconf 76' lang='lat' dir='ltr'><strong>quidam</strong></span> <span class='ocrx_word' id='word_1_97' title='bbox 282 769 418 802; x_wconf 70' lang='lat' dir='ltr'><strong>languens.</strong></span> <span class='ocrx_word' id='word_1_98' title='bbox 432 769 569 803; x_wconf 82' lang='lat' dir='ltr'><strong>Languor</strong></span> <span class='ocrx_word' id='word_1_99' title='bbox 579 769 658 796; x_wconf 78' lang='lat' dir='ltr'><strong>enirn</strong></span> <span class='ocrx_word' id='word_1_100' title='bbox 673 769 715 795; x_wconf 85' lang='lat' dir='ltr'><strong>est</strong></span> <span class='ocrx_word' id='word_1_101' title='bbox 729 766 845 802; x_wconf 81' lang='lat' dir='ltr'><strong>prolixa</strong></span> <span class='ocrx_word' id='word_1_102' title='bbox 854 765 933 793; x_wconf 88' lang='lat' dir='ltr'><strong>infir-</strong></span> 
     </span>
     <span class='ocr_line' id='line_1_14' title="bbox 162 812 932 850; baseline -0.003 -9"><span class='ocrx_word' id='word_1_103' title='bbox 162 814 247 842; x_wconf 87' lang='lat' dir='ltr'><strong>mitas</strong></span> <span class='ocrx_word' id='word_1_104' title='bbox 267 814 278 830; x_wconf 68' lang='lat'>⁶</span> <span class='ocrx_word' id='word_1_105' title='bbox 300 824 306 841; x_wconf 80' lang='lat' dir='ltr'><em>z</em></span> <span class='ocrx_word' id='word_1_106' title='bbox 341 824 353 838; x_wconf 89' lang='lat'>«</span> <span class='ocrx_word' id='word_1_107' title='bbox 374 816 509 850; x_wconf 86' lang='lat' dir='ltr'><strong>Languor</strong></span> <span class='ocrx_word' id='word_1_108' title='bbox 535 815 680 850; x_wconf 79' lang='lat' dir='ltr'><strong>prolixior</strong></span> <span class='ocrx_word' id='word_1_109' title='bbox 707 815 810 849; x_wconf 86' lang='lat' dir='ltr'><strong>gravat</strong></span> <span class='ocrx_word' id='word_1_110' title='bbox 837 812 932 840; x_wconf 85' lang='lat' dir='ltr'><strong>medi-</strong></span> 
     </span>
     <span class='ocr_line' id='line_1_15' title="bbox 163 861 934 898; baseline -0.003 -9"><span class='ocrx_word' id='word_1_111' title='bbox 163 870 253 889; x_wconf 90' lang='lat' dir='ltr'><strong>cum:</strong></span> <span class='ocrx_word' id='word_1_112' title='bbox 275 872 288 887; x_wconf 91' lang='lat'>»</span> <span class='ocrx_word' id='word_1_113' title='bbox 309 863 445 896; x_wconf 79' lang='lat' dir='ltr'><strong>Lazarus,</strong></span> <span class='ocrx_word' id='word_1_114' title='bbox 467 862 519 898; x_wconf 87' lang='lat' dir='ltr'><strong>qui</strong></span> <span class='ocrx_word' id='word_1_115' title='bbox 541 862 747 898; x_wconf 83' lang='lat' dir='ltr'><strong>interpretatur</strong></span> <span class='ocrx_word' id='word_1_116' title='bbox 775 861 892 895; x_wconf 79' lang='lat' dir='ltr'><strong>Adjutus</strong></span> <span class='ocrx_word' id='word_1_117' title='bbox 917 869 934 887; x_wconf 86' lang='lat' dir='ltr'><strong>a</strong></span> 
     </span>
     <span class='ocr_line' id='line_1_16' title="bbox 166 907 933 944; baseline 0 -10"><span class='ocrx_word' id='word_1_118' title='bbox 166 909 296 941; x_wconf 77' lang='lat' dir='ltr'><strong>Domin03</strong></span> <span class='ocrx_word' id='word_1_119' title='bbox 313 908 395 944; x_wconf 85' lang='lat' dir='ltr'><strong>quod</strong></span> <span class='ocrx_word' id='word_1_120' title='bbox 407 909 483 936; x_wconf 88' lang='lat' dir='ltr'><strong>bene</strong></span> <span class='ocrx_word' id='word_1_121' title='bbox 502 909 685 943; x_wconf 84' lang='lat' dir='ltr'><strong>congruebat</strong></span> <span class='ocrx_word' id='word_1_122' title='bbox 702 908 728 936; x_wconf 85' lang='lat' dir='ltr'><strong>ei</strong></span> <span class='ocrx_word' id='word_1_123' title='bbox 749 917 755 935; x_wconf 75' lang='grc' dir='ltr'>ε</span> <span class='ocrx_word' id='word_1_124' title='bbox 772 910 799 935; x_wconf 91' lang='lat' dir='ltr'><strong>et</strong></span> <span class='ocrx_word' id='word_1_125' title='bbox 820 907 933 935; x_wconf 90' lang='lat' dir='ltr'><strong>ratione</strong></span> 
     </span>
     <span class='ocr_line' id='line_1_17' title="bbox 162 954 933 991; baseline -0.003 -8"><span class='ocrx_word' id='word_1_126' title='bbox 162 955 239 990; x_wconf 80' lang='lat' dir='ltr'><strong>facti,</strong></span> <span class='ocrx_word' id='word_1_127' title='bbox 260 955 331 991; x_wconf 87' lang='lat' dir='ltr'><strong>quia</strong></span> <span class='ocrx_word' id='word_1_128' title='bbox 350 955 403 983; x_wconf 89' lang='lat' dir='ltr'><strong>fuit</strong></span> <span class='ocrx_word' id='word_1_129' title='bbox 424 964 442 983; x_wconf 87' lang='lat' dir='ltr'><strong>a</strong></span> <span class='ocrx_word' id='word_1_130' title='bbox 464 957 522 983; x_wconf 92' lang='lat' dir='ltr'><strong>Deo</strong></span> <span class='ocrx_word' id='word_1_131' title='bbox 545 955 744 988; x_wconf 81' lang='lat' dir='ltr'><strong>resuscitatus3</strong></span> <span class='ocrx_word' id='word_1_132' title='bbox 771 957 798 982; x_wconf 87' lang='lat' dir='ltr'><strong>et</strong></span> <span class='ocrx_word' id='word_1_133' title='bbox 820 954 933 981; x_wconf 90' lang='lat' dir='ltr'><strong>ratione</strong></span> 
     </span>
     <span class='ocr_line' id='line_1_18' title="bbox 163 1000 932 1037; baseline -0.001 -9"><span class='ocrx_word' id='word_1_134' title='bbox 163 1002 304 1037; x_wconf 78' lang='lat' dir='ltr'><strong>mysterii,</strong></span> <span class='ocrx_word' id='word_1_135' title='bbox 319 1010 372 1030; x_wconf 90' lang='lat' dir='ltr'><strong>sua</strong></span> <span class='ocrx_word' id='word_1_136' title='bbox 384 1002 462 1030; x_wconf 91' lang='lat' dir='ltr'><strong>enim</strong></span> <span class='ocrx_word' id='word_1_137' title='bbox 473 1001 652 1029; x_wconf 82' lang='lat' dir='ltr'><strong>resuscitatio</strong></span> <span class='ocrx_word' id='word_1_138' title='bbox 668 1001 794 1036; x_wconf 85' lang='lat' dir='ltr'><strong>signavit</strong></span> <span class='ocrx_word' id='word_1_139' title='bbox 807 1000 932 1028; x_wconf 87' lang='lat' dir='ltr'><strong>resusci-</strong></span> 
     </span>
     <span class='ocr_line' id='line_1_19' title="bbox 163 1047 934 1083; baseline -0.001 -8"><span class='ocrx_word' id='word_1_140' title='bbox 163 1049 303 1076; x_wconf 89' lang='lat' dir='ltr'><strong>tationem</strong></span> <span class='ocrx_word' id='word_1_141' title='bbox 317 1049 423 1076; x_wconf 84' lang='lat' dir='ltr'><strong>animae</strong></span> <span class='ocrx_word' id='word_1_142' title='bbox 437 1056 454 1076; x_wconf 87' lang='lat' dir='ltr'><strong>a</strong></span> <span class='ocrx_word' id='word_1_143' title='bbox 464 1050 558 1075; x_wconf 88' lang='lat' dir='ltr'><strong>morte</strong></span> <span class='ocrx_word' id='word_1_144' title='bbox 571 1047 692 1083; x_wconf 82' lang='lat' dir='ltr'><strong>peccati.</strong></span> <span class='ocrx_word' id='word_1_145' title='bbox 707 1047 775 1075; x_wconf 92' lang='lat' dir='ltr'><strong>ldeo</strong></span> <span class='ocrx_word' id='word_1_146' title='bbox 786 1047 841 1074; x_wconf 88' lang='lat' dir='ltr'><strong>sibi</strong></span> <span class='ocrx_word' id='word_1_147' title='bbox 856 1055 934 1074; x_wconf 91' lang='lat' dir='ltr'><strong>com-</strong></span> 
     </span>
     <span class='ocr_line' id='line_1_20' title="bbox 162 1093 934 1129; baseline -0.003 -8"><span class='ocrx_word' id='word_1_148' title='bbox 162 1094 279 1129; x_wconf 79' lang='lat' dir='ltr'><strong>petebat</strong></span> <span class='ocrx_word' id='word_1_149' title='bbox 292 1094 367 1121; x_wconf 89' lang='lat' dir='ltr'><strong>illud</strong></span> <span class='ocrx_word' id='word_1_150' title='bbox 380 1095 390 1110; x_wconf 84' lang='lat'>⁵</span> <span class='ocrx_word' id='word_1_151' title='bbox 413 1104 419 1120; x_wconf 90' lang='lat'>:</span> <span class='ocrx_word' id='word_1_152' title='bbox 440 1105 453 1118; x_wconf 91' lang='lat'>«</span> <span class='ocrx_word' id='word_1_153' title='bbox 469 1096 500 1122; x_wconf 91' lang='lat' dir='ltr'><strong>ln</strong></span> <span class='ocrx_word' id='word_1_154' title='bbox 521 1094 568 1121; x_wconf 89' lang='lat' dir='ltr'><strong>die</strong></span> <span class='ocrx_word' id='word_1_155' title='bbox 584 1093 683 1120; x_wconf 88' lang='lat' dir='ltr'><strong>salutis</strong></span> <span class='ocrx_word' id='word_1_156' title='bbox 697 1093 854 1120; x_wconf 74' lang='lat' dir='ltr'><strong>auxiliatus</strong></span> <span class='ocrx_word' id='word_1_157' title='bbox 869 1101 934 1120; x_wconf 88' lang='lat' dir='ltr'><strong>sum</strong></span> 
     </span>
     <span class='ocr_line' id='line_1_21' title="bbox 162 1139 935 1175; baseline -0.001 -8"><span class='ocrx_word' id='word_1_158' title='bbox 162 1140 214 1167; x_wconf 88' lang='lat' dir='ltr'><strong>tui.</strong></span> <span class='ocrx_word' id='word_1_159' title='bbox 230 1150 243 1166; x_wconf 68' lang='grc' dir='ltr'><strong>η</strong></span> <span class='ocrx_word' id='word_1_160' title='bbox 266 1141 291 1167; x_wconf 84' lang='grc' dir='ltr'><strong><em>Α</em></strong></span> <span class='ocrx_word' id='word_1_161' title='bbox 305 1141 438 1167; x_wconf 81' lang='lat' dir='ltr'><strong>Bethania</strong></span> <span class='ocrx_word' id='word_1_162' title='bbox 450 1161 459 1174; x_wconf 85' lang='lat'><strong>,</strong></span> <span class='ocrx_word' id='word_1_163' title='bbox 475 1148 540 1175; x_wconf 82' lang='lat' dir='ltr'><strong>quae</strong></span> <span class='ocrx_word' id='word_1_164' title='bbox 559 1142 621 1166; x_wconf 84' lang='lat' dir='ltr'><strong>erat</strong></span> <span class='ocrx_word' id='word_1_165' title='bbox 638 1139 808 1174; x_wconf 82' lang='lat' dir='ltr'><strong>propinqua</strong></span> <span class='ocrx_word' id='word_1_166' title='bbox 822 1141 935 1166; x_wconf 86' lang='lat' dir='ltr'><strong>Jeroso-</strong></span> 
     </span>
     <span class='ocr_line' id='line_1_22' title="bbox 161 1185 934 1222; baseline 0 -9"><span class='ocrx_word' id='word_1_167' title='bbox 161 1186 260 1222; x_wconf 82' lang='lat' dir='ltr'><strong>lymis,</strong></span> <span class='ocrx_word' id='word_1_168' title='bbox 287 1186 397 1214; x_wconf 89' lang='lat' dir='ltr'><strong>distans</strong></span> <span class='ocrx_word' id='word_1_169' title='bbox 421 1186 505 1222; x_wconf 82' lang='lat' dir='ltr'><strong>quasi</strong></span> <span class='ocrx_word' id='word_1_170' title='bbox 526 1185 696 1221; x_wconf 85' lang='lat' dir='ltr'><strong>quindecim</strong></span> <span class='ocrx_word' id='word_1_171' title='bbox 716 1185 816 1212; x_wconf 89' lang='lat' dir='ltr'><strong>stadiis</strong></span> <span class='ocrx_word' id='word_1_172' title='bbox 840 1195 846 1212; x_wconf 90' lang='lat'>:</span> <span class='ocrx_word' id='word_1_173' title='bbox 868 1193 934 1221; x_wconf 78' lang='lat' dir='ltr'><strong>quae</strong></span> 
     </span>
     <span class='ocr_line' id='line_1_23' title="bbox 163 1232 933 1268; baseline -0.001 -8"><span class='ocrx_word' id='word_1_174' title='bbox 163 1232 366 1268; x_wconf 84' lang='lat' dir='ltr'><strong>interpretatur</strong></span> <span class='ocrx_word' id='word_1_175' title='bbox 389 1235 484 1260; x_wconf 83' lang='lat' dir='ltr'><strong>Domus</strong></span> <span class='ocrx_word' id='word_1_176' title='bbox 507 1232 674 1259; x_wconf 66' lang='lat' dir='ltr'><strong>obedientiae.</strong></span> <span class='ocrx_word' id='word_1_177' title='bbox 694 1234 726 1259; x_wconf 89' lang='lat' dir='ltr'><strong>Et</strong></span> <span class='ocrx_word' id='word_1_178' title='bbox 748 1232 805 1259; x_wconf 89' lang='lat' dir='ltr'><strong>hoc</strong></span> <span class='ocrx_word' id='word_1_179' title='bbox 827 1240 933 1259; x_wconf 89' lang='lat' dir='ltr'><strong>conve-</strong></span> 
     </span>
     <span class='ocr_line' id='line_1_24' title="bbox 163 1278 932 1314; baseline 0 -8"><span class='ocrx_word' id='word_1_180' title='bbox 163 1279 284 1312; x_wconf 89' lang='lat' dir='ltr'><strong>nienter,</strong></span> <span class='ocrx_word' id='word_1_181' title='bbox 304 1279 374 1314; x_wconf 85' lang='lat' dir='ltr'><strong>quia</strong></span> <span class='ocrx_word' id='word_1_182' title='bbox 398 1278 566 1306; x_wconf 86' lang='lat' dir='ltr'><strong>obedientia</strong></span> <span class='ocrx_word' id='word_1_183' title='bbox 585 1278 693 1305; x_wconf 87' lang='lat' dir='ltr'><strong>mortui</strong></span> <span class='ocrx_word' id='word_1_184' title='bbox 717 1278 932 1306; x_wconf 81' lang='lat' dir='ltr'><strong>resuscitantur.</strong></span> 
     </span>
     <span class='ocr_line' id='line_1_25' title="bbox 163 1325 935 1360; baseline -0.001 -8"><span class='ocrx_word' id='word_1_185' title='bbox 163 1326 255 1360; x_wconf 89' lang='lat' dir='ltr'><strong>Supra</strong></span> <span class='ocrx_word' id='word_1_186' title='bbox 267 1326 277 1342; x_wconf 81' lang='lat'>⁸</span> <span class='ocrx_word' id='word_1_187' title='bbox 293 1333 300 1352; x_wconf 68' lang='grc' dir='ltr'><strong><em>ι</em></strong></span> <span class='ocrx_word' id='word_1_188' title='bbox 320 1336 333 1350; x_wconf 87' lang='lat'>«</span> <span class='ocrx_word' id='word_1_189' title='bbox 347 1327 453 1353; x_wconf 88' lang='lat' dir='ltr'><strong>Omnes</strong></span> <span class='ocrx_word' id='word_1_190' title='bbox 468 1325 518 1360; x_wconf 90' lang='lat' dir='ltr'><strong>qui</strong></span> <span class='ocrx_word' id='word_1_191' title='bbox 533 1325 564 1352; x_wconf 91' lang='lat' dir='ltr'><strong>in</strong></span> <span class='ocrx_word' id='word_1_192' title='bbox 582 1325 780 1352; x_wconf 85' lang='lat' dir='ltr'><strong>monumentis</strong></span> <span class='ocrx_word' id='word_1_193' title='bbox 794 1327 870 1358; x_wconf 82' lang='lat' dir='ltr'><strong>sunt,</strong></span> <span class='ocrx_word' id='word_1_194' title='bbox 882 1332 935 1351; x_wconf 88' lang='lat' dir='ltr'><strong>au-</strong></span> 
     </span>
     <span class='ocr_line' id='line_1_26' title="bbox 163 1371 934 1404; baseline -0.003 -5"><span class='ocrx_word' id='word_1_195' title='bbox 163 1371 243 1399; x_wconf 90' lang='lat' dir='ltr'><strong>dient</strong></span> <span class='ocrx_word' id='word_1_196' title='bbox 257 1379 361 1399; x_wconf 86' lang='lat' dir='ltr'><strong>vocem</strong></span> <span class='ocrx_word' id='word_1_197' title='bbox 376 1372 438 1399; x_wconf 86' lang='lat' dir='ltr'><strong>Filii</strong></span> <span class='ocrx_word' id='word_1_198' title='bbox 453 1372 512 1399; x_wconf 90' lang='lat' dir='ltr'><strong>Dei.</strong></span> <span class='ocrx_word' id='word_1_199' title='bbox 527 1381 540 1397; x_wconf 69' lang='lat' dir='ltr'><strong>n</strong></span> <span class='ocrx_word' id='word_1_200' title='bbox 564 1372 599 1398; x_wconf 84' lang='lat' dir='ltr'><strong>De</strong></span> <span class='ocrx_word' id='word_1_201' title='bbox 613 1371 726 1398; x_wconf 83' lang='lat' dir='ltr'><strong>Castello</strong></span> <span class='ocrx_word' id='word_1_202' title='bbox 742 1372 851 1404; x_wconf 56' lang='grc' dir='ltr'><em>Μανία),</em></span> <span class='ocrx_word' id='word_1_203' title='bbox 867 1373 934 1404; x_wconf 89' lang='lat' dir='ltr'><strong>etc.,</strong></span> 
     </span>
     <span class='ocr_line' id='line_1_27' title="bbox 163 1418 936 1454; baseline -0.001 -9"><span class='ocrx_word' id='word_1_204' title='bbox 163 1426 228 1454; x_wconf 86' lang='lat' dir='ltr'><strong>quae</strong></span> <span class='ocrx_word' id='word_1_205' title='bbox 244 1420 327 1445; x_wconf 88' lang='lat' dir='ltr'><strong>erant</strong></span> <span class='ocrx_word' id='word_1_206' title='bbox 345 1418 482 1445; x_wconf 86' lang='lat' dir='ltr'><strong>mulieres</strong></span> <span class='ocrx_word' id='word_1_207' title='bbox 500 1418 620 1445; x_wconf 83' lang='lat' dir='ltr'><strong>famosae</strong></span> <span class='ocrx_word' id='word_1_208' title='bbox 643 1419 741 1445; x_wconf 86' lang='lat' dir='ltr'><strong>Lazari</strong></span> <span class='ocrx_word' id='word_1_209' title='bbox 761 1425 886 1445; x_wconf 86' lang='lat' dir='ltr'><strong>sorores.</strong></span> <span class='ocrx_word' id='word_1_210' title='bbox 904 1419 936 1445; x_wconf 82' lang='lat' dir='ltr'><strong>Et</strong></span> 
     </span>
     <span class='ocr_line' id='line_1_28' title="bbox 163 1463 934 1500; baseline -0.003 -8"><span class='ocrx_word' id='word_1_211' title='bbox 163 1465 233 1500; x_wconf 88' lang='lat' dir='ltr'><strong>quia</strong></span> <span class='ocrx_word' id='word_1_212' title='bbox 246 1465 334 1492; x_wconf 84' lang='lat' dir='ltr'><strong>Maria</strong></span> <span class='ocrx_word' id='word_1_213' title='bbox 344 1464 452 1492; x_wconf 83' lang='lat' dir='ltr'><strong>fecerat</strong></span> <span class='ocrx_word' id='word_1_214' title='bbox 465 1464 597 1491; x_wconf 86' lang='lat' dir='ltr'><strong>solemne</strong></span> <span class='ocrx_word' id='word_1_215' title='bbox 613 1464 734 1497; x_wconf 85' lang='lat' dir='ltr'><strong>factum,</strong></span> <span class='ocrx_word' id='word_1_216' title='bbox 749 1463 817 1490; x_wconf 89' lang='lat' dir='ltr'><strong>ideo</strong></span> <span class='ocrx_word' id='word_1_217' title='bbox 832 1463 934 1491; x_wconf 80' lang='lat' dir='ltr'><strong>subdi-</strong></span> 
     </span>
     <span class='ocr_line' id='line_1_29' title="bbox 162 1510 934 1546; baseline -0.004 -8"><span class='ocrx_word' id='word_1_218' title='bbox 162 1514 208 1538; x_wconf 88' lang='lat' dir='ltr'><strong>tur</strong></span> <span class='ocrx_word' id='word_1_219' title='bbox 217 1511 254 1546; x_wconf 68' lang='grc' dir='ltr'><strong>(ν.</strong></span> <span class='ocrx_word' id='word_1_220' title='bbox 269 1510 296 1546; x_wconf 81' lang='lat'><strong>2)</strong></span> <span class='ocrx_word' id='word_1_221' title='bbox 309 1520 315 1538; x_wconf 87' lang='lat'>:</span> <span class='ocrx_word' id='word_1_222' title='bbox 330 1512 421 1537; x_wconf 82' lang='lat' dir='ltr'><strong>Maria</strong></span> <span class='ocrx_word' id='word_1_223' title='bbox 436 1514 504 1544; x_wconf 82' lang='lat' dir='ltr'><strong>erat,</strong></span> <span class='ocrx_word' id='word_1_224' title='bbox 516 1519 575 1544; x_wconf 81' lang='lat' dir='ltr'><strong>quoe</strong></span> <span class='ocrx_word' id='word_1_225' title='bbox 589 1512 670 1537; x_wconf 60' lang='lat' dir='ltr'><strong>unxit</strong></span> <span class='ocrx_word' id='word_1_226' title='bbox 683 1511 822 1537; x_wconf 74' lang='lat' dir='ltr'><strong>Dominum</strong></span> <span class='ocrx_word' id='word_1_227' title='bbox 832 1510 854 1543; x_wconf 83' lang='lat'><strong>⁷,</strong></span> <span class='ocrx_word' id='word_1_228' title='bbox 867 1512 934 1544; x_wconf 66' lang='lat' dir='ltr'><strong>eto,</strong></span> 
     </span>
     <span class='ocr_line' id='line_1_30' title="bbox 164 1556 935 1591; baseline -0.001 -7"><span class='ocrx_word' id='word_1_229' title='bbox 164 1559 190 1584; x_wconf 84' lang='lat' dir='ltr'><strong>et</strong></span> <span class='ocrx_word' id='word_1_230' title='bbox 202 1557 278 1584; x_wconf 88' lang='lat' dir='ltr'><strong>infra</strong></span> <span class='ocrx_word' id='word_1_231' title='bbox 292 1557 313 1591; x_wconf 80' lang='lat'><strong>⁸,</strong></span> <span class='ocrx_word' id='word_1_232' title='bbox 330 1557 354 1584; x_wconf 91' lang='lat' dir='ltr'><strong>si</strong></span> <span class='ocrx_word' id='word_1_233' title='bbox 369 1559 466 1584; x_wconf 88' lang='lat' dir='ltr'><strong>tamen</strong></span> <span class='ocrx_word' id='word_1_234' title='bbox 482 1556 536 1584; x_wconf 86' lang='lat' dir='ltr'><strong>fuit</strong></span> <span class='ocrx_word' id='word_1_235' title='bbox 551 1556 655 1583; x_wconf 89' lang='lat' dir='ltr'><strong>eadem</strong></span> <span class='ocrx_word' id='word_1_236' title='bbox 671 1556 758 1584; x_wconf 84' lang='lat' dir='ltr'><strong>Maria</strong></span> <span class='ocrx_word' id='word_1_237' title='bbox 778 1557 867 1590; x_wconf 82' lang='lat' dir='ltr'><strong>cujus,</strong></span> <span class='ocrx_word' id='word_1_238' title='bbox 883 1557 935 1583; x_wconf 85' lang='lat' dir='ltr'><strong>sci-</strong></span> 
     </span>
    </p>
   </div>
   <div class='ocr_carea' id='block_1_3' title="bbox 162 1596 956 1638">
    <p class='ocr_par' dir='ltr' id='par_1_4' title="bbox 162 1596 956 1638">
     <span class='ocr_line' id='line_1_31' title="bbox 162 1596 956 1638; baseline -0.003 -7"><span class='ocrx_word' id='word_1_239' title='bbox 162 1603 228 1631; x_wconf 82' lang='lat' dir='ltr'><strong>licet</strong></span> <span class='ocrx_word' id='word_1_240' title='bbox 247 1603 352 1637; x_wconf 67' lang='lat' dir='ltr'><strong>Mariae,</strong></span> <span class='ocrx_word' id='word_1_241' title='bbox 368 1605 456 1637; x_wconf 78' lang='lat' dir='ltr'><strong>frater</strong></span> <span class='ocrx_word' id='word_1_242' title='bbox 476 1604 674 1637; x_wconf 81' lang='lat' dir='ltr'><strong>infirmabatur,</strong></span> <span class='ocrx_word' id='word_1_243' title='bbox 690 1605 722 1630; x_wconf 92' lang='lat' dir='ltr'><strong>ut</strong></span> <span class='ocrx_word' id='word_1_244' title='bbox 743 1605 784 1630; x_wconf 87' lang='lat' dir='ltr'><strong>est</strong></span> <span class='ocrx_word' id='word_1_245' title='bbox 802 1603 934 1638; x_wconf 84' lang='lat' dir='ltr'><strong>praemis-</strong></span> <span class='ocrx_word' id='word_1_246' title='bbox 954 1596 956 1599; x_wconf 52' lang='grc'>’</span> 
     </span>
    </p>
   </div>
   <div class='ocr_carea' id='block_1_4' title="bbox 161 1649 935 2379">
    <p class='ocr_par' dir='ltr' id='par_1_5' title="bbox 161 1649 935 2379">
     <span class='ocr_line' id='line_1_32' title="bbox 162 1649 935 1685; baseline -0.001 -8"><span class='ocrx_word' id='word_1_247' title='bbox 162 1658 237 1677; x_wconf 87' lang='lat' dir='ltr'><strong>sum.</strong></span> <span class='ocrx_word' id='word_1_248' title='bbox 255 1650 396 1683; x_wconf 84' lang='lat' dir='ltr'><strong>Quaeritur</strong></span> <span class='ocrx_word' id='word_1_249' title='bbox 419 1650 456 1677; x_wconf 87' lang='lat' dir='ltr'><strong>de</strong></span> <span class='ocrx_word' id='word_1_250' title='bbox 478 1650 546 1683; x_wconf 84' lang='lat' dir='ltr'><strong>hoc,</strong></span> <span class='ocrx_word' id='word_1_251' title='bbox 570 1649 653 1685; x_wconf 89' lang='lat' dir='ltr'><strong>quod</strong></span> <span class='ocrx_word' id='word_1_252' title='bbox 676 1649 715 1676; x_wconf 87' lang='lat' dir='ltr'><strong>ait</strong></span> <span class='ocrx_word' id='word_1_253' title='bbox 738 1657 744 1675; x_wconf 92' lang='lat'>:</span> <span class='ocrx_word' id='word_1_254' title='bbox 765 1650 856 1676; x_wconf 78' lang='grc' dir='ltr'><em>Μανία</em></span> <span class='ocrx_word' id='word_1_255' title='bbox 877 1652 935 1676; x_wconf 82' lang='lat' dir='ltr'><strong>erat</strong></span> 
     </span>
     <span class='ocr_line' id='line_1_33' title="bbox 161 1695 934 1731; baseline -0.003 -7"><span class='ocrx_word' id='word_1_256' title='bbox 161 1705 221 1731; x_wconf 79' lang='lat' dir='ltr'><strong>quoe</strong></span> <span class='ocrx_word' id='word_1_257' title='bbox 236 1699 318 1724; x_wconf 72' lang='lat' dir='ltr'><strong>unxit</strong></span> <span class='ocrx_word' id='word_1_258' title='bbox 343 1697 494 1723; x_wconf 80' lang='lat' dir='ltr'><strong>Dominum.</strong></span> <span class='ocrx_word' id='word_1_259' title='bbox 516 1695 560 1723; x_wconf 89' lang='lat' dir='ltr'><strong>Ait</strong></span> <span class='ocrx_word' id='word_1_260' title='bbox 582 1695 661 1723; x_wconf 88' lang='lat' dir='ltr'><strong>enim</strong></span> <span class='ocrx_word' id='word_1_261' title='bbox 686 1695 909 1730; x_wconf 84' lang='lat' dir='ltr'><strong>Chrysostomus</strong></span> <span class='ocrx_word' id='word_1_262' title='bbox 925 1695 934 1710; x_wconf 80' lang='lat'>⁹</span> 
     </span>
     <span class='ocr_line' id='line_1_34' title="bbox 161 1741 935 1779; baseline -0.004 -8"><span class='ocrx_word' id='word_1_263' title='bbox 161 1743 259 1778; x_wconf 83' lang='lat' dir='ltr'><strong>plane,</strong></span> <span class='ocrx_word' id='word_1_264' title='bbox 277 1743 360 1779; x_wconf 87' lang='lat' dir='ltr'><strong>quod</strong></span> <span class='ocrx_word' id='word_1_265' title='bbox 380 1743 441 1770; x_wconf 85' lang='lat' dir='ltr'><strong>haec</strong></span> <span class='ocrx_word' id='word_1_266' title='bbox 462 1742 590 1769; x_wconf 84' lang='lat' dir='ltr'><strong>nonfuit</strong></span> <span class='ocrx_word' id='word_1_267' title='bbox 610 1741 756 1774; x_wconf 81' lang='lat' dir='ltr'><strong>meretrix,</strong></span> <span class='ocrx_word' id='word_1_268' title='bbox 772 1741 808 1768; x_wconf 92' lang='lat' dir='ltr'><strong>de</strong></span> <span class='ocrx_word' id='word_1_269' title='bbox 829 1749 889 1776; x_wconf 88' lang='lat' dir='ltr'><strong>qua</strong></span> <span class='ocrx_word' id='word_1_270' title='bbox 904 1741 935 1769; x_wconf 92' lang='lat' dir='ltr'><strong>in</strong></span> 
     </span>
     <span class='ocr_line' id='line_1_35' title="bbox 161 1788 934 1818; baseline -0.004 0"><span class='ocrx_word' id='word_1_271' title='bbox 161 1792 233 1818; x_wconf 83' lang='lat' dir='ltr'><strong>Luca</strong></span> <span class='ocrx_word' id='word_1_272' title='bbox 247 1793 275 1818; x_wconf 89' lang='lat' dir='ltr'><strong>et</strong></span> <span class='ocrx_word' id='word_1_273' title='bbox 295 1790 431 1817; x_wconf 83' lang='lat' dir='ltr'><strong>Matthaeo.</strong></span> <span class='ocrx_word' id='word_1_274' title='bbox 448 1790 510 1816; x_wconf 77' lang='lat' dir='ltr'><strong>llaec</strong></span> <span class='ocrx_word' id='word_1_275' title='bbox 532 1788 610 1816; x_wconf 89' lang='lat' dir='ltr'><strong>enim</strong></span> <span class='ocrx_word' id='word_1_276' title='bbox 625 1788 679 1814; x_wconf 81' lang='lat' dir='ltr'><strong>fuit</strong></span> <span class='ocrx_word' id='word_1_277' title='bbox 692 1788 814 1815; x_wconf 89' lang='lat' dir='ltr'><strong>honesta</strong></span> <span class='ocrx_word' id='word_1_278' title='bbox 830 1790 857 1815; x_wconf 91' lang='lat' dir='ltr'><strong>et</strong></span> <span class='ocrx_word' id='word_1_279' title='bbox 875 1790 934 1815; x_wconf 81' lang='lat' dir='ltr'><strong>stu-</strong></span> 
     </span>
     <span class='ocr_line' id='line_1_36' title="bbox 163 1832 932 1868; baseline -0.004 -6"><span class='ocrx_word' id='word_1_280' title='bbox 163 1835 256 1868; x_wconf 85' lang='lat' dir='ltr'><strong>diosa,</strong></span> <span class='ocrx_word' id='word_1_281' title='bbox 278 1836 306 1861; x_wconf 90' lang='lat' dir='ltr'><strong>et</strong></span> <span class='ocrx_word' id='word_1_282' title='bbox 327 1834 437 1861; x_wconf 86' lang='lat' dir='ltr'><strong>studuit</strong></span> <span class='ocrx_word' id='word_1_283' title='bbox 461 1833 538 1860; x_wconf 88' lang='lat' dir='ltr'><strong>circa</strong></span> <span class='ocrx_word' id='word_1_284' title='bbox 561 1832 776 1868; x_wconf 81' lang='lat' dir='ltr'><strong>susceptionem</strong></span> <span class='ocrx_word' id='word_1_285' title='bbox 809 1833 932 1860; x_wconf 91' lang='lat' dir='ltr'><strong>Domini.</strong></span> 
     </span>
     <span class='ocr_line' id='line_1_37' title="bbox 162 1879 935 1915; baseline -0.001 -7"><span class='ocrx_word' id='word_1_286' title='bbox 162 1883 231 1908; x_wconf 89' lang='lat' dir='ltr'><strong>ltem</strong></span> <span class='ocrx_word' id='word_1_287' title='bbox 247 1880 421 1915; x_wconf 80' lang='lat' dir='ltr'><strong>Augustinus</strong></span> <span class='ocrx_word' id='word_1_288' title='bbox 436 1880 456 1896; x_wconf 87' lang='lat'><strong>¹⁰</strong></span> <span class='ocrx_word' id='word_1_289' title='bbox 470 1889 476 1905; x_wconf 71' lang='grc' dir='ltr'><em>ε</em></span> <span class='ocrx_word' id='word_1_290' title='bbox 496 1890 509 1903; x_wconf 91' lang='lat'>«</span> <span class='ocrx_word' id='word_1_291' title='bbox 524 1881 594 1907; x_wconf 85' lang='lat' dir='ltr'><strong>Ecce</strong></span> <span class='ocrx_word' id='word_1_292' title='bbox 610 1879 673 1915; x_wconf 89' lang='lat' dir='ltr'><strong>ipsa</strong></span> <span class='ocrx_word' id='word_1_293' title='bbox 688 1887 772 1906; x_wconf 88' lang='lat' dir='ltr'><strong>soror</strong></span> <span class='ocrx_word' id='word_1_294' title='bbox 787 1880 896 1913; x_wconf 83' lang='lat' dir='ltr'><strong>Lazari,</strong></span> <span class='ocrx_word' id='word_1_295' title='bbox 910 1880 935 1907; x_wconf 85' lang='lat' dir='ltr'><strong>si</strong></span> 
     </span>
     <span class='ocr_line' id='line_1_38' title="bbox 162 1925 935 1962; baseline -0.003 -8"><span class='ocrx_word' id='word_1_296' title='bbox 162 1929 259 1954; x_wconf 87' lang='lat' dir='ltr'><strong>tamen</strong></span> <span class='ocrx_word' id='word_1_297' title='bbox 280 1927 343 1962; x_wconf 84' lang='lat' dir='ltr'><strong>ipsa</strong></span> <span class='ocrx_word' id='word_1_298' title='bbox 367 1928 419 1960; x_wconf 89' lang='lat' dir='ltr'><strong>est,</strong></span> <span class='ocrx_word' id='word_1_299' title='bbox 439 1934 504 1962; x_wconf 84' lang='lat' dir='ltr'><strong>quae</strong></span> <span class='ocrx_word' id='word_1_300' title='bbox 528 1925 611 1953; x_wconf 86' lang='lat' dir='ltr'><strong>unxit</strong></span> <span class='ocrx_word' id='word_1_301' title='bbox 631 1925 723 1962; x_wconf 88' lang='lat' dir='ltr'><strong>pedes</strong></span> <span class='ocrx_word' id='word_1_302' title='bbox 745 1925 858 1952; x_wconf 90' lang='lat' dir='ltr'><strong>Domini</strong></span> <span class='ocrx_word' id='word_1_303' title='bbox 882 1934 935 1953; x_wconf 88' lang='lat' dir='ltr'><strong>un-</strong></span> 
     </span>
     <span class='ocr_line' id='line_1_39' title="bbox 162 1972 935 2008; baseline -0.001 -8"><span class='ocrx_word' id='word_1_304' title='bbox 162 1976 288 2008; x_wconf 88' lang='lat' dir='ltr'><strong>guento,</strong></span> <span class='ocrx_word' id='word_1_305' title='bbox 312 1984 324 1998; x_wconf 89' lang='lat'>»</span> <span class='ocrx_word' id='word_1_306' title='bbox 350 1975 403 2000; x_wconf 88' lang='lat' dir='ltr'><strong>etc.</strong></span> <span class='ocrx_word' id='word_1_307' title='bbox 433 1972 476 2000; x_wconf 89' lang='lat' dir='ltr'><strong>Ad</strong></span> <span class='ocrx_word' id='word_1_308' title='bbox 500 1973 678 2000; x_wconf 80' lang='lat' dir='ltr'><strong>contrarium</strong></span> <span class='ocrx_word' id='word_1_309' title='bbox 705 1972 836 2007; x_wconf 87' lang='lat' dir='ltr'><strong>arguitur</strong></span> <span class='ocrx_word' id='word_1_310' title='bbox 861 1981 867 1998; x_wconf 90' lang='lat'>:</span> <span class='ocrx_word' id='word_1_311' title='bbox 895 1972 935 2000; x_wconf 87' lang='lat' dir='ltr'><strong>ait</strong></span> 
     </span>
     <span class='ocr_line' id='line_1_40' title="bbox 162 2018 934 2054; baseline -0.003 -7"><span class='ocrx_word' id='word_1_312' title='bbox 162 2020 241 2047; x_wconf 88' lang='lat' dir='ltr'><strong>enim</strong></span> <span class='ocrx_word' id='word_1_313' title='bbox 249 2019 415 2054; x_wconf 89' lang='lat' dir='ltr'><strong>Gregorius,</strong></span> <span class='ocrx_word' id='word_1_314' title='bbox 424 2026 575 2054; x_wconf 81' lang='lat' dir='ltr'><strong>exponens</strong></span> <span class='ocrx_word' id='word_1_315' title='bbox 590 2018 665 2045; x_wconf 93' lang='lat' dir='ltr'><strong>illud</strong></span> <span class='ocrx_word' id='word_1_316' title='bbox 678 2018 710 2052; x_wconf 89' lang='lat'><strong>¹¹,</strong></span> <span class='ocrx_word' id='word_1_317' title='bbox 726 2029 738 2042; x_wconf 74' lang='grc' dir='ltr'><strong>(ι</strong></span> <span class='ocrx_word' id='word_1_318' title='bbox 753 2020 818 2045; x_wconf 87' lang='lat' dir='ltr'><strong>Erat</strong></span> <span class='ocrx_word' id='word_1_319' title='bbox 828 2018 934 2046; x_wconf 88' lang='lat' dir='ltr'><strong>mulier</strong></span> 
     </span>
     <span class='ocr_line' id='line_1_41' title="bbox 162 2064 934 2100; baseline 0 -8"><span class='ocrx_word' id='word_1_320' title='bbox 162 2066 192 2093; x_wconf 91' lang='lat' dir='ltr'><strong>in</strong></span> <span class='ocrx_word' id='word_1_321' title='bbox 207 2066 322 2092; x_wconf 87' lang='lat' dir='ltr'><strong>civitate</strong></span> <span class='ocrx_word' id='word_1_322' title='bbox 336 2065 501 2100; x_wconf 83' lang='lat' dir='ltr'><strong>peccatrix:</strong></span> <span class='ocrx_word' id='word_1_323' title='bbox 513 2075 548 2090; x_wconf 79' lang='lat' dir='ltr'><strong>n«</strong></span> <span class='ocrx_word' id='word_1_324' title='bbox 563 2064 656 2098; x_wconf 83' lang='lat' dir='ltr'><strong>Illam,</strong></span> <span class='ocrx_word' id='word_1_325' title='bbox 667 2064 802 2100; x_wconf 83' lang='lat' dir='ltr'><strong>inquit¹²,</strong></span> <span class='ocrx_word' id='word_1_326' title='bbox 814 2065 934 2092; x_wconf 83' lang='lat' dir='ltr'><strong>Mariam</strong></span> 
     </span>
     <span class='ocr_line' id='line_1_42' title="bbox 161 2110 934 2147; baseline 0.001 -8"><span class='ocrx_word' id='word_1_327' title='bbox 161 2111 319 2145; x_wconf 83' lang='lat' dir='ltr'><strong>credimus,</strong></span> <span class='ocrx_word' id='word_1_328' title='bbox 340 2111 376 2138; x_wconf 92' lang='lat' dir='ltr'><strong>de</strong></span> <span class='ocrx_word' id='word_1_329' title='bbox 398 2119 457 2147; x_wconf 82' lang='lat' dir='ltr'><strong>qua</strong></span> <span class='ocrx_word' id='word_1_330' title='bbox 479 2113 590 2139; x_wconf 83' lang='lat' dir='ltr'><strong>Marcus</strong></span> <span class='ocrx_word' id='word_1_331' title='bbox 612 2111 633 2127; x_wconf 74' lang='lat'><strong>¹³</strong></span> <span class='ocrx_word' id='word_1_332' title='bbox 655 2113 766 2146; x_wconf 85' lang='lat' dir='ltr'><strong>septem</strong></span> <span class='ocrx_word' id='word_1_333' title='bbox 787 2110 934 2140; x_wconf 67' lang='lat' dir='ltr'><strong>daemonia</strong></span> 
     </span>
     <span class='ocr_line' id='line_1_43' title="bbox 161 2157 932 2193; baseline -0.001 -8"><span class='ocrx_word' id='word_1_334' title='bbox 161 2159 251 2193; x_wconf 89' lang='lat' dir='ltr'><strong>ejecta</strong></span> <span class='ocrx_word' id='word_1_335' title='bbox 273 2157 360 2185; x_wconf 76' lang='lat' dir='ltr'><strong>fuisse</strong></span> <span class='ocrx_word' id='word_1_336' title='bbox 376 2159 512 2191; x_wconf 87' lang='lat' dir='ltr'><strong>testatur;</strong></span> <span class='ocrx_word' id='word_1_337' title='bbox 534 2169 546 2182; x_wconf 88' lang='lat'>»</span> <span class='ocrx_word' id='word_1_338' title='bbox 569 2160 596 2185; x_wconf 90' lang='lat' dir='ltr'><strong>et</strong></span> <span class='ocrx_word' id='word_1_339' title='bbox 616 2157 667 2184; x_wconf 87' lang='lat' dir='ltr'><strong>illa</strong></span> <span class='ocrx_word' id='word_1_340' title='bbox 687 2157 742 2184; x_wconf 85' lang='lat' dir='ltr'><strong>fuit</strong></span> <span class='ocrx_word' id='word_1_341' title='bbox 763 2157 816 2184; x_wconf 85' lang='lat' dir='ltr'><strong>ista</strong></span> <span class='ocrx_word' id='word_1_342' title='bbox 835 2158 932 2191; x_wconf 84' lang='lat' dir='ltr'><strong>Maria,</strong></span> 
     </span>
     <span class='ocr_line' id='line_1_44' title="bbox 161 2203 933 2241; baseline -0.001 -9"><span class='ocrx_word' id='word_1_343' title='bbox 161 2213 227 2241; x_wconf 85' lang='lat' dir='ltr'><strong>quae</strong></span> <span class='ocrx_word' id='word_1_344' title='bbox 250 2205 333 2232; x_wconf 82' lang='lat' dir='ltr'><strong>unxit</strong></span> <span class='ocrx_word' id='word_1_345' title='bbox 355 2204 446 2240; x_wconf 90' lang='lat' dir='ltr'><strong>pedes</strong></span> <span class='ocrx_word' id='word_1_346' title='bbox 470 2204 583 2232; x_wconf 86' lang='lat' dir='ltr'><strong>Domini</strong></span> <span class='ocrx_word' id='word_1_347' title='bbox 609 2203 639 2231; x_wconf 93' lang='lat' dir='ltr'><strong>in</strong></span> <span class='ocrx_word' id='word_1_348' title='bbox 661 2204 752 2231; x_wconf 90' lang='lat' dir='ltr'><strong>domo</strong></span> <span class='ocrx_word' id='word_1_349' title='bbox 781 2203 933 2239; x_wconf 82' lang='lat' dir='ltr'><strong>pharisaei,</strong></span> 
     </span>
     <span class='ocr_line' id='line_1_45' title="bbox 162 2250 933 2286; baseline 0 -8"><span class='ocrx_word' id='word_1_350' title='bbox 162 2253 190 2278; x_wconf 85' lang='lat' dir='ltr'><strong>et</strong></span> <span class='ocrx_word' id='word_1_351' title='bbox 216 2251 247 2278; x_wconf 91' lang='lat' dir='ltr'><strong>in</strong></span> <span class='ocrx_word' id='word_1_352' title='bbox 266 2251 357 2278; x_wconf 87' lang='lat' dir='ltr'><strong>domo</strong></span> <span class='ocrx_word' id='word_1_353' title='bbox 373 2251 513 2284; x_wconf 86' lang='lat' dir='ltr'><strong>Simonis,</strong></span> <span class='ocrx_word' id='word_1_354' title='bbox 530 2252 562 2278; x_wconf 86' lang='lat' dir='ltr'><strong>ut</strong></span> <span class='ocrx_word' id='word_1_355' title='bbox 585 2251 624 2278; x_wconf 89' lang='lat' dir='ltr'><strong>ait</strong></span> <span class='ocrx_word' id='word_1_356' title='bbox 646 2250 755 2278; x_wconf 87' lang='lat' dir='ltr'><strong>Glossa.</strong></span> <span class='ocrx_word' id='word_1_357' title='bbox 779 2250 827 2277; x_wconf 82' lang='lat' dir='ltr'><strong>Hic</strong></span> <span class='ocrx_word' id='word_1_358' title='bbox 847 2250 933 2286; x_wconf 86' lang='lat' dir='ltr'><strong>plane</strong></span> 
     </span>
     <span class='ocr_line' id='line_1_46' title="bbox 162 2297 933 2332; baseline -0.003 -7"><span class='ocrx_word' id='word_1_359' title='bbox 162 2305 233 2332; x_wconf 85' lang='lat' dir='ltr'><strong>ergo</strong></span> <span class='ocrx_word' id='word_1_360' title='bbox 253 2297 357 2324; x_wconf 88' lang='lat' dir='ltr'><strong>eadem</strong></span> <span class='ocrx_word' id='word_1_361' title='bbox 381 2297 470 2326; x_wconf 81' lang='lat' dir='ltr'><strong>Maria</strong></span> <span class='ocrx_word' id='word_1_362' title='bbox 491 2297 553 2324; x_wconf 89' lang='lat' dir='ltr'><strong>fuit.</strong></span> <span class='ocrx_word' id='word_1_363' title='bbox 570 2298 639 2324; x_wconf 87' lang='lat' dir='ltr'><strong>Item</strong></span> <span class='ocrx_word' id='word_1_364' title='bbox 654 2297 830 2332; x_wconf 79' lang='lat' dir='ltr'><strong>Augustinus</strong></span> <span class='ocrx_word' id='word_1_365' title='bbox 845 2297 865 2313; x_wconf 62' lang='lat'><strong>¹¹*</strong></span> <span class='ocrx_word' id='word_1_366' title='bbox 879 2297 933 2332; x_wconf 86' lang='lat' dir='ltr'><strong>ait,</strong></span> 
     </span>
     <span class='ocr_line' id='line_1_47' title="bbox 165 2343 934 2379; baseline 0.003 -10"><span class='ocrx_word' id='word_1_367' title='bbox 165 2353 178 2368; x_wconf 91' lang='lat'>«</span> <span class='ocrx_word' id='word_1_368' title='bbox 187 2343 323 2371; x_wconf 85' lang='lat' dir='ltr'><strong>eamdem</strong></span> <span class='ocrx_word' id='word_1_369' title='bbox 331 2343 451 2371; x_wconf 84' lang='lat' dir='ltr'><strong>Mariam</strong></span> <span class='ocrx_word' id='word_1_370' title='bbox 462 2343 508 2370; x_wconf 89' lang='lat' dir='ltr'><strong>bis</strong></span> <span class='ocrx_word' id='word_1_371' title='bbox 516 2343 574 2371; x_wconf 90' lang='lat' dir='ltr'><strong>hoc</strong></span> <span class='ocrx_word' id='word_1_372' title='bbox 586 2343 687 2371; x_wconf 84' lang='lat' dir='ltr'><strong>fecisse</strong></span> <span class='ocrx_word' id='word_1_373' title='bbox 699 2353 705 2370; x_wconf 78' lang='lat' dir='ltr'>z</span> <span class='ocrx_word' id='word_1_374' title='bbox 717 2343 806 2371; x_wconf 87' lang='lat' dir='ltr'><strong>semel</strong></span> <span class='ocrx_word' id='word_1_375' title='bbox 816 2344 934 2379; x_wconf 87' lang='lat' dir='ltr'><strong>scilicet,</strong></span> 
     </span>
    </p>
   </div>
   <div class='ocr_carea' id='block_1_5' title="bbox 157 2413 934 2550">
    <p class='ocr_par' dir='ltr' id='par_1_6' title="bbox 157 2413 934 2550">
     <span class='ocr_line' id='line_1_48' title="bbox 194 2413 933 2446; baseline 0.001 -9"><span class='ocrx_word' id='word_1_376' title='bbox 194 2415 200 2430; x_wconf 91' lang='lat'>¹</span> <span class='ocrx_word' id='word_1_377' title='bbox 217 2414 273 2443; x_wconf 80' lang='lat' dir='ltr'><strong>lnf.,</strong></span> <span class='ocrx_word' id='word_1_378' title='bbox 291 2416 312 2436; x_wconf 75' lang='lat'><strong>53.</strong></span> <span class='ocrx_word' id='word_1_379' title='bbox 328 2426 359 2430; x_wconf 92' lang='lat'>—</span> <span class='ocrx_word' id='word_1_380' title='bbox 375 2413 383 2427; x_wconf 79' lang='lat'><em>²</em></span> <span class='ocrx_word' id='word_1_381' title='bbox 398 2413 458 2442; x_wconf 60' lang='lat' dir='ltr'><strong>int,</strong></span> <span class='ocrx_word' id='word_1_382' title='bbox 474 2415 510 2437; x_wconf 82' lang='grc' dir='ltr'><strong>Π.</strong></span> <span class='ocrx_word' id='word_1_383' title='bbox 529 2427 559 2431; x_wconf 90' lang='grc'>-</span> <span class='ocrx_word' id='word_1_384' title='bbox 575 2414 586 2430; x_wconf 81' lang='lat'><strong>³</strong></span> <span class='ocrx_word' id='word_1_385' title='bbox 604 2414 660 2444; x_wconf 67' lang='lat' dir='ltr'><strong>inf„</strong></span> <span class='ocrx_word' id='word_1_386' title='bbox 679 2415 718 2437; x_wconf 74' lang='lat'><strong>20.</strong></span> <span class='ocrx_word' id='word_1_387' title='bbox 734 2427 763 2432; x_wconf 88' lang='lat'><strong>—·</strong></span> <span class='ocrx_word' id='word_1_388' title='bbox 779 2415 785 2427; x_wconf 78' lang='lat'>¹</span> <span class='ocrx_word' id='word_1_389' title='bbox 802 2414 890 2445; x_wconf 60' lang='lat' dir='ltr'><strong>Eccli„</strong></span> <span class='ocrx_word' id='word_1_390' title='bbox 908 2421 933 2446; x_wconf 85' lang='lat' dir='ltr'><strong>x,</strong></span> 
     </span>
     <span class='ocr_line' id='line_1_49' title="bbox 157 2449 932 2480; baseline 0.003 -8"><span class='ocrx_word' id='word_1_391' title='bbox 157 2449 201 2473; x_wconf 80' lang='grc' dir='ltr'><strong>Ἡ.</strong></span> <span class='ocrx_word' id='word_1_392' title='bbox 217 2462 246 2466; x_wconf 95' lang='grc'><strong>-</strong></span> <span class='ocrx_word' id='word_1_393' title='bbox 261 2449 271 2465; x_wconf 79' lang='lat'>⁵</span> <span class='ocrx_word' id='word_1_394' title='bbox 286 2449 344 2475; x_wconf 68' lang='lat' dir='ltr'><strong>lea..</strong></span> <span class='ocrx_word' id='word_1_395' title='bbox 360 2455 432 2479; x_wconf 67' lang='lat' dir='ltr'><strong>nix,</strong></span> <span class='ocrx_word' id='word_1_396' title='bbox 448 2449 469 2472; x_wconf 77' lang='lat'><strong>8.</strong></span> <span class='ocrx_word' id='word_1_397' title='bbox 487 2461 515 2466; x_wconf 79' lang='lat'>-</span> <span class='ocrx_word' id='word_1_398' title='bbox 532 2450 540 2463; x_wconf 80' lang='lat'><strong><em>⁶</em></strong></span> <span class='ocrx_word' id='word_1_399' title='bbox 558 2450 630 2480; x_wconf 59' lang='lat' dir='ltr'><strong>Sap,</strong></span> <span class='ocrx_word' id='word_1_400' title='bbox 645 2455 669 2479; x_wconf 85' lang='lat' dir='ltr'><strong>v,</strong></span> <span class='ocrx_word' id='word_1_401' title='bbox 686 2450 723 2473; x_wconf 66' lang='lat'><strong>253.</strong></span> <span class='ocrx_word' id='word_1_402' title='bbox 736 2462 766 2466; x_wconf 91' lang='lat'>—</span> <span class='ocrx_word' id='word_1_403' title='bbox 781 2450 788 2463; x_wconf 86' lang='lat'>⁷</span> <span class='ocrx_word' id='word_1_404' title='bbox 804 2450 870 2480; x_wconf 66' lang='lat' dir='ltr'><strong>Luc..</strong></span> <span class='ocrx_word' id='word_1_405' title='bbox 888 2456 932 2480; x_wconf 78' lang='grc' dir='ltr'><strong>νιι,</strong></span> 
     </span>
     <span class='ocr_line' id='line_1_50' title="bbox 164 2483 932 2516; baseline 0.001 -8"><span class='ocrx_word' id='word_1_406' title='bbox 164 2486 202 2508; x_wconf 88' lang='grc'><strong>38.</strong></span> <span class='ocrx_word' id='word_1_407' title='bbox 217 2498 247 2501; x_wconf 93' lang='grc'>-</span> <span class='ocrx_word' id='word_1_408' title='bbox 260 2483 410 2513; x_wconf 81' lang='lat' dir='ltr'><strong>⁸1ns.,xn‚</strong></span> <span class='ocrx_word' id='word_1_409' title='bbox 428 2486 455 2513; x_wconf 71' lang='lat'><strong>3,</strong></span> <span class='ocrx_word' id='word_1_410' title='bbox 478 2484 577 2512; x_wconf 63' lang='lat' dir='ltr'><strong>Manli„</strong></span> <span class='ocrx_word' id='word_1_411' title='bbox 592 2490 662 2514; x_wconf 73' lang='lat' dir='ltr'><strong>xxvi,</strong></span> <span class='ocrx_word' id='word_1_412' title='bbox 681 2485 712 2514; x_wconf 75' lang='lat'><strong>7;</strong></span> <span class='ocrx_word' id='word_1_413' title='bbox 730 2484 817 2516; x_wconf 58' lang='lat' dir='ltr'><strong>Marc„</strong></span> <span class='ocrx_word' id='word_1_414' title='bbox 836 2491 889 2514; x_wconf 82' lang='lat' dir='ltr'><strong>xiv,</strong></span> <span class='ocrx_word' id='word_1_415' title='bbox 909 2488 932 2510; x_wconf 83' lang='lat'><strong>3.</strong></span> 
     </span>
     <span class='ocr_line' id='line_1_51' title="bbox 164 2519 934 2550; baseline 0.003 -7"><span class='ocrx_word' id='word_1_416' title='bbox 164 2532 194 2536; x_wconf 97' lang='lat'><strong>—</strong></span> <span class='ocrx_word' id='word_1_417' title='bbox 208 2519 216 2533; x_wconf 75' lang='lat'>⁹</span> <span class='ocrx_word' id='word_1_418' title='bbox 232 2519 372 2550; x_wconf 63' lang='lat' dir='ltr'><strong>Chrymst..</strong></span> <span class='ocrx_word' id='word_1_419' title='bbox 388 2520 413 2542; x_wconf 83' lang='lat' dir='ltr'><strong>in</strong></span> <span class='ocrx_word' id='word_1_420' title='bbox 431 2520 512 2547; x_wconf 82' lang='lat' dir='ltr'><strong>Joan.,</strong></span> <span class='ocrx_word' id='word_1_421' title='bbox 527 2519 598 2543; x_wconf 85' lang='lat' dir='ltr'><strong>hom.</strong></span> <span class='ocrx_word' id='word_1_422' title='bbox 619 2525 676 2548; x_wconf 68' lang='lat' dir='ltr'><strong>Lm,</strong></span> <span class='ocrx_word' id='word_1_423' title='bbox 693 2520 724 2543; x_wconf 86' lang='lat' dir='ltr'><strong>al.</strong></span> <span class='ocrx_word' id='word_1_424' title='bbox 744 2525 812 2550; x_wconf 81' lang='lat' dir='ltr'><strong>an,</strong></span> <span class='ocrx_word' id='word_1_425' title='bbox 826 2527 851 2544; x_wconf 91' lang='lat' dir='ltr'><strong>n.</strong></span> <span class='ocrx_word' id='word_1_426' title='bbox 870 2523 890 2545; x_wconf 87' lang='lat' dir='ltr'><strong>t.</strong></span> <span class='ocrx_word' id='word_1_427' title='bbox 904 2535 934 2539; x_wconf 97' lang='lat'><strong>—</strong></span> 
     </span>
    </p>
   </div>
   <div class='ocr_carea' id='block_1_6' title="bbox 165 2554 933 2655">
    <p class='ocr_par' dir='ltr' id='par_1_7' title="bbox 165 2554 933 2655">
     <span class='ocr_line' id='line_1_52' title="bbox 165 2554 933 2587; baseline 0.003 -9"><span class='ocrx_word' id='word_1_428' title='bbox 165 2554 184 2569; x_wconf 84' lang='lat'><strong>¹⁸</strong></span> <span class='ocrx_word' id='word_1_429' title='bbox 199 2555 272 2585; x_wconf 61' lang='lat' dir='ltr'><strong>Aug„</strong></span> <span class='ocrx_word' id='word_1_430' title='bbox 291 2555 316 2577; x_wconf 84' lang='grc' dir='ltr'><strong>ιἰι</strong></span> <span class='ocrx_word' id='word_1_431' title='bbox 337 2555 418 2583; x_wconf 64' lang='lat' dir='ltr'><strong>laam,</strong></span> <span class='ocrx_word' id='word_1_432' title='bbox 437 2556 510 2578; x_wconf 79' lang='lat' dir='ltr'><strong>tract.</strong></span> <span class='ocrx_word' id='word_1_433' title='bbox 528 2560 604 2584; x_wconf 57' lang='lat' dir='ltr'><strong>&gt;xi-ix,</strong></span> <span class='ocrx_word' id='word_1_434' title='bbox 623 2562 648 2578; x_wconf 88' lang='lat' dir='ltr'><strong>n.</strong></span> <span class='ocrx_word' id='word_1_435' title='bbox 667 2556 690 2578; x_wconf 77' lang='grc'><strong>3.</strong></span> <span class='ocrx_word' id='word_1_436' title='bbox 707 2567 738 2572; x_wconf 88' lang='lat'><strong>—·</strong></span> <span class='ocrx_word' id='word_1_437' title='bbox 757 2555 774 2571; x_wconf 83' lang='lat'><strong>¹¹</strong></span> <span class='ocrx_word' id='word_1_438' title='bbox 796 2555 861 2585; x_wconf 57' lang='lat' dir='ltr'><strong>Luc,</strong></span> <span class='ocrx_word' id='word_1_439' title='bbox 882 2562 933 2587; x_wconf 78' lang='lat' dir='ltr'><strong>vii,</strong></span> 
     </span>
     <span class='ocr_line' id='line_1_53' title="bbox 166 2590 933 2623; baseline 0.005 -11"><span class='ocrx_word' id='word_1_440' title='bbox 166 2590 205 2613; x_wconf 82' lang='lat'><strong>37.</strong></span> <span class='ocrx_word' id='word_1_441' title='bbox 215 2601 241 2606; x_wconf 94' lang='lat'>-</span> <span class='ocrx_word' id='word_1_442' title='bbox 254 2590 271 2604; x_wconf 86' lang='lat'><strong>&#39;²</strong></span> <span class='ocrx_word' id='word_1_443' title='bbox 283 2590 368 2621; x_wconf 62' lang='lat' dir='ltr'><strong>Greg„</strong></span> <span class='ocrx_word' id='word_1_444' title='bbox 382 2590 407 2613; x_wconf 84' lang='lat' dir='ltr'><strong>in</strong></span> <span class='ocrx_word' id='word_1_445' title='bbox 421 2590 529 2621; x_wconf 62' lang='lat' dir='ltr'><strong>Evauq„</strong></span> <span class='ocrx_word' id='word_1_446' title='bbox 541 2590 584 2614; x_wconf 88' lang='lat' dir='ltr'><strong>lib.</strong></span> <span class='ocrx_word' id='word_1_447' title='bbox 601 2591 629 2620; x_wconf 80' lang='lat' dir='ltr'><strong>lt,</strong></span> <span class='ocrx_word' id='word_1_448' title='bbox 641 2590 711 2614; x_wconf 86' lang='lat' dir='ltr'><strong>hom.</strong></span> <span class='ocrx_word' id='word_1_449' title='bbox 726 2596 781 2620; x_wconf 55' lang='grc' dir='ltr'><strong>νιν,</strong></span> <span class='ocrx_word' id='word_1_450' title='bbox 794 2590 826 2614; x_wconf 79' lang='lat' dir='ltr'><strong>al.</strong></span> <span class='ocrx_word' id='word_1_451' title='bbox 840 2598 933 2623; x_wconf 74' lang='lat' dir='ltr'><strong>xxxin,</strong></span> 
     </span>
     <span class='ocr_line' id='line_1_54' title="bbox 166 2625 933 2655; baseline 0.003 -7"><span class='ocrx_word' id='word_1_452' title='bbox 166 2631 190 2649; x_wconf 90' lang='lat' dir='ltr'><strong>n.</strong></span> <span class='ocrx_word' id='word_1_453' title='bbox 212 2627 233 2648; x_wconf 80' lang='lat' dir='ltr'><strong>t.</strong></span> <span class='ocrx_word' id='word_1_454' title='bbox 257 2637 288 2642; x_wconf 97' lang='lat'><strong>—</strong></span> <span class='ocrx_word' id='word_1_455' title='bbox 307 2625 326 2641; x_wconf 78' lang='lat'><strong>¹³</strong></span> <span class='ocrx_word' id='word_1_456' title='bbox 347 2625 436 2655; x_wconf 63' lang='lat' dir='ltr'><strong>Marc„</strong></span> <span class='ocrx_word' id='word_1_457' title='bbox 460 2631 519 2653; x_wconf 76' lang='lat' dir='ltr'><strong>xvi,</strong></span> <span class='ocrx_word' id='word_1_458' title='bbox 542 2627 565 2650; x_wconf 82' lang='grc'><strong>9.</strong></span> <span class='ocrx_word' id='word_1_459' title='bbox 580 2639 611 2643; x_wconf 94' lang='grc'><strong>-</strong></span> <span class='ocrx_word' id='word_1_460' title='bbox 634 2625 652 2641; x_wconf 76' lang='lat'><strong>¹⁸</strong></span> <span class='ocrx_word' id='word_1_461' title='bbox 672 2627 746 2655; x_wconf 66' lang='lat' dir='ltr'><strong>Aug,</strong></span> <span class='ocrx_word' id='word_1_462' title='bbox 766 2625 796 2648; x_wconf 81' lang='lat' dir='ltr'><strong>de</strong></span> <span class='ocrx_word' id='word_1_463' title='bbox 816 2626 933 2651; x_wconf 75' lang='lat' dir='ltr'><strong>Concorcl.</strong></span> 
     </span>
    </p>
   </div>
   <div class='ocr_carea' id='block_1_7' title="bbox 1703 199 1759 226">
    <p class='ocr_par' dir='ltr' id='par_1_8' title="bbox 1703 199 1759 226">
     <span class='ocr_line' id='line_1_55' title="bbox 1703 199 1759 226; baseline -0.018 0"><span class='ocrx_word' id='word_1_464' title='bbox 1703 199 1759 226; x_wconf 67' lang='lat'><strong>407</strong></span> 
     </span>
    </p>
   </div>
   <div class='ocr_carea' id='block_1_8' title="bbox 987 260 1765 1362">
    <p class='ocr_par' dir='ltr' id='par_1_9' title="bbox 987 260 1765 1362">
     <span class='ocr_line' id='line_1_56' title="bbox 991 260 1757 296; baseline -0.001 -9"><span class='ocrx_word' id='word_1_465' title='bbox 991 260 1074 294; x_wconf 83' lang='lat' dir='ltr'><strong>quod</strong></span> <span class='ocrx_word' id='word_1_466' title='bbox 1089 261 1179 288; x_wconf 85' lang='lat' dir='ltr'><strong>Lucas</strong></span> <span class='ocrx_word' id='word_1_467' title='bbox 1193 260 1332 288; x_wconf 83' lang='lat' dir='ltr'><strong>narravit.</strong></span> <span class='ocrx_word' id='word_1_468' title='bbox 1348 263 1421 288; x_wconf 78' lang='lat' dir='ltr'><strong>Nam</strong></span> <span class='ocrx_word' id='word_1_469' title='bbox 1433 263 1459 288; x_wconf 84' lang='lat' dir='ltr'><strong>et</strong></span> <span class='ocrx_word' id='word_1_470' title='bbox 1472 261 1529 288; x_wconf 89' lang='lat' dir='ltr'><strong>hoc</strong></span> <span class='ocrx_word' id='word_1_471' title='bbox 1545 262 1581 296; x_wconf 76' lang='lat' dir='ltr'><strong>(a)</strong></span> <span class='ocrx_word' id='word_1_472' title='bbox 1597 263 1732 296; x_wconf 84' lang='lat' dir='ltr'><strong>Joannes,</strong></span> <span class='ocrx_word' id='word_1_473' title='bbox 1744 272 1757 286; x_wconf 64' lang='grc' dir='ltr'><strong>η</strong></span> 
     </span>
     <span class='ocr_line' id='line_1_57' title="bbox 989 305 1761 342; baseline 0.005 -11"><span class='ocrx_word' id='word_1_474' title='bbox 989 305 1098 333; x_wconf 80' lang='lat' dir='ltr'><strong>scilicet</strong></span> <span class='ocrx_word' id='word_1_475' title='bbox 1110 306 1167 339; x_wconf 87' lang='lat' dir='ltr'><strong>hic,</strong></span> <span class='ocrx_word' id='word_1_476' title='bbox 1183 316 1195 332; x_wconf 86' lang='lat'>«</span> <span class='ocrx_word' id='word_1_477' title='bbox 1210 306 1346 342; x_wconf 73' lang='lat' dir='ltr'><strong>quamvis</strong></span> <span class='ocrx_word' id='word_1_478' title='bbox 1358 314 1417 334; x_wconf 92' lang='lat' dir='ltr'><strong>non</strong></span> <span class='ocrx_word' id='word_1_479' title='bbox 1429 306 1503 334; x_wconf 87' lang='lat' dir='ltr'><strong>sicut</strong></span> <span class='ocrx_word' id='word_1_480' title='bbox 1516 308 1605 334; x_wconf 85' lang='lat' dir='ltr'><strong>Lucas</strong></span> <span class='ocrx_word' id='word_1_481' title='bbox 1619 308 1761 342; x_wconf 87' lang='lat' dir='ltr'><strong>quemad·</strong></span> 
     </span>
     <span class='ocr_line' id='line_1_58' title="bbox 989 352 1759 389; baseline 0.003 -11"><span class='ocrx_word' id='word_1_482' title='bbox 989 352 1112 378; x_wconf 83' lang='lat' dir='ltr'><strong>modum</strong></span> <span class='ocrx_word' id='word_1_483' title='bbox 1136 352 1244 379; x_wconf 86' lang='lat' dir='ltr'><strong>factum</strong></span> <span class='ocrx_word' id='word_1_484' title='bbox 1265 355 1339 380; x_wconf 87' lang='lat' dir='ltr'><strong>esset</strong></span> <span class='ocrx_word' id='word_1_485' title='bbox 1356 353 1528 385; x_wconf 79' lang='lat' dir='ltr'><strong>narraverit,</strong></span> <span class='ocrx_word' id='word_1_486' title='bbox 1546 355 1644 380; x_wconf 81' lang='lat' dir='ltr'><strong>tamen</strong></span> <span class='ocrx_word' id='word_1_487' title='bbox 1664 353 1759 389; x_wconf 87' lang='lat' dir='ltr'><strong>ipsam</strong></span> 
     </span>
     <span class='ocr_line' id='line_1_59' title="bbox 988 398 1761 434; baseline 0.004 -10"><span class='ocrx_word' id='word_1_488' title='bbox 988 398 1106 425; x_wconf 83' lang='lat' dir='ltr'><strong>Mariam</strong></span> <span class='ocrx_word' id='word_1_489' title='bbox 1115 399 1327 433; x_wconf 88' lang='lat' dir='ltr'><strong>commendans</strong></span> <span class='ocrx_word' id='word_1_490' title='bbox 1334 399 1576 427; x_wconf 80' lang='lat' dir='ltr'><strong>commemoravit</strong></span> <span class='ocrx_word' id='word_1_491' title='bbox 1585 400 1632 434; x_wconf 72' lang='lat' dir='ltr'><strong>(b),</strong></span> <span class='ocrx_word' id='word_1_492' title='bbox 1640 411 1653 423; x_wconf 74' lang='lat' dir='ltr'>n</span> <span class='ocrx_word' id='word_1_493' title='bbox 1667 402 1719 427; x_wconf 85' lang='lat' dir='ltr'><strong>etc.</strong></span> <span class='ocrx_word' id='word_1_494' title='bbox 1730 402 1761 427; x_wconf 87' lang='lat' dir='ltr'><strong>Et</strong></span> 
     </span>
     <span class='ocr_line' id='line_1_60' title="bbox 988 443 1760 480; baseline 0.004 -11"><span class='ocrx_word' id='word_1_495' title='bbox 988 443 1207 477; x_wconf 83' lang='lat' dir='ltr'><strong>ita,secundum</strong></span> <span class='ocrx_word' id='word_1_496' title='bbox 1219 446 1422 480; x_wconf 83' lang='lat' dir='ltr'><strong>Augustinum,</strong></span> <span class='ocrx_word' id='word_1_497' title='bbox 1434 446 1473 472; x_wconf 92' lang='lat' dir='ltr'><strong>ibi</strong></span> <span class='ocrx_word' id='word_1_498' title='bbox 1485 446 1589 473; x_wconf 73' lang='lat' dir='ltr'><strong>eadem</strong></span> <span class='ocrx_word' id='word_1_499' title='bbox 1598 445 1651 473; x_wconf 79' lang='lat' dir='ltr'><strong>tuit</strong></span> <span class='ocrx_word' id='word_1_500' title='bbox 1662 446 1760 474; x_wconf 83' lang='lat' dir='ltr'><strong>Maria.</strong></span> 
     </span>
     <span class='ocr_line' id='line_1_61' title="bbox 988 491 1763 527; baseline 0.003 -10"><span class='ocrx_word' id='word_1_501' title='bbox 988 491 1059 517; x_wconf 92' lang='lat' dir='ltr'><strong>ltem</strong></span> <span class='ocrx_word' id='word_1_502' title='bbox 1072 491 1110 518; x_wconf 86' lang='lat' dir='ltr'><strong>ait</strong></span> <span class='ocrx_word' id='word_1_503' title='bbox 1125 492 1277 518; x_wconf 85' lang='lat' dir='ltr'><strong>Anselmus</strong></span> <span class='ocrx_word' id='word_1_504' title='bbox 1291 492 1338 519; x_wconf 91' lang='lat' dir='ltr'><strong>hic</strong></span> <span class='ocrx_word' id='word_1_505' title='bbox 1355 501 1362 518; x_wconf 89' lang='lat'>:</span> <span class='ocrx_word' id='word_1_506' title='bbox 1383 503 1394 516; x_wconf 85' lang='lat'>«</span> <span class='ocrx_word' id='word_1_507' title='bbox 1405 492 1489 525; x_wconf 84' lang='lat' dir='ltr'><strong>Quod</strong></span> <span class='ocrx_word' id='word_1_508' title='bbox 1500 492 1598 527; x_wconf 87' lang='lat' dir='ltr'><strong>plures</strong></span> <span class='ocrx_word' id='word_1_509' title='bbox 1612 492 1698 527; x_wconf 83' lang='lat' dir='ltr'><strong>hujus</strong></span> <span class='ocrx_word' id='word_1_510' title='bbox 1710 501 1763 519; x_wconf 92' lang='lat' dir='ltr'><strong>no-</strong></span> 
     </span>
     <span class='ocr_line' id='line_1_62' title="bbox 989 536 1763 572; baseline 0.003 -9"><span class='ocrx_word' id='word_1_511' title='bbox 989 536 1075 563; x_wconf 85' lang='lat' dir='ltr'><strong>minis</strong></span> <span class='ocrx_word' id='word_1_512' title='bbox 1091 539 1182 571; x_wconf 87' lang='lat' dir='ltr'><strong>erant,</strong></span> <span class='ocrx_word' id='word_1_513' title='bbox 1199 538 1305 565; x_wconf 82' lang='lat' dir='ltr'><strong>scilicet</strong></span> <span class='ocrx_word' id='word_1_514' title='bbox 1319 538 1406 572; x_wconf 90' lang='lat' dir='ltr'><strong>hujus</strong></span> <span class='ocrx_word' id='word_1_515' title='bbox 1422 539 1528 571; x_wconf 56' lang='grc' dir='ltr'><em>Μανία,</em></span> <span class='ocrx_word' id='word_1_516' title='bbox 1546 546 1582 565; x_wconf 89' lang='lat' dir='ltr'><strong>ne</strong></span> <span class='ocrx_word' id='word_1_517' title='bbox 1598 546 1763 565; x_wconf 83' lang='lat' dir='ltr'><strong>erraremus</strong></span> 
     </span>
     <span class='ocr_line' id='line_1_63' title="bbox 989 583 1762 619; baseline 0.004 -10"><span class='ocrx_word' id='word_1_518' title='bbox 989 590 1023 610; x_wconf 83' lang='lat' dir='ltr'><strong>ex</strong></span> <span class='ocrx_word' id='word_1_519' title='bbox 1037 583 1166 616; x_wconf 83' lang='lat' dir='ltr'><strong>nomine,</strong></span> <span class='ocrx_word' id='word_1_520' title='bbox 1180 584 1342 611; x_wconf 85' lang='lat' dir='ltr'><strong>ostenditur</strong></span> <span class='ocrx_word' id='word_1_521' title='bbox 1354 593 1390 611; x_wconf 74' lang='lat' dir='ltr'><strong>ex</strong></span> <span class='ocrx_word' id='word_1_522' title='bbox 1404 584 1556 611; x_wconf 84' lang='lat' dir='ltr'><strong>notissima</strong></span> <span class='ocrx_word' id='word_1_523' title='bbox 1567 585 1692 619; x_wconf 89' lang='lat' dir='ltr'><strong>actione,</strong></span> <span class='ocrx_word' id='word_1_524' title='bbox 1709 585 1762 612; x_wconf 80' lang='lat' dir='ltr'><strong>sci-</strong></span> 
     </span>
     <span class='ocr_line' id='line_1_64' title="bbox 987 628 1763 666; baseline 0.005 -11"><span class='ocrx_word' id='word_1_525' title='bbox 987 628 1053 656; x_wconf 88' lang='lat' dir='ltr'><strong>licet</strong></span> <span class='ocrx_word' id='word_1_526' title='bbox 1069 637 1127 663; x_wconf 80' lang='lat' dir='ltr'><strong>quoe</strong></span> <span class='ocrx_word' id='word_1_527' title='bbox 1141 631 1223 656; x_wconf 76' lang='lat' dir='ltr'><strong>unoeit</strong></span> <span class='ocrx_word' id='word_1_528' title='bbox 1246 632 1396 657; x_wconf 75' lang='lat' dir='ltr'><strong>Dominum.</strong></span> <span class='ocrx_word' id='word_1_529' title='bbox 1412 640 1425 655; x_wconf 73' lang='lat' dir='ltr'>u</span> <span class='ocrx_word' id='word_1_530' title='bbox 1444 632 1518 665; x_wconf 85' lang='lat' dir='ltr'><strong>Ergo</strong></span> <span class='ocrx_word' id='word_1_531' title='bbox 1534 633 1566 657; x_wconf 92' lang='lat' dir='ltr'><strong>ut</strong></span> <span class='ocrx_word' id='word_1_532' title='bbox 1585 631 1675 666; x_wconf 88' lang='lat' dir='ltr'><strong>prius.</strong></span> <span class='ocrx_word' id='word_1_533' title='bbox 1692 633 1763 659; x_wconf 87' lang='lat' dir='ltr'><strong>ltem</strong></span> 
     </span>
     <span class='ocr_line' id='line_1_65' title="bbox 988 675 1763 713; baseline 0.004 -11"><span class='ocrx_word' id='word_1_534' title='bbox 988 675 1044 702; x_wconf 89' lang='lat' dir='ltr'><strong>hoc</strong></span> <span class='ocrx_word' id='word_1_535' title='bbox 1058 675 1201 710; x_wconf 88' lang='lat' dir='ltr'><strong>probatur</strong></span> <span class='ocrx_word' id='word_1_536' title='bbox 1221 683 1256 702; x_wconf 77' lang='lat' dir='ltr'><strong>ex</strong></span> <span class='ocrx_word' id='word_1_537' title='bbox 1273 678 1353 703; x_wconf 71' lang='lat' dir='ltr'><strong>textu</strong></span> <span class='ocrx_word' id='word_1_538' title='bbox 1369 684 1375 702; x_wconf 71' lang='grc' dir='ltr'><em>τ</em></span> <span class='ocrx_word' id='word_1_539' title='bbox 1392 676 1431 703; x_wconf 87' lang='lat' dir='ltr'><strong>ait</strong></span> <span class='ocrx_word' id='word_1_540' title='bbox 1451 677 1528 703; x_wconf 88' lang='lat' dir='ltr'><strong>enim</strong></span> <span class='ocrx_word' id='word_1_541' title='bbox 1543 677 1600 711; x_wconf 90' lang='lat' dir='ltr'><strong>hic,</strong></span> <span class='ocrx_word' id='word_1_542' title='bbox 1615 677 1696 713; x_wconf 87' lang='lat' dir='ltr'><strong>quod</strong></span> <span class='ocrx_word' id='word_1_543' title='bbox 1710 678 1763 705; x_wconf 89' lang='lat' dir='ltr'><strong>illa</strong></span> 
     </span>
     <span class='ocr_line' id='line_1_66' title="bbox 989 723 1762 758; baseline 0.005 -10"><span class='ocrx_word' id='word_1_544' title='bbox 989 723 1050 748; x_wconf 87' lang='lat' dir='ltr'><strong>erat</strong></span> <span class='ocrx_word' id='word_1_545' title='bbox 1072 723 1172 755; x_wconf 83' lang='lat' dir='ltr'><strong>Maria,</strong></span> <span class='ocrx_word' id='word_1_546' title='bbox 1190 731 1248 756; x_wconf 83' lang='lat' dir='ltr'><strong>quae</strong></span> <span class='ocrx_word' id='word_1_547' title='bbox 1268 725 1350 749; x_wconf 48' lang='lat' dir='ltr'><strong>unt-cit</strong></span> <span class='ocrx_word' id='word_1_548' title='bbox 1370 724 1510 750; x_wconf 75' lang='lat' dir='ltr'><strong>Dominum</strong></span> <span class='ocrx_word' id='word_1_549' title='bbox 1531 728 1665 758; x_wconf 60' lang='lat' dir='ltr'><strong>unguento</strong></span> <span class='ocrx_word' id='word_1_550' title='bbox 1684 733 1694 751; x_wconf 94' lang='grc'><strong>.·</strong></span> <span class='ocrx_word' id='word_1_551' title='bbox 1710 724 1762 752; x_wconf 87' lang='lat' dir='ltr'><strong>sed</strong></span> 
     </span>
     <span class='ocr_line' id='line_1_67' title="bbox 990 768 1760 806; baseline 0.004 -11"><span class='ocrx_word' id='word_1_552' title='bbox 990 776 1049 795; x_wconf 89' lang='lat' dir='ltr'><strong>uon</strong></span> <span class='ocrx_word' id='word_1_553' title='bbox 1060 768 1153 795; x_wconf 83' lang='lat' dir='ltr'><strong>fuerat</strong></span> <span class='ocrx_word' id='word_1_554' title='bbox 1164 768 1240 796; x_wconf 84' lang='lat' dir='ltr'><strong>facta</strong></span> <span class='ocrx_word' id='word_1_555' title='bbox 1247 769 1378 796; x_wconf 87' lang='lat' dir='ltr'><strong>secunda</strong></span> <span class='ocrx_word' id='word_1_556' title='bbox 1392 770 1501 803; x_wconf 89' lang='lat' dir='ltr'><strong>unctio,</strong></span> <span class='ocrx_word' id='word_1_557' title='bbox 1515 770 1551 798; x_wconf 89' lang='lat' dir='ltr'><strong>de</strong></span> <span class='ocrx_word' id='word_1_558' title='bbox 1563 779 1622 806; x_wconf 86' lang='lat' dir='ltr'><strong>qua</strong></span> <span class='ocrx_word' id='word_1_559' title='bbox 1637 771 1712 798; x_wconf 85' lang='lat' dir='ltr'><strong>infra</strong></span> <span class='ocrx_word' id='word_1_560' title='bbox 1723 772 1742 788; x_wconf 82' lang='lat'><strong>¹⁵</strong></span> <span class='ocrx_word' id='word_1_561' title='bbox 1754 781 1760 798; x_wconf 75' lang='grc' dir='ltr'>ε</span> 
     </span>
     <span class='ocr_line' id='line_1_68' title="bbox 990 814 1763 852; baseline 0.004 -11"><span class='ocrx_word' id='word_1_562' title='bbox 990 822 1058 849; x_wconf 86' lang='lat' dir='ltr'><strong>ergo</strong></span> <span class='ocrx_word' id='word_1_563' title='bbox 1077 815 1131 842; x_wconf 86' lang='lat' dir='ltr'><strong>ista</strong></span> <span class='ocrx_word' id='word_1_564' title='bbox 1145 814 1198 842; x_wconf 85' lang='lat' dir='ltr'><strong>fuit</strong></span> <span class='ocrx_word' id='word_1_565' title='bbox 1213 816 1310 848; x_wconf 82' lang='lat' dir='ltr'><strong>Maria,</strong></span> <span class='ocrx_word' id='word_1_566' title='bbox 1325 823 1390 850; x_wconf 68' lang='lat' dir='ltr'><strong>quae</strong></span> <span class='ocrx_word' id='word_1_567' title='bbox 1405 817 1523 843; x_wconf 81' lang='lat' dir='ltr'><strong>accessit</strong></span> <span class='ocrx_word' id='word_1_568' title='bbox 1536 817 1681 852; x_wconf 78' lang='lat' dir='ltr'><strong>peccatrix</strong></span> <span class='ocrx_word' id='word_1_569' title='bbox 1696 825 1763 845; x_wconf 90' lang='lat' dir='ltr'><strong>cum</strong></span> 
     </span>
     <span class='ocr_line' id='line_1_69' title="bbox 988 860 1762 897; baseline 0.003 -9"><span class='ocrx_word' id='word_1_570' title='bbox 988 860 1150 888; x_wconf 85' lang='lat' dir='ltr'><strong>humilitate</strong></span> <span class='ocrx_word' id='word_1_571' title='bbox 1167 864 1194 888; x_wconf 89' lang='lat' dir='ltr'><strong>et</strong></span> <span class='ocrx_word' id='word_1_572' title='bbox 1208 861 1357 897; x_wconf 69' lang='lat' dir='ltr'><strong>lacrymis,</strong></span> <span class='ocrx_word' id='word_1_573' title='bbox 1374 864 1401 889; x_wconf 89' lang='lat' dir='ltr'><strong>et</strong></span> <span class='ocrx_word' id='word_1_574' title='bbox 1417 870 1481 897; x_wconf 82' lang='lat' dir='ltr'><strong>quae</strong></span> <span class='ocrx_word' id='word_1_575' title='bbox 1496 863 1602 890; x_wconf 89' lang='lat' dir='ltr'><strong>meruit</strong></span> <span class='ocrx_word' id='word_1_576' title='bbox 1615 864 1762 891; x_wconf 87' lang='lat' dir='ltr'><strong>remissio-</strong></span> 
     </span>
     <span class='ocr_line' id='line_1_70' title="bbox 989 908 1762 944; baseline 0.003 -10"><span class='ocrx_word' id='word_1_577' title='bbox 989 915 1057 934; x_wconf 89' lang='lat' dir='ltr'><strong>nem</strong></span> <span class='ocrx_word' id='word_1_578' title='bbox 1072 910 1270 943; x_wconf 86' lang='lat' dir='ltr'><strong>peccatorum,</strong></span> <span class='ocrx_word' id='word_1_579' title='bbox 1283 909 1353 943; x_wconf 88' lang='lat' dir='ltr'><strong>quia</strong></span> <span class='ocrx_word' id='word_1_580' title='bbox 1369 908 1480 942; x_wconf 72' lang='lat' dir='ltr'><strong>dilexit,</strong></span> <span class='ocrx_word' id='word_1_581' title='bbox 1493 908 1566 936; x_wconf 87' lang='lat' dir='ltr'><strong>sieut</strong></span> <span class='ocrx_word' id='word_1_582' title='bbox 1581 909 1691 944; x_wconf 87' lang='lat' dir='ltr'><strong>colligit</strong></span> <span class='ocrx_word' id='word_1_583' title='bbox 1706 912 1762 937; x_wconf 80' lang='lat' dir='ltr'><strong>Au-</strong></span> 
     </span>
     <span class='ocr_line' id='line_1_71' title="bbox 991 954 1764 988; baseline 0.004 -8"><span class='ocrx_word' id='word_1_584' title='bbox 991 954 1123 988; x_wconf 88' lang='lat' dir='ltr'><strong>gustinus</strong></span> <span class='ocrx_word' id='word_1_585' title='bbox 1137 955 1167 981; x_wconf 76' lang='lat'><strong>¹⁶.</strong></span> <span class='ocrx_word' id='word_1_586' title='bbox 1185 956 1216 981; x_wconf 86' lang='lat' dir='ltr'><strong>Et</strong></span> <span class='ocrx_word' id='word_1_587' title='bbox 1231 955 1308 982; x_wconf 86' lang='lat' dir='ltr'><strong>istud</strong></span> <span class='ocrx_word' id='word_1_588' title='bbox 1322 956 1517 982; x_wconf 89' lang='lat' dir='ltr'><strong>communiter</strong></span> <span class='ocrx_word' id='word_1_589' title='bbox 1532 958 1645 984; x_wconf 86' lang='lat' dir='ltr'><strong>tenetur</strong></span> <span class='ocrx_word' id='word_1_590' title='bbox 1663 964 1680 983; x_wconf 90' lang='lat' dir='ltr'><strong>a</strong></span> <span class='ocrx_word' id='word_1_591' title='bbox 1693 957 1764 983; x_wconf 86' lang='lat' dir='ltr'><strong>doc-</strong></span> 
     </span>
     <span class='ocr_line' id='line_1_72' title="bbox 990 1000 1764 1038; baseline 0.004 -11"><span class='ocrx_word' id='word_1_592' title='bbox 990 1000 1103 1027; x_wconf 85' lang='lat' dir='ltr'><strong>toribus</strong></span> <span class='ocrx_word' id='word_1_593' title='bbox 1126 1001 1232 1035; x_wconf 76' lang='lat' dir='ltr'><strong>latiniS,</strong></span> <span class='ocrx_word' id='word_1_594' title='bbox 1254 1002 1389 1036; x_wconf 77' lang='lat' dir='ltr'><strong>quamvis</strong></span> <span class='ocrx_word' id='word_1_595' title='bbox 1412 1002 1494 1029; x_wconf 83' lang='lat' dir='ltr'><strong>aliud</strong></span> <span class='ocrx_word' id='word_1_596' title='bbox 1515 1002 1650 1030; x_wconf 78' lang='lat' dir='ltr'><strong>videatur</strong></span> <span class='ocrx_word' id='word_1_597' title='bbox 1677 1003 1764 1038; x_wconf 75' lang='lat' dir='ltr'><strong>Chry-</strong></span> 
     </span>
     <span class='ocr_line' id='line_1_73' title="bbox 990 1048 1764 1084; baseline 0.003 -10"><span class='ocrx_word' id='word_1_598' title='bbox 990 1048 1120 1074; x_wconf 85' lang='lat' dir='ltr'><strong>sostomo</strong></span> <span class='ocrx_word' id='word_1_599' title='bbox 1132 1050 1157 1074; x_wconf 93' lang='lat' dir='ltr'><strong>et</strong></span> <span class='ocrx_word' id='word_1_600' title='bbox 1167 1048 1266 1082; x_wconf 71' lang='lat' dir='ltr'><strong>graecis</strong></span> <span class='ocrx_word' id='word_1_601' title='bbox 1278 1048 1459 1075; x_wconf 84' lang='lat' dir='ltr'><strong>doctoribus.</strong></span> <span class='ocrx_word' id='word_1_602' title='bbox 1473 1049 1553 1076; x_wconf 80' lang='lat' dir='ltr'><strong>Unde</strong></span> <span class='ocrx_word' id='word_1_603' title='bbox 1565 1052 1592 1076; x_wconf 86' lang='lat' dir='ltr'><strong>et</strong></span> <span class='ocrx_word' id='word_1_604' title='bbox 1605 1050 1643 1077; x_wconf 88' lang='lat' dir='ltr'><strong>ait</strong></span> <span class='ocrx_word' id='word_1_605' title='bbox 1652 1052 1764 1084; x_wconf 81' lang='lat' dir='ltr'><strong>Augus-</strong></span> 
     </span>
     <span class='ocr_line' id='line_1_74' title="bbox 990 1094 1764 1129; baseline 0.003 -9"><span class='ocrx_word' id='word_1_606' title='bbox 990 1094 1067 1120; x_wconf 78' lang='lat' dir='ltr'><strong>tinus</strong></span> <span class='ocrx_word' id='word_1_607' title='bbox 1091 1094 1153 1126; x_wconf 78' lang='lat' dir='ltr'><strong>hic,</strong></span> <span class='ocrx_word' id='word_1_608' title='bbox 1186 1094 1268 1129; x_wconf 85' lang='lat' dir='ltr'><strong>quod</strong></span> <span class='ocrx_word' id='word_1_609' title='bbox 1290 1104 1302 1119; x_wconf 73' lang='grc' dir='ltr'><strong>ιι</strong></span> <span class='ocrx_word' id='word_1_610' title='bbox 1328 1094 1391 1129; x_wconf 82' lang='lat' dir='ltr'><strong>ipsa</strong></span> <span class='ocrx_word' id='word_1_611' title='bbox 1419 1094 1473 1121; x_wconf 79' lang='lat' dir='ltr'><strong>fnit</strong></span> <span class='ocrx_word' id='word_1_612' title='bbox 1496 1095 1602 1122; x_wconf 88' lang='lat' dir='ltr'><strong>melius</strong></span> <span class='ocrx_word' id='word_1_613' title='bbox 1628 1096 1764 1123; x_wconf 81' lang='lat' dir='ltr'><strong>suscitata</strong></span> 
     </span>
     <span class='ocr_line' id='line_1_75' title="bbox 990 1140 1764 1175; baseline 0.004 -9"><span class='ocrx_word' id='word_1_614' title='bbox 990 1148 1081 1175; x_wconf 88' lang='lat' dir='ltr'><strong>quam</strong></span> <span class='ocrx_word' id='word_1_615' title='bbox 1104 1140 1200 1174; x_wconf 82' lang='lat' dir='ltr'><strong>frater,</strong></span> <span class='ocrx_word' id='word_1_616' title='bbox 1217 1140 1287 1175; x_wconf 89' lang='lat' dir='ltr'><strong>quia</strong></span> <span class='ocrx_word' id='word_1_617' title='bbox 1311 1140 1347 1167; x_wconf 92' lang='lat' dir='ltr'><strong>de</strong></span> <span class='ocrx_word' id='word_1_618' title='bbox 1371 1148 1480 1175; x_wconf 85' lang='lat' dir='ltr'><strong>magna</strong></span> <span class='ocrx_word' id='word_1_619' title='bbox 1504 1141 1581 1168; x_wconf 83' lang='lat' dir='ltr'><strong>mole</strong></span> <span class='ocrx_word' id='word_1_620' title='bbox 1609 1145 1764 1169; x_wconf 89' lang='lat' dir='ltr'><strong>consuetu-</strong></span> 
     </span>
     <span class='ocr_line' id='line_1_76' title="bbox 991 1186 1764 1224; baseline 0.004 -11"><span class='ocrx_word' id='word_1_621' title='bbox 991 1187 1066 1213; x_wconf 89' lang='lat' dir='ltr'><strong>dinis</strong></span> <span class='ocrx_word' id='word_1_622' title='bbox 1081 1186 1165 1214; x_wconf 78' lang='lat' dir='ltr'><strong>malae</strong></span> <span class='ocrx_word' id='word_1_623' title='bbox 1179 1187 1303 1214; x_wconf 88' lang='lat' dir='ltr'><strong>liberata</strong></span> <span class='ocrx_word' id='word_1_624' title='bbox 1318 1190 1359 1214; x_wconf 82' lang='lat' dir='ltr'><strong>est</strong></span> <span class='ocrx_word' id='word_1_625' title='bbox 1376 1197 1382 1214; x_wconf 67' lang='grc' dir='ltr'><strong><em>ς</em></strong></span> <span class='ocrx_word' id='word_1_626' title='bbox 1399 1189 1460 1214; x_wconf 87' lang='lat' dir='ltr'><strong>erat</strong></span> <span class='ocrx_word' id='word_1_627' title='bbox 1475 1188 1553 1214; x_wconf 88' lang='lat' dir='ltr'><strong>enim</strong></span> <span class='ocrx_word' id='word_1_628' title='bbox 1568 1188 1682 1215; x_wconf 84' lang='lat' dir='ltr'><strong>famosa</strong></span> <span class='ocrx_word' id='word_1_629' title='bbox 1697 1197 1764 1224; x_wconf 85' lang='lat' dir='ltr'><strong>pec-</strong></span> 
     </span>
     <span class='ocr_line' id='line_1_77' title="bbox 991 1233 1765 1263; baseline 0.004 -4"><span class='ocrx_word' id='word_1_630' title='bbox 991 1233 1082 1260; x_wconf 74' lang='lat' dir='ltr'><strong>catrix</strong></span> <span class='ocrx_word' id='word_1_631' title='bbox 1099 1242 1104 1259; x_wconf 95' lang='lat'><strong>:</strong></span> <span class='ocrx_word' id='word_1_632' title='bbox 1122 1235 1148 1260; x_wconf 82' lang='lat' dir='ltr'><strong>et</strong></span> <span class='ocrx_word' id='word_1_633' title='bbox 1170 1233 1207 1260; x_wconf 87' lang='lat' dir='ltr'><strong>de</strong></span> <span class='ocrx_word' id='word_1_634' title='bbox 1226 1233 1276 1260; x_wconf 80' lang='lat' dir='ltr'><strong>illa</strong></span> <span class='ocrx_word' id='word_1_635' title='bbox 1292 1233 1403 1260; x_wconf 88' lang='lat' dir='ltr'><strong>dictum</strong></span> <span class='ocrx_word' id='word_1_636' title='bbox 1419 1236 1460 1261; x_wconf 88' lang='lat' dir='ltr'><strong>est</strong></span> <span class='ocrx_word' id='word_1_637' title='bbox 1481 1234 1500 1251; x_wconf 77' lang='lat'><strong>¹⁷</strong></span> <span class='ocrx_word' id='word_1_638' title='bbox 1517 1243 1523 1260; x_wconf 70' lang='grc' dir='ltr'>ε</span> <span class='ocrx_word' id='word_1_639' title='bbox 1543 1245 1555 1259; x_wconf 75' lang='grc' dir='ltr'><strong>(ι</strong></span> <span class='ocrx_word' id='word_1_640' title='bbox 1571 1235 1765 1263; x_wconf 59' lang='lat' dir='ltr'><strong>[remittuntur</strong></span> 
     </span>
     <span class='ocr_line' id='line_1_78' title="bbox 991 1280 1762 1316; baseline 0 -10"><span class='ocrx_word' id='word_1_641' title='bbox 991 1280 1017 1306; x_wconf 90' lang='lat' dir='ltr'><strong>ei</strong></span> <span class='ocrx_word' id='word_1_642' title='bbox 1038 1282 1158 1314; x_wconf 81' lang='lat' dir='ltr'><strong>peccata</strong></span> <span class='ocrx_word' id='word_1_643' title='bbox 1179 1280 1283 1313; x_wconf 87' lang='lat' dir='ltr'><strong>multa,</strong></span> <span class='ocrx_word' id='word_1_644' title='bbox 1304 1281 1445 1316; x_wconf 85' lang='lat' dir='ltr'><strong>quoniam</strong></span> <span class='ocrx_word' id='word_1_645' title='bbox 1470 1280 1571 1307; x_wconf 76' lang='lat' dir='ltr'><strong>dilexit</strong></span> <span class='ocrx_word' id='word_1_646' title='bbox 1595 1281 1730 1308; x_wconf 86' lang='lat' dir='ltr'><strong>multum.</strong></span> <span class='ocrx_word' id='word_1_647' title='bbox 1748 1292 1762 1307; x_wconf 69' lang='lat' dir='ltr'>n</span> 
     </span>
     <span class='ocr_line' id='line_1_79' title="bbox 992 1326 1764 1362; baseline 0.001 -9"><span class='ocrx_word' id='word_1_648' title='bbox 992 1328 1022 1353; x_wconf 87' lang='lat' dir='ltr'><strong>Et</strong></span> <span class='ocrx_word' id='word_1_649' title='bbox 1031 1326 1066 1353; x_wconf 85' lang='lat' dir='ltr'><strong>de</strong></span> <span class='ocrx_word' id='word_1_650' title='bbox 1078 1326 1121 1353; x_wconf 88' lang='lat' dir='ltr'><strong>his</strong></span> <span class='ocrx_word' id='word_1_651' title='bbox 1134 1326 1209 1353; x_wconf 88' lang='lat' dir='ltr'><strong>bene</strong></span> <span class='ocrx_word' id='word_1_652' title='bbox 1220 1326 1250 1353; x_wconf 92' lang='lat' dir='ltr'><strong>in</strong></span> <span class='ocrx_word' id='word_1_653' title='bbox 1263 1326 1371 1354; x_wconf 80' lang='lat' dir='ltr'><strong>Glossa.</strong></span> <span class='ocrx_word' id='word_1_654' title='bbox 1382 1327 1487 1360; x_wconf 57' lang='lat' dir='ltr'><strong>Quaerit</strong></span> <span class='ocrx_word' id='word_1_655' title='bbox 1500 1327 1724 1362; x_wconf 67' lang='lat' dir='ltr'><strong>Chrysostomus</strong></span> <span class='ocrx_word' id='word_1_656' title='bbox 1734 1328 1764 1361; x_wconf 69' lang='lat'><strong>¹⁸,</strong></span> 
     </span>
    </p>
   </div>
   <div class='ocr_carea' id='block_1_9' title="bbox 991 1372 1822 1408">
    <p class='ocr_par' dir='ltr' id='par_1_10' title="bbox 991 1372 1822 1408">
     <span class='ocr_line' id='line_1_80' title="bbox 991 1372 1822 1408; baseline 0.004 -10"><span class='ocrx_word' id='word_1_657' title='bbox 991 1380 1083 1407; x_wconf 84' lang='lat' dir='ltr'><strong>quare</strong></span> <span class='ocrx_word' id='word_1_658' title='bbox 1099 1373 1137 1399; x_wconf 88' lang='lat' dir='ltr'><strong>ait</strong></span> <span class='ocrx_word' id='word_1_659' title='bbox 1153 1372 1198 1399; x_wconf 86' lang='lat' dir='ltr'><strong>hic</strong></span> <span class='ocrx_word' id='word_1_660' title='bbox 1214 1373 1250 1400; x_wconf 90' lang='lat' dir='ltr'><strong>de</strong></span> <span class='ocrx_word' id='word_1_661' title='bbox 1272 1374 1378 1400; x_wconf 88' lang='lat' dir='ltr'><strong>Lazaro</strong></span> <span class='ocrx_word' id='word_1_662' title='bbox 1395 1373 1478 1408; x_wconf 86' lang='lat' dir='ltr'><strong>quod</strong></span> <span class='ocrx_word' id='word_1_663' title='bbox 1492 1373 1697 1401; x_wconf 83' lang='lat' dir='ltr'><strong>infirmabatur</strong></span> <span class='ocrx_word' id='word_1_664' title='bbox 1707 1375 1720 1400; x_wconf 76' lang='lat'><strong>³!</strong></span> <span class='ocrx_word' id='word_1_665' title='bbox 1734 1376 1766 1401; x_wconf 88' lang='lat' dir='ltr'><strong>Et</strong></span> <span class='ocrx_word' id='word_1_666' title='bbox 1811 1384 1822 1389; x_wconf 77' lang='grc'><em>·</em></span> 
     </span>
    </p>
   </div>
   <div class='ocr_carea' id='block_1_10' title="bbox 987 1419 1765 2583">
    <p class='ocr_par' dir='ltr' id='par_1_11' title="bbox 987 1419 1765 2583">
     <span class='ocr_line' id='line_1_81' title="bbox 990 1419 1765 1455; baseline 0.003 -10"><span class='ocrx_word' id='word_1_667' title='bbox 990 1419 1029 1445; x_wconf 90' lang='lat' dir='ltr'><strong>ad</strong></span> <span class='ocrx_word' id='word_1_668' title='bbox 1044 1419 1098 1446; x_wconf 83' lang='lat' dir='ltr'><strong>hoc</strong></span> <span class='ocrx_word' id='word_1_669' title='bbox 1117 1419 1285 1454; x_wconf 74' lang='lat' dir='ltr'><strong>respondet,</strong></span> <span class='ocrx_word' id='word_1_670' title='bbox 1303 1420 1385 1455; x_wconf 84' lang='lat' dir='ltr'><strong>quod</strong></span> <span class='ocrx_word' id='word_1_671' title='bbox 1404 1420 1489 1446; x_wconf 88' lang='lat' dir='ltr'><strong>multi</strong></span> <span class='ocrx_word' id='word_1_672' title='bbox 1509 1420 1664 1447; x_wconf 88' lang='lat' dir='ltr'><strong>hominum</strong></span> <span class='ocrx_word' id='word_1_673' title='bbox 1683 1428 1765 1447; x_wconf 81' lang='lat' dir='ltr'><strong>scan-</strong></span> 
     </span>
     <span class='ocr_line' id='line_1_82' title="bbox 990 1464 1764 1502; baseline 0.004 -11"><span class='ocrx_word' id='word_1_674' title='bbox 990 1464 1164 1498; x_wconf 81' lang='lat' dir='ltr'><strong>dalizantur,</strong></span> <span class='ocrx_word' id='word_1_675' title='bbox 1181 1473 1248 1492; x_wconf 90' lang='lat' dir='ltr'><strong>cum</strong></span> <span class='ocrx_word' id='word_1_676' title='bbox 1269 1465 1370 1492; x_wconf 85' lang='lat' dir='ltr'><strong>vident</strong></span> <span class='ocrx_word' id='word_1_677' title='bbox 1390 1466 1536 1499; x_wconf 90' lang='lat' dir='ltr'><strong>homines,</strong></span> <span class='ocrx_word' id='word_1_678' title='bbox 1552 1466 1603 1501; x_wconf 84' lang='lat' dir='ltr'><strong>qui</strong></span> <span class='ocrx_word' id='word_1_679' title='bbox 1624 1468 1681 1493; x_wconf 89' lang='lat' dir='ltr'><strong>Deo</strong></span> <span class='ocrx_word' id='word_1_680' title='bbox 1702 1466 1764 1502; x_wconf 89' lang='lat' dir='ltr'><strong>pla-</strong></span> 
     </span>
     <span class='ocr_line' id='line_1_83' title="bbox 990 1511 1764 1547; baseline 0.003 -10"><span class='ocrx_word' id='word_1_681' title='bbox 990 1513 1064 1544; x_wconf 86' lang='lat' dir='ltr'><strong>cent,</strong></span> <span class='ocrx_word' id='word_1_682' title='bbox 1080 1511 1193 1546; x_wconf 75' lang='lat' dir='ltr'><strong>aliquid</strong></span> <span class='ocrx_word' id='word_1_683' title='bbox 1207 1512 1267 1546; x_wconf 87' lang='lat' dir='ltr'><strong>pati</strong></span> <span class='ocrx_word' id='word_1_684' title='bbox 1289 1521 1295 1539; x_wconf 92' lang='lat'>:</span> <span class='ocrx_word' id='word_1_685' title='bbox 1316 1512 1477 1539; x_wconf 84' lang='lat' dir='ltr'><strong>nescientes</strong></span> <span class='ocrx_word' id='word_1_686' title='bbox 1496 1512 1638 1547; x_wconf 83' lang='lat' dir='ltr'><strong>quoniam</strong></span> <span class='ocrx_word' id='word_1_687' title='bbox 1653 1513 1764 1539; x_wconf 86' lang='lat' dir='ltr'><strong>amico-</strong></span> 
     </span>
     <span class='ocr_line' id='line_1_84' title="bbox 989 1557 1764 1593; baseline 0.001 -9"><span class='ocrx_word' id='word_1_688' title='bbox 989 1565 1054 1584; x_wconf 87' lang='lat' dir='ltr'><strong>rum</strong></span> <span class='ocrx_word' id='word_1_689' title='bbox 1070 1557 1119 1584; x_wconf 85' lang='lat' dir='ltr'><strong>Dei</strong></span> <span class='ocrx_word' id='word_1_690' title='bbox 1134 1559 1174 1584; x_wconf 88' lang='lat' dir='ltr'><strong>est</strong></span> <span class='ocrx_word' id='word_1_691' title='bbox 1189 1557 1256 1592; x_wconf 85' lang='lat' dir='ltr'><strong>hoc,</strong></span> <span class='ocrx_word' id='word_1_692' title='bbox 1272 1558 1380 1585; x_wconf 79' lang='lat' dir='ltr'><strong>scilicet</strong></span> <span class='ocrx_word' id='word_1_693' title='bbox 1391 1558 1481 1593; x_wconf 58' lang='lat' dir='ltr'><strong>pati«</strong></span> <span class='ocrx_word' id='word_1_694' title='bbox 1492 1559 1583 1591; x_wconf 86' lang='lat' dir='ltr'><strong>Quem</strong></span> <span class='ocrx_word' id='word_1_695' title='bbox 1595 1559 1674 1585; x_wconf 89' lang='lat' dir='ltr'><strong>enim</strong></span> <span class='ocrx_word' id='word_1_696' title='bbox 1687 1558 1706 1575; x_wconf 71' lang='lat'><strong>¹⁹</strong></span> <span class='ocrx_word' id='word_1_697' title='bbox 1723 1559 1764 1585; x_wconf 86' lang='lat' dir='ltr'><strong>di-</strong></span> 
     </span>
     <span class='ocr_line' id='line_1_85' title="bbox 989 1603 1765 1640; baseline 0.003 -10"><span class='ocrx_word' id='word_1_698' title='bbox 989 1603 1052 1638; x_wconf 78' lang='lat' dir='ltr'><strong>ligit</strong></span> <span class='ocrx_word' id='word_1_699' title='bbox 1068 1605 1151 1637; x_wconf 84' lang='lat' dir='ltr'><strong>Deus,</strong></span> <span class='ocrx_word' id='word_1_700' title='bbox 1168 1604 1297 1639; x_wconf 81' lang='lat' dir='ltr'><strong>corripit.</strong></span> <span class='ocrx_word' id='word_1_701' title='bbox 1314 1614 1327 1630; x_wconf 84' lang='lat'>»</span> <span class='ocrx_word' id='word_1_702' title='bbox 1346 1606 1376 1631; x_wconf 88' lang='lat' dir='ltr'><strong>Et</strong></span> <span class='ocrx_word' id='word_1_703' title='bbox 1392 1607 1462 1632; x_wconf 82' lang='lat' dir='ltr'><strong>nota</strong></span> <span class='ocrx_word' id='word_1_704' title='bbox 1477 1605 1641 1632; x_wconf 88' lang='lat' dir='ltr'><strong>secundum</strong></span> <span class='ocrx_word' id='word_1_705' title='bbox 1654 1608 1765 1640; x_wconf 84' lang='lat' dir='ltr'><strong>Augus-</strong></span> 
     </span>
     <span class='ocr_line' id='line_1_86' title="bbox 990 1650 1765 1686; baseline 0.003 -10"><span class='ocrx_word' id='word_1_706' title='bbox 990 1650 1081 1677; x_wconf 89' lang='lat' dir='ltr'><strong>tinum</strong></span> <span class='ocrx_word' id='word_1_707' title='bbox 1096 1652 1128 1685; x_wconf 69' lang='lat'><strong>²⁰,</strong></span> <span class='ocrx_word' id='word_1_708' title='bbox 1144 1651 1227 1686; x_wconf 89' lang='lat' dir='ltr'><strong>quod</strong></span> <span class='ocrx_word' id='word_1_709' title='bbox 1247 1659 1326 1678; x_wconf 88' lang='lat' dir='ltr'><strong>mors</strong></span> <span class='ocrx_word' id='word_1_710' title='bbox 1346 1651 1443 1678; x_wconf 81' lang='lat' dir='ltr'><strong>Lazari</strong></span> <span class='ocrx_word' id='word_1_711' title='bbox 1463 1651 1561 1686; x_wconf 79' lang='lat' dir='ltr'><strong>figura</strong></span> <span class='ocrx_word' id='word_1_712' title='bbox 1581 1654 1622 1678; x_wconf 87' lang='lat' dir='ltr'><strong>est</strong></span> <span class='ocrx_word' id='word_1_713' title='bbox 1642 1652 1765 1679; x_wconf 83' lang='lat' dir='ltr'><strong>resusci-</strong></span> 
     </span>
     <span class='ocr_line' id='line_1_87' title="bbox 989 1696 1764 1732; baseline 0.003 -10"><span class='ocrx_word' id='word_1_714' title='bbox 989 1696 1105 1723; x_wconf 85' lang='lat' dir='ltr'><strong>tationis</strong></span> <span class='ocrx_word' id='word_1_715' title='bbox 1124 1696 1230 1723; x_wconf 82' lang='lat' dir='ltr'><strong>animae</strong></span> <span class='ocrx_word' id='word_1_716' title='bbox 1253 1705 1271 1723; x_wconf 87' lang='lat' dir='ltr'><strong>a</strong></span> <span class='ocrx_word' id='word_1_717' title='bbox 1292 1699 1412 1732; x_wconf 88' lang='lat' dir='ltr'><strong>peccato</strong></span> <span class='ocrx_word' id='word_1_718' title='bbox 1431 1706 1436 1724; x_wconf 93' lang='lat'>:</span> <span class='ocrx_word' id='word_1_719' title='bbox 1457 1697 1540 1725; x_wconf 83' lang='lat' dir='ltr'><strong>etsie</strong></span> <span class='ocrx_word' id='word_1_720' title='bbox 1561 1697 1714 1724; x_wconf 84' lang='lat' dir='ltr'><strong>infirmitas</strong></span> <span class='ocrx_word' id='word_1_721' title='bbox 1730 1698 1764 1724; x_wconf 86' lang='lat' dir='ltr'><strong>fi-</strong></span> 
     </span>
     <span class='ocr_line' id='line_1_88' title="bbox 989 1742 1765 1778; baseline 0.004 -10"><span class='ocrx_word' id='word_1_722' title='bbox 989 1749 1062 1776; x_wconf 83' lang='lat' dir='ltr'><strong>gura</strong></span> <span class='ocrx_word' id='word_1_723' title='bbox 1079 1742 1265 1770; x_wconf 83' lang='lat' dir='ltr'><strong>infirmitatis.</strong></span> <span class='ocrx_word' id='word_1_724' title='bbox 1286 1743 1366 1769; x_wconf 88' lang='lat' dir='ltr'><strong>Unde</strong></span> <span class='ocrx_word' id='word_1_725' title='bbox 1385 1742 1425 1769; x_wconf 88' lang='lat' dir='ltr'><strong>ait</strong></span> <span class='ocrx_word' id='word_1_726' title='bbox 1448 1743 1531 1778; x_wconf 84' lang='lat' dir='ltr'><strong>quod</strong></span> <span class='ocrx_word' id='word_1_727' title='bbox 1555 1745 1612 1770; x_wconf 88' lang='lat' dir='ltr'><strong>tres</strong></span> <span class='ocrx_word' id='word_1_728' title='bbox 1632 1746 1765 1771; x_wconf 85' lang='lat' dir='ltr'><strong>mortuos</strong></span> 
     </span>
     <span class='ocr_line' id='line_1_89' title="bbox 989 1788 1764 1824; baseline 0.003 -9"><span class='ocrx_word' id='word_1_729' title='bbox 989 1788 1138 1815; x_wconf 86' lang='lat' dir='ltr'><strong>suscitavit</strong></span> <span class='ocrx_word' id='word_1_730' title='bbox 1149 1788 1295 1820; x_wconf 82' lang='lat' dir='ltr'><strong>Dominus,</strong></span> <span class='ocrx_word' id='word_1_731' title='bbox 1309 1789 1418 1816; x_wconf 87' lang='lat' dir='ltr'><strong>scilicet</strong></span> <span class='ocrx_word' id='word_1_732' title='bbox 1431 1789 1662 1824; x_wconf 79' lang='lat' dir='ltr'><strong>Archisynagogi</strong></span> <span class='ocrx_word' id='word_1_733' title='bbox 1677 1791 1708 1823; x_wconf 75' lang='lat'><strong>²¹,</strong></span> <span class='ocrx_word' id='word_1_734' title='bbox 1722 1790 1764 1824; x_wconf 87' lang='lat' dir='ltr'><strong>ja-</strong></span> 
     </span>
     <span class='ocr_line' id='line_1_90' title="bbox 989 1835 1764 1871; baseline 0.001 -9"><span class='ocrx_word' id='word_1_735' title='bbox 989 1837 1101 1862; x_wconf 89' lang='lat' dir='ltr'><strong>centem</strong></span> <span class='ocrx_word' id='word_1_736' title='bbox 1112 1835 1142 1862; x_wconf 93' lang='lat' dir='ltr'><strong>in</strong></span> <span class='ocrx_word' id='word_1_737' title='bbox 1154 1835 1260 1869; x_wconf 86' lang='lat' dir='ltr'><strong>domo;</strong></span> <span class='ocrx_word' id='word_1_738' title='bbox 1274 1836 1302 1862; x_wconf 90' lang='lat' dir='ltr'><strong>et</strong></span> <span class='ocrx_word' id='word_1_739' title='bbox 1314 1835 1454 1869; x_wconf 85' lang='lat' dir='ltr'><strong>juvenem</strong></span> <span class='ocrx_word' id='word_1_740' title='bbox 1465 1836 1497 1869; x_wconf 71' lang='lat'><strong>2²,</strong></span> <span class='ocrx_word' id='word_1_741' title='bbox 1512 1838 1593 1863; x_wconf 75' lang='lat' dir='ltr'><strong>extra</strong></span> <span class='ocrx_word' id='word_1_742' title='bbox 1607 1838 1720 1871; x_wconf 84' lang='lat' dir='ltr'><strong>portas,·</strong></span> <span class='ocrx_word' id='word_1_743' title='bbox 1737 1839 1764 1863; x_wconf 90' lang='lat' dir='ltr'><strong>et</strong></span> 
     </span>
     <span class='ocr_line' id='line_1_91' title="bbox 988 1881 1764 1917; baseline 0.003 -9"><span class='ocrx_word' id='word_1_744' title='bbox 988 1882 1126 1908; x_wconf 83' lang='lat' dir='ltr'><strong>Lazarum</strong></span> <span class='ocrx_word' id='word_1_745' title='bbox 1157 1881 1387 1916; x_wconf 86' lang='lat' dir='ltr'><strong>quatriduanum</strong></span> <span class='ocrx_word' id='word_1_746' title='bbox 1415 1881 1472 1908; x_wconf 90' lang='lat' dir='ltr'><strong>hic.</strong></span> <span class='ocrx_word' id='word_1_747' title='bbox 1498 1884 1529 1909; x_wconf 85' lang='lat' dir='ltr'><strong>Et</strong></span> <span class='ocrx_word' id='word_1_748' title='bbox 1553 1882 1679 1917; x_wconf 84' lang='lat' dir='ltr'><strong>signavit</strong></span> <span class='ocrx_word' id='word_1_749' title='bbox 1707 1885 1764 1910; x_wconf 88' lang='lat' dir='ltr'><strong>tres</strong></span> 
     </span>
     <span class='ocr_line' id='line_1_92' title="bbox 988 1927 1763 1963; baseline 0.004 -9"><span class='ocrx_word' id='word_1_750' title='bbox 988 1927 1222 1954; x_wconf 85' lang='lat' dir='ltr'><strong>resuscitationes</strong></span> <span class='ocrx_word' id='word_1_751' title='bbox 1249 1927 1414 1962; x_wconf 82' lang='lat' dir='ltr'><strong>spirituales</strong></span> <span class='ocrx_word' id='word_1_752' title='bbox 1443 1935 1462 1954; x_wconf 88' lang='lat' dir='ltr'><strong>a</strong></span> <span class='ocrx_word' id='word_1_753' title='bbox 1490 1928 1583 1955; x_wconf 84' lang='lat' dir='ltr'><strong>tribus</strong></span> <span class='ocrx_word' id='word_1_754' title='bbox 1606 1929 1763 1963; x_wconf 87' lang='lat' dir='ltr'><strong>generibus</strong></span> 
     </span>
     <span class='ocr_line' id='line_1_93' title="bbox 987 1973 1763 2011; baseline 0.004 -11"><span class='ocrx_word' id='word_1_755' title='bbox 987 1973 1108 2009; x_wconf 88' lang='lat' dir='ltr'><strong>peccati.</strong></span> <span class='ocrx_word' id='word_1_756' title='bbox 1126 1975 1197 2001; x_wconf 84' lang='lat' dir='ltr'><strong>Nam</strong></span> <span class='ocrx_word' id='word_1_757' title='bbox 1211 1976 1365 2009; x_wconf 88' lang='lat' dir='ltr'><strong>peccatum</strong></span> <span class='ocrx_word' id='word_1_758' title='bbox 1380 1976 1422 2001; x_wconf 85' lang='lat' dir='ltr'><strong>est</strong></span> <span class='ocrx_word' id='word_1_759' title='bbox 1436 1982 1516 2002; x_wconf 91' lang='lat' dir='ltr'><strong>mors</strong></span> <span class='ocrx_word' id='word_1_760' title='bbox 1531 1975 1635 2003; x_wconf 75' lang='lat' dir='ltr'><strong>animae</strong></span> <span class='ocrx_word' id='word_1_761' title='bbox 1652 1986 1658 2002; x_wconf 90' lang='lat'><strong>:</strong></span> <span class='ocrx_word' id='word_1_762' title='bbox 1680 1976 1763 2011; x_wconf 87' lang='lat' dir='ltr'><strong>quod</strong></span> 
     </span>
     <span class='ocr_line' id='line_1_94' title="bbox 989 2020 1760 2058; baseline 0.003 -10"><span class='ocrx_word' id='word_1_763' title='bbox 989 2020 1139 2055; x_wconf 84' lang='lat' dir='ltr'><strong>contingit,</strong></span> <span class='ocrx_word' id='word_1_764' title='bbox 1156 2020 1203 2047; x_wconf 88' lang='lat' dir='ltr'><strong>vel</strong></span> <span class='ocrx_word' id='word_1_765' title='bbox 1227 2020 1375 2047; x_wconf 88' lang='lat' dir='ltr'><strong>occultum</strong></span> <span class='ocrx_word' id='word_1_766' title='bbox 1400 2020 1431 2047; x_wconf 91' lang='lat' dir='ltr'><strong>in</strong></span> <span class='ocrx_word' id='word_1_767' title='bbox 1454 2021 1586 2049; x_wconf 87' lang='lat' dir='ltr'><strong>interiori</strong></span> <span class='ocrx_word' id='word_1_768' title='bbox 1606 2030 1760 2058; x_wconf 88' lang='lat' dir='ltr'><strong>consensu,</strong></span> 
     </span>
     <span class='ocr_line' id='line_1_95' title="bbox 988 2066 1764 2103; baseline 0.004 -10"><span class='ocrx_word' id='word_1_769' title='bbox 988 2067 1035 2094; x_wconf 75' lang='lat' dir='ltr'><strong>vel</strong></span> <span class='ocrx_word' id='word_1_770' title='bbox 1055 2066 1243 2094; x_wconf 85' lang='lat' dir='ltr'><strong>manifestum</strong></span> <span class='ocrx_word' id='word_1_771' title='bbox 1262 2066 1291 2093; x_wconf 89' lang='lat' dir='ltr'><strong>in</strong></span> <span class='ocrx_word' id='word_1_772' title='bbox 1314 2067 1450 2094; x_wconf 80' lang='lat' dir='ltr'><strong>exteriori</strong></span> <span class='ocrx_word' id='word_1_773' title='bbox 1470 2075 1571 2103; x_wconf 89' lang='lat' dir='ltr'><strong>opere,</strong></span> <span class='ocrx_word' id='word_1_774' title='bbox 1587 2069 1633 2095; x_wconf 89' lang='lat' dir='ltr'><strong>vel</strong></span> <span class='ocrx_word' id='word_1_775' title='bbox 1653 2069 1764 2096; x_wconf 84' lang='lat' dir='ltr'><strong>diutur-</strong></span> 
     </span>
     <span class='ocr_line' id='line_1_96' title="bbox 988 2113 1763 2149; baseline 0.003 -9"><span class='ocrx_word' id='word_1_776' title='bbox 988 2121 1059 2140; x_wconf 89' lang='lat' dir='ltr'><strong>num</strong></span> <span class='ocrx_word' id='word_1_777' title='bbox 1076 2113 1155 2140; x_wconf 87' lang='lat' dir='ltr'><strong>mala</strong></span> <span class='ocrx_word' id='word_1_778' title='bbox 1174 2113 1385 2140; x_wconf 85' lang='lat' dir='ltr'><strong>consuetudine</strong></span> <span class='ocrx_word' id='word_1_779' title='bbox 1403 2122 1409 2140; x_wconf 75' lang='lat' dir='ltr'>z</span> <span class='ocrx_word' id='word_1_780' title='bbox 1431 2121 1448 2141; x_wconf 85' lang='lat' dir='ltr'><strong>a</strong></span> <span class='ocrx_word' id='word_1_781' title='bbox 1467 2114 1577 2149; x_wconf 84' lang='lat' dir='ltr'><strong>quibus</strong></span> <span class='ocrx_word' id='word_1_782' title='bbox 1595 2117 1692 2142; x_wconf 83' lang='lat' dir='ltr'><strong>tamen</strong></span> <span class='ocrx_word' id='word_1_783' title='bbox 1708 2117 1763 2142; x_wconf 92' lang='lat' dir='ltr'><strong>Do-</strong></span> 
     </span>
     <span class='ocr_line' id='line_1_97' title="bbox 988 2158 1763 2195; baseline 0.003 -8"><span class='ocrx_word' id='word_1_784' title='bbox 988 2160 1085 2187; x_wconf 86' lang='lat' dir='ltr'><strong>minus</strong></span> <span class='ocrx_word' id='word_1_785' title='bbox 1099 2160 1259 2187; x_wconf 86' lang='lat' dir='ltr'><strong>resuscitat.</strong></span> <span class='ocrx_word' id='word_1_786' title='bbox 1276 2160 1370 2195; x_wconf 89' lang='lat' dir='ltr'><strong>Supra</strong></span> <span class='ocrx_word' id='word_1_787' title='bbox 1384 2158 1405 2176; x_wconf 72' lang='lat'><strong>²³</strong></span> <span class='ocrx_word' id='word_1_788' title='bbox 1427 2169 1432 2187; x_wconf 92' lang='lat'>:</span> <span class='ocrx_word' id='word_1_789' title='bbox 1453 2170 1465 2186; x_wconf 81' lang='grc' dir='ltr'><strong>ιι</strong></span> <span class='ocrx_word' id='word_1_790' title='bbox 1479 2160 1555 2188; x_wconf 90' lang='lat' dir='ltr'><strong>Sicut</strong></span> <span class='ocrx_word' id='word_1_791' title='bbox 1570 2164 1651 2189; x_wconf 85' lang='lat' dir='ltr'><strong>Pater</strong></span> <span class='ocrx_word' id='word_1_792' title='bbox 1665 2169 1763 2189; x_wconf 89' lang='lat' dir='ltr'><strong>resus-</strong></span> 
     </span>
     <span class='ocr_line' id='line_1_98' title="bbox 988 2206 1762 2243; baseline 0.001 -9"><span class='ocrx_word' id='word_1_793' title='bbox 988 2207 1055 2235; x_wconf 88' lang='lat' dir='ltr'><strong>citat</strong></span> <span class='ocrx_word' id='word_1_794' title='bbox 1070 2207 1103 2243; x_wconf 77' lang='lat' dir='ltr'><strong>(c)</strong></span> <span class='ocrx_word' id='word_1_795' title='bbox 1118 2209 1262 2239; x_wconf 89' lang='lat' dir='ltr'><strong>mortuos,</strong></span> <span class='ocrx_word' id='word_1_796' title='bbox 1279 2206 1318 2233; x_wconf 88' lang='lat' dir='ltr'><strong>sic</strong></span> <span class='ocrx_word' id='word_1_797' title='bbox 1332 2208 1359 2234; x_wconf 87' lang='lat' dir='ltr'><strong>et</strong></span> <span class='ocrx_word' id='word_1_798' title='bbox 1373 2206 1470 2234; x_wconf 88' lang='lat' dir='ltr'><strong>Filius.</strong></span> <span class='ocrx_word' id='word_1_799' title='bbox 1487 2217 1500 2232; x_wconf 66' lang='grc' dir='ltr'><strong>ν</strong></span> <span class='ocrx_word' id='word_1_800' title='bbox 1518 2207 1672 2235; x_wconf 90' lang='lat' dir='ltr'><strong>Infirmitas</strong></span> <span class='ocrx_word' id='word_1_801' title='bbox 1692 2216 1762 2236; x_wconf 74' lang='lat' dir='ltr'><strong>vero</strong></span> 
     </span>
     <span class='ocr_line' id='line_1_99' title="bbox 988 2253 1764 2289; baseline 0.001 -8"><span class='ocrx_word' id='word_1_802' title='bbox 988 2256 1030 2281; x_wconf 88' lang='lat' dir='ltr'><strong>est</strong></span> <span class='ocrx_word' id='word_1_803' title='bbox 1043 2253 1210 2281; x_wconf 83' lang='lat' dir='ltr'><strong>inordinata</strong></span> <span class='ocrx_word' id='word_1_804' title='bbox 1225 2253 1390 2286; x_wconf 81' lang='lat' dir='ltr'><strong>delectatio,</strong></span> <span class='ocrx_word' id='word_1_805' title='bbox 1401 2261 1572 2289; x_wconf 59' lang='lat' dir='ltr'><strong>praeparans</strong></span> <span class='ocrx_word' id='word_1_806' title='bbox 1585 2254 1622 2281; x_wconf 87' lang='lat' dir='ltr'><strong>ad</strong></span> <span class='ocrx_word' id='word_1_807' title='bbox 1637 2257 1764 2282; x_wconf 89' lang='lat' dir='ltr'><strong>mortem</strong></span> 
     </span>
     <span class='ocr_line' id='line_1_100' title="bbox 987 2299 1764 2336; baseline 0 -8"><span class='ocrx_word' id='word_1_808' title='bbox 987 2300 1109 2336; x_wconf 86' lang='lat' dir='ltr'><strong>peccati.</strong></span> <span class='ocrx_word' id='word_1_809' title='bbox 1125 2299 1205 2326; x_wconf 78' lang='lat' dir='ltr'><strong>L&#39;nde</strong></span> <span class='ocrx_word' id='word_1_810' title='bbox 1221 2301 1262 2326; x_wconf 89' lang='lat' dir='ltr'><strong>est</strong></span> <span class='ocrx_word' id='word_1_811' title='bbox 1283 2299 1436 2326; x_wconf 87' lang='lat' dir='ltr'><strong>infirmitas</strong></span> <span class='ocrx_word' id='word_1_812' title='bbox 1457 2300 1495 2327; x_wconf 89' lang='lat' dir='ltr'><strong>ad</strong></span> <span class='ocrx_word' id='word_1_813' title='bbox 1516 2300 1634 2336; x_wconf 88' lang='lat' dir='ltr'><strong>culpam</strong></span> <span class='ocrx_word' id='word_1_814' title='bbox 1655 2304 1764 2328; x_wconf 87' lang='lat' dir='ltr'><strong>morta-</strong></span> 
     </span>
     <span class='ocr_line' id='line_1_101' title="bbox 988 2346 1764 2382; baseline 0.001 -8"><span class='ocrx_word' id='word_1_815' title='bbox 988 2347 1046 2374; x_wconf 90' lang='lat' dir='ltr'><strong>lem</strong></span> <span class='ocrx_word' id='word_1_816' title='bbox 1067 2346 1226 2381; x_wconf 86' lang='lat' dir='ltr'><strong>disponens</strong></span> <span class='ocrx_word' id='word_1_817' title='bbox 1246 2347 1273 2372; x_wconf 88' lang='lat' dir='ltr'><strong>et</strong></span> <span class='ocrx_word' id='word_1_818' title='bbox 1291 2353 1478 2381; x_wconf 67' lang='lat' dir='ltr'><strong>prmparanS,</strong></span> <span class='ocrx_word' id='word_1_819' title='bbox 1499 2347 1582 2381; x_wconf 89' lang='lat' dir='ltr'><strong>cujus</strong></span> <span class='ocrx_word' id='word_1_820' title='bbox 1602 2347 1697 2382; x_wconf 88' lang='lat' dir='ltr'><strong>figura</strong></span> <span class='ocrx_word' id='word_1_821' title='bbox 1710 2346 1764 2375; x_wconf 86' lang='lat' dir='ltr'><strong>fuit</strong></span> 
     </span>
     <span class='ocr_line' id='line_1_102' title="bbox 990 2410 1763 2442; baseline 0.001 -8"><span class='ocrx_word' id='word_1_822' title='bbox 990 2411 1094 2441; x_wconf 62' lang='lat' dir='ltr'><strong>Evanq„</strong></span> <span class='ocrx_word' id='word_1_823' title='bbox 1109 2410 1152 2434; x_wconf 83' lang='lat' dir='ltr'><strong>lib.</strong></span> <span class='ocrx_word' id='word_1_824' title='bbox 1170 2410 1198 2438; x_wconf 84' lang='grc'><strong>11,</strong></span> <span class='ocrx_word' id='word_1_825' title='bbox 1216 2418 1238 2433; x_wconf 80' lang='lat' dir='ltr'><strong>c.</strong></span> <span class='ocrx_word' id='word_1_826' title='bbox 1254 2415 1343 2439; x_wconf 71' lang='lat' dir='ltr'><strong>Lxmx,</strong></span> <span class='ocrx_word' id='word_1_827' title='bbox 1360 2416 1387 2433; x_wconf 89' lang='lat' dir='ltr'><strong>n.</strong></span> <span class='ocrx_word' id='word_1_828' title='bbox 1407 2411 1462 2433; x_wconf 71' lang='lat'><strong>154.</strong></span> <span class='ocrx_word' id='word_1_829' title='bbox 1480 2423 1507 2428; x_wconf 82' lang='lat'>—</span> <span class='ocrx_word' id='word_1_830' title='bbox 1523 2411 1543 2427; x_wconf 78' lang='lat'><strong>¹⁵</strong></span> <span class='ocrx_word' id='word_1_831' title='bbox 1555 2411 1610 2441; x_wconf 65' lang='lat' dir='ltr'><strong>lun,</strong></span> <span class='ocrx_word' id='word_1_832' title='bbox 1627 2418 1679 2442; x_wconf 81' lang='lat' dir='ltr'><strong>xii,</strong></span> <span class='ocrx_word' id='word_1_833' title='bbox 1695 2413 1718 2435; x_wconf 88' lang='lat'><strong>3.</strong></span> <span class='ocrx_word' id='word_1_834' title='bbox 1736 2425 1763 2430; x_wconf 91' lang='lat'><strong>--</strong></span> 
     </span>
     <span class='ocr_line' id='line_1_103' title="bbox 990 2446 1761 2478; baseline 0.001 -8"><span class='ocrx_word' id='word_1_835' title='bbox 990 2447 1009 2463; x_wconf 61' lang='grc' dir='ltr'><strong>’Β</strong></span> <span class='ocrx_word' id='word_1_836' title='bbox 1023 2448 1096 2477; x_wconf 67' lang='lat' dir='ltr'><strong>Aug,</strong></span> <span class='ocrx_word' id='word_1_837' title='bbox 1113 2447 1138 2469; x_wconf 84' lang='lat' dir='ltr'><strong>in</strong></span> <span class='ocrx_word' id='word_1_838' title='bbox 1153 2446 1235 2474; x_wconf 64' lang='lat' dir='ltr'><strong>joan„</strong></span> <span class='ocrx_word' id='word_1_839' title='bbox 1251 2447 1323 2468; x_wconf 81' lang='lat' dir='ltr'><strong>tract.</strong></span> <span class='ocrx_word' id='word_1_840' title='bbox 1339 2451 1410 2475; x_wconf 72' lang='lat' dir='ltr'><strong>mx,</strong></span> <span class='ocrx_word' id='word_1_841' title='bbox 1427 2453 1454 2469; x_wconf 81' lang='grc' dir='ltr'><strong>ιι.</strong></span> <span class='ocrx_word' id='word_1_842' title='bbox 1467 2447 1489 2470; x_wconf 85' lang='lat'><strong>3.</strong></span> <span class='ocrx_word' id='word_1_843' title='bbox 1502 2459 1532 2463; x_wconf 93' lang='lat'>—</span> <span class='ocrx_word' id='word_1_844' title='bbox 1551 2447 1566 2461; x_wconf 84' lang='lat'><strong>¹⁷</strong></span> <span class='ocrx_word' id='word_1_845' title='bbox 1583 2447 1648 2478; x_wconf 61' lang='lat' dir='ltr'><strong>Luc„</strong></span> <span class='ocrx_word' id='word_1_846' title='bbox 1665 2453 1709 2478; x_wconf 76' lang='lat' dir='ltr'><strong>vn,</strong></span> <span class='ocrx_word' id='word_1_847' title='bbox 1723 2448 1761 2471; x_wconf 75' lang='lat'><strong>47.</strong></span> 
     </span>
     <span class='ocr_line' id='line_1_104' title="bbox 988 2480 1763 2512; baseline 0.001 -7"><span class='ocrx_word' id='word_1_848' title='bbox 988 2495 1019 2500; x_wconf 92' lang='lat'><em>-</em></span> <span class='ocrx_word' id='word_1_849' title='bbox 1042 2483 1060 2498; x_wconf 68' lang='lat'><strong>¹³</strong></span> <span class='ocrx_word' id='word_1_850' title='bbox 1084 2481 1224 2512; x_wconf 51' lang='grc' dir='ltr'><strong>(Πηγεμηί.γ</strong></span> <span class='ocrx_word' id='word_1_851' title='bbox 1249 2480 1291 2504; x_wconf 84' lang='lat' dir='ltr'><strong>ubi</strong></span> <span class='ocrx_word' id='word_1_852' title='bbox 1315 2488 1371 2511; x_wconf 83' lang='lat' dir='ltr'><strong>sup.</strong></span> <span class='ocrx_word' id='word_1_853' title='bbox 1395 2493 1426 2498; x_wconf 90' lang='lat'><em>-</em></span> <span class='ocrx_word' id='word_1_854' title='bbox 1451 2482 1470 2498; x_wconf 82' lang='lat'><strong>¹⁹</strong></span> <span class='ocrx_word' id='word_1_855' title='bbox 1495 2482 1577 2511; x_wconf 62' lang='lat' dir='ltr'><strong>Proin,</strong></span> <span class='ocrx_word' id='word_1_856' title='bbox 1602 2488 1646 2512; x_wconf 88' lang='lat'><strong>111,</strong></span> <span class='ocrx_word' id='word_1_857' title='bbox 1674 2485 1708 2506; x_wconf 74' lang='lat'><strong>12.</strong></span> <span class='ocrx_word' id='word_1_858' title='bbox 1732 2495 1763 2500; x_wconf 83' lang='lat'><em>-</em></span> 
     </span>
     <span class='ocr_line' id='line_1_105' title="bbox 987 2516 1761 2549; baseline 0 -10"><span class='ocrx_word' id='word_1_859' title='bbox 987 2519 1007 2534; x_wconf 83' lang='lat'><strong>²⁰</strong></span> <span class='ocrx_word' id='word_1_860' title='bbox 1022 2519 1096 2547; x_wconf 60' lang='lat' dir='ltr'><strong>Augu,</strong></span> <span class='ocrx_word' id='word_1_861' title='bbox 1112 2516 1154 2540; x_wconf 87' lang='lat' dir='ltr'><strong>uhi</strong></span> <span class='ocrx_word' id='word_1_862' title='bbox 1168 2523 1225 2547; x_wconf 87' lang='lat' dir='ltr'><strong>sup.</strong></span> <span class='ocrx_word' id='word_1_863' title='bbox 1236 2528 1266 2533; x_wconf 94' lang='lat'><strong>—-</strong></span> <span class='ocrx_word' id='word_1_864' title='bbox 1280 2516 1297 2532; x_wconf 82' lang='lat'><strong>²¹</strong></span> <span class='ocrx_word' id='word_1_865' title='bbox 1311 2517 1400 2547; x_wconf 54' lang='lat' dir='ltr'><strong>Marc„</strong></span> <span class='ocrx_word' id='word_1_866' title='bbox 1416 2522 1440 2547; x_wconf 79' lang='lat' dir='ltr'><strong>v,</strong></span> <span class='ocrx_word' id='word_1_867' title='bbox 1455 2518 1484 2541; x_wconf 73' lang='lat'><strong>22</strong></span> <span class='ocrx_word' id='word_1_868' title='bbox 1497 2519 1522 2541; x_wconf 75' lang='lat' dir='ltr'><strong>et</strong></span> <span class='ocrx_word' id='word_1_869' title='bbox 1539 2525 1593 2549; x_wconf 77' lang='lat' dir='ltr'><strong>seq.</strong></span> <span class='ocrx_word' id='word_1_870' title='bbox 1612 2531 1642 2535; x_wconf 88' lang='lat'>—</span> <span class='ocrx_word' id='word_1_871' title='bbox 1656 2518 1678 2534; x_wconf 80' lang='lat'><strong>²²</strong></span> <span class='ocrx_word' id='word_1_872' title='bbox 1696 2519 1761 2547; x_wconf 76' lang='lat' dir='ltr'><strong>Luc„</strong></span> 
     </span>
     <span class='ocr_line' id='line_1_106' title="bbox 989 2551 1438 2583; baseline 0.002 -8"><span class='ocrx_word' id='word_1_873' title='bbox 989 2558 1035 2582; x_wconf 80' lang='lat' dir='ltr'><strong>vri,</strong></span> <span class='ocrx_word' id='word_1_874' title='bbox 1052 2554 1078 2576; x_wconf 80' lang='lat'><strong>12</strong></span> <span class='ocrx_word' id='word_1_875' title='bbox 1091 2554 1115 2575; x_wconf 86' lang='lat' dir='ltr'><strong>et</strong></span> <span class='ocrx_word' id='word_1_876' title='bbox 1129 2558 1183 2582; x_wconf 83' lang='lat' dir='ltr'><strong>seq.</strong></span> <span class='ocrx_word' id='word_1_877' title='bbox 1197 2564 1227 2568; x_wconf 96' lang='lat'><strong>—</strong></span> <span class='ocrx_word' id='word_1_878' title='bbox 1241 2551 1260 2566; x_wconf 70' lang='lat'><strong>2³</strong></span> <span class='ocrx_word' id='word_1_879' title='bbox 1276 2552 1348 2582; x_wconf 58' lang='lat' dir='ltr'><strong>Sup„</strong></span> <span class='ocrx_word' id='word_1_880' title='bbox 1362 2558 1386 2583; x_wconf 90' lang='lat' dir='ltr'><strong>v,</strong></span> <span class='ocrx_word' id='word_1_881' title='bbox 1401 2554 1438 2576; x_wconf 82' lang='lat'><strong>21.</strong></span> 
     </span>
    </p>
   </div>
   <div class='ocr_carea' id='block_1_11' title="bbox 991 2593 1762 2660">
    <p class='ocr_par' dir='ltr' id='par_1_12' title="bbox 991 2593 1762 2660">
     <span class='ocr_line' id='line_1_107' title="bbox 1020 2593 1762 2625; baseline 0.003 -10"><span class='ocrx_word' id='word_1_882' title='bbox 1020 2594 1055 2625; x_wconf 58' lang='lat' dir='ltr'><strong>(1ss*</strong></span> <span class='ocrx_word' id='word_1_883' title='bbox 1072 2594 1132 2618; x_wconf 83' lang='lat' dir='ltr'><strong>Coet.</strong></span> <span class='ocrx_word' id='word_1_884' title='bbox 1146 2594 1206 2617; x_wconf 76' lang='lat' dir='ltr'><strong>edit.</strong></span> <span class='ocrx_word' id='word_1_885' title='bbox 1223 2593 1285 2617; x_wconf 83' lang='lat' dir='ltr'><strong>haec.</strong></span> <span class='ocrx_word' id='word_1_886' title='bbox 1297 2606 1325 2611; x_wconf 98' lang='lat'>—</span> <span class='ocrx_word' id='word_1_887' title='bbox 1342 2593 1374 2624; x_wconf 81' lang='grc'><strong>(1))</strong></span> <span class='ocrx_word' id='word_1_888' title='bbox 1391 2596 1453 2619; x_wconf 80' lang='lat' dir='ltr'><strong>Item</strong></span> <span class='ocrx_word' id='word_1_889' title='bbox 1469 2596 1718 2620; x_wconf 67' lang='lat' dir='ltr'><strong>commemoraverit.</strong></span> <span class='ocrx_word' id='word_1_890' title='bbox 1733 2608 1762 2613; x_wconf 93' lang='lat'>—</span> 
     </span>
     <span class='ocr_line' id='line_1_108' title="bbox 991 2629 1240 2660; baseline 0 -7"><span class='ocrx_word' id='word_1_891' title='bbox 991 2631 1020 2660; x_wconf 63' lang='lat' dir='ltr'><strong>(c,</strong></span> <span class='ocrx_word' id='word_1_892' title='bbox 1040 2629 1110 2660; x_wconf 66' lang='grc' dir='ltr'><em>ναῖς.</em></span> <span class='ocrx_word' id='word_1_893' title='bbox 1127 2629 1240 2653; x_wconf 72' lang='lat' dir='ltr'><strong>suscitat.</strong></span> 
     </span>
    </p>
   </div>
   <div class='ocr_carea' id='block_1_12' title="bbox 1777 1987 1888 2069">
    <p class='ocr_par' dir='ltr' id='par_1_13' title="bbox 1777 1987 1888 2069">
     <span class='ocr_line' id='line_1_109' title="bbox 1803 1987 1885 2006; baseline 0.012 -1"><span class='ocrx_word' id='word_1_894' title='bbox 1803 1987 1885 2006; x_wconf 80' lang='lat' dir='ltr'><strong>Pecca-</strong></span> 
     </span>
     <span class='ocr_line' id='line_1_110' title="bbox 1777 2018 1888 2038; baseline 0.018 -2"><span class='ocrx_word' id='word_1_895' title='bbox 1777 2018 1822 2037; x_wconf 85' lang='lat' dir='ltr'><strong>tum</strong></span> <span class='ocrx_word' id='word_1_896' title='bbox 1829 2024 1888 2038; x_wconf 83' lang='lat' dir='ltr'><strong>mors</strong></span> 
     </span>
     <span class='ocr_line' id='line_1_111' title="bbox 1786 2049 1873 2069; baseline 0.023 -2"><span class='ocrx_word' id='word_1_897' title='bbox 1786 2049 1873 2069; x_wconf 79' lang='lat' dir='ltr'><strong>animae.</strong></span> 
     </span>
    </p>
   </div>
  </div>
 </body>
</html>
