1987 3032
684 234 889 266 EXPOSITIO
911 233 949 264 IN
972 233 1056 264 CAP.
1080 232 1161 265 XIII.
1661 241 1718 270 433

130 303 158 329 et
175 302 267 330 verba
284 309 338 329 sua
355 308 416 328 non
433 300 651 335 accipientibus,
669 301 813 335 judicium
833 301 897 333 erit,

131 350 159 375 et
172 348 234 383 ipse
248 347 335 375 Filius
350 355 400 374 eos
411 346 573 381 judicabit¹
590 356 596 373 :
617 358 630 372 a
646 347 783 383 Disperge
798 355 899 382 super-

130 394 186 421 bos
198 394 228 420 in
241 393 339 420 furore
351 395 412 420 tuo.
430 402 442 417 »
468 392 511 419 lbi
532 393 704 427 Gregorius‘2
722 403 727 421 ι
747 404 760 418 α
780 395 855 420 Deus
869 392 899 419 in

132 442 261 467 extremo
273 439 397 474 judicio,
410 440 437 465 et
455 439 633 474 tranquillus
651 439 746 474 justis,
763 441 790 467 et
811 439 900 466 iratus

131 486 243 520 injustis
255 484 418 520 apparebit.
437 495 450 510 »
467 486 499 512 Et
509 485 576 512 ideo
590 493 669 512 nunc
681 488 769 513 restat
782 485 900 512 salubre

132 531 296 565 consilium,
312 530 420 557 scilicet
434 530 578 558 Christum
598 539 659 558 non
678 539 826 567 spernere,
849 531 902 558 sed

132 577 162 604 in
178 585 245 604 eum
259 576 388 610 credere,
404 579 431 603 et
445 577 536 604 verba
555 585 608 604 sua
627 577 776 612 accipere,
799 577 904 604 intelli-

133 623 242 658 gendo,
256 623 464 657 memorando,
479 626 506 650 et
520 623 712 659 perficiendo,
727 625 760 650 ut
773 623 803 650 in
826 623 904 658 judi-

135 670 180 697 cio
195 669 260 697 talis
276 669 463 704 glorificetur.
476 671 486 686 ³⁵
506 679 518 694 «
538 670 637 704 Fugite
650 677 667 696 a
681 669 754 696 facie
771 669 871 704 gladii.
888 679 901 695 n

135 717 166 743 Et
180 716 311 751 sequitur
327 725 332 742 t
352 726 365 741 α
379 716 483 743 Scitote
499 724 560 743 esse
573 715 729 750 judicium.
752 726 765 741 ›>
782 715 823 743 Ibi
837 717 905 743 Gre—

136 762 236 796 gorius
249 762 258 778 4
275 772 280 788 :
307 772 319 786 «
339 762 427 789 Vitari
448 764 540 789 terror
556 762 664 797 judicis
684 770 745 789 non
765 762 819 789 nisi
840 764 905 789 ante

134 808 278 842 judicium
293 810 397 843 potest.
413 808 499 835 Modo
514 816 575 835 non
591 808 726 842 cernitur,
746 808 799 835 sed
814 808 906 843 preci-

137 854 193 881 bus
207 854 340 889 placatur
357 863 362 880 :
379 854 409 880 in
421 854 534 889 judicio
554 862 636 888 vero,
654 856 681 881 et
694 854 787 881 videri
802 855 908 889 potest,

139 902 166 927 et
179 899 290 935 placari
303 908 363 927 non
379 902 483 936 potest.
499 910 512 924 n
527 902 537 916 ⁵
547 901 628 928 Zelus
643 902 671 927 et
684 900 765 927 furor
777 900 832 927 viri
847 908 909 927 non

139 948 238 980 parcet
252 946 282 973 in
297 946 344 973 die
358 946 501 974 vindictae.
519 957 532 972 »
553 948 584 973 Et
598 946 692 974 illud⁶
710 957 716 974 :
735 957 748 972 «
769 947 838 979 Quis
858 954 910 982 po-

140 992 204 1019 terit
224 992 385 1020 tonitruum
409 993 619 1027 magnitudinis
634 993 697 1027 ejus
711 993 838 1020 intueri?
851 1002 863 1018 »
880 993 910 1019 id

141 1041 193 1072 est,
209 1039 370 1071 terribilem
386 1040 567 1074 majestatem
583 1039 725 1066 adventus
738 1040 800 1073 ejus
814 1039 852 1066 ad
864 1040 910 1073 Ju-

141 1084 262 1118 dicium,
278 1085 441 1112 secundum
454 1086 624 1119 Gregorium
636 1087 645 1102 ⁷
660 1095 665 1111 ς
679 1085 720 1112 ibi
736 1085 860 1112 multum
876 1085 911 1112 de

141 1130 208 1157 hoc.

360 1223 539 1256 CAPUT
577 1224 694 1256 XIII.

133 1344 147 1346 ,
182 1322 206 1345 1.
229 1320 299 1346 Ante
316 1319 386 1345 diem
406 1321 504 1351 festum
526 1319 650 1352 Paschoe,
677 1321 730 1346 etc.
760 1319 917 1346 Praemissis

146 1364 325 1400 quibusdam
340 1365 529 1400 praeambulis
545 1364 583 1392 ad
602 1364 781 1400 passionem,
804 1367 831 1392 et
852 1364 917 1391 des-

147 1411 238 1445 cripto
252 1411 380 1438 adventu
395 1410 561 1444 salvatoris,
576 1410 606 1437 in
626 1413 708 1446 parte
723 1411 777 1438 ista
798 1410 834 1438 de
851 1418 918 1437 con-

147 1457 310 1484 firmatione
336 1457 549 1492 discipulorum
575 1459 601 1484 et
622 1457 802 1489 eruditione,
825 1459 853 1484 et
874 1465 919 1484 re-

147 1503 404 1530 commendatione
425 1505 482 1531 Deo
506 1503 579 1531 Patri
600 1505 665 1531 ante
687 1506 833 1531 certamen
854 1512 919 1539 pas-

147 1549 237 1576 sionis
267 1559 273 1576 :
306 1551 333 1576 et
358 1550 521 1577 secundum
551 1550 607 1577 hoc
635 1550 776 1577 dividitur
803 1550 833 1577 in
861 1552 918 1577 tres

147 1597 244 1630 partes
260 1605 266 1622 :
290 1595 386 1631 primo
411 1597 546 1623 narratur
564 1596 600 1623 de
619 1596 843 1624 confirmatione
863 1596 920 1623 dis-

149 1641 315 1676 cipulorum
351 1642 487 1677 exemplo
513 1642 685 1669 humilitatis
713 1644 740 1669 et
770 1642 920 1670 imitabilis

149 1688 328 1722 operationis
349 1689 416 1715 Jesu
439 1688 557 1722 Christi,
584 1691 611 1715 et
639 1689 789 1715 hortatione
812 1690 920 1715 mutuae

149 1733 328 1768 dilectionis;
354 1734 498 1768 secundo,
524 1734 561 1761 de
593 1734 725 1761 doctrina
752 1735 818 1762 Jesu
842 1734 921 1761 Chri-

150 1779 204 1813 sti,
235 1782 262 1807 et
287 1779 323 1807 de
352 1780 548 1815 promissione
578 1780 800 1814 consolationis,
827 1780 921 1814 infra,

150 1825 214 1852 ibi¹³
238 1835 244 1852 :
272 1828 332 1853 Non
353 1827 475 1853 turbetur
498 1834 541 1853 cor
568 1829 696 1860 cestrum,
723 1828 796 1860 etc.;
826 1827 921 1860 tertio,

151 1871 188 1898 de
217 1872 508 1899 recommendatione
537 1872 751 1908 discipulorum
784 1874 842 1900 Deo
872 1875 922 1900 Pa-

151 1917 186 1944 tri
207 1917 371 1945 humilitate
395 1918 552 1953 orationis,
575 1918 664 1953 infra,
685 1919 726 1946 ibi
746 1920 755 1935 ⁹
774 1928 780 1946 ε
802 1921 863 1946 Hoec
882 1921 921 1947 Io—

152 1967 227 1992 cutus
242 1967 280 1992 est
290 1966 376 1998 Jesus,
393 1967 446 1992 etc.
462 1965 558 1993 Prima
571 1973 649 2000 pars,
664 1965 772 1994 scilicet
786 1966 864 1994 istud
877 1975 922 1994 ca-

152 2011 288 2047 pitulum,
306 2012 336 2038 in
350 2013 476 2046 quatuor
490 2013 587 2047 partes
605 2021 610 2038 :
632 2012 739 2047 primo,
761 2013 922 2048 praemissio

154 2057 292 2093 exempli,
303 2057 385 2092 quod
395 2059 456 2084 erat
466 2057 586 2085 daturus
598 2067 605 2092 3
621 2058 761 2093 secundo,
773 2059 922 2093 adjunctio

154 2103 364 2131 exhortationis
384 2103 423 2131 ad
438 2103 632 2137 imitandum,
655 2104 697 2131 ibi
710 2104 730 2120 ¹⁰
751 2113 757 2131 ε
784 2107 924 2139 Postquam

155 2158 213 2186 erqo
229 2152 306 2185 lavit,
323 2152 388 2185 etc.;
413 2150 508 2184 tertio,
532 2150 602 2186 quia
620 2151 795 2186 praedixerat
816 2151 852 2178 de
873 2160 924 2179 sua

153 2196 300 2232 passione,
317 2197 391 2231 ejus,
407 2204 424 2224 a
440 2204 500 2232 quo
516 2199 577 2224 crat
595 2197 772 2230 tradendus,
790 2198 924 2232 detectio,

155 2243 215 2270 sive
231 2242 391 2270 denudatio
406 2242 436 2269 in
447 2242 584 2277 generali,
595 2243 664 2271 ibi¹¹
678 2252 683 2270 :
700 2244 764 2271 Cum
776 2245 830 2271 lzoec
841 2245 927 2274 dz'aeis-

156 2291 205 2323 set,
224 2290 289 2323 etc.;
306 2290 420 2323 quarto,
444 2288 630 2324 praemunitio
650 2289 864 2325 discipulorum
889 2290 926 2318 de

157 2334 220 2369 ipsa
229 2334 376 2370 passione,
387 2334 429 2361 ibi
440 2336 477 2361 ¹⁴³:
493 2336 597 2370 Filioli,
609 2335 705 2370 adhuc,
717 2337 770 2363 etc.
787 2337 818 2363 In
832 2336 927 2371 prima

157 2382 238 2415 parte
254 2380 294 2407 sic
308 2380 463 2416 procedit:
483 2381 592 2416 primo,
613 2382 764 2418 temporis,
785 2390 845 2418 quo
868 2384 928 2410 erat

191 2453 196 2465 ¹
211 2450 264 2481 lob,
280 2457 323 2480 n,
340 2452 362 2475 ὓ.
379 2464 409 2468 --
425 2452 434 2467 ²
450 2452 535 2482 Greg„
550 2452 650 2481 Moral.,
667 2452 708 2476 lib,
726 2453 824 2482 XXXII,
840 2460 862 2476 c.
882 2459 926 2484 vii,

159 2493 184 2510 n.
200 2487 223 2510 9.
241 2499 272 2504 -—
289 2487 299 2503 ³
313 2486 371 2516 Iob,
386 2493 448 2517 XIX,
465 2488 503 2510 29.
516 2499 546 2504 —-
561 2487 568 2500 ⁴
585 2488 671 2517 Greg.²
686 2487 787 2516 Morul.,
803 2487 845 2511 lib.
861 2488 927 2519 xlv,

160 2528 183 2544 c.
198 2528 258 2551 xxx,
272 2522 304 2545 al.
323 2527 381 2552 ΗΧ,
397 2529 423 2545 n.
443 2523 481 2552 79,
497 2522 584 2552 paucis
600 2522 710 2546 mutatis.
727 2536 758 2540 —
771 2524 782 2540 ¹⁵
796 2523 878 2552 Prov„
894 2529 928 2554 Vi,

161 2557 198 2579 31.
215 2569 245 2574 -
260 2558 268 2571 ⁰
284 2556 338 2583 lab,
354 2563 425 2587 xxw,
447 2558 482 2581 ¹4.
499 2571 525 2574 -—
541 2558 552 2574 ⁷
570 2558 656 2587 (Ξτεᾞ.1
672 2558 774 2589 ΛΙον(ιί-,
789 2558 832 2583 lib.
850 2559 928 2589 xvii,

161 2597 184 2614 c.
202 2597 256 2621 xxi,
271 2592 303 2615 al.
319 2598 414 2621 xxxiii,
430 2599 455 2616 n.
471 2594 509 2616 54.
525 2606 555 2610 —
570 2592 580 2609 Β
598 2594 655 2623 lut„
671 2599 723 2624 x1V,
740 2596 763 2617 11
789 2596 814 2618 et
829 2600 883 2625 seq.
898 2607 928 2612 —

161 2626 171 2641 ⁹
187 2626 244 2656 lus„
259 2629 353 2657 xvi1,1
373 2630 398 2651 et
411 2635 465 2658 seq.
480 2628 672 2658 -101nf.‚12.
689 2641 718 2646 —
733 2629 751 2645 ¹¹
769 2629 827 2660 Ins„
846 2631 884 2654 21.
899 2644 929 2648 -

162 2661 254 2691 η11]ἰ.,
275 2663 313 2686 33.
334 2675 364 2680 —
385 2663 403 2679 ¹³
425 2663 481 2693 lnt'.⁷
502 2665 524 2687 4.
541 2677 571 2681 —
594 2664 612 2679 ¹⁴
631 2664 689 2693 lut„
704 2666 727 2688 6.
745 2677 774 2682 —
791 2665 810 2680 ¹⁵
828 2665 930 2694 Matth.,

299 2715 373 2738 Tou.
396 2716 440 2738 XI.

952 300 1073 328 daturus
1094 301 1277 336 exemplum,
1298 302 1479 338 praemittitur
1501 305 1720 340 opportunitas3

953 347 1093 380 secundo,
1119 347 1243 382 exempli
1266 348 1433 382 humilitas,
1460 349 1501 376 ibi
1520 350 1540 366 ¹³
1565 351 1680 384 :Surqz‘t
1707 360 1723 378 a

955 401 1036 427 coena,
1052 395 1116 427 etc.;
1133 394 1228 427 tertio,
1242 395 1313 421 Petri
1327 395 1502 430 negabilitas
1516 396 1547 422 in
1568 396 1724 424 refutando

955 446 992 465 ne
1006 439 1153 466 lavaretur
1165 448 1182 467 a
1197 440 1320 475 Christo,
1344 441 1386 469 ibi
1401 442 1421 460 Γ*
1437 450 1443 468 :
1463 443 1543 469 Venz't
1559 451 1618 477 erqo
1634 443 1669 470 ad
1684 443 1727 470 Si-

955 493 1056 512 monem
1072 487 1190 520 Petrum,
1201 489 1253 514 etc.

994 531 1037 558 Ait
1052 539 1121 565 ergo
1135 542 1141 558 :
1159 534 1231 559 Ante
1248 534 1317 561 altem
1331 535 1429 567 festum
1440 536 1556 562 Paschce.
1575 535 1646 563 Dicit
1658 537 1727 563 Mat-

959 577 1049 604 timus
1061 578 1123 612 (α)15
1133 587 1158 604 z«
1169 579 1264 606 Prima
1275 579 1322 607 die
1330 582 1516 616 Azymorum.
1525 592 1538 607 »
1547 583 1579 609 Et
1591 582 1728 610 Marcus¹⁶

960 622 1050 650 idem.
1064 623 1126 650 Dies
1135 632 1204 659 ergo
1212 625 1326 653 Paschae
1337 626 1384 654 hic
1393 627 1556 662 appellatiu'
1564 628 1660 664 prima
1669 629 1731 656 dies

961 671 1138 704 Azymorum
1156 672 1174 688 ¹⁷
1190 681 1195 697 :
1217 682 1230 696 «
1245 673 1499 708 Appropinquavit
1516 674 1551 709 (b)
1568 675 1630 702 dies
1644 675 1732 702 festus

962 718 1148 750 Azymorum.
1160 727 1172 741 n
1188 717 1263 744 Etde
1272 718 1366 745 hocin
1381 719 1480 746 Glossa
1495 720 1580 747 bene.
1598 720 1733 749 Similiter

963 761 1000 788 de
1014 761 1226 796 significatione
1242 764 1395 797 vocabuli,
1419 765 1489 800 quia
1510 766 1618 793 Pascha
1641 769 1735 801 potest

965 807 1022 834 dici
1035 808 1083 835 vel
1094 809 1265 847 apassione,
1282 810 1330 837 vel
1343 819 1359 837 a
1375 811 1495 838 transitu
1511 812 1734 848 (Augustinusffi,

965 854 1037 881 etin
1058 854 1179 889 Glossa).
1199 856 1289 883 Sciens
1308 858 1396 890 Jcsus,
1418 859 1483 891 quta
1508 860 1581 885 venit
1605 860 1680 890 hora,
1707 863 1737 886 ut

966 902 1106 934 transiret,
1122 903 1175 928 etc.
1194 912 1206 927 (ι
1231 904 1301 929 Ecce
1323 903 1442 937 Pascha,
1459 912 1524 932 ecce
1544 905 1689 932 transitus.
1707 907 1739 933 Et

967 947 1056 981 unde,
1073 949 1100 974 et
1115 955 1174 982 quo
1184 949 1197 974 ?
1211 949 1320 976 scilicet
1336 950 1372 977 de
1387 951 1500 978 mundo
1514 951 1552 979 ad
1567 953 1691 979 Patrem.
1707 954 1740 980 Et

967 993 1014 1020 hic
1028 1001 1094 1028 spes
1109 994 1250 1021 membris
1265 995 1295 1022 in
1319 996 1412 1031 capite
1433 999 1475 1024 est
1498 997 1576 1032 data,
1600 998 1682 1033 quod
1697 1007 1741 1026 es-

968 1042 1031 1066 sent
1044 1039 1096 1066 illo
1109 1042 1275 1068 transeunte
1289 1044 1432 1075 secutura,
1448 1053 1461 1068 w
1474 1043 1513 1070 ait
1523 1045 1699 1078 Augustinus
1710 1046 1738 1072 ¹⁹.

968 1084 1005 1109 2⁰«
1012 1086 1120 1112 Pascha
1129 1086 1205 1113 euim
1217 1089 1350 1114 nostrum
1358 1088 1527 1117 immolatus
1536 1090 1716 1118 estChristus.
1724 1102 1738 1117 »

971 1132 1038 1158 Cum
1052 1132 1191 1159 dilexisset
1208 1133 1329 1160 Christus
1343 1135 1418 1162 Jeszts
1430 1143 1490 1162 suos
1508 1145 1514 1163 :
1535 1146 1547 1161 α
1562 1138 1616 1164 Pro
1629 1137 1669 1164 eis
1681 1137 1742 1165 fac-

970 1179 1015 1204 tus
1029 1178 1130 1211 hom0,
1157 1189 1169 1203 »
1194 1179 1234 1206 ait
1253 1179 1375 1208 Glossa:
1398 1191 1411 1206 «
1433 1181 1477 1209 Sic
1501 1182 1580 1210 enim
1607 1185 1680 1211 Deus
1695 1184 1743 1211 di-

970 1223 1040 1250 lexit
1051 1224 1197 1252 mundum
1211 1227 1243 1252 ut
1258 1226 1441 1261 unigenitum
1452 1236 1539 1256 suum
1553 1229 1644 1264 daret,
1656 1240 1669 1255 »
1688 1232 1742 1258 etc.

971 1271 1093 1305 Supra2¹
1112 1280 1118 1298 z
1134 1273 1166 1298 In
1184 1274 1262 1306 finem
1283 1274 1382 1301 dilemz‘t
1405 1283 1456 1310 eos,
1475 1286 1487 1301 α
1503 1276 1534 1303 id
1550 1280 1601 1311 est,
1617 1277 1647 1304 in
1663 1278 1744 1305 Chri-

972 1318 1059 1350 stum,
1075 1318 1126 1352 qui
1142 1320 1184 1345 est
1197 1318 1264 1345 finis
1282 1320 1447 1356 perficiens,
1463 1330 1524 1350 non
1543 1323 1719 1351 interficiens
1735 1334 1742 1352 z

972 1362 1038 1389 finis
1053 1372 1208 1400 quousque
1231 1374 1342 1400 eamus,
1366 1375 1427 1395 non
1450 1369 1502 1396 ubi
1527 1377 1682 1405 pereamus
1690 1381 1698 1406 ,-
1714 1373 1746 1398 ut

973 1409 1081 1437 scilicet
1102 1410 1157 1446 ipsi
1185 1411 1221 1438 de
1253 1412 1310 1439 hoc
1338 1414 1451 1441 mundo
1477 1415 1515 1442 ad
1543 1424 1630 1444 suum
1659 1419 1747 1452 caput

973 1456 1137 1490 transirent,
1151 1468 1163 1482 >³
1173 1457 1212 1485 ait
1224 1460 1399 1493 Augustinus
1410 1460 1480 1487 ²².2³‹«
1489 1462 1566 1489 Finis
1581 1463 1659 1490 enim
1673 1463 1747 1498 legis

975 1504 1016 1528 est
1031 1502 1168 1530 Christus.
1190 1515 1203 1529 n
1222 1506 1278 1532 Nec
1292 1507 1334 1533 est
1352 1506 1592 1542 intelligendum,
1614 1510 1697 1545 quod
1716 1510 1747 1537 in

974 1548 1064 1575 finem
1081 1549 1181 1577 dilexit
1196 1558 1275 1585 SUOS,
1291 1551 1330 1579 ita
1349 1553 1432 1587 quod
1452 1557 1519 1589 post
1539 1557 1666 1583 mortem
1687 1564 1748 1584 non

975 1594 1108 1630 diligeret
1129 1604 1189 1624 eos.
1211 1598 1306 1625 Potest
1328 1601 1427 1627 tamen
1447 1600 1568 1636 intelligi
1585 1611 1592 1629 ε
1612 1604 1697 1637 Usque
1719 1605 1748 1630 z'n

974 1644 1051 1675 finem
1065 1643 1163 1669 dileaeit
1183 1651 1234 1677 cos,
1252 1644 1284 1671 id
1308 1646 1359 1679 est,
1387 1648 1417 1673 ut
1440 1650 1604 1676 moreretur
1626 1651 1747 1685 propter

976 1695 1036 1720 eos,
1046 1689 1209 1716 secundum
1218 1691 1412 1725 Augustinum
1420 1693 1450 1726 ἢ,
1459 1693 1535 1722 infra
1546 1695 1566 1711 '2⁵
1576 1703 1601 1722 :«
1611 1696 1749 1730 Maj0rem

975 1733 1146 1762 charitatem
1160 1743 1248 1763 nemo
1264 1736 1363 1772 habet,
1375 1740 1406 1765 ut
1416 1739 1547 1767 animam
1558 1749 1641 1768 suam
1656 1744 1748 1777 ponat

977 1779 1042 1814 quis
1056 1788 1110 1815 pro
1128 1781 1229 1808 amicis
1245 1783 1316 1818 suis,
1330 1794 1343 1809 ι)
1361 1786 1413 1812 etc.
1431 1787 1468 1812 De
1483 1786 1530 1814 die
1545 1787 1633 1822 hujus
1648 1796 1748 1824 coenae,

977 1825 1054 1853 etde
1071 1827 1283 1863 contrarietate,
1301 1838 1366 1865 quae
1385 1831 1501 1859 videtur
1522 1840 1584 1860 esse
1607 1842 1643 1860 ex
1665 1834 1748 1862 dictis

977 1872 1174 1907 Evangelistae,
1188 1875 1320 1909 Magister
1339 1876 1369 1903 in
1393 1878 1525 1905 Historiis
1544 1879 1680 1915 multum,
1697 1881 1749 1908 ubi

978 1918 1026 1952 ait,
1043 1919 1125 1953 quod
1148 1928 1201 1955 per
1221 1921 1293 1956 hoc,
1317 1923 1400 1958 quod
1415 1924 1454 1951 ait
1473 1925 1521 1952 hic
1541 1927 1677 1962 JoanneS,
1699 1928 1750 1963 qui

978 1963 1047 1992 dicit
1063 1966 1218 1994 Dominum
1243 1968 1438 1997 manducasse
1459 1973 1524 1998 ante
1545 1971 1626 2000 diem
1646 1972 1750 2001 festum

978 2011 1103 2045 paschae,
1121 2013 1149 2038 et
1163 2020 1216 2047 per
1231 2013 1298 2048 alia,
1320 2023 1387 2050 quae
1402 2016 1443 2043 ibi
1467 2017 1579 2045 inducit
1598 2019 1748 2054 DominuS,

978 2056 1072 2084 sciens
1094 2066 1123 2084 se
1148 2067 1305 2093 passurum
1334 2069 1367 2089 ea
1399 2062 1446 2090 die
1459 2084 1468 2097 ,
1498 2064 1607 2092 scilicet
1635 2065 1750 2093 decima

979 2103 1082 2137 quinta
1109 2104 1198 2138 luna,
1227 2107 1395 2142 anticipavit
1420 2110 1575 2138 comedere
1596 2112 1749 2139 Paschain

978 2157 1099 2184 vespere
1115 2152 1300 2185 praecedenti.
1318 2155 1350 2180 Et
1366 2154 1437 2190 quia
1453 2163 1487 2183 ea
1506 2158 1591 2184 nocte
1606 2157 1682 2185 licite
1696 2166 1750 2193 po-

979 2195 1032 2223 tuit
1053 2197 1208 2225 comedere
1231 2198 1456 2234 fermentatum,
1477 2203 1565 2230 Graeci
1589 2203 1750 2232 conficiunt

980 2250 1087 2277 corpus
1106 2244 1219 2271 Domini
1242 2244 1278 2272 dc
1300 2246 1491 2282 fermentato,
1516 2249 1690 2284 accipientes
1715 2259 1750 2278 ex

982 2288 1038 2316 hoc
1062 2289 1224 2317 fomentum
1249 2292 1364 2319 erroris
1385 2293 1456 2327 Sed,
1472 2294 1545 2322 sicut
1561 2295 1600 2323 ait
1618 2297 1751 2332 Magister

980 2334 1034 2369 ibi,
1050 2335 1089 2363 ad
1103 2336 1160 2363 hoc
1175 2339 1270 2372 potest
1284 2338 1353 2371 dici,
1365 2339 1448 2374 quod
1460 2339 1522 2368 dies
1536 2340 1623 2370 festus
1635 2343 1751 2371 Paschae

982 2383 1042 2409 erat
1057 2381 1172 2410 decima
1187 2384 1288 2419 quinta
1302 2385 1383 2419 luna,
1401 2387 1427 2414 et
1442 2388 1506 2414 ante
1520 2387 1599 2416 hunc
1613 2388 1680 2417 fecit
1694 2391 1750 2417 Do-

982 2475 1054 2499 xxvi,
1069 2472 1107 2495 17.
1124 2485 1154 2489 —
1169 2473 1186 2488 m
1202 2473 1294 2504 Marc„
1311 2481 1363 2504 xw,
1382 2477 1420 2500 12.
1437 2490 1468 2495 —
1485 2479 1500 2492 ¹⁷
1512 2478 1579 2509 Luc.,
1594 2485 1665 2511 xxli,
1684 2482 1706 2504 1.
1720 2493 1751 2498 —

983 2505 1002 2521 ¹⁸
1023 2509 1097 2536 Aug„
1121 2508 1146 2530 in
1169 2508 1251 2539 loon„
1276 2512 1347 2534 tract.
1372 2518 1417 2542 ιν,
1440 2519 1465 2536 n.
1490 2515 1512 2537 1.
1535 2527 1565 2532 —
1589 2516 1609 2531 ¹⁹
1635 2516 1697 2540 ibid.
1722 2529 1752 2534 ——

982 2541 1001 2557 ²⁰
1017 2542 1024 2564 1
1044 2541 1112 2572 Corn,
1127 2550 1152 2572 V,
1171 2545 1193 2566 7.
1213 2557 1244 2561 —
1263 2546 1280 2561 Ἦ
1297 2546 1369 2576 Sup„
1390 2553 1434 2578 1¹1,
1452 2550 1488 2573 17.
1505 2562 1532 2567 —·
1548 2551 1569 2566 ²²
1584 2552 1659 2581 Aug„
1678 2550 1751 2582 ibid„

982 2583 1008 2599 ιι.
1033 2578 1103 2635 2.3-
1120 2577 1141 2593 '³³
1159 2578 1236 2607 Rom„
1255 2585 1284 2609 x,
1302 2584 1325 2604 4.
1344 2595 1375 2600 —
1392 2582 1411 2599 ²⁸
1431 2584 1505 2615 Aug„
1525 2585 1586 2609 ibid.
1606 2599 1636 2603 —
1655 2587 1676 2602 ²⁵
1694 2586 1751 2617 lut„

984 2618 1026 2641 XV,
1046 2615 1081 2635 1..

1015 2667 1047 2696 (a)
1066 2666 1127 2691 Cret.
1143 2668 1202 2691 edit.
1218 2669 1318 2695 dicitur.
1334 2685 1364 2689 —
1385 2672 1416 2703 (b)
1438 2673 1508 2704 Vulq.
1523 2675 1751 2706 appropinquabat.

1576 2721 1613 2749 28
