<?xml version="1.0" encoding="UTF-8"?>
<!DOCTYPE html PUBLIC "-//W3C//DTD XHTML 1.0 Transitional//EN"
    "http://www.w3.org/TR/xhtml1/DTD/xhtml1-transitional.dtd">
<html xmlns="http://www.w3.org/1999/xhtml" xml:lang="en" lang="en">
 <head>
  <title>
</title>
<meta http-equiv="Content-Type" content="text/html;charset=utf-8" />
  <meta name='ocr-system' content='tesseract 3.04.00' />
  <meta name='ocr-capabilities' content='ocr_page ocr_carea ocr_par ocr_line ocrx_word'/>
</head>
<body>
  <div class='ocr_page' id='page_1' title='image "./operaomniasixtiv11bonauoft/operaomniasixtiv11bonauoft_0445.png"; bbox 0 0 1987 3032; ppageno 0'>
   <div class='ocr_carea' id='block_1_1' title="bbox 719 212 1179 246">
    <p class='ocr_par' dir='ltr' id='par_1_1' title="bbox 719 212 1179 246">
     <span class='ocr_line' id='line_1_1' title="bbox 719 212 1179 246; baseline 0.004 -2"><span class='ocrx_word' id='word_1_1' title='bbox 719 212 924 246; x_wconf 83' lang='lat' dir='ltr'><strong>EXPOSITIO</strong></span> <span class='ocrx_word' id='word_1_2' title='bbox 946 214 985 245; x_wconf 87' lang='lat' dir='ltr'>IN</span> <span class='ocrx_word' id='word_1_3' title='bbox 1006 214 1090 246; x_wconf 88' lang='lat' dir='ltr'>CAP.</span> <span class='ocrx_word' id='word_1_4' title='bbox 1114 215 1179 246; x_wconf 87' lang='lat' dir='ltr'><strong>XII.</strong></span> 
     </span>
    </p>
   </div>
   <div class='ocr_carea' id='block_1_2' title="bbox 142 278 920 2594">
    <p class='ocr_par' dir='ltr' id='par_1_2' title="bbox 142 278 920 2112">
     <span class='ocr_line' id='line_1_2' title="bbox 155 278 918 316; baseline -0.003 -7"><span class='ocrx_word' id='word_1_5' title='bbox 155 289 273 315; x_wconf 88' lang='lat' dir='ltr'>sumus,</span> <span class='ocrx_word' id='word_1_6' title='bbox 294 291 308 306; x_wconf 63' lang='grc' dir='ltr'><strong>ν</strong></span> <span class='ocrx_word' id='word_1_7' title='bbox 326 279 450 316; x_wconf 80' lang='lat' dir='ltr'>qualiter</span> <span class='ocrx_word' id='word_1_8' title='bbox 471 278 510 306; x_wconf 84' lang='lat' dir='ltr'>ait</span> <span class='ocrx_word' id='word_1_9' title='bbox 529 278 576 305; x_wconf 86' lang='lat' dir='ltr'>hic</span> <span class='ocrx_word' id='word_1_10' title='bbox 593 287 600 305; x_wconf 73' lang='grc' dir='ltr'>ε</span> <span class='ocrx_word' id='word_1_11' title='bbox 620 280 709 311; x_wconf 74' lang='lat' dir='ltr'>Pater,</span> <span class='ocrx_word' id='word_1_12' title='bbox 724 281 848 314; x_wconf 73' lang='lat' dir='ltr'>salvifica</span> <span class='ocrx_word' id='word_1_13' title='bbox 864 288 918 314; x_wconf 79' lang='lat' dir='ltr'>me,</span> 
     </span>
     <span class='ocr_line' id='line_1_3' title="bbox 155 325 920 363; baseline -0.003 -8"><span class='ocrx_word' id='word_1_14' title='bbox 155 330 255 363; x_wconf 88' lang='lat' dir='ltr'>petens</span> <span class='ocrx_word' id='word_1_15' title='bbox 269 335 287 354; x_wconf 87' lang='lat' dir='ltr'>a</span> <span class='ocrx_word' id='word_1_16' title='bbox 303 328 384 354; x_wconf 88' lang='lat' dir='ltr'>Patre</span> <span class='ocrx_word' id='word_1_17' title='bbox 397 325 539 352; x_wconf 74' lang='lat' dir='ltr'>salutem?</span> <span class='ocrx_word' id='word_1_18' title='bbox 556 326 588 351; x_wconf 87' lang='lat' dir='ltr'>Et</span> <span class='ocrx_word' id='word_1_19' title='bbox 601 332 707 360; x_wconf 86' lang='lat' dir='ltr'>supra:</span> <span class='ocrx_word' id='word_1_20' title='bbox 729 327 760 353; x_wconf 77' lang='lat' dir='ltr'>Si</span> <span class='ocrx_word' id='word_1_21' title='bbox 777 328 837 360; x_wconf 75' lang='lat' dir='ltr'>quis</span> <span class='ocrx_word' id='word_1_22' title='bbox 852 327 920 353; x_wconf 80' lang='lat' dir='ltr'>mihi</span> 
     </span>
     <span class='ocr_line' id='line_1_4' title="bbox 155 371 919 407; baseline -0.003 -6"><span class='ocrx_word' id='word_1_23' title='bbox 155 374 368 405; x_wconf 79' lang='lat' dir='ltr'><em>ministraverit,</em></span> <span class='ocrx_word' id='word_1_24' title='bbox 384 371 566 404; x_wconf 72' lang='lat' dir='ltr'>honorificabit</span> <span class='ocrx_word' id='word_1_25' title='bbox 581 379 640 397; x_wconf 79' lang='lat' dir='ltr'>eum</span> <span class='ocrx_word' id='word_1_26' title='bbox 654 372 744 405; x_wconf 80' lang='lat' dir='ltr'>Pater,</span> <span class='ocrx_word' id='word_1_27' title='bbox 763 372 846 407; x_wconf 66' lang='lat' dir='ltr'>quasi</span> <span class='ocrx_word' id='word_1_28' title='bbox 859 380 919 399; x_wconf 87' lang='lat' dir='ltr'>non</span> 
     </span>
     <span class='ocr_line' id='line_1_5' title="bbox 154 416 920 455; baseline -0.003 -9"><span class='ocrx_word' id='word_1_29' title='bbox 154 419 216 455; x_wconf 90' lang='lat' dir='ltr'>ipse</span> <span class='ocrx_word' id='word_1_30' title='bbox 233 418 448 446; x_wconf 87' lang='lat' dir='ltr'>honorificaret.</span> <span class='ocrx_word' id='word_1_31' title='bbox 464 417 532 443; x_wconf 89' lang='lat' dir='ltr'>ltem</span> <span class='ocrx_word' id='word_1_32' title='bbox 548 416 605 444; x_wconf 86' lang='lat' dir='ltr'>ait:</span> <span class='ocrx_word' id='word_1_33' title='bbox 623 418 748 451; x_wconf 70' lang='lat' dir='ltr'>salvifica</span> <span class='ocrx_word' id='word_1_34' title='bbox 766 426 806 444; x_wconf 81' lang='lat' dir='ltr'>me</span> <span class='ocrx_word' id='word_1_35' title='bbox 826 426 858 445; x_wconf 74' lang='lat' dir='ltr'>ex</span> <span class='ocrx_word' id='word_1_36' title='bbox 872 419 920 445; x_wconf 84' lang='lat' dir='ltr'>hac</span> 
     </span>
     <span class='ocr_line' id='line_1_6' title="bbox 153 464 920 500; baseline -0.003 -6"><span class='ocrx_word' id='word_1_37' title='bbox 153 468 218 494; x_wconf 81' lang='lat' dir='ltr'>hora</span> <span class='ocrx_word' id='word_1_38' title='bbox 230 487 238 500; x_wconf 95' lang='lat'>,</span> <span class='ocrx_word' id='word_1_39' title='bbox 252 465 360 493; x_wconf 84' lang='lat' dir='ltr'>scilicet</span> <span class='ocrx_word' id='word_1_40' title='bbox 379 464 537 500; x_wconf 81' lang='lat' dir='ltr'>passionis3</span> <span class='ocrx_word' id='word_1_41' title='bbox 561 466 587 491; x_wconf 88' lang='lat' dir='ltr'>et</span> <span class='ocrx_word' id='word_1_42' title='bbox 602 466 700 491; x_wconf 89' lang='lat' dir='ltr'>tamen</span> <span class='ocrx_word' id='word_1_43' title='bbox 713 472 774 491; x_wconf 89' lang='lat' dir='ltr'>non</span> <span class='ocrx_word' id='word_1_44' title='bbox 794 464 847 492; x_wconf 81' lang='lat' dir='ltr'>fuit</span> <span class='ocrx_word' id='word_1_45' title='bbox 864 465 920 492; x_wconf 89' lang='lat' dir='ltr'>sal-</span> 
     </span>
     <span class='ocr_line' id='line_1_7' title="bbox 153 510 920 545; baseline -0.003 -5"><span class='ocrx_word' id='word_1_46' title='bbox 153 514 250 545; x_wconf 84' lang='lat' dir='ltr'>vatus,</span> <span class='ocrx_word' id='word_1_47' title='bbox 264 511 316 538; x_wconf 89' lang='lat' dir='ltr'>sed</span> <span class='ocrx_word' id='word_1_48' title='bbox 327 512 458 538; x_wconf 89' lang='lat' dir='ltr'>mortuus</span> <span class='ocrx_word' id='word_1_49' title='bbox 471 520 477 536; x_wconf 96' lang='lat'><strong>:</strong></span> <span class='ocrx_word' id='word_1_50' title='bbox 494 512 522 537; x_wconf 91' lang='lat' dir='ltr'>et</span> <span class='ocrx_word' id='word_1_51' title='bbox 536 510 575 537; x_wconf 91' lang='lat' dir='ltr'>sic</span> <span class='ocrx_word' id='word_1_52' title='bbox 588 518 648 537; x_wconf 91' lang='lat' dir='ltr'>non</span> <span class='ocrx_word' id='word_1_53' title='bbox 666 510 719 537; x_wconf 81' lang='lat' dir='ltr'>fuit</span> <span class='ocrx_word' id='word_1_54' title='bbox 736 510 766 537; x_wconf 91' lang='lat' dir='ltr'>in</span> <span class='ocrx_word' id='word_1_55' title='bbox 781 511 920 538; x_wconf 88' lang='lat' dir='ltr'>omnibus</span> 
     </span>
     <span class='ocr_line' id='line_1_8' title="bbox 153 556 917 592; baseline -0.001 -7"><span class='ocrx_word' id='word_1_56' title='bbox 153 557 317 590; x_wconf 82' lang='lat' dir='ltr'>exauditus,</span> <span class='ocrx_word' id='word_1_57' title='bbox 328 559 358 584; x_wconf 91' lang='lat' dir='ltr'>ut</span> <span class='ocrx_word' id='word_1_58' title='bbox 367 556 492 583; x_wconf 85' lang='lat' dir='ltr'>videtur.</span> <span class='ocrx_word' id='word_1_59' title='bbox 506 556 592 591; x_wconf 84' lang='lat' dir='ltr'>Cujus</span> <span class='ocrx_word' id='word_1_60' title='bbox 605 556 782 584; x_wconf 86' lang='lat' dir='ltr'>contrarium</span> <span class='ocrx_word' id='word_1_61' title='bbox 794 565 883 592; x_wconf 87' lang='lat' dir='ltr'>supra</span> <span class='ocrx_word' id='word_1_62' title='bbox 895 557 917 584; x_wconf 92' lang='lat'>¹:</span> 
     </span>
     <span class='ocr_line' id='line_1_9' title="bbox 156 602 919 639; baseline 0.001 -10"><span class='ocrx_word' id='word_1_63' title='bbox 156 613 169 629; x_wconf 88' lang='lat'>«</span> <span class='ocrx_word' id='word_1_64' title='bbox 183 603 325 635; x_wconf 80' lang='lat' dir='ltr'>Sciebam,</span> <span class='ocrx_word' id='word_1_65' title='bbox 340 602 422 638; x_wconf 79' lang='lat' dir='ltr'>quod</span> <span class='ocrx_word' id='word_1_66' title='bbox 436 610 551 638; x_wconf 82' lang='lat' dir='ltr'>semper</span> <span class='ocrx_word' id='word_1_67' title='bbox 565 610 612 629; x_wconf 88' lang='lat' dir='ltr'>me</span> <span class='ocrx_word' id='word_1_68' title='bbox 625 602 719 629; x_wconf 84' lang='lat' dir='ltr'>audis.</span> <span class='ocrx_word' id='word_1_69' title='bbox 735 612 748 627; x_wconf 84' lang='lat'>»</span> <span class='ocrx_word' id='word_1_70' title='bbox 762 604 794 630; x_wconf 89' lang='lat' dir='ltr'>Et</span> <span class='ocrx_word' id='word_1_71' title='bbox 809 603 847 630; x_wconf 76' lang='lat' dir='ltr'>ad</span> <span class='ocrx_word' id='word_1_72' title='bbox 861 603 919 639; x_wconf 91' lang='lat' dir='ltr'>pri-</span> 
     </span>
     <span class='ocr_line' id='line_1_10' title="bbox 152 648 919 684; baseline -0.001 -7"><span class='ocrx_word' id='word_1_73' title='bbox 152 657 234 677; x_wconf 91' lang='lat' dir='ltr'>mum</span> <span class='ocrx_word' id='word_1_74' title='bbox 253 648 496 684; x_wconf 85' lang='lat' dir='ltr'>respondendum</span> <span class='ocrx_word' id='word_1_75' title='bbox 515 650 556 675; x_wconf 87' lang='lat' dir='ltr'>est</span> <span class='ocrx_word' id='word_1_76' title='bbox 569 648 733 675; x_wconf 82' lang='lat' dir='ltr'>secundum</span> <span class='ocrx_word' id='word_1_77' title='bbox 747 649 919 684; x_wconf 70' lang='lat' dir='ltr'>Chrysosto-</span> 
     </span>
     <span class='ocr_line' id='line_1_11' title="bbox 151 694 918 730; baseline -0.001 -7"><span class='ocrx_word' id='word_1_78' title='bbox 151 703 250 729; x_wconf 88' lang='lat' dir='ltr'>mum,</span> <span class='ocrx_word' id='word_1_79' title='bbox 271 695 321 730; x_wconf 91' lang='lat' dir='ltr'>qui</span> <span class='ocrx_word' id='word_1_80' title='bbox 335 694 390 728; x_wconf 88' lang='lat' dir='ltr'>ait,</span> <span class='ocrx_word' id='word_1_81' title='bbox 409 694 491 729; x_wconf 90' lang='lat' dir='ltr'>quod</span> <span class='ocrx_word' id='word_1_82' title='bbox 509 694 644 721; x_wconf 90' lang='lat' dir='ltr'>nondum</span> <span class='ocrx_word' id='word_1_83' title='bbox 665 694 817 722; x_wconf 80' lang='lat' dir='ltr'>decentem</span> <span class='ocrx_word' id='word_1_84' title='bbox 832 695 868 722; x_wconf 88' lang='lat' dir='ltr'>de</span> <span class='ocrx_word' id='word_1_85' title='bbox 884 703 918 722; x_wconf 88' lang='lat' dir='ltr'>eo</span> 
     </span>
     <span class='ocr_line' id='line_1_12' title="bbox 152 740 917 777; baseline 0 -9"><span class='ocrx_word' id='word_1_86' title='bbox 152 741 323 777; x_wconf 81' lang='lat' dir='ltr'>opinionem</span> <span class='ocrx_word' id='word_1_87' title='bbox 343 740 508 773; x_wconf 86' lang='lat' dir='ltr'>habebant,</span> <span class='ocrx_word' id='word_1_88' title='bbox 529 740 580 767; x_wconf 90' lang='lat' dir='ltr'>sed</span> <span class='ocrx_word' id='word_1_89' title='bbox 604 741 748 775; x_wconf 83' lang='lat' dir='ltr'>maj0rem</span> <span class='ocrx_word' id='word_1_90' title='bbox 769 741 805 768; x_wconf 92' lang='lat' dir='ltr'>de</span> <span class='ocrx_word' id='word_1_91' title='bbox 827 743 917 768; x_wconf 78' lang='lat' dir='ltr'>Patre.</span> 
     </span>
     <span class='ocr_line' id='line_1_13' title="bbox 151 786 920 821; baseline -0.003 -5"><span class='ocrx_word' id='word_1_92' title='bbox 151 787 219 816; x_wconf 91' lang='lat' dir='ltr'>Ideo</span> <span class='ocrx_word' id='word_1_93' title='bbox 235 787 275 814; x_wconf 83' lang='lat' dir='ltr'>sie</span> <span class='ocrx_word' id='word_1_94' title='bbox 292 786 344 821; x_wconf 86' lang='lat' dir='ltr'>ait,</span> <span class='ocrx_word' id='word_1_95' title='bbox 364 786 436 813; x_wconf 92' lang='lat' dir='ltr'>sicut</span> <span class='ocrx_word' id='word_1_96' title='bbox 450 786 518 813; x_wconf 90' lang='lat' dir='ltr'>filiis</span> <span class='ocrx_word' id='word_1_97' title='bbox 535 786 665 813; x_wconf 85' lang='lat' dir='ltr'>Zebedaei</span> <span class='ocrx_word' id='word_1_98' title='bbox 681 786 754 814; x_wconf 72' lang='lat' dir='ltr'>ait‘2:</span> <span class='ocrx_word' id='word_1_99' title='bbox 774 797 788 812; x_wconf 85' lang='lat'>«</span> <span class='ocrx_word' id='word_1_100' title='bbox 802 789 864 814; x_wconf 87' lang='lat' dir='ltr'>Non</span> <span class='ocrx_word' id='word_1_101' title='bbox 879 790 920 815; x_wconf 83' lang='lat' dir='ltr'>est</span> 
     </span>
     <span class='ocr_line' id='line_1_14' title="bbox 150 832 919 867; baseline -0.001 -6"><span class='ocrx_word' id='word_1_102' title='bbox 150 841 250 861; x_wconf 87' lang='lat' dir='ltr'>meum</span> <span class='ocrx_word' id='word_1_103' title='bbox 272 833 342 860; x_wconf 86' lang='lat' dir='ltr'>dare</span> <span class='ocrx_word' id='word_1_104' title='bbox 364 832 463 865; x_wconf 75' lang='lat' dir='ltr'>vobiS,</span> <span class='ocrx_word' id='word_1_105' title='bbox 488 832 539 859; x_wconf 88' lang='lat' dir='ltr'>sed</span> <span class='ocrx_word' id='word_1_106' title='bbox 562 832 669 867; x_wconf 88' lang='lat' dir='ltr'>quibus</span> <span class='ocrx_word' id='word_1_107' title='bbox 689 834 824 867; x_wconf 82' lang='lat' dir='ltr'>paratum</span> <span class='ocrx_word' id='word_1_108' title='bbox 847 836 887 860; x_wconf 87' lang='lat' dir='ltr'>est</span> <span class='ocrx_word' id='word_1_109' title='bbox 902 841 919 861; x_wconf 86' lang='lat' dir='ltr'>a</span> 
     </span>
     <span class='ocr_line' id='line_1_15' title="bbox 150 878 919 915; baseline -0.001 -8"><span class='ocrx_word' id='word_1_110' title='bbox 150 882 232 915; x_wconf 91' lang='lat' dir='ltr'>patre</span> <span class='ocrx_word' id='word_1_111' title='bbox 246 887 329 913; x_wconf 90' lang='lat' dir='ltr'>meo,</span> <span class='ocrx_word' id='word_1_112' title='bbox 349 889 362 904; x_wconf 80' lang='grc'>»</span> <span class='ocrx_word' id='word_1_113' title='bbox 381 880 434 906; x_wconf 85' lang='lat' dir='ltr'>etc.</span> <span class='ocrx_word' id='word_1_114' title='bbox 454 878 497 905; x_wconf 80' lang='lat' dir='ltr'>Ad</span> <span class='ocrx_word' id='word_1_115' title='bbox 512 878 594 905; x_wconf 85' lang='lat' dir='ltr'>aliud</span> <span class='ocrx_word' id='word_1_116' title='bbox 614 879 855 914; x_wconf 86' lang='lat' dir='ltr'>respondendum</span> <span class='ocrx_word' id='word_1_117' title='bbox 875 887 919 906; x_wconf 89' lang='lat' dir='ltr'>se-</span> 
     </span>
     <span class='ocr_line' id='line_1_16' title="bbox 151 924 918 959; baseline -0.001 -6"><span class='ocrx_word' id='word_1_118' title='bbox 151 925 282 953; x_wconf 85' lang='lat' dir='ltr'>cundum</span> <span class='ocrx_word' id='word_1_119' title='bbox 297 925 434 952; x_wconf 83' lang='lat' dir='ltr'>eumdem</span> <span class='ocrx_word' id='word_1_120' title='bbox 449 925 469 957; x_wconf 79' lang='lat'>³,</span> <span class='ocrx_word' id='word_1_121' title='bbox 487 924 569 959; x_wconf 85' lang='lat' dir='ltr'>quod</span> <span class='ocrx_word' id='word_1_122' title='bbox 583 934 596 950; x_wconf 86' lang='lat'>«</span> <span class='ocrx_word' id='word_1_123' title='bbox 611 925 738 952; x_wconf 83' lang='lat' dir='ltr'>Christus</span> <span class='ocrx_word' id='word_1_124' title='bbox 752 933 814 952; x_wconf 91' lang='lat' dir='ltr'>non</span> <span class='ocrx_word' id='word_1_125' title='bbox 828 925 897 953; x_wconf 88' lang='lat' dir='ltr'>dicit</span> <span class='ocrx_word' id='word_1_126' title='bbox 911 935 918 952; x_wconf 92' lang='lat'><strong>:</strong></span> 
     </span>
     <span class='ocr_line' id='line_1_17' title="bbox 150 970 919 1007; baseline 0 -8"><span class='ocrx_word' id='word_1_127' title='bbox 150 972 234 1007; x_wconf 85' lang='lat' dir='ltr'>Eripe</span> <span class='ocrx_word' id='word_1_128' title='bbox 252 979 299 998; x_wconf 87' lang='lat' dir='ltr'>me</span> <span class='ocrx_word' id='word_1_129' title='bbox 320 979 355 998; x_wconf 84' lang='lat' dir='ltr'>ex</span> <span class='ocrx_word' id='word_1_130' title='bbox 373 971 428 998; x_wconf 85' lang='lat' dir='ltr'>hac</span> <span class='ocrx_word' id='word_1_131' title='bbox 445 971 534 1002; x_wconf 85' lang='lat' dir='ltr'>hora,</span> <span class='ocrx_word' id='word_1_132' title='bbox 551 972 578 998; x_wconf 91' lang='lat' dir='ltr'>et</span> <span class='ocrx_word' id='word_1_133' title='bbox 595 970 735 998; x_wconf 86' lang='lat' dir='ltr'>nimirum</span> <span class='ocrx_word' id='word_1_134' title='bbox 753 971 919 999; x_wconf 78' lang='lat' dir='ltr'>turbatione</span> 
     </span>
     <span class='ocr_line' id='line_1_18' title="bbox 150 1017 920 1052; baseline -0.001 -7"><span class='ocrx_word' id='word_1_135' title='bbox 150 1019 206 1045; x_wconf 86' lang='lat' dir='ltr'>hoc</span> <span class='ocrx_word' id='word_1_136' title='bbox 223 1019 345 1052; x_wconf 81' lang='lat' dir='ltr'>cogente</span> <span class='ocrx_word' id='word_1_137' title='bbox 369 1017 452 1050; x_wconf 87' lang='lat' dir='ltr'>dico,</span> <span class='ocrx_word' id='word_1_138' title='bbox 471 1017 578 1044; x_wconf 85' lang='lat' dir='ltr'>scilicet</span> <span class='ocrx_word' id='word_1_139' title='bbox 597 1017 708 1052; x_wconf 83' lang='lat' dir='ltr'>eripere</span> <span class='ocrx_word' id='word_1_140' title='bbox 728 1025 790 1052; x_wconf 86' lang='lat' dir='ltr'>me;</span> <span class='ocrx_word' id='word_1_141' title='bbox 807 1020 920 1045; x_wconf 86' lang='lat' dir='ltr'>contra-</span> 
     </span>
     <span class='ocr_line' id='line_1_19' title="bbox 149 1064 920 1099; baseline -0.003 -7"><span class='ocrx_word' id='word_1_142' title='bbox 149 1065 226 1092; x_wconf 89' lang='lat' dir='ltr'>rium</span> <span class='ocrx_word' id='word_1_143' title='bbox 241 1064 325 1092; x_wconf 85' lang='lat' dir='ltr'>dico:</span> <span class='ocrx_word' id='word_1_144' title='bbox 344 1065 467 1097; x_wconf 77' lang='lat' dir='ltr'>Glorifica</span> <span class='ocrx_word' id='word_1_145' title='bbox 483 1071 574 1090; x_wconf 79' lang='lat' dir='ltr'>nomen</span> <span class='ocrx_word' id='word_1_146' title='bbox 590 1067 680 1097; x_wconf 82' lang='lat' dir='ltr'>tuum,</span> <span class='ocrx_word' id='word_1_147' title='bbox 692 1064 799 1090; x_wconf 83' lang='lat' dir='ltr'>scilieet</span> <span class='ocrx_word' id='word_1_148' title='bbox 814 1064 843 1090; x_wconf 91' lang='lat' dir='ltr'>in</span> <span class='ocrx_word' id='word_1_149' title='bbox 858 1072 920 1099; x_wconf 83' lang='lat' dir='ltr'>pas-</span> 
     </span>
     <span class='ocr_line' id='line_1_20' title="bbox 149 1109 919 1144; baseline -0.003 -6"><span class='ocrx_word' id='word_1_150' title='bbox 149 1111 230 1138; x_wconf 85' lang='lat' dir='ltr'>sione</span> <span class='ocrx_word' id='word_1_151' title='bbox 254 1118 333 1137; x_wconf 88' lang='lat' dir='ltr'>mea.</span> <span class='ocrx_word' id='word_1_152' title='bbox 355 1120 369 1135; x_wconf 66' lang='grc' dir='ltr'>ι)</span> <span class='ocrx_word' id='word_1_153' title='bbox 394 1111 458 1137; x_wconf 79' lang='lat' dir='ltr'>Haee</span> <span class='ocrx_word' id='word_1_154' title='bbox 482 1110 554 1137; x_wconf 86' lang='lat' dir='ltr'>ille:</span> <span class='ocrx_word' id='word_1_155' title='bbox 580 1110 663 1144; x_wconf 77' lang='lat' dir='ltr'>quasi</span> <span class='ocrx_word' id='word_1_156' title='bbox 688 1110 819 1136; x_wconf 89' lang='lat' dir='ltr'>diceret:</span> <span class='ocrx_word' id='word_1_157' title='bbox 844 1109 919 1137; x_wconf 81' lang='lat' dir='ltr'>Licet</span> 
     </span>
     <span class='ocr_line' id='line_1_21' title="bbox 149 1155 919 1192; baseline -0.003 -8"><span class='ocrx_word' id='word_1_158' title='bbox 149 1157 276 1184; x_wconf 80' lang='lat' dir='ltr'>Christus</span> <span class='ocrx_word' id='word_1_159' title='bbox 291 1158 400 1192; x_wconf 87' lang='lat' dir='ltr'>peteret</span> <span class='ocrx_word' id='word_1_160' title='bbox 417 1156 565 1183; x_wconf 84' lang='lat' dir='ltr'>voluntate</span> <span class='ocrx_word' id='word_1_161' title='bbox 583 1155 724 1188; x_wconf 66' lang='lat' dir='ltr'>natura-i,</span> <span class='ocrx_word' id='word_1_162' title='bbox 740 1156 809 1190; x_wconf 83' lang='lat' dir='ltr'>quia</span> <span class='ocrx_word' id='word_1_163' title='bbox 824 1155 919 1189; x_wconf 83' lang='lat' dir='ltr'>diligit</span> 
     </span>
     <span class='ocr_line' id='line_1_22' title="bbox 147 1201 918 1237; baseline -0.003 -7"><span class='ocrx_word' id='word_1_164' title='bbox 147 1203 253 1237; x_wconf 80' lang='lat' dir='ltr'>vitam3</span> <span class='ocrx_word' id='word_1_165' title='bbox 276 1204 374 1229; x_wconf 88' lang='lat' dir='ltr'>tamen</span> <span class='ocrx_word' id='word_1_166' title='bbox 398 1201 547 1229; x_wconf 84' lang='lat' dir='ltr'>voluntate</span> <span class='ocrx_word' id='word_1_167' title='bbox 565 1201 686 1228; x_wconf 84' lang='lat' dir='ltr'>rationis</span> <span class='ocrx_word' id='word_1_168' title='bbox 707 1201 918 1229; x_wconf 79' lang='lat' dir='ltr'>conformantis</span> 
     </span>
     <span class='ocr_line' id='line_1_23' title="bbox 148 1247 918 1283; baseline -0.003 -7"><span class='ocrx_word' id='word_1_169' title='bbox 148 1257 177 1276; x_wconf 88' lang='lat' dir='ltr'>se</span> <span class='ocrx_word' id='word_1_170' title='bbox 193 1249 299 1276; x_wconf 75' lang='lat' dir='ltr'>divinae</span> <span class='ocrx_word' id='word_1_171' title='bbox 310 1247 464 1281; x_wconf 81' lang='lat' dir='ltr'>voluntati,</span> <span class='ocrx_word' id='word_1_172' title='bbox 479 1247 598 1274; x_wconf 85' lang='lat' dir='ltr'>volebat</span> <span class='ocrx_word' id='word_1_173' title='bbox 613 1247 684 1282; x_wconf 84' lang='lat' dir='ltr'>pati,</span> <span class='ocrx_word' id='word_1_174' title='bbox 699 1250 787 1282; x_wconf 88' lang='lat' dir='ltr'>prout</span> <span class='ocrx_word' id='word_1_175' title='bbox 801 1248 841 1275; x_wconf 85' lang='lat' dir='ltr'>ait</span> <span class='ocrx_word' id='word_1_176' title='bbox 855 1247 918 1283; x_wconf 84' lang='lat' dir='ltr'>pla-</span> 
     </span>
     <span class='ocr_line' id='line_1_24' title="bbox 142 1293 918 1327; baseline -0.003 -5"><span class='ocrx_word' id='word_1_177' title='bbox 142 1295 214 1322; x_wconf 71' lang='lat' dir='ltr'>nius</span> <span class='ocrx_word' id='word_1_178' title='bbox 229 1295 255 1321; x_wconf 67' lang='lat'>¹⁴:</span> <span class='ocrx_word' id='word_1_179' title='bbox 274 1296 398 1327; x_wconf 80' lang='lat' dir='ltr'>«Pater,</span> <span class='ocrx_word' id='word_1_180' title='bbox 418 1295 545 1320; x_wconf 79' lang='lat' dir='ltr'>transeat</span> <span class='ocrx_word' id='word_1_181' title='bbox 564 1301 582 1320; x_wconf 90' lang='lat' dir='ltr'>a</span> <span class='ocrx_word' id='word_1_182' title='bbox 604 1301 651 1320; x_wconf 89' lang='lat' dir='ltr'>me</span> <span class='ocrx_word' id='word_1_183' title='bbox 674 1293 748 1320; x_wconf 78' lang='lat' dir='ltr'>calix</span> <span class='ocrx_word' id='word_1_184' title='bbox 770 1294 840 1320; x_wconf 84' lang='lat' dir='ltr'>iste:</span> <span class='ocrx_word' id='word_1_185' title='bbox 857 1302 918 1321; x_wconf 89' lang='lat' dir='ltr'>non</span> 
     </span>
     <span class='ocr_line' id='line_1_25' title="bbox 148 1339 918 1374; baseline -0.001 -6"><span class='ocrx_word' id='word_1_186' title='bbox 148 1343 246 1368; x_wconf 83' lang='lat' dir='ltr'>tamen</span> <span class='ocrx_word' id='word_1_187' title='bbox 261 1341 335 1367; x_wconf 88' lang='lat' dir='ltr'>sicut</span> <span class='ocrx_word' id='word_1_188' title='bbox 355 1347 411 1374; x_wconf 85' lang='lat' dir='ltr'>ego</span> <span class='ocrx_word' id='word_1_189' title='bbox 430 1339 518 1373; x_wconf 82' lang='lat' dir='ltr'>volo,</span> <span class='ocrx_word' id='word_1_190' title='bbox 535 1339 587 1366; x_wconf 87' lang='lat' dir='ltr'>sed</span> <span class='ocrx_word' id='word_1_191' title='bbox 603 1339 675 1366; x_wconf 87' lang='lat' dir='ltr'>sicut</span> <span class='ocrx_word' id='word_1_192' title='bbox 690 1341 721 1366; x_wconf 90' lang='lat' dir='ltr'>tu</span> <span class='ocrx_word' id='word_1_193' title='bbox 739 1339 793 1366; x_wconf 87' lang='lat' dir='ltr'>vis.</span> <span class='ocrx_word' id='word_1_194' title='bbox 807 1350 819 1365; x_wconf 61' lang='grc' dir='ltr'>ι)</span> <span class='ocrx_word' id='word_1_195' title='bbox 838 1339 918 1367; x_wconf 83' lang='lat' dir='ltr'>Unde</span> 
     </span>
     <span class='ocr_line' id='line_1_26' title="bbox 149 1385 918 1421; baseline -0.001 -7"><span class='ocrx_word' id='word_1_196' title='bbox 149 1389 190 1421; x_wconf 87' lang='lat' dir='ltr'>et,</span> <span class='ocrx_word' id='word_1_197' title='bbox 207 1387 280 1414; x_wconf 86' lang='lat' dir='ltr'>sicut</span> <span class='ocrx_word' id='word_1_198' title='bbox 291 1386 368 1419; x_wconf 78' lang='lat' dir='ltr'>fecit,</span> <span class='ocrx_word' id='word_1_199' title='bbox 384 1387 457 1413; x_wconf 88' lang='lat' dir='ltr'>Deus</span> <span class='ocrx_word' id='word_1_200' title='bbox 470 1387 549 1412; x_wconf 83' lang='lat' dir='ltr'>Pater</span> <span class='ocrx_word' id='word_1_201' title='bbox 564 1385 734 1412; x_wconf 82' lang='lat' dir='ltr'>clarificavit</span> <span class='ocrx_word' id='word_1_202' title='bbox 748 1393 824 1413; x_wconf 85' lang='lat' dir='ltr'>eum.</span> <span class='ocrx_word' id='word_1_203' title='bbox 838 1386 918 1413; x_wconf 83' lang='lat' dir='ltr'>Unde</span> 
     </span>
     <span class='ocr_line' id='line_1_27' title="bbox 148 1432 919 1468; baseline -0.001 -8"><span class='ocrx_word' id='word_1_204' title='bbox 148 1433 300 1468; x_wconf 85' lang='lat' dir='ltr'>sequitur:</span> <span class='ocrx_word' id='word_1_205' title='bbox 321 1433 400 1459; x_wconf 73' lang='lat' dir='ltr'>Venit</span> <span class='ocrx_word' id='word_1_206' title='bbox 420 1440 472 1459; x_wconf 73' lang='lat' dir='ltr'>voa:</span> <span class='ocrx_word' id='word_1_207' title='bbox 491 1432 523 1458; x_wconf 80' lang='lat' dir='ltr'>de</span> <span class='ocrx_word' id='word_1_208' title='bbox 544 1432 629 1458; x_wconf 83' lang='lat' dir='ltr'>coelo:</span> <span class='ocrx_word' id='word_1_209' title='bbox 652 1433 687 1458; x_wconf 84' lang='lat' dir='ltr'>Et</span> <span class='ocrx_word' id='word_1_210' title='bbox 708 1433 863 1465; x_wconf 73' lang='lat' dir='ltr'>clarificavi.</span> <span class='ocrx_word' id='word_1_211' title='bbox 887 1434 919 1459; x_wconf 89' lang='lat' dir='ltr'>Et</span> 
     </span>
     <span class='ocr_line' id='line_1_28' title="bbox 147 1478 916 1512; baseline -0.003 -6"><span class='ocrx_word' id='word_1_212' title='bbox 147 1480 203 1507; x_wconf 87' lang='lat' dir='ltr'>hoe</span> <span class='ocrx_word' id='word_1_213' title='bbox 218 1479 344 1512; x_wconf 85' lang='lat' dir='ltr'>videtur,</span> <span class='ocrx_word' id='word_1_214' title='bbox 356 1478 465 1505; x_wconf 84' lang='lat' dir='ltr'>scilicet</span> <span class='ocrx_word' id='word_1_215' title='bbox 479 1480 545 1504; x_wconf 85' lang='lat' dir='ltr'>ante</span> <span class='ocrx_word' id='word_1_216' title='bbox 561 1478 738 1512; x_wconf 78' lang='lat' dir='ltr'>passionem.</span> <span class='ocrx_word' id='word_1_217' title='bbox 752 1478 820 1504; x_wconf 89' lang='lat' dir='ltr'>ldeo</span> <span class='ocrx_word' id='word_1_218' title='bbox 834 1478 873 1505; x_wconf 80' lang='lat' dir='ltr'>ait</span> <span class='ocrx_word' id='word_1_219' title='bbox 887 1478 916 1504; x_wconf 93' lang='lat' dir='ltr'>in</span> 
     </span>
     <span class='ocr_line' id='line_1_29' title="bbox 146 1523 917 1561; baseline -0.001 -9"><span class='ocrx_word' id='word_1_220' title='bbox 146 1524 289 1561; x_wconf 82' lang='lat' dir='ltr'>praeterito</span> <span class='ocrx_word' id='word_1_221' title='bbox 303 1533 308 1551; x_wconf 93' lang='lat'>:</span> <span class='ocrx_word' id='word_1_222' title='bbox 325 1525 359 1550; x_wconf 76' lang='lat' dir='ltr'>Et</span> <span class='ocrx_word' id='word_1_223' title='bbox 375 1525 531 1557; x_wconf 79' lang='lat' dir='ltr'>clarificavi,</span> <span class='ocrx_word' id='word_1_224' title='bbox 545 1526 576 1550; x_wconf 90' lang='lat' dir='ltr'>ut</span> <span class='ocrx_word' id='word_1_225' title='bbox 589 1523 629 1550; x_wconf 88' lang='lat' dir='ltr'>ait</span> <span class='ocrx_word' id='word_1_226' title='bbox 643 1524 819 1557; x_wconf 85' lang='lat' dir='ltr'>Augustinus</span> <span class='ocrx_word' id='word_1_227' title='bbox 831 1524 851 1557; x_wconf 71' lang='lat'>⁵⁵,</span> <span class='ocrx_word' id='word_1_228' title='bbox 864 1524 917 1551; x_wconf 88' lang='lat' dir='ltr'>sci-</span> 
     </span>
     <span class='ocr_line' id='line_1_30' title="bbox 146 1569 916 1605; baseline -0.001 -7"><span class='ocrx_word' id='word_1_229' title='bbox 146 1571 212 1599; x_wconf 86' lang='lat' dir='ltr'>licet</span> <span class='ocrx_word' id='word_1_230' title='bbox 227 1572 385 1605; x_wconf 84' lang='lat' dir='ltr'>antequam</span> <span class='ocrx_word' id='word_1_231' title='bbox 399 1569 528 1596; x_wconf 87' lang='lat' dir='ltr'>mundus</span> <span class='ocrx_word' id='word_1_232' title='bbox 546 1569 643 1603; x_wconf 86' lang='lat' dir='ltr'>fieret,</span> <span class='ocrx_word' id='word_1_233' title='bbox 660 1569 730 1604; x_wconf 82' lang='lat' dir='ltr'>quia</span> <span class='ocrx_word' id='word_1_234' title='bbox 744 1569 841 1604; x_wconf 87' lang='lat' dir='ltr'>ipsum</span> <span class='ocrx_word' id='word_1_235' title='bbox 856 1569 916 1597; x_wconf 82' lang='lat' dir='ltr'>ela-</span> 
     </span>
     <span class='ocr_line' id='line_1_31' title="bbox 145 1615 916 1652; baseline -0.004 -7"><span class='ocrx_word' id='word_1_236' title='bbox 145 1626 211 1645; x_wconf 87' lang='lat' dir='ltr'>rum</span> <span class='ocrx_word' id='word_1_237' title='bbox 227 1617 343 1652; x_wconf 85' lang='lat' dir='ltr'>genuit,</span> <span class='ocrx_word' id='word_1_238' title='bbox 360 1618 386 1644; x_wconf 90' lang='lat' dir='ltr'>et</span> <span class='ocrx_word' id='word_1_239' title='bbox 401 1616 488 1643; x_wconf 84' lang='lat' dir='ltr'>etiam</span> <span class='ocrx_word' id='word_1_240' title='bbox 503 1624 571 1643; x_wconf 88' lang='lat' dir='ltr'>cum</span> <span class='ocrx_word' id='word_1_241' title='bbox 587 1615 624 1642; x_wconf 88' lang='lat' dir='ltr'>de</span> <span class='ocrx_word' id='word_1_242' title='bbox 638 1615 752 1650; x_wconf 82' lang='lat' dir='ltr'>virgine</span> <span class='ocrx_word' id='word_1_243' title='bbox 766 1617 851 1643; x_wconf 81' lang='lat' dir='ltr'>natus</span> <span class='ocrx_word' id='word_1_244' title='bbox 864 1618 916 1649; x_wconf 84' lang='lat' dir='ltr'>est,</span> 
     </span>
     <span class='ocr_line' id='line_1_32' title="bbox 147 1662 917 1696; baseline -0.005 -5"><span class='ocrx_word' id='word_1_245' title='bbox 147 1666 174 1691; x_wconf 92' lang='lat' dir='ltr'>et</span> <span class='ocrx_word' id='word_1_246' title='bbox 194 1672 260 1691; x_wconf 85' lang='lat' dir='ltr'>cum</span> <span class='ocrx_word' id='word_1_247' title='bbox 280 1664 397 1690; x_wconf 72' lang='lat' dir='ltr'>caeteras</span> <span class='ocrx_word' id='word_1_248' title='bbox 414 1662 533 1689; x_wconf 87' lang='lat' dir='ltr'>virtutes</span> <span class='ocrx_word' id='word_1_249' title='bbox 555 1663 692 1696; x_wconf 87' lang='lat' dir='ltr'>operatus</span> <span class='ocrx_word' id='word_1_250' title='bbox 715 1663 767 1691; x_wconf 88' lang='lat' dir='ltr'>est,</span> <span class='ocrx_word' id='word_1_251' title='bbox 789 1669 862 1696; x_wconf 70' lang='lat' dir='ltr'>quas</span> <span class='ocrx_word' id='word_1_252' title='bbox 877 1662 917 1688; x_wconf 87' lang='lat' dir='ltr'>ihi</span> 
     </span>
     <span class='ocr_line' id='line_1_33' title="bbox 147 1707 916 1743; baseline -0.004 -6"><span class='ocrx_word' id='word_1_253' title='bbox 147 1711 297 1737; x_wconf 83' lang='lat' dir='ltr'>enumerat</span> <span class='ocrx_word' id='word_1_254' title='bbox 309 1708 493 1743; x_wconf 73' lang='lat' dir='ltr'>Augustinus.</span> <span class='ocrx_word' id='word_1_255' title='bbox 507 1709 542 1733; x_wconf 79' lang='lat' dir='ltr'>Et</span> <span class='ocrx_word' id='word_1_256' title='bbox 552 1708 716 1741; x_wconf 75' lang='lat' dir='ltr'>qlorificabo,</span> <span class='ocrx_word' id='word_1_257' title='bbox 728 1707 836 1734; x_wconf 79' lang='lat' dir='ltr'>seilicet</span> <span class='ocrx_word' id='word_1_258' title='bbox 849 1715 916 1734; x_wconf 88' lang='lat' dir='ltr'>cum</span> 
     </span>
     <span class='ocr_line' id='line_1_34' title="bbox 145 1752 917 1790; baseline -0.005 -7"><span class='ocrx_word' id='word_1_259' title='bbox 145 1757 276 1790; x_wconf 82' lang='lat' dir='ltr'>resurget</span> <span class='ocrx_word' id='word_1_260' title='bbox 299 1763 317 1782; x_wconf 90' lang='lat' dir='ltr'>a</span> <span class='ocrx_word' id='word_1_261' title='bbox 338 1754 475 1785; x_wconf 79' lang='lat' dir='ltr'>mortuis,</span> <span class='ocrx_word' id='word_1_262' title='bbox 500 1755 527 1779; x_wconf 84' lang='lat' dir='ltr'>et</span> <span class='ocrx_word' id='word_1_263' title='bbox 547 1760 614 1779; x_wconf 89' lang='lat' dir='ltr'>cum</span> <span class='ocrx_word' id='word_1_264' title='bbox 636 1752 810 1779; x_wconf 82' lang='lat' dir='ltr'>exaltabitur</span> <span class='ocrx_word' id='word_1_265' title='bbox 830 1761 917 1788; x_wconf 80' lang='lat' dir='ltr'>super</span> 
     </span>
     <span class='ocr_line' id='line_1_35' title="bbox 146 1798 918 1834; baseline -0.004 -5"><span class='ocrx_word' id='word_1_266' title='bbox 146 1802 236 1829; x_wconf 78' lang='lat' dir='ltr'>coelos</span> <span class='ocrx_word' id='word_1_267' title='bbox 252 1803 342 1834; x_wconf 75' lang='lat' dir='ltr'>Deus,</span> <span class='ocrx_word' id='word_1_268' title='bbox 358 1803 385 1827; x_wconf 92' lang='lat' dir='ltr'>et</span> <span class='ocrx_word' id='word_1_269' title='bbox 403 1800 490 1827; x_wconf 86' lang='lat' dir='ltr'>etiam</span> <span class='ocrx_word' id='word_1_270' title='bbox 504 1806 571 1825; x_wconf 86' lang='lat' dir='ltr'>Cum</span> <span class='ocrx_word' id='word_1_271' title='bbox 586 1800 688 1832; x_wconf 83' lang='lat' dir='ltr'>regnat</span> <span class='ocrx_word' id='word_1_272' title='bbox 700 1798 730 1825; x_wconf 89' lang='lat' dir='ltr'>in</span> <span class='ocrx_word' id='word_1_273' title='bbox 747 1798 842 1832; x_wconf 83' lang='lat' dir='ltr'>coelis,</span> <span class='ocrx_word' id='word_1_274' title='bbox 858 1799 918 1826; x_wconf 86' lang='lat' dir='ltr'>cla-</span> 
     </span>
     <span class='ocr_line' id='line_1_36' title="bbox 146 1844 916 1875; baseline -0.003 -1"><span class='ocrx_word' id='word_1_275' title='bbox 146 1848 263 1875; x_wconf 78' lang='lat' dir='ltr'>rificans</span> <span class='ocrx_word' id='word_1_276' title='bbox 283 1847 428 1873; x_wconf 84' lang='lat' dir='ltr'>civitatem</span> <span class='ocrx_word' id='word_1_277' title='bbox 449 1845 595 1872; x_wconf 77' lang='lat' dir='ltr'>eoelestem</span> <span class='ocrx_word' id='word_1_278' title='bbox 609 1845 639 1871; x_wconf 64' lang='lat'>⁶:</span> <span class='ocrx_word' id='word_1_279' title='bbox 663 1854 675 1869; x_wconf 86' lang='lat'>«</span> <span class='ocrx_word' id='word_1_280' title='bbox 694 1844 814 1871; x_wconf 82' lang='lat' dir='ltr'>Claritas</span> <span class='ocrx_word' id='word_1_281' title='bbox 838 1845 916 1872; x_wconf 89' lang='lat' dir='ltr'>enim</span> 
     </span>
     <span class='ocr_line' id='line_1_37' title="bbox 148 1890 913 1925; baseline -0.005 -5"><span class='ocrx_word' id='word_1_282' title='bbox 148 1894 196 1920; x_wconf 91' lang='lat' dir='ltr'>Dei</span> <span class='ocrx_word' id='word_1_283' title='bbox 212 1892 360 1920; x_wconf 83' lang='lat' dir='ltr'>illuminat</span> <span class='ocrx_word' id='word_1_284' title='bbox 375 1899 449 1925; x_wconf 85' lang='lat' dir='ltr'>eam,</span> <span class='ocrx_word' id='word_1_285' title='bbox 463 1893 490 1918; x_wconf 87' lang='lat' dir='ltr'>et</span> <span class='ocrx_word' id='word_1_286' title='bbox 503 1891 624 1918; x_wconf 85' lang='lat' dir='ltr'>lucerna</span> <span class='ocrx_word' id='word_1_287' title='bbox 639 1890 701 1925; x_wconf 89' lang='lat' dir='ltr'>ejus</span> <span class='ocrx_word' id='word_1_288' title='bbox 716 1893 812 1925; x_wconf 73' lang='lat' dir='ltr'>Agnus</span> <span class='ocrx_word' id='word_1_289' title='bbox 825 1890 888 1917; x_wconf 77' lang='lat' dir='ltr'>erit.</span> <span class='ocrx_word' id='word_1_290' title='bbox 900 1901 913 1916; x_wconf 79' lang='lat' dir='ltr'>n</span> 
     </span>
     <span class='ocr_line' id='line_1_38' title="bbox 147 1936 914 1972; baseline -0.003 -6"><span class='ocrx_word' id='word_1_291' title='bbox 147 1939 261 1967; x_wconf 76' lang='lat' dir='ltr'>lnl&#39;sa7:</span> <span class='ocrx_word' id='word_1_292' title='bbox 282 1948 293 1963; x_wconf 74' lang='lat' dir='ltr'>a</span> <span class='ocrx_word' id='word_1_293' title='bbox 309 1938 439 1965; x_wconf 84' lang='lat' dir='ltr'>Clarifica</span> <span class='ocrx_word' id='word_1_294' title='bbox 457 1945 504 1964; x_wconf 88' lang='lat' dir='ltr'>me</span> <span class='ocrx_word' id='word_1_295' title='bbox 527 1936 607 1972; x_wconf 85' lang='lat' dir='ltr'>apud</span> <span class='ocrx_word' id='word_1_296' title='bbox 629 1936 813 1971; x_wconf 85' lang='lat' dir='ltr'>temetipsum</span> <span class='ocrx_word' id='word_1_297' title='bbox 833 1936 914 1964; x_wconf 84' lang='lat' dir='ltr'>clari-</span> 
     </span>
     <span class='ocr_line' id='line_1_39' title="bbox 147 1982 916 2020; baseline -0.003 -8"><span class='ocrx_word' id='word_1_298' title='bbox 147 1987 203 2012; x_wconf 86' lang='lat' dir='ltr'>tate</span> <span class='ocrx_word' id='word_1_299' title='bbox 221 1993 310 2020; x_wconf 80' lang='lat' dir='ltr'>quam</span> <span class='ocrx_word' id='word_1_300' title='bbox 324 1984 412 2011; x_wconf 85' lang='lat' dir='ltr'>habui</span> <span class='ocrx_word' id='word_1_301' title='bbox 432 1985 590 2018; x_wconf 83' lang='lat' dir='ltr'>antequam</span> <span class='ocrx_word' id='word_1_302' title='bbox 604 1982 734 2009; x_wconf 90' lang='lat' dir='ltr'>mundus</span> <span class='ocrx_word' id='word_1_303' title='bbox 748 1982 839 2009; x_wconf 85' lang='lat' dir='ltr'>fieret.</span> <span class='ocrx_word' id='word_1_304' title='bbox 856 1992 869 2008; x_wconf 83' lang='lat'>›&gt;</span> <span class='ocrx_word' id='word_1_305' title='bbox 885 1984 916 2010; x_wconf 90' lang='lat' dir='ltr'>Et</span> 
     </span>
     <span class='ocr_line' id='line_1_40' title="bbox 147 2028 915 2066; baseline -0.004 -7"><span class='ocrx_word' id='word_1_306' title='bbox 147 2032 206 2059; x_wconf 62' lang='lat' dir='ltr'>haee</span> <span class='ocrx_word' id='word_1_307' title='bbox 227 2039 300 2065; x_wconf 73' lang='lat' dir='ltr'>vox,</span> <span class='ocrx_word' id='word_1_308' title='bbox 323 2038 388 2066; x_wconf 70' lang='lat' dir='ltr'>quae</span> <span class='ocrx_word' id='word_1_309' title='bbox 403 2029 439 2056; x_wconf 88' lang='lat' dir='ltr'>de</span> <span class='ocrx_word' id='word_1_310' title='bbox 459 2029 533 2056; x_wconf 71' lang='lat' dir='ltr'>eoelo</span> <span class='ocrx_word' id='word_1_311' title='bbox 552 2029 646 2062; x_wconf 87' lang='lat' dir='ltr'>venit,</span> <span class='ocrx_word' id='word_1_312' title='bbox 665 2028 719 2055; x_wconf 88' lang='lat' dir='ltr'>fuit</span> <span class='ocrx_word' id='word_1_313' title='bbox 738 2028 863 2056; x_wconf 83' lang='lat' dir='ltr'>formata</span> <span class='ocrx_word' id='word_1_314' title='bbox 878 2029 915 2056; x_wconf 85' lang='lat' dir='ltr'>ab</span> 
     </span>
     <span class='ocr_line' id='line_1_41' title="bbox 145 2075 834 2112; baseline -0.006 -7"><span class='ocrx_word' id='word_1_315' title='bbox 145 2078 266 2112; x_wconf 81' lang='lat' dir='ltr'>angelo,</span> <span class='ocrx_word' id='word_1_316' title='bbox 282 2079 313 2104; x_wconf 85' lang='lat' dir='ltr'>ut</span> <span class='ocrx_word' id='word_1_317' title='bbox 327 2077 365 2104; x_wconf 87' lang='lat' dir='ltr'>ait</span> <span class='ocrx_word' id='word_1_318' title='bbox 379 2075 534 2110; x_wconf 83' lang='lat' dir='ltr'>Gregorius</span> <span class='ocrx_word' id='word_1_319' title='bbox 548 2076 569 2110; x_wconf 76' lang='lat'>⁸,</span> <span class='ocrx_word' id='word_1_320' title='bbox 583 2083 734 2110; x_wconf 76' lang='lat' dir='ltr'>exponens</span> <span class='ocrx_word' id='word_1_321' title='bbox 748 2075 834 2102; x_wconf 85' lang='lat' dir='ltr'>istud.</span> 
     </span>
    </p>

    <p class='ocr_par' dir='ltr' id='par_1_3' title="bbox 146 2120 917 2389">
     <span class='ocr_line' id='line_1_42' title="bbox 180 2120 916 2158; baseline -0.005 -7"><span class='ocrx_word' id='word_1_322' title='bbox 180 2125 225 2151; x_wconf 74' lang='lat'>29.</span> <span class='ocrx_word' id='word_1_323' title='bbox 242 2125 274 2150; x_wconf 90' lang='lat' dir='ltr'>Et</span> <span class='ocrx_word' id='word_1_324' title='bbox 288 2122 419 2158; x_wconf 80' lang='lat' dir='ltr'>sequitur</span> <span class='ocrx_word' id='word_1_325' title='bbox 433 2122 482 2149; x_wconf 83' lang='lat' dir='ltr'>illa</span> <span class='ocrx_word' id='word_1_326' title='bbox 496 2129 578 2157; x_wconf 88' lang='lat' dir='ltr'>pars,</span> <span class='ocrx_word' id='word_1_327' title='bbox 599 2121 628 2148; x_wconf 93' lang='lat' dir='ltr'>in</span> <span class='ocrx_word' id='word_1_328' title='bbox 648 2129 707 2156; x_wconf 88' lang='lat' dir='ltr'>qua</span> <span class='ocrx_word' id='word_1_329' title='bbox 725 2120 849 2148; x_wconf 87' lang='lat' dir='ltr'>eruditio</span> <span class='ocrx_word' id='word_1_330' title='bbox 864 2129 916 2156; x_wconf 91' lang='lat' dir='ltr'>po-</span> 
     </span>
     <span class='ocr_line' id='line_1_43' title="bbox 146 2168 914 2206; baseline -0.004 -9"><span class='ocrx_word' id='word_1_331' title='bbox 146 2170 208 2206; x_wconf 88' lang='lat' dir='ltr'>puli</span> <span class='ocrx_word' id='word_1_332' title='bbox 229 2170 265 2197; x_wconf 89' lang='lat' dir='ltr'>de</span> <span class='ocrx_word' id='word_1_333' title='bbox 287 2169 386 2197; x_wconf 83' lang='lat' dir='ltr'>audita</span> <span class='ocrx_word' id='word_1_334' title='bbox 407 2176 491 2196; x_wconf 86' lang='lat' dir='ltr'>voce.</span> <span class='ocrx_word' id='word_1_335' title='bbox 508 2170 539 2195; x_wconf 87' lang='lat' dir='ltr'>Et</span> <span class='ocrx_word' id='word_1_336' title='bbox 559 2168 610 2195; x_wconf 85' lang='lat' dir='ltr'>illa</span> <span class='ocrx_word' id='word_1_337' title='bbox 631 2175 699 2203; x_wconf 85' lang='lat' dir='ltr'>pars</span> <span class='ocrx_word' id='word_1_338' title='bbox 720 2168 749 2194; x_wconf 90' lang='lat' dir='ltr'>in</span> <span class='ocrx_word' id='word_1_339' title='bbox 769 2169 914 2202; x_wconf 86' lang='lat' dir='ltr'>quatuor:</span> 
     </span>
     <span class='ocr_line' id='line_1_44' title="bbox 146 2214 917 2251; baseline -0.004 -8"><span class='ocrx_word' id='word_1_340' title='bbox 146 2216 258 2251; x_wconf 86' lang='lat' dir='ltr'>primo,</span> <span class='ocrx_word' id='word_1_341' title='bbox 279 2215 329 2242; x_wconf 86' lang='lat' dir='ltr'>illa</span> <span class='ocrx_word' id='word_1_342' title='bbox 346 2215 426 2242; x_wconf 88' lang='lat' dir='ltr'>vocis</span> <span class='ocrx_word' id='word_1_343' title='bbox 445 2222 463 2242; x_wconf 86' lang='lat' dir='ltr'>a</span> <span class='ocrx_word' id='word_1_344' title='bbox 486 2214 571 2242; x_wconf 88' lang='lat' dir='ltr'>turba</span> <span class='ocrx_word' id='word_1_345' title='bbox 593 2214 758 2248; x_wconf 81' lang='lat' dir='ltr'>exauditio,</span> <span class='ocrx_word' id='word_1_346' title='bbox 778 2216 805 2240; x_wconf 87' lang='lat' dir='ltr'>et</span> <span class='ocrx_word' id='word_1_347' title='bbox 824 2214 917 2241; x_wconf 84' lang='lat' dir='ltr'>turbae</span> 
     </span>
     <span class='ocr_line' id='line_1_45' title="bbox 147 2259 915 2295; baseline -0.001 -6"><span class='ocrx_word' id='word_1_348' title='bbox 147 2262 305 2295; x_wconf 83' lang='lat' dir='ltr'>dubitati03</span> <span class='ocrx_word' id='word_1_349' title='bbox 325 2261 470 2294; x_wconf 87' lang='lat' dir='ltr'>secundo,</span> <span class='ocrx_word' id='word_1_350' title='bbox 487 2261 578 2288; x_wconf 82' lang='lat' dir='ltr'>turbae</span> <span class='ocrx_word' id='word_1_351' title='bbox 596 2260 756 2287; x_wconf 80' lang='lat' dir='ltr'>dubitantis</span> <span class='ocrx_word' id='word_1_352' title='bbox 770 2268 787 2287; x_wconf 81' lang='lat' dir='ltr'>a</span> <span class='ocrx_word' id='word_1_353' title='bbox 806 2259 915 2288; x_wconf 74' lang='lat' dir='ltr'>Christo</span> 
     </span>
     <span class='ocr_line' id='line_1_46' title="bbox 148 2306 915 2341; baseline -0.003 -6"><span class='ocrx_word' id='word_1_354' title='bbox 148 2307 283 2341; x_wconf 81' lang='lat' dir='ltr'>eruditio,</span> <span class='ocrx_word' id='word_1_355' title='bbox 297 2307 370 2334; x_wconf 78' lang='lat' dir='ltr'>ibi⁹z</span> <span class='ocrx_word' id='word_1_356' title='bbox 385 2307 531 2341; x_wconf 80' lang='lat' dir='ltr'>Respondit</span> <span class='ocrx_word' id='word_1_357' title='bbox 542 2308 700 2340; x_wconf 72' lang='lat' dir='ltr'>Jesus,etc.;</span> <span class='ocrx_word' id='word_1_358' title='bbox 714 2306 811 2338; x_wconf 81' lang='lat' dir='ltr'>tertio,</span> <span class='ocrx_word' id='word_1_359' title='bbox 822 2306 915 2333; x_wconf 77' lang='lat' dir='ltr'>turhae</span> 
     </span>
     <span class='ocr_line' id='line_1_47' title="bbox 147 2352 915 2389; baseline 0 -9"><span class='ocrx_word' id='word_1_360' title='bbox 147 2353 308 2389; x_wconf 84' lang='lat' dir='ltr'>inquisitio,</span> <span class='ocrx_word' id='word_1_361' title='bbox 320 2352 360 2380; x_wconf 87' lang='lat' dir='ltr'>ibi</span> <span class='ocrx_word' id='word_1_362' title='bbox 372 2353 391 2369; x_wconf 89' lang='lat'>¹⁰</span> <span class='ocrx_word' id='word_1_363' title='bbox 403 2363 408 2378; x_wconf 92' lang='lat'>:</span> <span class='ocrx_word' id='word_1_364' title='bbox 421 2353 567 2388; x_wconf 77' lang='lat' dir='ltr'>Respondit</span> <span class='ocrx_word' id='word_1_365' title='bbox 578 2355 603 2380; x_wconf 78' lang='grc' dir='ltr'>εί</span> <span class='ocrx_word' id='word_1_366' title='bbox 618 2354 705 2386; x_wconf 82' lang='lat' dir='ltr'>turba,</span> <span class='ocrx_word' id='word_1_367' title='bbox 717 2354 788 2386; x_wconf 84' lang='lat' dir='ltr'>etc.;</span> <span class='ocrx_word' id='word_1_368' title='bbox 799 2353 915 2387; x_wconf 86' lang='lat' dir='ltr'>quarto,</span> 
     </span>
    </p>

    <p class='ocr_par' dir='ltr' id='par_1_4' title="bbox 148 2422 916 2594">
     <span class='ocr_line' id='line_1_48' title="bbox 180 2422 915 2454; baseline -0.001 -7"><span class='ocrx_word' id='word_1_369' title='bbox 180 2424 186 2439; x_wconf 89' lang='lat'><strong>¹</strong></span> <span class='ocrx_word' id='word_1_370' title='bbox 202 2424 274 2454; x_wconf 69' lang='lat' dir='ltr'>sup„</span> <span class='ocrx_word' id='word_1_371' title='bbox 291 2429 331 2453; x_wconf 66' lang='lat' dir='ltr'>XI,</span> <span class='ocrx_word' id='word_1_372' title='bbox 344 2424 382 2447; x_wconf 69' lang='lat'>42.</span> <span class='ocrx_word' id='word_1_373' title='bbox 399 2436 427 2440; x_wconf 97' lang='lat'><strong>—</strong></span> <span class='ocrx_word' id='word_1_374' title='bbox 442 2423 450 2436; x_wconf 79' lang='lat'><strong>²</strong></span> <span class='ocrx_word' id='word_1_375' title='bbox 463 2423 564 2451; x_wconf 67' lang='lat' dir='ltr'>Manli„</span> <span class='ocrx_word' id='word_1_376' title='bbox 580 2429 628 2453; x_wconf 84' lang='lat' dir='ltr'>xx,</span> <span class='ocrx_word' id='word_1_377' title='bbox 644 2424 682 2446; x_wconf 83' lang='lat'>23.</span> <span class='ocrx_word' id='word_1_378' title='bbox 697 2436 723 2440; x_wconf 84' lang='lat'><em>-</em></span> <span class='ocrx_word' id='word_1_379' title='bbox 745 2423 754 2436; x_wconf 77' lang='lat'><strong>³</strong></span> <span class='ocrx_word' id='word_1_380' title='bbox 774 2422 915 2453; x_wconf 80' lang='lat' dir='ltr'>Clirysost.,</span> 
     </span>
     <span class='ocr_line' id='line_1_49' title="bbox 148 2457 914 2489; baseline -0.001 -8"><span class='ocrx_word' id='word_1_381' title='bbox 148 2458 191 2481; x_wconf 87' lang='lat' dir='ltr'>ubi</span> <span class='ocrx_word' id='word_1_382' title='bbox 210 2465 264 2489; x_wconf 79' lang='lat' dir='ltr'>sup.</span> <span class='ocrx_word' id='word_1_383' title='bbox 283 2471 313 2475; x_wconf 89' lang='lat'><strong>—</strong></span> <span class='ocrx_word' id='word_1_384' title='bbox 330 2459 337 2472; x_wconf 77' lang='lat'><strong>⁴</strong></span> <span class='ocrx_word' id='word_1_385' title='bbox 354 2458 433 2481; x_wconf 74' lang='lat' dir='ltr'>Matth</span> <span class='ocrx_word' id='word_1_386' title='bbox 448 2474 455 2486; x_wconf 87' lang='lat'>‚</span> <span class='ocrx_word' id='word_1_387' title='bbox 475 2463 550 2487; x_wconf 73' lang='lat' dir='ltr'>xxvi,</span> <span class='ocrx_word' id='word_1_388' title='bbox 565 2459 604 2482; x_wconf 81' lang='lat'>39.</span> <span class='ocrx_word' id='word_1_389' title='bbox 624 2471 653 2475; x_wconf 97' lang='lat'><strong>—</strong></span> <span class='ocrx_word' id='word_1_390' title='bbox 672 2458 680 2472; x_wconf 70' lang='lat'>⁵</span> <span class='ocrx_word' id='word_1_391' title='bbox 701 2459 774 2488; x_wconf 68' lang='lat' dir='ltr'>Aug„</span> <span class='ocrx_word' id='word_1_392' title='bbox 793 2457 836 2480; x_wconf 86' lang='lat' dir='ltr'>ubi</span> <span class='ocrx_word' id='word_1_393' title='bbox 850 2464 914 2488; x_wconf 63' lang='lat' dir='ltr'>sup„</span> 
     </span>
     <span class='ocr_line' id='line_1_50' title="bbox 150 2492 916 2524; baseline 0 -8"><span class='ocrx_word' id='word_1_394' title='bbox 150 2500 173 2516; x_wconf 84' lang='grc' dir='ltr'>ιι.</span> <span class='ocrx_word' id='word_1_395' title='bbox 192 2495 212 2517; x_wconf 71' lang='lat' dir='ltr'>s..</span> <span class='ocrx_word' id='word_1_396' title='bbox 225 2507 254 2511; x_wconf 92' lang='lat'><strong>—</strong></span> <span class='ocrx_word' id='word_1_397' title='bbox 269 2495 278 2507; x_wconf 74' lang='lat'>⁸</span> <span class='ocrx_word' id='word_1_398' title='bbox 292 2495 374 2524; x_wconf 56' lang='lat' dir='ltr'>Almo,</span> <span class='ocrx_word' id='word_1_399' title='bbox 391 2498 445 2523; x_wconf 77' lang='lat' dir='ltr'>xxi,</span> <span class='ocrx_word' id='word_1_400' title='bbox 463 2494 502 2516; x_wconf 74' lang='lat'>213.</span> <span class='ocrx_word' id='word_1_401' title='bbox 514 2506 542 2510; x_wconf 97' lang='lat'><strong>—</strong></span> <span class='ocrx_word' id='word_1_402' title='bbox 558 2494 565 2506; x_wconf 79' lang='lat'><strong>¹</strong></span> <span class='ocrx_word' id='word_1_403' title='bbox 581 2493 637 2523; x_wconf 56' lang='lat' dir='ltr'>lus„</span> <span class='ocrx_word' id='word_1_404' title='bbox 650 2498 712 2523; x_wconf 79' lang='lat' dir='ltr'>xvii,</span> <span class='ocrx_word' id='word_1_405' title='bbox 728 2494 750 2516; x_wconf 82' lang='lat'>5.</span> <span class='ocrx_word' id='word_1_406' title='bbox 763 2505 793 2510; x_wconf 94' lang='lat'>—-</span> <span class='ocrx_word' id='word_1_407' title='bbox 805 2492 814 2508; x_wconf 83' lang='lat'>⁸</span> <span class='ocrx_word' id='word_1_408' title='bbox 830 2493 916 2524; x_wconf 83' lang='lat' dir='ltr'>Greg.‚</span> 
     </span>
     <span class='ocr_line' id='line_1_51' title="bbox 150 2527 914 2558; baseline 0.001 -7"><span class='ocrx_word' id='word_1_409' title='bbox 150 2528 250 2553; x_wconf 67' lang='lat' dir='ltr'>Mra-al..</span> <span class='ocrx_word' id='word_1_410' title='bbox 272 2528 304 2552; x_wconf 79' lang='lat' dir='ltr'>lib</span> <span class='ocrx_word' id='word_1_411' title='bbox 332 2528 448 2557; x_wconf 71' lang='lat' dir='ltr'>xxviii,</span> <span class='ocrx_word' id='word_1_412' title='bbox 467 2535 488 2552; x_wconf 83' lang='lat' dir='ltr'>c.</span> <span class='ocrx_word' id='word_1_413' title='bbox 506 2534 538 2557; x_wconf 87' lang='lat'>11,</span> <span class='ocrx_word' id='word_1_414' title='bbox 553 2528 585 2552; x_wconf 79' lang='lat' dir='ltr'>al.</span> <span class='ocrx_word' id='word_1_415' title='bbox 604 2534 629 2558; x_wconf 92' lang='lat'>1,</span> <span class='ocrx_word' id='word_1_416' title='bbox 644 2535 671 2552; x_wconf 88' lang='lat' dir='ltr'>n.</span> <span class='ocrx_word' id='word_1_417' title='bbox 692 2530 715 2552; x_wconf 79' lang='lat'>4.</span> <span class='ocrx_word' id='word_1_418' title='bbox 730 2541 760 2545; x_wconf 90' lang='lat'><strong>—</strong></span> <span class='ocrx_word' id='word_1_419' title='bbox 778 2528 788 2543; x_wconf 83' lang='lat'>⁹</span> <span class='ocrx_word' id='word_1_420' title='bbox 805 2527 860 2555; x_wconf 67' lang='lat' dir='ltr'>lnl&#39;.v</span> <span class='ocrx_word' id='word_1_421' title='bbox 877 2530 914 2552; x_wconf 85' lang='lat'>30.</span> 
     </span>
     <span class='ocr_line' id='line_1_52' title="bbox 149 2563 914 2594; baseline -0.001 -8"><span class='ocrx_word' id='word_1_422' title='bbox 149 2575 177 2578; x_wconf 88' lang='lat'>—-</span> <span class='ocrx_word' id='word_1_423' title='bbox 194 2563 214 2578; x_wconf 87' lang='lat'>¹⁰</span> <span class='ocrx_word' id='word_1_424' title='bbox 232 2564 288 2594; x_wconf 67' lang='lat' dir='ltr'>int,</span> <span class='ocrx_word' id='word_1_425' title='bbox 304 2566 342 2587; x_wconf 68' lang='grc' dir='ltr'>δι.</span> <span class='ocrx_word' id='word_1_426' title='bbox 356 2576 385 2580; x_wconf 90' lang='grc'><strong>-</strong></span> <span class='ocrx_word' id='word_1_427' title='bbox 401 2564 418 2579; x_wconf 84' lang='lat'>¹¹</span> <span class='ocrx_word' id='word_1_428' title='bbox 435 2563 491 2591; x_wconf 59' lang='lat' dir='ltr'>lus„</span> <span class='ocrx_word' id='word_1_429' title='bbox 509 2565 547 2585; x_wconf 69' lang='lat'>2533.</span> <span class='ocrx_word' id='word_1_430' title='bbox 560 2576 590 2581; x_wconf 88' lang='lat'>-</span> <span class='ocrx_word' id='word_1_431' title='bbox 606 2564 625 2578; x_wconf 76' lang='lat'>¹²</span> <span class='ocrx_word' id='word_1_432' title='bbox 639 2563 724 2592; x_wconf 60' lang='lat' dir='ltr'>lv‘cclz&#39;„</span> <span class='ocrx_word' id='word_1_433' title='bbox 740 2568 817 2593; x_wconf 73' lang='lat' dir='ltr'>xmi,</span> <span class='ocrx_word' id='word_1_434' title='bbox 837 2564 869 2586; x_wconf 84' lang='lat'>18.</span> <span class='ocrx_word' id='word_1_435' title='bbox 886 2576 914 2580; x_wconf 89' lang='lat'><strong>—</strong></span> 
     </span>
    </p>
   </div>
   <div class='ocr_carea' id='block_1_3' title="bbox 150 2597 914 2663">
    <p class='ocr_par' dir='ltr' id='par_1_5' title="bbox 150 2597 914 2663">
     <span class='ocr_line' id='line_1_53' title="bbox 150 2597 914 2627; baseline 0 -7"><span class='ocrx_word' id='word_1_436' title='bbox 150 2597 168 2613; x_wconf 60' lang='lat'>¹³</span> <span class='ocrx_word' id='word_1_437' title='bbox 194 2597 292 2627; x_wconf 82' lang='lat' dir='ltr'>Ezech.,</span> <span class='ocrx_word' id='word_1_438' title='bbox 320 2604 342 2627; x_wconf 87' lang='grc' dir='ltr'>ι,</span> <span class='ocrx_word' id='word_1_439' title='bbox 363 2600 401 2621; x_wconf 58' lang='grc'>2).</span> <span class='ocrx_word' id='word_1_440' title='bbox 429 2611 454 2614; x_wconf 87' lang='grc'>-</span> <span class='ocrx_word' id='word_1_441' title='bbox 486 2599 504 2614; x_wconf 73' lang='lat'>¹¹</span> <span class='ocrx_word' id='word_1_442' title='bbox 532 2600 616 2627; x_wconf 48' lang='lat' dir='ltr'>Greia,</span> <span class='ocrx_word' id='word_1_443' title='bbox 646 2606 670 2620; x_wconf 83' lang='grc' dir='ltr'>ιη</span> <span class='ocrx_word' id='word_1_444' title='bbox 699 2597 797 2624; x_wconf 65' lang='grc' dir='ltr'>Ιίιει·1ι.,</span> <span class='ocrx_word' id='word_1_445' title='bbox 822 2597 864 2620; x_wconf 73' lang='grc'>111),</span> <span class='ocrx_word' id='word_1_446' title='bbox 891 2597 914 2626; x_wconf 92' lang='lat' dir='ltr'>l,</span> 
     </span>
     <span class='ocr_line' id='line_1_54' title="bbox 150 2632 914 2663; baseline 0.001 -9"><span class='ocrx_word' id='word_1_447' title='bbox 150 2632 219 2655; x_wconf 84' lang='lat' dir='ltr'>hom.</span> <span class='ocrx_word' id='word_1_448' title='bbox 240 2637 299 2661; x_wconf 84' lang='grc' dir='ltr'>νιιι,</span> <span class='ocrx_word' id='word_1_449' title='bbox 315 2639 340 2656; x_wconf 83' lang='grc' dir='ltr'>ιι.</span> <span class='ocrx_word' id='word_1_450' title='bbox 360 2634 396 2657; x_wconf 77' lang='grc'>15.</span> <span class='ocrx_word' id='word_1_451' title='bbox 414 2646 444 2650; x_wconf 94' lang='grc'>-</span> <span class='ocrx_word' id='word_1_452' title='bbox 465 2633 483 2649; x_wconf 65' lang='lat'>¹⁵</span> <span class='ocrx_word' id='word_1_453' title='bbox 502 2633 586 2661; x_wconf 67' lang='lat' dir='ltr'>lach„</span> <span class='ocrx_word' id='word_1_454' title='bbox 604 2639 637 2663; x_wconf 77' lang='grc' dir='ltr'>ιι,</span> <span class='ocrx_word' id='word_1_455' title='bbox 657 2636 679 2656; x_wconf 70' lang='grc'>3.</span> <span class='ocrx_word' id='word_1_456' title='bbox 695 2645 724 2650; x_wconf 91' lang='lat'>--</span> <span class='ocrx_word' id='word_1_457' title='bbox 743 2632 762 2648; x_wconf 78' lang='lat'>¹⁸</span> <span class='ocrx_word' id='word_1_458' title='bbox 777 2634 851 2662; x_wconf 65' lang='lat' dir='ltr'>Aug„</span> <span class='ocrx_word' id='word_1_459' title='bbox 871 2632 914 2656; x_wconf 89' lang='lat' dir='ltr'>ubi</span> 
     </span>
    </p>
   </div>
   <div class='ocr_carea' id='block_1_4' title="bbox 1687 221 1744 250">
    <p class='ocr_par' dir='ltr' id='par_1_6' title="bbox 1687 221 1744 250">
     <span class='ocr_line' id='line_1_55' title="bbox 1687 221 1744 250; baseline 0.035 -2"><span class='ocrx_word' id='word_1_460' title='bbox 1687 221 1744 250; x_wconf 68' lang='lat'>427</span> 
     </span>
    </p>
   </div>
   <div class='ocr_carea' id='block_1_5' title="bbox 972 281 1773 2664">
    <p class='ocr_par' dir='ltr' id='par_1_7' title="bbox 974 281 1746 363">
     <span class='ocr_line' id='line_1_56' title="bbox 974 281 1746 315; baseline 0.005 -8"><span class='ocrx_word' id='word_1_461' title='bbox 974 281 1103 315; x_wconf 85' lang='lat' dir='ltr'>ejusdem</span> <span class='ocrx_word' id='word_1_462' title='bbox 1122 281 1214 309; x_wconf 84' lang='lat' dir='ltr'>turbae</span> <span class='ocrx_word' id='word_1_463' title='bbox 1228 290 1244 309; x_wconf 85' lang='lat' dir='ltr'>a</span> <span class='ocrx_word' id='word_1_464' title='bbox 1262 283 1373 311; x_wconf 88' lang='lat' dir='ltr'>Christo</span> <span class='ocrx_word' id='word_1_465' title='bbox 1395 284 1556 311; x_wconf 84' lang='lat' dir='ltr'>exhortatio</span> <span class='ocrx_word' id='word_1_466' title='bbox 1577 285 1605 311; x_wconf 89' lang='lat' dir='ltr'>et</span> <span class='ocrx_word' id='word_1_467' title='bbox 1618 284 1746 312; x_wconf 83' lang='lat' dir='ltr'>veritatis</span> 
     </span>
     <span class='ocr_line' id='line_1_57' title="bbox 975 327 1597 363; baseline 0.005 -10"><span class='ocrx_word' id='word_1_468' title='bbox 975 327 1165 361; x_wconf 83' lang='lat' dir='ltr'>doctrinatio,</span> <span class='ocrx_word' id='word_1_469' title='bbox 1180 328 1221 355; x_wconf 90' lang='lat' dir='ltr'>ibi</span> <span class='ocrx_word' id='word_1_470' title='bbox 1235 330 1274 356; x_wconf 88' lang='lat'>¹¹:</span> <span class='ocrx_word' id='word_1_471' title='bbox 1291 331 1370 356; x_wconf 73' lang='lat' dir='ltr'>Dioeit</span> <span class='ocrx_word' id='word_1_472' title='bbox 1386 331 1423 356; x_wconf 85' lang='lat' dir='ltr'>eis</span> <span class='ocrx_word' id='word_1_473' title='bbox 1437 331 1528 363; x_wconf 76' lang='lat' dir='ltr'>Jesus,</span> <span class='ocrx_word' id='word_1_474' title='bbox 1544 332 1597 356; x_wconf 86' lang='lat' dir='ltr'>etc.</span> 
     </span>
    </p>

    <p class='ocr_par' dir='ltr' id='par_1_8' title="bbox 973 373 1746 1046">
     <span class='ocr_line' id='line_1_58' title="bbox 1010 373 1745 411; baseline 0.003 -11"><span class='ocrx_word' id='word_1_475' title='bbox 1010 373 1053 400; x_wconf 82' lang='lat' dir='ltr'>Ait</span> <span class='ocrx_word' id='word_1_476' title='bbox 1069 381 1158 408; x_wconf 84' lang='lat' dir='ltr'>ergo:</span> <span class='ocrx_word' id='word_1_477' title='bbox 1173 375 1280 407; x_wconf 85' lang='lat' dir='ltr'>Turba,</span> <span class='ocrx_word' id='word_1_478' title='bbox 1296 383 1362 411; x_wconf 81' lang='lat' dir='ltr'>quae</span> <span class='ocrx_word' id='word_1_479' title='bbox 1376 376 1485 410; x_wconf 80' lang='lat' dir='ltr'>stabat,</span> <span class='ocrx_word' id='word_1_480' title='bbox 1500 375 1538 402; x_wconf 93' lang='lat' dir='ltr'>ad</span> <span class='ocrx_word' id='word_1_481' title='bbox 1552 375 1677 403; x_wconf 84' lang='lat' dir='ltr'>litteram</span> <span class='ocrx_word' id='word_1_482' title='bbox 1692 376 1745 403; x_wconf 90' lang='lat' dir='ltr'>du-</span> 
     </span>
     <span class='ocr_line' id='line_1_59' title="bbox 974 419 1744 449; baseline 0.004 -4"><span class='ocrx_word' id='word_1_483' title='bbox 974 419 1075 446; x_wconf 82' lang='lat' dir='ltr'>bitavit</span> <span class='ocrx_word' id='word_1_484' title='bbox 1092 420 1127 446; x_wconf 87' lang='lat' dir='ltr'>de</span> <span class='ocrx_word' id='word_1_485' title='bbox 1148 428 1222 447; x_wconf 80' lang='lat' dir='ltr'>voce</span> <span class='ocrx_word' id='word_1_486' title='bbox 1239 421 1349 449; x_wconf 86' lang='lat' dir='ltr'>audita.</span> <span class='ocrx_word' id='word_1_487' title='bbox 1366 422 1447 448; x_wconf 89' lang='lat' dir='ltr'>Unde</span> <span class='ocrx_word' id='word_1_488' title='bbox 1466 421 1563 448; x_wconf 90' lang='lat' dir='ltr'>minus</span> <span class='ocrx_word' id='word_1_489' title='bbox 1583 421 1688 448; x_wconf 90' lang='lat' dir='ltr'>eruditi</span> <span class='ocrx_word' id='word_1_490' title='bbox 1708 422 1744 449; x_wconf 92' lang='lat' dir='ltr'>de</span> 
     </span>
     <span class='ocr_line' id='line_1_60' title="bbox 974 465 1745 500; baseline 0.004 -9"><span class='ocrx_word' id='word_1_491' title='bbox 974 465 1138 493; x_wconf 76' lang='lat' dir='ltr'>coelestibus</span> <span class='ocrx_word' id='word_1_492' title='bbox 1157 466 1294 494; x_wconf 84' lang='lat' dir='ltr'>dicebant</span> <span class='ocrx_word' id='word_1_493' title='bbox 1319 469 1463 494; x_wconf 77' lang='lat' dir='ltr'>tonitruum</span> <span class='ocrx_word' id='word_1_494' title='bbox 1486 468 1587 500; x_wconf 77' lang='lat' dir='ltr'>factum</span> <span class='ocrx_word' id='word_1_495' title='bbox 1608 475 1668 494; x_wconf 85' lang='lat' dir='ltr'>esse.</span> <span class='ocrx_word' id='word_1_496' title='bbox 1691 468 1745 495; x_wconf 76' lang='lat' dir='ltr'>Alii</span> 
     </span>
     <span class='ocr_line' id='line_1_61' title="bbox 973 512 1745 548; baseline 0.004 -11"><span class='ocrx_word' id='word_1_497' title='bbox 973 518 1058 545; x_wconf 86' lang='lat' dir='ltr'>vero,</span> <span class='ocrx_word' id='word_1_498' title='bbox 1075 512 1167 546; x_wconf 84' lang='lat' dir='ltr'>magis</span> <span class='ocrx_word' id='word_1_499' title='bbox 1182 512 1303 546; x_wconf 87' lang='lat' dir='ltr'>eruditi,</span> <span class='ocrx_word' id='word_1_500' title='bbox 1320 515 1346 540; x_wconf 85' lang='lat' dir='ltr'>et</span> <span class='ocrx_word' id='word_1_501' title='bbox 1360 513 1527 546; x_wconf 84' lang='lat' dir='ltr'>illuminati,</span> <span class='ocrx_word' id='word_1_502' title='bbox 1545 513 1668 541; x_wconf 76' lang='lat' dir='ltr'>dicebant</span> <span class='ocrx_word' id='word_1_503' title='bbox 1683 521 1745 548; x_wconf 79' lang='lat' dir='ltr'>quo-</span> 
     </span>
     <span class='ocr_line' id='line_1_62' title="bbox 975 558 1744 595; baseline 0.005 -13"><span class='ocrx_word' id='word_1_504' title='bbox 975 558 1050 584; x_wconf 78' lang='lat' dir='ltr'>niam</span> <span class='ocrx_word' id='word_1_505' title='bbox 1066 559 1175 591; x_wconf 72' lang='lat' dir='ltr'>avyelus</span> <span class='ocrx_word' id='word_1_506' title='bbox 1192 560 1217 584; x_wconf 83' lang='lat' dir='ltr'>ei</span> <span class='ocrx_word' id='word_1_507' title='bbox 1233 560 1333 586; x_wconf 64' lang='lat' dir='ltr'>locutus</span> <span class='ocrx_word' id='word_1_508' title='bbox 1347 562 1394 586; x_wconf 82' lang='lat' dir='ltr'>est.</span> <span class='ocrx_word' id='word_1_509' title='bbox 1410 561 1442 587; x_wconf 88' lang='lat' dir='ltr'>Et</span> <span class='ocrx_word' id='word_1_510' title='bbox 1452 561 1545 594; x_wconf 86' lang='lat' dir='ltr'>potest</span> <span class='ocrx_word' id='word_1_511' title='bbox 1561 567 1622 586; x_wconf 89' lang='lat' dir='ltr'>esse</span> <span class='ocrx_word' id='word_1_512' title='bbox 1637 562 1744 595; x_wconf 88' lang='lat' dir='ltr'>myste-</span> 
     </span>
     <span class='ocr_line' id='line_1_63' title="bbox 973 603 1746 641; baseline 0.004 -12"><span class='ocrx_word' id='word_1_513' title='bbox 973 603 1070 630; x_wconf 87' lang='lat' dir='ltr'>rium:</span> <span class='ocrx_word' id='word_1_514' title='bbox 1087 611 1145 630; x_wconf 79' lang='lat' dir='ltr'>vox</span> <span class='ocrx_word' id='word_1_515' title='bbox 1163 604 1242 631; x_wconf 88' lang='lat' dir='ltr'>enim</span> <span class='ocrx_word' id='word_1_516' title='bbox 1259 605 1295 632; x_wconf 88' lang='lat' dir='ltr'>de</span> <span class='ocrx_word' id='word_1_517' title='bbox 1312 605 1386 632; x_wconf 88' lang='lat' dir='ltr'>coelo</span> <span class='ocrx_word' id='word_1_518' title='bbox 1409 607 1451 632; x_wconf 88' lang='lat' dir='ltr'>est</span> <span class='ocrx_word' id='word_1_519' title='bbox 1468 605 1637 641; x_wconf 69' lang='lat' dir='ltr'>praedicatio</span> <span class='ocrx_word' id='word_1_520' title='bbox 1657 613 1746 633; x_wconf 69' lang='lat' dir='ltr'>sacrae</span> 
     </span>
     <span class='ocr_line' id='line_1_64' title="bbox 975 649 1745 686; baseline 0.004 -10"><span class='ocrx_word' id='word_1_521' title='bbox 975 649 1143 684; x_wconf 68' lang='lat' dir='ltr'>Scripturas,</span> <span class='ocrx_word' id='word_1_522' title='bbox 1167 658 1256 685; x_wconf 87' lang='lat' dir='ltr'>quam</span> <span class='ocrx_word' id='word_1_523' title='bbox 1271 651 1394 686; x_wconf 88' lang='lat' dir='ltr'>quidam</span> <span class='ocrx_word' id='word_1_524' title='bbox 1410 651 1563 678; x_wconf 86' lang='lat' dir='ltr'>audientes</span> <span class='ocrx_word' id='word_1_525' title='bbox 1584 651 1701 685; x_wconf 89' lang='lat' dir='ltr'>timent,</span> <span class='ocrx_word' id='word_1_526' title='bbox 1719 655 1745 679; x_wconf 88' lang='lat' dir='ltr'>et</span> 
     </span>
     <span class='ocr_line' id='line_1_65' title="bbox 974 695 1744 731; baseline 0.003 -9"><span class='ocrx_word' id='word_1_527' title='bbox 974 695 1016 723; x_wconf 88' lang='lat' dir='ltr'>illi</span> <span class='ocrx_word' id='word_1_528' title='bbox 1031 695 1157 723; x_wconf 86' lang='lat' dir='ltr'>audiunt</span> <span class='ocrx_word' id='word_1_529' title='bbox 1176 697 1260 731; x_wconf 89' lang='lat' dir='ltr'>quasi</span> <span class='ocrx_word' id='word_1_530' title='bbox 1281 697 1441 724; x_wconf 86' lang='lat' dir='ltr'>tonitruum</span> <span class='ocrx_word' id='word_1_531' title='bbox 1456 697 1475 714; x_wconf 64' lang='lat'>¹⁵2</span> <span class='ocrx_word' id='word_1_532' title='bbox 1493 706 1532 724; x_wconf 52' lang='lat'>:&gt;«</span> <span class='ocrx_word' id='word_1_533' title='bbox 1544 699 1605 725; x_wconf 82' lang='lat' dir='ltr'>Vox</span> <span class='ocrx_word' id='word_1_534' title='bbox 1626 697 1744 725; x_wconf 87' lang='lat' dir='ltr'>tonitrui</span> 
     </span>
     <span class='ocr_line' id='line_1_66' title="bbox 975 742 1745 777; baseline 0.004 -9"><span class='ocrx_word' id='word_1_535' title='bbox 975 742 1036 776; x_wconf 80' lang='lat' dir='ltr'>ejus</span> <span class='ocrx_word' id='word_1_536' title='bbox 1051 742 1239 776; x_wconf 77' lang='lat' dir='ltr'>exprobravit</span> <span class='ocrx_word' id='word_1_537' title='bbox 1254 744 1289 777; x_wconf 84' lang='lat' dir='ltr'>(a)</span> <span class='ocrx_word' id='word_1_538' title='bbox 1306 745 1423 770; x_wconf 81' lang='lat' dir='ltr'>terram.</span> <span class='ocrx_word' id='word_1_539' title='bbox 1440 754 1453 768; x_wconf 87' lang='lat'>»</span> <span class='ocrx_word' id='word_1_540' title='bbox 1471 743 1596 776; x_wconf 83' lang='lat' dir='ltr'>Quidam</span> <span class='ocrx_word' id='word_1_541' title='bbox 1609 751 1680 771; x_wconf 88' lang='lat' dir='ltr'>vero</span> <span class='ocrx_word' id='word_1_542' title='bbox 1696 751 1745 771; x_wconf 88' lang='lat' dir='ltr'>au-</span> 
     </span>
     <span class='ocr_line' id='line_1_67' title="bbox 975 787 1746 824; baseline 0.003 -10"><span class='ocrx_word' id='word_1_543' title='bbox 975 787 1059 814; x_wconf 87' lang='lat' dir='ltr'>diunt</span> <span class='ocrx_word' id='word_1_544' title='bbox 1074 796 1109 815; x_wconf 75' lang='lat' dir='ltr'>ex</span> <span class='ocrx_word' id='word_1_545' title='bbox 1131 796 1242 822; x_wconf 87' lang='lat' dir='ltr'>amore,</span> <span class='ocrx_word' id='word_1_546' title='bbox 1262 789 1370 824; x_wconf 85' lang='lat' dir='ltr'>quibus</span> <span class='ocrx_word' id='word_1_547' title='bbox 1390 789 1507 816; x_wconf 85' lang='lat' dir='ltr'>videtur</span> <span class='ocrx_word' id='word_1_548' title='bbox 1525 789 1607 824; x_wconf 84' lang='lat' dir='ltr'>quod</span> <span class='ocrx_word' id='word_1_549' title='bbox 1624 789 1746 824; x_wconf 86' lang='lat' dir='ltr'>angelus</span> 
     </span>
     <span class='ocr_line' id='line_1_68' title="bbox 973 833 1745 870; baseline 0.004 -11"><span class='ocrx_word' id='word_1_550' title='bbox 973 833 1088 860; x_wconf 82' lang='lat' dir='ltr'>locutus</span> <span class='ocrx_word' id='word_1_551' title='bbox 1098 836 1148 860; x_wconf 89' lang='lat' dir='ltr'>est.</span> <span class='ocrx_word' id='word_1_552' title='bbox 1166 835 1203 861; x_wconf 87' lang='lat' dir='ltr'>De</span> <span class='ocrx_word' id='word_1_553' title='bbox 1219 835 1325 862; x_wconf 82' lang='lat' dir='ltr'>talibus</span> <span class='ocrx_word' id='word_1_554' title='bbox 1334 836 1433 870; x_wconf 87' lang='lat' dir='ltr'>posset</span> <span class='ocrx_word' id='word_1_555' title='bbox 1446 835 1503 862; x_wconf 85' lang='lat' dir='ltr'>diei</span> <span class='ocrx_word' id='word_1_556' title='bbox 1518 835 1592 863; x_wconf 89' lang='lat' dir='ltr'>illud</span> <span class='ocrx_word' id='word_1_557' title='bbox 1603 836 1637 862; x_wconf 81' lang='lat'>¹³:</span> <span class='ocrx_word' id='word_1_558' title='bbox 1649 847 1660 859; x_wconf 85' lang='lat'>«</span> <span class='ocrx_word' id='word_1_559' title='bbox 1673 836 1745 863; x_wconf 88' lang='lat' dir='ltr'>Cum</span> 
     </span>
     <span class='ocr_line' id='line_1_69' title="bbox 974 879 1745 916; baseline 0.003 -10"><span class='ocrx_word' id='word_1_560' title='bbox 974 879 1055 906; x_wconf 88' lang='lat' dir='ltr'>fieret</span> <span class='ocrx_word' id='word_1_561' title='bbox 1079 888 1138 906; x_wconf 80' lang='lat' dir='ltr'>vox</span> <span class='ocrx_word' id='word_1_562' title='bbox 1161 888 1248 915; x_wconf 86' lang='lat' dir='ltr'>super</span> <span class='ocrx_word' id='word_1_563' title='bbox 1268 882 1302 916; x_wconf 76' lang='lat' dir='ltr'>(b)</span> <span class='ocrx_word' id='word_1_564' title='bbox 1333 881 1570 914; x_wconf 84' lang='lat' dir='ltr'>firmamentum,</span> <span class='ocrx_word' id='word_1_565' title='bbox 1591 890 1604 906; x_wconf 82' lang='lat'>»</span> <span class='ocrx_word' id='word_1_566' title='bbox 1629 883 1681 908; x_wconf 90' lang='lat' dir='ltr'>etc.</span> <span class='ocrx_word' id='word_1_567' title='bbox 1704 882 1745 908; x_wconf 92' lang='lat' dir='ltr'>lbi</span> 
     </span>
     <span class='ocr_line' id='line_1_70' title="bbox 973 926 1746 962; baseline 0.003 -10"><span class='ocrx_word' id='word_1_568' title='bbox 973 926 1128 960; x_wconf 82' lang='lat' dir='ltr'>Gregorius</span> <span class='ocrx_word' id='word_1_569' title='bbox 1142 926 1172 960; x_wconf 53' lang='lat'>¹2,</span> <span class='ocrx_word' id='word_1_570' title='bbox 1189 927 1270 962; x_wconf 85' lang='lat' dir='ltr'>quod</span> <span class='ocrx_word' id='word_1_571' title='bbox 1290 935 1347 954; x_wconf 77' lang='lat' dir='ltr'>vox</span> <span class='ocrx_word' id='word_1_572' title='bbox 1362 935 1450 962; x_wconf 85' lang='lat' dir='ltr'>super</span> <span class='ocrx_word' id='word_1_573' title='bbox 1469 927 1687 955; x_wconf 87' lang='lat' dir='ltr'>firmamentum</span> <span class='ocrx_word' id='word_1_574' title='bbox 1705 929 1746 954; x_wconf 87' lang='lat' dir='ltr'>est</span> 
     </span>
     <span class='ocr_line' id='line_1_71' title="bbox 973 966 1745 1010; baseline 0.004 -11"><span class='ocrx_word' id='word_1_575' title='bbox 973 980 1031 999; x_wconf 74' lang='lat' dir='ltr'>vox</span> <span class='ocrx_word' id='word_1_576' title='bbox 1046 973 1229 1007; x_wconf 83' lang='lat' dir='ltr'>angelorum.</span> <span class='ocrx_word' id='word_1_577' title='bbox 1246 973 1265 990; x_wconf 78' lang='lat'>¹⁵</span> <span class='ocrx_word' id='word_1_578' title='bbox 1279 983 1291 999; x_wconf 91' lang='lat'>«</span> <span class='ocrx_word' id='word_1_579' title='bbox 1306 974 1443 1008; x_wconf 84' lang='lat' dir='ltr'>Angelus,</span> <span class='ocrx_word' id='word_1_580' title='bbox 1456 966 1507 1010; x_wconf 70' lang='lat' dir='ltr'>qui</span> <span class='ocrx_word' id='word_1_581' title='bbox 1523 974 1701 1010; x_wconf 86' lang='lat' dir='ltr'>loquebatur</span> <span class='ocrx_word' id='word_1_582' title='bbox 1715 975 1745 1001; x_wconf 89' lang='lat' dir='ltr'>in</span> 
     </span>
     <span class='ocr_line' id='line_1_72' title="bbox 974 1026 1061 1046; baseline 0 -2"><span class='ocrx_word' id='word_1_583' title='bbox 974 1026 1031 1046; x_wconf 81' lang='lat' dir='ltr'>me.</span> <span class='ocrx_word' id='word_1_584' title='bbox 1049 1030 1061 1044; x_wconf 64' lang='grc' dir='ltr'>ι)</span> 
     </span>
    </p>

    <p class='ocr_par' dir='ltr' id='par_1_9' title="bbox 972 1065 1773 1974">
     <span class='ocr_line' id='line_1_73' title="bbox 1010 1065 1746 1101; baseline 0.003 -10"><span class='ocrx_word' id='word_1_585' title='bbox 1010 1067 1052 1092; x_wconf 88' lang='grc'>30.</span> <span class='ocrx_word' id='word_1_586' title='bbox 1072 1066 1105 1092; x_wconf 86' lang='lat' dir='ltr'>Et</span> <span class='ocrx_word' id='word_1_587' title='bbox 1122 1065 1253 1101; x_wconf 57' lang='lat' dir='ltr'>:sequitur</span> <span class='ocrx_word' id='word_1_588' title='bbox 1276 1066 1428 1101; x_wconf 88' lang='lat' dir='ltr'>responsio</span> <span class='ocrx_word' id='word_1_589' title='bbox 1452 1066 1574 1093; x_wconf 87' lang='lat' dir='ltr'>Christi:</span> <span class='ocrx_word' id='word_1_590' title='bbox 1599 1067 1746 1101; x_wconf 74' lang='lat' dir='ltr'>Respondit</span> 
     </span>
     <span class='ocr_line' id='line_1_74' title="bbox 972 1112 1745 1146; baseline 0.004 -9"><span class='ocrx_word' id='word_1_591' title='bbox 972 1112 1067 1137; x_wconf 82' lang='lat' dir='ltr'>Jesus:</span> <span class='ocrx_word' id='word_1_592' title='bbox 1088 1112 1148 1139; x_wconf 78' lang='lat' dir='ltr'>Non</span> <span class='ocrx_word' id='word_1_593' title='bbox 1165 1114 1276 1146; x_wconf 82' lang='lat' dir='ltr'>propter</span> <span class='ocrx_word' id='word_1_594' title='bbox 1294 1119 1334 1138; x_wconf 87' lang='lat' dir='ltr'>me</span> <span class='ocrx_word' id='word_1_595' title='bbox 1352 1113 1426 1138; x_wconf 82' lang='lat' dir='ltr'>venit</span> <span class='ocrx_word' id='word_1_596' title='bbox 1444 1112 1497 1138; x_wconf 79' lang='lat' dir='ltr'>hoee</span> <span class='ocrx_word' id='word_1_597' title='bbox 1513 1120 1579 1145; x_wconf 74' lang='lat' dir='ltr'>voce,</span> <span class='ocrx_word' id='word_1_598' title='bbox 1600 1114 1653 1139; x_wconf 87' lang='lat' dir='ltr'>etc.</span> <span class='ocrx_word' id='word_1_599' title='bbox 1670 1114 1702 1140; x_wconf 84' lang='lat' dir='ltr'>Et</span> <span class='ocrx_word' id='word_1_600' title='bbox 1715 1113 1745 1140; x_wconf 82' lang='lat' dir='ltr'>in</span> 
     </span>
     <span class='ocr_line' id='line_1_75' title="bbox 972 1155 1745 1192; baseline 0.004 -9"><span class='ocrx_word' id='word_1_601' title='bbox 972 1155 1028 1183; x_wconf 87' lang='lat' dir='ltr'>hoe</span> <span class='ocrx_word' id='word_1_602' title='bbox 1044 1157 1184 1190; x_wconf 81' lang='lat' dir='ltr'>ostendit,</span> <span class='ocrx_word' id='word_1_603' title='bbox 1203 1166 1215 1182; x_wconf 87' lang='lat'>«</span> <span class='ocrx_word' id='word_1_604' title='bbox 1231 1165 1291 1184; x_wconf 92' lang='lat' dir='ltr'>non</span> <span class='ocrx_word' id='word_1_605' title='bbox 1309 1157 1379 1190; x_wconf 85' lang='lat' dir='ltr'>sibi,</span> <span class='ocrx_word' id='word_1_606' title='bbox 1399 1157 1450 1192; x_wconf 86' lang='lat' dir='ltr'>qui</span> <span class='ocrx_word' id='word_1_607' title='bbox 1466 1158 1528 1192; x_wconf 86' lang='lat' dir='ltr'>jam</span> <span class='ocrx_word' id='word_1_608' title='bbox 1549 1157 1676 1192; x_wconf 78' lang='lat' dir='ltr'>sciehat,</span> <span class='ocrx_word' id='word_1_609' title='bbox 1693 1159 1745 1186; x_wconf 87' lang='lat' dir='ltr'>sed</span> 
     </span>
     <span class='ocr_line' id='line_1_76' title="bbox 974 1201 1745 1238; baseline 0.005 -10"><span class='ocrx_word' id='word_1_610' title='bbox 974 1201 1014 1228; x_wconf 88' lang='lat' dir='ltr'>eis</span> <span class='ocrx_word' id='word_1_611' title='bbox 1031 1202 1138 1237; x_wconf 88' lang='lat' dir='ltr'>quibus</span> <span class='ocrx_word' id='word_1_612' title='bbox 1151 1203 1273 1230; x_wconf 81' lang='lat' dir='ltr'>indicari</span> <span class='ocrx_word' id='word_1_613' title='bbox 1290 1203 1322 1238; x_wconf 76' lang='lat' dir='ltr'>(c)</span> <span class='ocrx_word' id='word_1_614' title='bbox 1339 1204 1508 1238; x_wconf 85' lang='lat' dir='ltr'>oportebat,</span> <span class='ocrx_word' id='word_1_615' title='bbox 1526 1214 1538 1229; x_wconf 69' lang='grc' dir='ltr'>ι)</span> <span class='ocrx_word' id='word_1_616' title='bbox 1558 1204 1597 1231; x_wconf 84' lang='lat' dir='ltr'>ait</span> <span class='ocrx_word' id='word_1_617' title='bbox 1610 1205 1745 1238; x_wconf 81' lang='lat' dir='ltr'>Augusti-</span> 
     </span>
     <span class='ocr_line' id='line_1_77' title="bbox 972 1248 1744 1286; baseline 0.005 -12"><span class='ocrx_word' id='word_1_618' title='bbox 972 1256 1026 1274; x_wconf 87' lang='lat' dir='ltr'>nus</span> <span class='ocrx_word' id='word_1_619' title='bbox 1038 1248 1066 1274; x_wconf 78' lang='lat'>¹⁶.</span> <span class='ocrx_word' id='word_1_620' title='bbox 1077 1250 1109 1275; x_wconf 85' lang='lat' dir='ltr'>Ut</span> <span class='ocrx_word' id='word_1_621' title='bbox 1123 1249 1201 1276; x_wconf 90' lang='lat' dir='ltr'>enim</span> <span class='ocrx_word' id='word_1_622' title='bbox 1217 1249 1256 1276; x_wconf 83' lang='lat' dir='ltr'>ait</span> <span class='ocrx_word' id='word_1_623' title='bbox 1269 1250 1492 1285; x_wconf 74' lang='lat' dir='ltr'>Chrysostomus</span> <span class='ocrx_word' id='word_1_624' title='bbox 1507 1250 1524 1265; x_wconf 79' lang='lat'>¹⁷</span> <span class='ocrx_word' id='word_1_625' title='bbox 1541 1259 1547 1276; x_wconf 90' lang='lat'>:</span> <span class='ocrx_word' id='word_1_626' title='bbox 1560 1259 1573 1275; x_wconf 69' lang='lat' dir='ltr'>a</span> <span class='ocrx_word' id='word_1_627' title='bbox 1587 1252 1691 1277; x_wconf 91' lang='lat' dir='ltr'>Annon</span> <span class='ocrx_word' id='word_1_628' title='bbox 1707 1251 1744 1286; x_wconf 88' lang='lat' dir='ltr'>(d)</span> 
     </span>
     <span class='ocr_line' id='line_1_78' title="bbox 973 1295 1745 1329; baseline 0.005 -9"><span class='ocrx_word' id='word_1_629' title='bbox 973 1295 1087 1329; x_wconf 81' lang='lat' dir='ltr'>aperta,</span> <span class='ocrx_word' id='word_1_630' title='bbox 1104 1296 1131 1322; x_wconf 87' lang='lat' dir='ltr'>et</span> <span class='ocrx_word' id='word_1_631' title='bbox 1142 1295 1218 1322; x_wconf 88' lang='lat' dir='ltr'>bene</span> <span class='ocrx_word' id='word_1_632' title='bbox 1234 1295 1426 1329; x_wconf 82' lang='lat' dir='ltr'>significativa</span> <span class='ocrx_word' id='word_1_633' title='bbox 1441 1298 1501 1323; x_wconf 81' lang='lat' dir='ltr'>erat</span> <span class='ocrx_word' id='word_1_634' title='bbox 1515 1298 1597 1323; x_wconf 71' lang='lat' dir='ltr'>vox?</span> <span class='ocrx_word' id='word_1_635' title='bbox 1617 1296 1673 1324; x_wconf 89' lang='lat' dir='ltr'>Sed</span> <span class='ocrx_word' id='word_1_636' title='bbox 1689 1297 1745 1324; x_wconf 88' lang='lat' dir='ltr'>cito</span> 
     </span>
     <span class='ocr_line' id='line_1_79' title="bbox 974 1340 1745 1378; baseline 0.005 -12"><span class='ocrx_word' id='word_1_637' title='bbox 974 1340 1011 1367; x_wconf 89' lang='lat' dir='ltr'>ab</span> <span class='ocrx_word' id='word_1_638' title='bbox 1034 1340 1074 1367; x_wconf 90' lang='lat' dir='ltr'>eis</span> <span class='ocrx_word' id='word_1_639' title='bbox 1094 1341 1232 1368; x_wconf 80' lang='lat' dir='ltr'>evolavit.</span> <span class='ocrx_word' id='word_1_640' title='bbox 1253 1351 1266 1366; x_wconf 82' lang='lat'>»</span> <span class='ocrx_word' id='word_1_641' title='bbox 1284 1341 1485 1369; x_wconf 84' lang='lat' dir='ltr'>Formidantes</span> <span class='ocrx_word' id='word_1_642' title='bbox 1509 1344 1622 1376; x_wconf 88' lang='lat' dir='ltr'>autem,</span> <span class='ocrx_word' id='word_1_643' title='bbox 1647 1350 1745 1378; x_wconf 82' lang='lat' dir='ltr'>neque</span> 
     </span>
     <span class='ocr_line' id='line_1_80' title="bbox 973 1386 1744 1423; baseline 0.004 -10"><span class='ocrx_word' id='word_1_644' title='bbox 973 1386 1202 1421; x_wconf 78' lang='lat' dir='ltr'>interrogabant.</span> <span class='ocrx_word' id='word_1_645' title='bbox 1225 1387 1292 1415; x_wconf 88' lang='lat' dir='ltr'>ldeo</span> <span class='ocrx_word' id='word_1_646' title='bbox 1317 1388 1373 1414; x_wconf 84' lang='lat' dir='ltr'>ait:</span> <span class='ocrx_word' id='word_1_647' title='bbox 1393 1389 1453 1415; x_wconf 82' lang='lat' dir='ltr'>Non</span> <span class='ocrx_word' id='word_1_648' title='bbox 1472 1391 1581 1423; x_wconf 76' lang='lat' dir='ltr'>propter</span> <span class='ocrx_word' id='word_1_649' title='bbox 1600 1397 1654 1422; x_wconf 86' lang='lat' dir='ltr'>me,</span> <span class='ocrx_word' id='word_1_650' title='bbox 1672 1392 1744 1423; x_wconf 83' lang='lat' dir='ltr'>etc.;</span> 
     </span>
     <span class='ocr_line' id='line_1_81' title="bbox 973 1432 1744 1469; baseline 0.005 -11"><span class='ocrx_word' id='word_1_651' title='bbox 973 1432 1025 1458; x_wconf 89' lang='lat' dir='ltr'>sed</span> <span class='ocrx_word' id='word_1_652' title='bbox 1040 1434 1071 1459; x_wconf 92' lang='lat' dir='ltr'>ut</span> <span class='ocrx_word' id='word_1_653' title='bbox 1085 1433 1139 1467; x_wconf 89' lang='lat' dir='ltr'>ipsi</span> <span class='ocrx_word' id='word_1_654' title='bbox 1154 1433 1259 1460; x_wconf 81' lang='lat' dir='ltr'>scirent</span> <span class='ocrx_word' id='word_1_655' title='bbox 1272 1433 1422 1468; x_wconf 74' lang='lat' dir='ltr'>veritates,</span> <span class='ocrx_word' id='word_1_656' title='bbox 1438 1442 1513 1469; x_wconf 88' lang='lat' dir='ltr'>quas</span> <span class='ocrx_word' id='word_1_657' title='bbox 1528 1436 1590 1462; x_wconf 88' lang='lat' dir='ltr'>erat</span> <span class='ocrx_word' id='word_1_658' title='bbox 1604 1435 1744 1462; x_wconf 82' lang='lat' dir='ltr'>dicturus.</span> 
     </span>
     <span class='ocr_line' id='line_1_82' title="bbox 973 1478 1746 1515; baseline 0.005 -11"><span class='ocrx_word' id='word_1_659' title='bbox 973 1478 1052 1505; x_wconf 87' lang='lat' dir='ltr'>Unde</span> <span class='ocrx_word' id='word_1_660' title='bbox 1073 1479 1204 1514; x_wconf 83' lang='lat' dir='ltr'>sequitur</span> <span class='ocrx_word' id='word_1_661' title='bbox 1221 1480 1266 1514; x_wconf 89' lang='lat' dir='ltr'>(v.</span> <span class='ocrx_word' id='word_1_662' title='bbox 1282 1481 1310 1506; x_wconf 77' lang='lat'>31</span> <span class='ocrx_word' id='word_1_663' title='bbox 1331 1480 1339 1515; x_wconf 96' lang='lat'>)</span> <span class='ocrx_word' id='word_1_664' title='bbox 1353 1489 1359 1506; x_wconf 80' lang='lat' dir='ltr'>z</span> <span class='ocrx_word' id='word_1_665' title='bbox 1382 1481 1458 1508; x_wconf 80' lang='lat' dir='ltr'>Nunc</span> <span class='ocrx_word' id='word_1_666' title='bbox 1467 1481 1603 1514; x_wconf 65' lang='lat' dir='ltr'>judicium</span> <span class='ocrx_word' id='word_1_667' title='bbox 1618 1484 1656 1508; x_wconf 80' lang='lat' dir='ltr'>est</span> <span class='ocrx_word' id='word_1_668' title='bbox 1672 1489 1746 1508; x_wconf 82' lang='lat' dir='ltr'>mun—</span> 
     </span>
     <span class='ocr_line' id='line_1_83' title="bbox 974 1524 1747 1562; baseline 0.006 -13"><span class='ocrx_word' id='word_1_669' title='bbox 974 1524 1018 1557; x_wconf 74' lang='lat' dir='ltr'>(lz&#39;,</span> <span class='ocrx_word' id='word_1_670' title='bbox 1036 1526 1089 1551; x_wconf 83' lang='lat' dir='ltr'>etc.</span> <span class='ocrx_word' id='word_1_671' title='bbox 1102 1526 1134 1551; x_wconf 87' lang='lat' dir='ltr'>Et</span> <span class='ocrx_word' id='word_1_672' title='bbox 1149 1525 1187 1552; x_wconf 83' lang='lat' dir='ltr'>ad</span> <span class='ocrx_word' id='word_1_673' title='bbox 1204 1525 1382 1553; x_wconf 86' lang='lat' dir='ltr'>evidentiam</span> <span class='ocrx_word' id='word_1_674' title='bbox 1397 1526 1497 1553; x_wconf 79' lang='lat' dir='ltr'>litterae</span> <span class='ocrx_word' id='word_1_675' title='bbox 1512 1527 1661 1561; x_wconf 75' lang='lat' dir='ltr'>quaeritur,</span> <span class='ocrx_word' id='word_1_676' title='bbox 1677 1534 1747 1562; x_wconf 83' lang='lat' dir='ltr'>qua-</span> 
     </span>
     <span class='ocr_line' id='line_1_84' title="bbox 972 1569 1747 1606; baseline 0.006 -11"><span class='ocrx_word' id='word_1_677' title='bbox 972 1569 1037 1596; x_wconf 87' lang='lat' dir='ltr'>liter</span> <span class='ocrx_word' id='word_1_678' title='bbox 1056 1570 1113 1596; x_wconf 85' lang='lat' dir='ltr'>ait:</span> <span class='ocrx_word' id='word_1_679' title='bbox 1139 1572 1215 1598; x_wconf 76' lang='lat' dir='ltr'>Nunc</span> <span class='ocrx_word' id='word_1_680' title='bbox 1230 1574 1268 1598; x_wconf 85' lang='lat' dir='ltr'>est</span> <span class='ocrx_word' id='word_1_681' title='bbox 1283 1572 1436 1606; x_wconf 80' lang='lat' dir='ltr'>judicium,</span> <span class='ocrx_word' id='word_1_682' title='bbox 1458 1580 1525 1599; x_wconf 84' lang='lat' dir='ltr'>cum</span> <span class='ocrx_word' id='word_1_683' title='bbox 1546 1572 1581 1599; x_wconf 89' lang='lat' dir='ltr'>sit</span> <span class='ocrx_word' id='word_1_684' title='bbox 1595 1572 1747 1600; x_wconf 69' lang='lat' dir='ltr'>futurum?</span> 
     </span>
     <span class='ocr_line' id='line_1_85' title="bbox 972 1614 1748 1653; baseline 0.005 -11"><span class='ocrx_word' id='word_1_685' title='bbox 972 1614 991 1631; x_wconf 74' lang='lat'>¹³</span> <span class='ocrx_word' id='word_1_686' title='bbox 1008 1625 1021 1640; x_wconf 84' lang='lat'>«</span> <span class='ocrx_word' id='word_1_687' title='bbox 1035 1615 1177 1643; x_wconf 86' lang='lat' dir='ltr'>Sedebitis</span> <span class='ocrx_word' id='word_1_688' title='bbox 1197 1625 1285 1653; x_wconf 83' lang='lat' dir='ltr'>super</span> <span class='ocrx_word' id='word_1_689' title='bbox 1312 1618 1396 1645; x_wconf 83' lang='lat' dir='ltr'>sedes</span> <span class='ocrx_word' id='word_1_690' title='bbox 1421 1618 1579 1646; x_wconf 82' lang='lat' dir='ltr'>duodecim</span> <span class='ocrx_word' id='word_1_691' title='bbox 1611 1618 1748 1653; x_wconf 83' lang='lat' dir='ltr'>judican-</span> 
     </span>
     <span class='ocr_line' id='line_1_86' title="bbox 973 1663 1748 1700; baseline 0.005 -12"><span class='ocrx_word' id='word_1_692' title='bbox 973 1663 1023 1693; x_wconf 82' lang='lat' dir='ltr'>tes,</span> <span class='ocrx_word' id='word_1_693' title='bbox 1033 1672 1045 1687; x_wconf 65' lang='grc' dir='ltr'>»ι</span> <span class='ocrx_word' id='word_1_694' title='bbox 1061 1664 1113 1688; x_wconf 84' lang='lat' dir='ltr'>etc.</span> <span class='ocrx_word' id='word_1_695' title='bbox 1132 1664 1163 1689; x_wconf 88' lang='lat' dir='ltr'>Et</span> <span class='ocrx_word' id='word_1_696' title='bbox 1177 1663 1207 1689; x_wconf 92' lang='lat' dir='ltr'>in</span> <span class='ocrx_word' id='word_1_697' title='bbox 1224 1665 1328 1690; x_wconf 76' lang='lat' dir='ltr'>Psalmo</span> <span class='ocrx_word' id='word_1_698' title='bbox 1344 1664 1363 1680; x_wconf 82' lang='lat'>¹⁹</span> <span class='ocrx_word' id='word_1_699' title='bbox 1378 1673 1384 1691; x_wconf 88' lang='lat'><strong>:</strong></span> <span class='ocrx_word' id='word_1_700' title='bbox 1401 1674 1414 1689; x_wconf 63' lang='grc' dir='ltr'>ι(</span> <span class='ocrx_word' id='word_1_701' title='bbox 1428 1665 1500 1691; x_wconf 90' lang='lat' dir='ltr'>Cum</span> <span class='ocrx_word' id='word_1_702' title='bbox 1519 1672 1660 1700; x_wconf 84' lang='lat' dir='ltr'>accepero</span> <span class='ocrx_word' id='word_1_703' title='bbox 1679 1667 1748 1692; x_wconf 86' lang='lat' dir='ltr'>tem-</span> 
     </span>
     <span class='ocr_line' id='line_1_87' title="bbox 972 1708 1748 1742; baseline 0.005 -9"><span class='ocrx_word' id='word_1_704' title='bbox 972 1715 1044 1742; x_wconf 89' lang='lat' dir='ltr'>pus,</span> <span class='ocrx_word' id='word_1_705' title='bbox 1058 1708 1182 1742; x_wconf 74' lang='lat' dir='ltr'>J&#39;ustitias</span> <span class='ocrx_word' id='word_1_706' title='bbox 1194 1709 1346 1742; x_wconf 77' lang='lat' dir='ltr'>J&#39;udicabo.</span> <span class='ocrx_word' id='word_1_707' title='bbox 1363 1720 1376 1734; x_wconf 61' lang='grc' dir='ltr'>ι)</span> <span class='ocrx_word' id='word_1_708' title='bbox 1400 1711 1432 1736; x_wconf 89' lang='lat' dir='ltr'>Et</span> <span class='ocrx_word' id='word_1_709' title='bbox 1444 1709 1465 1726; x_wconf 76' lang='lat'>⁴²⁰</span> <span class='ocrx_word' id='word_1_710' title='bbox 1483 1719 1489 1735; x_wconf 94' lang='lat'>:</span> <span class='ocrx_word' id='word_1_711' title='bbox 1511 1720 1522 1735; x_wconf 85' lang='lat'>«</span> <span class='ocrx_word' id='word_1_712' title='bbox 1540 1710 1686 1737; x_wconf 86' lang='lat' dir='ltr'>Videbunt</span> <span class='ocrx_word' id='word_1_713' title='bbox 1705 1710 1748 1737; x_wconf 87' lang='lat' dir='ltr'>Fi-</span> 
     </span>
     <span class='ocr_line' id='line_1_88' title="bbox 972 1752 1743 1790; baseline 0.005 -12"><span class='ocrx_word' id='word_1_714' title='bbox 972 1752 1045 1779; x_wconf 72' lang='lat' dir='ltr'>lIum</span> <span class='ocrx_word' id='word_1_715' title='bbox 1063 1753 1191 1780; x_wconf 89' lang='lat' dir='ltr'>hominis</span> <span class='ocrx_word' id='word_1_716' title='bbox 1210 1754 1377 1782; x_wconf 87' lang='lat' dir='ltr'>venientem</span> <span class='ocrx_word' id='word_1_717' title='bbox 1392 1763 1459 1782; x_wconf 88' lang='lat' dir='ltr'>cum</span> <span class='ocrx_word' id='word_1_718' title='bbox 1473 1755 1578 1782; x_wconf 86' lang='lat' dir='ltr'>virtute</span> <span class='ocrx_word' id='word_1_719' title='bbox 1595 1763 1712 1790; x_wconf 84' lang='lat' dir='ltr'>magna.</span> <span class='ocrx_word' id='word_1_720' title='bbox 1730 1766 1743 1782; x_wconf 72' lang='lat' dir='ltr'>n</span> 
     </span>
     <span class='ocr_line' id='line_1_89' title="bbox 973 1799 1773 1835; baseline 0.005 -10"><span class='ocrx_word' id='word_1_721' title='bbox 973 1799 1004 1825; x_wconf 86' lang='lat' dir='ltr'>Et</span> <span class='ocrx_word' id='word_1_722' title='bbox 1019 1799 1057 1826; x_wconf 81' lang='lat' dir='ltr'>ad</span> <span class='ocrx_word' id='word_1_723' title='bbox 1071 1799 1148 1826; x_wconf 83' lang='lat' dir='ltr'>istud</span> <span class='ocrx_word' id='word_1_724' title='bbox 1168 1800 1409 1835; x_wconf 87' lang='lat' dir='ltr'>respondendum</span> <span class='ocrx_word' id='word_1_725' title='bbox 1430 1801 1592 1828; x_wconf 86' lang='lat' dir='ltr'>seeundum</span> <span class='ocrx_word' id='word_1_726' title='bbox 1613 1801 1746 1835; x_wconf 76' lang='lat' dir='ltr'>Augusti·</span> <span class='ocrx_word' id='word_1_727' title='bbox 1771 1827 1773 1830; x_wconf 84' lang='lat'>.</span> 
     </span>
     <span class='ocr_line' id='line_1_90' title="bbox 972 1844 1745 1882; baseline 0.005 -11"><span class='ocrx_word' id='word_1_728' title='bbox 972 1852 1044 1871; x_wconf 90' lang='lat' dir='ltr'>num</span> <span class='ocrx_word' id='word_1_729' title='bbox 1059 1844 1090 1878; x_wconf 71' lang='lat'>²¹,</span> <span class='ocrx_word' id='word_1_730' title='bbox 1106 1845 1188 1880; x_wconf 87' lang='lat' dir='ltr'>quod</span> <span class='ocrx_word' id='word_1_731' title='bbox 1209 1848 1250 1873; x_wconf 87' lang='lat' dir='ltr'>est</span> <span class='ocrx_word' id='word_1_732' title='bbox 1272 1847 1382 1882; x_wconf 83' lang='lat' dir='ltr'>duplex</span> <span class='ocrx_word' id='word_1_733' title='bbox 1394 1847 1550 1882; x_wconf 79' lang='lat' dir='ltr'>judicium,</span> <span class='ocrx_word' id='word_1_734' title='bbox 1566 1847 1672 1874; x_wconf 80' lang='lat' dir='ltr'>seilicet</span> <span class='ocrx_word' id='word_1_735' title='bbox 1687 1848 1745 1875; x_wconf 89' lang='lat' dir='ltr'>dis-</span> 
     </span>
     <span class='ocr_line' id='line_1_91' title="bbox 973 1890 1744 1928; baseline 0.004 -11"><span class='ocrx_word' id='word_1_736' title='bbox 973 1890 1123 1923; x_wconf 82' lang='lat' dir='ltr'>cretionis,</span> <span class='ocrx_word' id='word_1_737' title='bbox 1139 1891 1175 1918; x_wconf 90' lang='lat' dir='ltr'>de</span> <span class='ocrx_word' id='word_1_738' title='bbox 1191 1900 1250 1927; x_wconf 91' lang='lat' dir='ltr'>quo</span> <span class='ocrx_word' id='word_1_739' title='bbox 1266 1892 1396 1927; x_wconf 87' lang='lat' dir='ltr'>loquitur</span> <span class='ocrx_word' id='word_1_740' title='bbox 1410 1893 1472 1927; x_wconf 84' lang='lat' dir='ltr'>hic,</span> <span class='ocrx_word' id='word_1_741' title='bbox 1491 1895 1517 1920; x_wconf 89' lang='lat' dir='ltr'>et</span> <span class='ocrx_word' id='word_1_742' title='bbox 1533 1893 1744 1928; x_wconf 85' lang='lat' dir='ltr'>damnationis,</span> 
     </span>
     <span class='ocr_line' id='line_1_92' title="bbox 973 1937 1538 1974; baseline 0.005 -11"><span class='ocrx_word' id='word_1_743' title='bbox 973 1937 1055 1971; x_wconf 89' lang='lat' dir='ltr'>quod</span> <span class='ocrx_word' id='word_1_744' title='bbox 1070 1937 1122 1964; x_wconf 88' lang='lat' dir='ltr'>erit</span> <span class='ocrx_word' id='word_1_745' title='bbox 1135 1938 1264 1965; x_wconf 76' lang='lat' dir='ltr'>futurum</span> <span class='ocrx_word' id='word_1_746' title='bbox 1279 1939 1350 1974; x_wconf 86' lang='lat' dir='ltr'>ipsis</span> <span class='ocrx_word' id='word_1_747' title='bbox 1368 1939 1538 1966; x_wconf 83' lang='lat' dir='ltr'>incredulis.</span> 
     </span>
    </p>

    <p class='ocr_par' dir='ltr' id='par_1_10' title="bbox 972 1984 1745 2579">
     <span class='ocr_line' id='line_1_93' title="bbox 1008 1984 1745 2019; baseline 0.005 -10"><span class='ocrx_word' id='word_1_748' title='bbox 1008 1984 1084 2010; x_wconf 78' lang='lat' dir='ltr'>Nunc</span> <span class='ocrx_word' id='word_1_749' title='bbox 1100 1985 1222 2018; x_wconf 76' lang='lat' dir='ltr'>princeps</span> <span class='ocrx_word' id='word_1_750' title='bbox 1237 1985 1314 2018; x_wconf 68' lang='lat' dir='ltr'>hujus</span> <span class='ocrx_word' id='word_1_751' title='bbox 1328 1986 1424 2011; x_wconf 73' lang='lat' dir='ltr'>mundi</span> <span class='ocrx_word' id='word_1_752' title='bbox 1436 1985 1558 2019; x_wconf 70' lang='lat' dir='ltr'>ejicietur</span> <span class='ocrx_word' id='word_1_753' title='bbox 1570 1987 1654 2018; x_wconf 72' lang='lat' dir='ltr'>foras·</span> <span class='ocrx_word' id='word_1_754' title='bbox 1667 1987 1745 2019; x_wconf 75' lang='lat' dir='ltr'>Quae—</span> 
     </span>
     <span class='ocr_line' id='line_1_94' title="bbox 972 2029 1744 2066; baseline 0.005 -11"><span class='ocrx_word' id='word_1_755' title='bbox 972 2029 1054 2062; x_wconf 80' lang='lat' dir='ltr'>ritur,</span> <span class='ocrx_word' id='word_1_756' title='bbox 1069 2029 1193 2064; x_wconf 84' lang='lat' dir='ltr'>qualiter</span> <span class='ocrx_word' id='word_1_757' title='bbox 1209 2030 1345 2057; x_wconf 85' lang='lat' dir='ltr'>diabolus</span> <span class='ocrx_word' id='word_1_758' title='bbox 1359 2031 1394 2057; x_wconf 86' lang='lat' dir='ltr'>sit</span> <span class='ocrx_word' id='word_1_759' title='bbox 1404 2031 1540 2066; x_wconf 84' lang='lat' dir='ltr'>princeps</span> <span class='ocrx_word' id='word_1_760' title='bbox 1552 2032 1667 2066; x_wconf 84' lang='lat' dir='ltr'>mundi,</span> <span class='ocrx_word' id='word_1_761' title='bbox 1678 2041 1744 2059; x_wconf 91' lang='lat' dir='ltr'>cum</span> 
     </span>
     <span class='ocr_line' id='line_1_95' title="bbox 972 2075 1745 2113; baseline 0.005 -12"><span class='ocrx_word' id='word_1_762' title='bbox 972 2075 1100 2102; x_wconf 89' lang='lat' dir='ltr'>mundus</span> <span class='ocrx_word' id='word_1_763' title='bbox 1124 2075 1159 2102; x_wconf 83' lang='lat' dir='ltr'>sit</span> <span class='ocrx_word' id='word_1_764' title='bbox 1182 2076 1274 2103; x_wconf 82' lang='lat' dir='ltr'>factus</span> <span class='ocrx_word' id='word_1_765' title='bbox 1293 2084 1346 2111; x_wconf 90' lang='lat' dir='ltr'>per</span> <span class='ocrx_word' id='word_1_766' title='bbox 1369 2077 1473 2103; x_wconf 84' lang='lat' dir='ltr'>Filium</span> <span class='ocrx_word' id='word_1_767' title='bbox 1496 2077 1564 2104; x_wconf 73' lang='lat' dir='ltr'>nei?</span> <span class='ocrx_word' id='word_1_768' title='bbox 1584 2079 1655 2105; x_wconf 90' lang='lat' dir='ltr'>Item</span> <span class='ocrx_word' id='word_1_769' title='bbox 1674 2086 1745 2113; x_wconf 90' lang='lat' dir='ltr'>quo-</span> 
     </span>
     <span class='ocr_line' id='line_1_96' title="bbox 973 2121 1744 2158; baseline 0.005 -11"><span class='ocrx_word' id='word_1_770' title='bbox 973 2121 1063 2148; x_wconf 88' lang='lat' dir='ltr'>modo</span> <span class='ocrx_word' id='word_1_771' title='bbox 1080 2121 1192 2155; x_wconf 81' lang='lat' dir='ltr'>ejicitur</span> <span class='ocrx_word' id='word_1_772' title='bbox 1213 2122 1349 2158; x_wconf 87' lang='lat' dir='ltr'>princeps</span> <span class='ocrx_word' id='word_1_773' title='bbox 1372 2122 1500 2149; x_wconf 75' lang='lat' dir='ltr'>mundi?</span> <span class='ocrx_word' id='word_1_774' title='bbox 1523 2123 1642 2150; x_wconf 82' lang='lat' dir='ltr'>Videtur</span> <span class='ocrx_word' id='word_1_775' title='bbox 1666 2124 1744 2151; x_wconf 88' lang='lat' dir='ltr'>enim</span> 
     </span>
     <span class='ocr_line' id='line_1_97' title="bbox 972 2167 1744 2203; baseline 0.005 -10"><span class='ocrx_word' id='word_1_776' title='bbox 972 2174 1008 2193; x_wconf 78' lang='lat' dir='ltr'>ex</span> <span class='ocrx_word' id='word_1_777' title='bbox 1023 2167 1114 2194; x_wconf 90' lang='lat' dir='ltr'>modo</span> <span class='ocrx_word' id='word_1_778' title='bbox 1129 2167 1287 2202; x_wconf 77' lang='lat' dir='ltr'>loquendi,</span> <span class='ocrx_word' id='word_1_779' title='bbox 1311 2169 1393 2203; x_wconf 88' lang='lat' dir='ltr'>quod</span> <span class='ocrx_word' id='word_1_780' title='bbox 1409 2171 1489 2196; x_wconf 78' lang='lat' dir='ltr'>extra</span> <span class='ocrx_word' id='word_1_781' title='bbox 1503 2169 1659 2196; x_wconf 88' lang='lat' dir='ltr'>mundum.</span> <span class='ocrx_word' id='word_1_782' title='bbox 1676 2171 1744 2197; x_wconf 87' lang='lat' dir='ltr'>Item</span> 
     </span>
     <span class='ocr_line' id='line_1_98' title="bbox 973 2212 1744 2250; baseline 0.005 -11"><span class='ocrx_word' id='word_1_783' title='bbox 973 2220 1008 2239; x_wconf 83' lang='lat' dir='ltr'>ex</span> <span class='ocrx_word' id='word_1_784' title='bbox 1029 2212 1086 2240; x_wconf 83' lang='lat' dir='ltr'>hoc</span> <span class='ocrx_word' id='word_1_785' title='bbox 1104 2213 1234 2247; x_wconf 87' lang='lat' dir='ltr'>videtur,</span> <span class='ocrx_word' id='word_1_786' title='bbox 1252 2214 1335 2249; x_wconf 84' lang='lat' dir='ltr'>quod</span> <span class='ocrx_word' id='word_1_787' title='bbox 1353 2215 1482 2250; x_wconf 87' lang='lat' dir='ltr'>amplius</span> <span class='ocrx_word' id='word_1_788' title='bbox 1502 2223 1563 2242; x_wconf 89' lang='lat' dir='ltr'>non</span> <span class='ocrx_word' id='word_1_789' title='bbox 1582 2215 1695 2243; x_wconf 81' lang='lat' dir='ltr'>habitat</span> <span class='ocrx_word' id='word_1_790' title='bbox 1713 2216 1744 2244; x_wconf 91' lang='lat' dir='ltr'>in</span> 
     </span>
     <span class='ocr_line' id='line_1_99' title="bbox 972 2258 1744 2296; baseline 0.005 -11"><span class='ocrx_word' id='word_1_791' title='bbox 972 2258 1028 2285; x_wconf 85' lang='lat' dir='ltr'>hoe</span> <span class='ocrx_word' id='word_1_792' title='bbox 1050 2259 1179 2292; x_wconf 87' lang='lat' dir='ltr'>mundo,</span> <span class='ocrx_word' id='word_1_793' title='bbox 1205 2262 1232 2286; x_wconf 88' lang='lat' dir='ltr'>et</span> <span class='ocrx_word' id='word_1_794' title='bbox 1256 2260 1338 2295; x_wconf 86' lang='lat' dir='ltr'>quod</span> <span class='ocrx_word' id='word_1_795' title='bbox 1361 2268 1422 2288; x_wconf 88' lang='lat' dir='ltr'>non</span> <span class='ocrx_word' id='word_1_796' title='bbox 1445 2261 1553 2288; x_wconf 84' lang='lat' dir='ltr'>habeat</span> <span class='ocrx_word' id='word_1_797' title='bbox 1572 2263 1744 2296; x_wconf 86' lang='lat' dir='ltr'>potestatem</span> 
     </span>
     <span class='ocr_line' id='line_1_100' title="bbox 972 2303 1744 2341; baseline 0.006 -10"><span class='ocrx_word' id='word_1_798' title='bbox 972 2303 1182 2340; x_wconf 77' lang='lat' dir='ltr'>impugnandi,</span> <span class='ocrx_word' id='word_1_799' title='bbox 1198 2305 1271 2333; x_wconf 82' lang='lat' dir='ltr'>sicut</span> <span class='ocrx_word' id='word_1_800' title='bbox 1293 2305 1384 2341; x_wconf 89' lang='lat' dir='ltr'>prius.</span> <span class='ocrx_word' id='word_1_801' title='bbox 1406 2308 1477 2334; x_wconf 91' lang='lat' dir='ltr'>Item</span> <span class='ocrx_word' id='word_1_802' title='bbox 1494 2307 1598 2334; x_wconf 79' lang='lat' dir='ltr'>eadem</span> <span class='ocrx_word' id='word_1_803' title='bbox 1615 2310 1656 2335; x_wconf 90' lang='lat' dir='ltr'>est</span> <span class='ocrx_word' id='word_1_804' title='bbox 1670 2308 1744 2336; x_wconf 91' lang='lat' dir='ltr'>fides</span> 
     </span>
     <span class='ocr_line' id='line_1_101' title="bbox 972 2350 1743 2388; baseline 0.006 -11"><span class='ocrx_word' id='word_1_805' title='bbox 972 2350 1173 2386; x_wconf 82' lang='lat' dir='ltr'>antiquorum,</span> <span class='ocrx_word' id='word_1_806' title='bbox 1185 2354 1212 2378; x_wconf 88' lang='lat' dir='ltr'>et</span> <span class='ocrx_word' id='word_1_807' title='bbox 1226 2353 1339 2385; x_wconf 85' lang='lat' dir='ltr'>nostra,</span> <span class='ocrx_word' id='word_1_808' title='bbox 1351 2354 1382 2379; x_wconf 90' lang='lat' dir='ltr'>ut</span> <span class='ocrx_word' id='word_1_809' title='bbox 1397 2354 1474 2387; x_wconf 85' lang='lat' dir='ltr'>patet</span> <span class='ocrx_word' id='word_1_810' title='bbox 1488 2353 1526 2380; x_wconf 84' lang='lat' dir='ltr'>ab</span> <span class='ocrx_word' id='word_1_811' title='bbox 1541 2353 1702 2388; x_wconf 81' lang='lat' dir='ltr'>Augustino</span> <span class='ocrx_word' id='word_1_812' title='bbox 1712 2353 1743 2382; x_wconf 71' lang='lat'>²³.</span> 
     </span>
     <span class='ocr_line' id='line_1_102' title="bbox 972 2415 1743 2448; baseline 0.005 -11"><span class='ocrx_word' id='word_1_813' title='bbox 972 2420 1039 2444; x_wconf 59' lang='lat' dir='ltr'>sup„</span> <span class='ocrx_word' id='word_1_814' title='bbox 1055 2421 1080 2438; x_wconf 89' lang='lat' dir='ltr'>n.</span> <span class='ocrx_word' id='word_1_815' title='bbox 1095 2416 1118 2437; x_wconf 79' lang='grc'>.“)“.</span> <span class='ocrx_word' id='word_1_816' title='bbox 1133 2428 1153 2431; x_wconf 90' lang='grc'>-</span> <span class='ocrx_word' id='word_1_817' title='bbox 1175 2415 1192 2431; x_wconf 67' lang='lat'>¹7</span> <span class='ocrx_word' id='word_1_818' title='bbox 1208 2415 1348 2446; x_wconf 66' lang='lat' dir='ltr'>Chryso-t„</span> <span class='ocrx_word' id='word_1_819' title='bbox 1365 2415 1407 2438; x_wconf 91' lang='lat' dir='ltr'>ubi</span> <span class='ocrx_word' id='word_1_820' title='bbox 1421 2423 1477 2446; x_wconf 81' lang='lat' dir='ltr'>sup.</span> <span class='ocrx_word' id='word_1_821' title='bbox 1490 2429 1520 2433; x_wconf 98' lang='lat'><strong>—</strong></span> <span class='ocrx_word' id='word_1_822' title='bbox 1536 2416 1557 2433; x_wconf 79' lang='lat'>¹⁸</span> <span class='ocrx_word' id='word_1_823' title='bbox 1571 2417 1674 2446; x_wconf 62' lang='lat' dir='ltr'>Mam„</span> <span class='ocrx_word' id='word_1_824' title='bbox 1689 2424 1743 2448; x_wconf 66' lang='lat' dir='ltr'>xm,</span> 
     </span>
     <span class='ocr_line' id='line_1_103' title="bbox 973 2450 1742 2483; baseline 0.005 -10"><span class='ocrx_word' id='word_1_825' title='bbox 973 2452 1010 2474; x_wconf 79' lang='lat'>28.</span> <span class='ocrx_word' id='word_1_826' title='bbox 1026 2463 1056 2467; x_wconf 89' lang='lat'>—-—</span> <span class='ocrx_word' id='word_1_827' title='bbox 1080 2452 1098 2467; x_wconf 61' lang='lat'>¹¹</span> <span class='ocrx_word' id='word_1_828' title='bbox 1117 2450 1185 2474; x_wconf 71' lang='lat' dir='ltr'>Peal.</span> <span class='ocrx_word' id='word_1_829' title='bbox 1204 2456 1292 2481; x_wconf 64' lang='grc' dir='ltr'>ικιιν,</span> <span class='ocrx_word' id='word_1_830' title='bbox 1313 2454 1334 2475; x_wconf 73' lang='grc'>3.</span> <span class='ocrx_word' id='word_1_831' title='bbox 1358 2464 1384 2468; x_wconf 72' lang='lat'>—</span> <span class='ocrx_word' id='word_1_832' title='bbox 1408 2452 1427 2467; x_wconf 79' lang='lat'>²⁰</span> <span class='ocrx_word' id='word_1_833' title='bbox 1449 2452 1550 2480; x_wconf 67' lang='lat' dir='ltr'>Matth„</span> <span class='ocrx_word' id='word_1_834' title='bbox 1568 2458 1639 2483; x_wconf 77' lang='lat' dir='ltr'>xxxv,</span> <span class='ocrx_word' id='word_1_835' title='bbox 1661 2455 1698 2477; x_wconf 85' lang='lat'>30.</span> <span class='ocrx_word' id='word_1_836' title='bbox 1716 2467 1742 2470; x_wconf 88' lang='lat'><strong>—</strong></span> 
     </span>
     <span class='ocr_line' id='line_1_104' title="bbox 972 2486 1743 2518; baseline 0.004 -10"><span class='ocrx_word' id='word_1_837' title='bbox 972 2487 989 2501; x_wconf 74' lang='lat'>²¹</span> <span class='ocrx_word' id='word_1_838' title='bbox 1002 2487 1077 2516; x_wconf 67' lang='lat' dir='ltr'>Aug„</span> <span class='ocrx_word' id='word_1_839' title='bbox 1088 2486 1130 2509; x_wconf 89' lang='lat' dir='ltr'>ubi</span> <span class='ocrx_word' id='word_1_840' title='bbox 1143 2494 1208 2516; x_wconf 63' lang='lat' dir='ltr'>sup„</span> <span class='ocrx_word' id='word_1_841' title='bbox 1221 2493 1246 2510; x_wconf 91' lang='lat' dir='ltr'>n.</span> <span class='ocrx_word' id='word_1_842' title='bbox 1259 2488 1281 2509; x_wconf 83' lang='grc'>6.</span> <span class='ocrx_word' id='word_1_843' title='bbox 1291 2500 1321 2504; x_wconf 93' lang='grc'><strong>-</strong></span> <span class='ocrx_word' id='word_1_844' title='bbox 1333 2487 1353 2502; x_wconf 81' lang='lat'>²²</span> <span class='ocrx_word' id='word_1_845' title='bbox 1367 2487 1413 2517; x_wconf 88' lang='lat' dir='ltr'>ld.,</span> <span class='ocrx_word' id='word_1_846' title='bbox 1426 2487 1460 2511; x_wconf 73' lang='lat' dir='ltr'>acl</span> <span class='ocrx_word' id='word_1_847' title='bbox 1469 2487 1569 2518; x_wconf 69' lang='lat' dir='ltr'>Deoqr„</span> <span class='ocrx_word' id='word_1_848' title='bbox 1584 2488 1657 2518; x_wconf 81' lang='lat' dir='ltr'>epist.</span> <span class='ocrx_word' id='word_1_849' title='bbox 1670 2494 1743 2516; x_wconf 78' lang='lat' dir='ltr'>xmx,</span> 
     </span>
     <span class='ocr_line' id='line_1_105' title="bbox 973 2521 1742 2553; baseline 0.005 -10"><span class='ocrx_word' id='word_1_850' title='bbox 973 2521 1108 2551; x_wconf 74' lang='lat' dir='ltr'>al.1;11,q.</span> <span class='ocrx_word' id='word_1_851' title='bbox 1127 2527 1158 2551; x_wconf 86' lang='grc' dir='ltr'>ιι,</span> <span class='ocrx_word' id='word_1_852' title='bbox 1173 2528 1199 2544; x_wconf 90' lang='grc' dir='ltr'>ιι.</span> <span class='ocrx_word' id='word_1_853' title='bbox 1216 2523 1262 2551; x_wconf 76' lang='grc'>12;</span> <span class='ocrx_word' id='word_1_854' title='bbox 1279 2523 1303 2545; x_wconf 85' lang='lat' dir='ltr'>et</span> <span class='ocrx_word' id='word_1_855' title='bbox 1317 2521 1351 2545; x_wconf 81' lang='lat' dir='ltr'>acl</span> <span class='ocrx_word' id='word_1_856' title='bbox 1362 2523 1457 2553; x_wconf 60' lang='lat' dir='ltr'>Optat„</span> <span class='ocrx_word' id='word_1_857' title='bbox 1473 2522 1546 2553; x_wconf 83' lang='lat' dir='ltr'>epist.</span> <span class='ocrx_word' id='word_1_858' title='bbox 1561 2529 1621 2553; x_wconf 73' lang='lat' dir='ltr'>cmi,</span> <span class='ocrx_word' id='word_1_859' title='bbox 1636 2523 1669 2547; x_wconf 85' lang='lat' dir='ltr'>al.</span> <span class='ocrx_word' id='word_1_860' title='bbox 1685 2529 1742 2552; x_wconf 75' lang='lat' dir='ltr'>cxc,</span> 
     </span>
     <span class='ocr_line' id='line_1_106' title="bbox 973 2558 1037 2579; baseline 0 -1"><span class='ocrx_word' id='word_1_861' title='bbox 973 2562 998 2579; x_wconf 79' lang='lat' dir='ltr'>u.</span> <span class='ocrx_word' id='word_1_862' title='bbox 1016 2558 1037 2578; x_wconf 79' lang='grc' dir='ltr'>Ιῖ.</span> 
     </span>
    </p>

    <p class='ocr_par' dir='ltr' id='par_1_11' title="bbox 973 2597 1743 2664">
     <span class='ocr_line' id='line_1_107' title="bbox 1005 2597 1743 2630; baseline 0.005 -11"><span class='ocrx_word' id='word_1_863' title='bbox 1005 2598 1039 2627; x_wconf 74' lang='lat' dir='ltr'>(a)</span> <span class='ocrx_word' id='word_1_864' title='bbox 1067 2597 1137 2627; x_wconf 70' lang='lat' dir='ltr'>Vulq.</span> <span class='ocrx_word' id='word_1_865' title='bbox 1160 2599 1311 2622; x_wconf 68' lang='lat' dir='ltr'>verberavit.</span> <span class='ocrx_word' id='word_1_866' title='bbox 1331 2611 1360 2616; x_wconf 94' lang='lat'><strong>—</strong></span> <span class='ocrx_word' id='word_1_867' title='bbox 1386 2599 1418 2629; x_wconf 70' lang='lat' dir='ltr'>(h)</span> <span class='ocrx_word' id='word_1_868' title='bbox 1442 2599 1502 2623; x_wconf 74' lang='lat' dir='ltr'>Coet.</span> <span class='ocrx_word' id='word_1_869' title='bbox 1527 2600 1585 2622; x_wconf 74' lang='lat' dir='ltr'>edit.</span> <span class='ocrx_word' id='word_1_870' title='bbox 1611 2606 1697 2630; x_wconf 78' lang='lat' dir='ltr'>supra.</span> <span class='ocrx_word' id='word_1_871' title='bbox 1713 2613 1743 2617; x_wconf 95' lang='lat'><strong>—</strong></span> 
     </span>
     <span class='ocr_line' id='line_1_108' title="bbox 973 2633 1545 2664; baseline 0.003 -8"><span class='ocrx_word' id='word_1_872' title='bbox 973 2634 1001 2662; x_wconf 70' lang='grc' dir='ltr'>ιε)</span> <span class='ocrx_word' id='word_1_873' title='bbox 1019 2634 1077 2657; x_wconf 77' lang='lat' dir='ltr'>Item</span> <span class='ocrx_word' id='word_1_874' title='bbox 1088 2633 1207 2663; x_wconf 81' lang='lat' dir='ltr'>judicari.</span> <span class='ocrx_word' id='word_1_875' title='bbox 1223 2647 1252 2651; x_wconf 98' lang='lat'><strong>—</strong></span> <span class='ocrx_word' id='word_1_876' title='bbox 1267 2634 1308 2664; x_wconf 75' lang='lat' dir='ltr'><em>(cl)</em></span> <span class='ocrx_word' id='word_1_877' title='bbox 1326 2635 1386 2658; x_wconf 78' lang='lat' dir='ltr'>caet.</span> <span class='ocrx_word' id='word_1_878' title='bbox 1403 2635 1463 2658; x_wconf 68' lang='lat' dir='ltr'>edit.</span> <span class='ocrx_word' id='word_1_879' title='bbox 1479 2635 1545 2658; x_wconf 84' lang='lat' dir='ltr'>Non.</span> 
     </span>
    </p>
   </div>
  </div>
 </body>
</html>
