1987 3032
190 203 248 232 382

188 275 303 301 sermo,
319 266 402 302 quod
424 274 485 294 non
499 266 587 294 intrat
602 265 631 293 in
646 273 708 292 vos.
735 264 791 293 Sed
807 264 957 300 quaeritur,

188 314 261 340 sicut
269 312 622 349 quaeritChrysostomus¹,
631 312 754 347 qualiter
765 311 803 338 ait
812 311 877 345 hoc,
888 310 958 346 quia

187 359 356 387 immediate
372 360 482 386 dictum
497 360 555 385 cst:
570 359 652 385 Multi
663 358 835 384 crediderunt
846 359 874 383 in
888 364 958 390 eum,

188 407 215 432 et
228 405 267 432 ita
282 413 378 432 sermo
395 405 529 440 capiebat
543 404 573 430 in
589 403 639 431 eis.
656 405 688 431 Et
703 403 741 430 ad
763 403 821 430 hoc
835 410 957 438 respon-

187 451 237 478 det
250 452 501 487 Chrysostomusff,
514 449 596 485 quod
611 450 677 477 lieet
692 449 880 481 crediderint,
897 457 960 476 rur-

187 507 236 526 sus
249 501 347 526 tamen
362 497 546 533 transportati
558 496 685 530 fuerunt,
701 495 810 523 scilicet
823 504 841 523 a
856 495 958 523 credu-

186 545 275 572 litate.
292 546 323 571 Et
338 543 462 571 ostendit
476 542 641 570 evidentius
652 564 660 577 ,
677 542 761 577 quod
776 542 815 569 ait
832 542 871 578 (v.
888 542 933 577 38)
950 551 955 569 :

186 592 259 624 1390,
276 590 346 625 quod
360 590 419 616 vidi
441 590 514 624 aput]
527 591 649 619 Patrem.
667 590 769 622 loquor,
786 588 894 615 scilicet
909 596 958 615 ve-

186 636 299 663 ritatem
309 656 318 668 ,
328 643 415 670 quam
424 635 503 668 vidi,
517 635 587 670 quia
596 634 702 662 veritas
718 642 793 661 sum.
807 644 820 659 «
831 635 864 661 Se
880 634 958 661 enim

186 682 276 716 vidit,
288 684 314 709 et
328 689 358 709 se
369 681 509 717 loquitur.
524 682 586 716 lpse
598 681 675 708 enim
685 681 726 708 est
738 680 865 707 Verbum
878 680 958 715 apud

186 729 316 762 Patrem,
333 738 345 753 »
363 727 402 755 ait
423 727 601 762 Augustinus
613 728 633 754 ³.
657 728 691 754 Et
715 735 760 754 vos
784 735 843 761 <11¹OE
860 727 959 754 videtis

187 774 261 809 apud
275 777 380 809 patrem
394 777 511 801 vestrum
522 775 631 807 fucitis,
642 773 712 808 quia
721 775 853 808 estpater
866 775 960 801 vester

187 821 253 848 vitae
268 820 438 848 imitatione.
450 819 527 848 Infra
541 820 649 847 eodem
659 820 668 836 δ
680 828 685 847 z
704 821 754 847 Vos
765 828 797 847 ew
810 823 889 854 patre
900 820 960 846 dia-

188 867 245 894 bolo
264 869 338 894 estis.
357 866 505 894 Abraham
521 866 599 893 enim
614 867 674 893 erat
689 868 772 901 pater
786 873 888 893 eorum
903 865 960 892 ori-

187 913 255 948 gine
267 933 276 947 ,
291 920 352 940 non
362 912 428 939 vitae
443 912 644 945 similitudine,
655 914 686 939 ut
700 912 740 939 ait
754 911 930 946 Augustinus
939 912 959 939 ⁵.

189 960 221 986 Ut
235 959 313 986 enim
329 959 368 986 ait
381 958 605 994 Chrysostomus
620 959 642 992 ⁰,
663 958 756 993 arguit
772 966 822 985 eos
837 957 936 985 dicens
953 967 960 985 :

189 1005 271 1041 quod
285 1005 308 1032 si
324 1013 378 1040 ego
394 1013 411 1032 a
425 1005 523 1032 verbis
533 1025 541 1039 ,
558 1006 585 1032 et
599 1013 616 1032 a
634 1005 754 1032 veritate
770 1004 893 1032 ostendo
909 1012 961 1040 pa-

189 1054 274 1085 trem,
284 1051 323 1079 ita
335 1059 388 1079 vos
401 1059 418 1078 a
431 1051 521 1078 rebus
531 1051 682 1079 ostenditis
694 1053 808 1086 patrem
820 1053 959 1082 vestrum,

189 1098 299 1125 scilicet
313 1097 484 1130 diabolum,
508 1097 545 1124 de
560 1105 621 1132 quo
646 1097 722 1124 infra
736 1098 757 1124 ⁷.
783 1099 869 1124 Erant
883 1097 962 1124 enim

189 1145 242 1172 filii
257 1145 335 1180 ejus3
352 1145 381 1172 in
401 1146 546 1180 quantum
566 1144 637 1171 mali
653 1146 680 1171 et
695 1144 724 1171 in
737 1146 882 1179 quantum
896 1143 961 1170 imi-

189 1192 366 1224 tantes,n0n
381 1191 411 1218 in
427 1193 570 1226 quantum
581 1190 716 1218 homines
731 1192 758 1218 et
772 1190 802 1217 in
818 1192 961 1225 quantum

191 1237 297 1270 creati,
311 1237 350 1264 ait
364 1237 542 1271 Augustinus
551 1237 570 1263 Β.

226 1286 269 1312 39.
289 1285 321 1310 Et
341 1283 471 1319 sequitur
487 1282 671 1318 gloriationis
685 1290 788 1310 eorum
805 1283 842 1309 de
855 1290 962 1317 genere

190 1331 344 1367 repetitio,
365 1339 432 1358 cum
452 1330 585 1365 ejusdem
605 1329 827 1356 confutatione:
849 1330 962 1364 Respon-

191 1379 287 1405 derunt
299 1387 305 1405 :
319 1379 399 1404 Pater
409 1380 498 1404 noster
510 1377 646 1404 Abraham
661 1379 708 1410 est3
719 1375 803 1411 quasi
816 1375 961 1403 dicerent:

191 1424 218 1451 Si
232 1427 315 1460 potes
321 1444 329 1458 ,
353 1423 537 1459 reprehende
559 1430 642 1456 eum,
666 1422 776 1449 scilicet
802 1422 961 1449 Abraham.

192 1472 224 1497 Et
239 1470 305 1497 ideo
317 1491 326 1504 ,
345 1469 525 1497 confutando
541 1477 610 1503 eOS,
627 1468 697 1495 dicit
723 1470 803 1495 Jesus
829 1477 835 1495 ε
858 1468 889 1495 St'
911 1470 965 1502 filit]

192 1517 308 1543 Abrahae
322 1518 402 1550 estis,
423 1524 503 1550 opera
525 1515 639 1542 Abrahae
661 1516 761 1548 facite,
784 1516 837 1541 etc.
849 1524 857 1548 3
879 1514 964 1549 quasi

193 1562 302 1590 diceret
319 1571 326 1589 :
342 1563 383 1589 Ex
404 1570 463 1597 quo
484 1561 652 1596 gloriamini
667 1561 703 1588 de
716 1560 857 1588 filiatione
873 1561 963 1587 Abra—

192 1608 237 1635 hae
251 1630 259 1643 ,
276 1608 360 1644 quasi
385 1608 424 1635 ob
450 1608 484 1642 (α)
510 1607 669 1642 originem,
694 1606 849 1634 imitamini
873 1614 964 1642 opera

194 1655 256 1690 ejus
275 1654 438 1682 secundum
458 1653 566 1687 ficiem3
586 1652 669 1688 quod
688 1660 749 1680 non
770 1652 877 1686 facitis,
894 1652 965 1687 quia

194 1701 242 1737 (v.
258 1701 310 1734 40)
327 1701 451 1735 quoerz'tz‘s
465 1707 505 1726 me
525 1701 682 1733 interficere.
703 1698 853 1726 Abraham
867 1700 965 1725 autem

194 1755 255 1774 non
274 1748 336 1774 erat
355 1745 517 1774 homicida.
543 1746 616 1772 Caro
638 1745 717 1772 enim
733 1746 794 1772 erat
809 1753 844 1772 ex
860 1752 947 1772 earne
956 1765 965 1779 ,

194 1794 247 1821 sed
262 1793 322 1821 vita
337 1801 397 1820 non
415 1795 486 1825 erat,
508 1792 548 1819 ait
569 1791 748 1826 Augustinus
763 1791 782 1818 ⁹.
803 1792 825 1808 ¹⁰
843 1791 966 1818 Abrahae

195 1841 278 1867 dictae
305 1842 371 1867 sunt
407 1838 618 1874 promissiones
639 1859 648 1872 ,
685 1839 713 1864 et
756 1837 861 1864 semini
892 1837 964 1872 ejus.

194 1889 258 1914 Non
277 1886 365 1920 dixit,
387 1886 414 1912 et
433 1884 613 1918 seminibus,
630 1893 643 1909 »
670 1886 723 1910 ete.
739 1885 772 1911 Et
790 1891 827 1910 ne
847 1891 966 1911 aecusa-

194 1935 258 1960 rent
281 1940 311 1959 se
335 1931 418 1967 quod
439 1931 515 1965 juste
534 1930 674 1957 volebant
695 1938 763 1957 eum
783 1929 964 1964 interficere,

196 1979 296 2006 subdit
311 1987 318 2005 ε
336 1979 387 2011 Qui
401 1979 541 2004 veritatem
561 1977 636 2003 vobis
651 1977 752 2003 locutus
769 1984 844 2010 sum,
860 1978 887 2003 et
905 1983 966 2003 non

196 2032 415 2060 quamcumque
435 2023 608 2056 veritatem,
623 2023 676 2050 sed
701 2031 707 2049 :
732 2023 818 2055 Quam
838 2023 934 2049 audivi
950 2030 967 2049 a

196 2075 259 2100 Deo.
276 2074 309 2100 Et
323 2072 353 2099 in
365 2072 420 2098 hoc
435 2072 576 2105 aggravat
590 2077 692 2097 eorum
706 2071 869 2105 peceatum.
884 2078 898 2094 ιι
913 2068 966 2101 Qui

197 2119 275 2146 enim
290 2118 367 2146 male
382 2118 451 2152 agit,
468 2117 530 2144 odit
544 2117 652 2149 lucem,
668 2125 681 2141 »
698 2123 786 2151 supra
804 2115 833 2142 ¹¹.
850 2116 967 2142 Ηοσηοη

196 2166 259 2198 fecit
272 2165 420 2198 Abraham,
436 2164 515 2199 quod
530 2165 629 2190 tamen
643 2162 748 2195 facitis,
765 2162 835 2197 quia
851 2162 858 2196 (
872 2169 899 2188 v.
916 2162 945 2187 41
959 2161 966 2195 )

197 2219 276 2245 opera
288 2212 379 2245 patris
391 2212 471 2237 vestri
482 2211 586 2243 facitis.
600 2211 638 2235 De
653 2208 804 2235 nobilitate
820 2215 890 2241 ergo
907 2214 968 2234 ear—

196 2257 241 2284 nis
254 2257 456 2291 gloriabantur
466 2264 473 2290 ;
489 2255 673 2283 nobilitatem
692 2255 791 2281 tamen
808 2253 920 2280 virtutis
940 2255 968 2280 et

197 2310 320 2337 operum
335 2310 395 2330 non
410 2301 608 2329 imitabantur.
625 2302 656 2328 Et
670 2300 738 2327 ideo
759 2299 968 2326 convenienter

195 2348 313 2375 vocavit
327 2350 511 2375 eosJoannes
522 2349 543 2364 ¹2
559 2356 574 2372 «
589 2345 737 2382 genimina
751 2345 934 2380 viperarum,
953 2356 965 2369 »

197 2394 267 2430 quia
284 2404 297 2420 ιι
310 2394 465 2422 hominum
486 2393 611 2421 formam
625 2392 760 2426 videbat,
777 2393 804 2418 et
817 2399 966 2419 venenum

228 2490 391 2522 ¹Chrysost.‚
406 2489 449 2513 ubi
463 2497 530 2520 sup„
545 2497 572 2513 u.
585 2491 610 2513 2.
624 2503 650 2506 —
664 2489 674 2504 ‘2
689 2488 751 2512 thid.
767 2501 797 2505 —-
811 2488 820 2502 ³
833 2488 908 2518 Aug.²
925 2487 967 2511 ubi

198 2534 265 2558 sup„
277 2534 303 2550 n.
316 2528 339 2550 2.
349 2539 379 2543 —
392 2526 399 2539 ⁸
416 2525 474 2554 tuf„
490 2526 527 2549 44.
540 2539 570 2543 —
582 2526 591 2541 ⁵
605 2527 678 2555 Aug,
690 2524 750 2548 ibid.
762 2536 792 2541 —-
805 2523 814 2539 θ
826 2523 968 2554 Οἱιιγεοεῑ,,

199 2562 241 2586 ubi
255 2569 312 2592 sup.
328 2574 359 2579 ——
374 2560 382 2575 7
401 2560 458 2589 lnf.,
473 2562 511 2584 44.
529 2573 555 2576 —
572 2559 582 2576 Β
598 2561 670 2590 Aug.,
689 2559 731 2582 ubi
750 2565 806 2588 sup.
821 2571 851 2575 —
865 2558 875 2574 ⁹
892 2558 966 2590 lbid.,

198 2605 225 2622 n.
239 2599 262 2621 4.
276 2611 303 2614 —
317 2597 338 2613 ¹⁰
352 2596 420 2620 Gal„
433 2601 472 2625 111,
491 2596 528 2619 16.
541 2608 571 2612 —
588 2596 605 2611 ¹¹
621 2596 693 2624 Sup.‚
710 2599 751 2624 111,
763 2595 802 2617 20.
819 2606 849 2611 —
866 2594 884 2609 ¹²
899 2593 966 2623 Lunx,

200 2638 240 2665 111,
258 2633 281 2657 7.
298 2645 324 2649 -
341 2631 359 2648 ¹³
376 2632 451 2661 Aug.,
466 2630 510 2654 ubi
525 2637 581 2661 sup.
597 2637 622 2654 n.
637 2631 661 2654 6.
678 2642 704 2646 -
720 2628 740 2645 ¹⁴
757 2629 836 2658 Rom„
853 2634 889 2658 lx,
904 2630 928 2659 6,
942 2630 966 2653 7.

707 197 919 230 EVANGELII
942 197 1082 229 SANCTI
1105 197 1270 229 JOANNIS

1013 264 1227 299 cognoscebat,
1241 274 1254 290 n
1279 265 1310 292 ut
1334 264 1373 292 ait
1392 263 1568 298 Augustinus
1584 263 1624 296 ¹³,
1645 262 1695 298 qui
1709 262 1786 290 bene

1013 310 1049 338 ‹le
1064 311 1130 338 hoc.
1148 310 1167 326 ¹⁵
1185 320 1197 336 ιι
1212 313 1274 338 Non
1290 318 1407 344 omnes,
1431 310 1481 345 qui
1498 318 1532 337 ex
1550 308 1650 342 lsrael,
1665 309 1695 336 hi
1720 311 1787 336 sunt

1014 356 1163 390 israelitae3
1189 356 1241 384 sed
1265 357 1315 392 qui
1341 364 1440 384 semen
1463 358 1529 384 sunt
1552 355 1674 383 Abrahae
1699 355 1748 390 (b),
1769 364 1783 379 a»

1013 404 1120 431 scilicet
1136 412 1188 439 per
1202 403 1397 430 imitationem
1417 403 1487 430 fidei
1507 405 1534 430 ct
1547 402 1673 436 justitiae.
1697 411 1710 427 ιι
1734 402 1785 428 Ρο-

1013 452 1075 477 tens
1100 450 1178 477 enim
1194 450 1214 466 ¹⁵
1230 451 1272 476 est
1287 451 1360 477 Deus
1380 450 1517 477 suscitare
1535 449 1572 476 de
1586 448 1735 484 lapidibus
1746 468 1754 482 ‚
1769 457 1782 472 »

1014 496 1043 523 id
1055 497 1111 530 cst,
1124 495 1266 523 induratis
1282 495 1493 528 obstinatione,
1509 505 1522 519 «
1533 495 1609 522 filios
1624 494 1757 522 Abrahae.
1769 504 1782 519 n

1013 544 1045 569 Et
1060 550 1094 569 ex
1107 541 1152 568 his
1164 543 1258 577 patet,
1272 541 1354 577 quod
1370 541 1493 568 inaniter
1506 541 1640 568 homines
1656 540 1786 575 glorian-

1014 591 1059 616 tur
1074 589 1110 616 de
1125 588 1240 623 generis
1262 587 1414 615 nobilitate
1436 588 1463 614 et
1486 589 1642 622 parentum
1660 587 1784 621 virtute,

1013 635 1126 670 absque
1149 642 1252 662 eorum
1267 633 1429 661 imitatione
1452 633 1483 660 in
1504 632 1644 668 operibus
1659 632 1785 667 justitiae.

1014 683 1046 708 Et
1058 681 1094 708 de
1110 681 1166 708 hoc
1177 680 1402 715 chrysostomus
1414 679 1442 714 ¹³,
1459 679 1541 714 quod
1555 689 1568 704 ιι
1582 678 1655 706 nihil
1667 677 1788 714 prodest

1014 729 1099 756 malis
1115 728 1231 756 bonitas
1249 730 1418 763 parentum,
1434 734 1489 753 nee
1505 726 1590 753 obest
1611 725 1699 753 bonis
1722 732 1788 761 pra-

1013 774 1124 802 vitas.»
1144 776 1175 802 Et
1196 774 1281 809 ponit
1300 773 1470 808 exemplum
1494 772 1530 800 de
1553 774 1642 805 Esau,
1659 771 1706 798 cui
1727 778 1788 798 non

1014 820 1124 856 profuit
1139 820 1255 847 bonitas
1274 821 1447 855 parentum,
1462 826 1559 854 neque
1579 818 1667 845 etiam
1681 817 1788 845 Judaeis

1015 866 1174 894 incredulis
1187 887 1196 900 ‚
1217 868 1248 893 ut
1268 868 1347 901 patet
1369 865 1426 892 hic.
1452 866 1483 892 Et
1508 865 1549 892 ibi
1569 864 1646 892 bene
1667 863 1704 891 de
1718 863 1786 891 hoc.

1015 914 1075 940 Una
1093 913 1172 940 enim
1186 912 1250 940 sola
1274 913 1315 939 est
1330 911 1482 944 nobilitas,
1498 910 1593 938 facere
1606 910 1789 938 voluntatem

1017 959 1064 987 bei
1083 968 1088 986 :
1107 967 1161 986 nec
1175 959 1205 986 in
1222 958 1356 994 patribus
1370 957 1520 985 nobilibus
1536 964 1678 992 magnum
1692 955 1789 992 sapia-

1016 1014 1100 1040 mus,
1117 1005 1172 1032 nisi
1188 1005 1227 1032 eis
1242 1004 1351 1032 similes
1363 1004 1514 1032 fuerimus.
1531 1003 1672 1038 Cognatio
1689 1002 1768 1030 enim
1779 1023 1789 1036 ,

1016 1060 1082 1087 quae
1096 1059 1132 1078 ex
1145 1051 1278 1078 moribus
1291 1072 1298 1085 ,
1315 1050 1421 1078 melior
1437 1052 1494 1084 est,
1510 1057 1600 1086 quam
1619 1057 1686 1085 quoe
1700 1050 1742 1076 est
1753 1055 1789 1075 ex

1016 1105 1118 1131 carne,
1135 1097 1174 1125 ait
1188 1097 1267 1124 idem
1285 1106 1291 1124 :
1308 1097 1360 1124 ubi
1376 1096 1502 1124 multum
1516 1096 1552 1124 de
1573 1095 1640 1124 hoc.
1664 1095 1732 1124 ldeo
1751 1094 1790 1122 ait

1016 1144 1138 1178 Ennius,
1154 1143 1263 1171 scilicet
1277 1143 1424 1171 Juvenalis
1440 1142 1460 1160 ¹⁷
1479 1153 1485 1170 :

1064 1223 1130 1247 Malo
1147 1225 1218 1253 pater
1233 1223 1276 1247 tibi
1291 1223 1322 1247 sit
1335 1223 1470 1253 Thersites,
1489 1222 1628 1246 dummodo
1646 1223 1672 1245 tu
1690 1221 1724 1245 sis

1064 1258 1175 1283 AEacidae
1192 1259 1295 1288 similis,
1313 1258 1485 1288 Vulcaniaque
1503 1264 1574 1281 arma
1593 1264 1724 1288 capessas,

1065 1295 1146 1322 Quam
1161 1296 1185 1318 te
1202 1294 1324 1318 Thersitae
1342 1294 1452 1318 similem
1467 1293 1590 1324 producat
1604 1292 1723 1316 Achilles.

1019 1378 1089 1404 Item
1099 1378 1178 1412 patet
1187 1376 1233 1404 hie
1249 1376 1416 1404 informatio
1428 1375 1790 1403 Eeclesiastieorumetfle-

1017 1422 1206 1457 ligiosorum,
1221 1422 1271 1458 qui
1287 1423 1449 1457 gloriantur
1464 1422 1500 1449 de
1519 1421 1709 1457 professionis
1725 1421 1789 1448 alti-

1018 1469 1130 1503 tudine,
1146 1471 1178 1495 ut
1188 1468 1316 1495 habeant
1326 1476 1416 1504 opera
1430 1468 1558 1504 perfecta
1569 1467 1695 1502 justitiae.
1710 1466 1790 1494 Unde

1018 1516 1096 1550 patet
1125 1522 1187 1541 esse
1211 1514 1310 1541 thema
1334 1522 1435 1541 coram
1454 1514 1616 1548 Rcligiosis.
1643 1515 1675 1540 Et
1698 1513 1791 1540 deno-

1019 1562 1116 1588 tantur
1131 1560 1191 1587 duo
1201 1580 1210 1593 ,
1227 1568 1354 1595 quorum
1369 1560 1501 1595 primum
1516 1562 1559 1587 est
1577 1559 1730 1595 religionis
1752 1558 1791 1586 al-

1020 1606 1114 1634 titudo
1131 1615 1137 1633 :
1154 1607 1185 1633 Si
1199 1607 1252 1640 filii
1265 1607 1400 1639 Abrahae;
1419 1606 1583 1634 secundum
1598 1609 1654 1640 est,
1673 1605 1713 1633 ad
1725 1613 1793 1640 ope·

1020 1660 1053 1679 ra
1077 1652 1273 1687 competentia
1302 1651 1477 1687 professioni
1505 1652 1668 1680 exhortatio
1688 1672 1697 1686 ,
1725 1651 1767 1679 ibi
1783 1660 1790 1679 :

1023 1698 1109 1733 Opera
1124 1698 1239 1725 Abrahae
1252 1700 1344 1731 facite.
1360 1699 1413 1725 Per
1426 1698 1573 1726 Abraham
1593 1698 1671 1725 enim
1684 1697 1793 1732 figura-

1021 1746 1068 1772 tur
1089 1744 1234 1772 institutor
1254 1744 1410 1779 cujuslibet
1430 1745 1581 1780 religionis
1600 1744 1772 1780 approbatae
1784 1765 1793 1779 ,

1022 1790 1058 1818 de
1074 1799 1133 1826 quo
1148 1793 1242 1826 potest
1257 1791 1315 1818 diei
1329 1791 1405 1818 illud
1416 1791 1436 1807 ¹⁸
1451 1800 1482 1818 :«
1502 1793 1614 1818 Patrem
1633 1790 1794 1818 multarum

1022 1838 1153 1873 gentium
1180 1838 1315 1866 constitui
1341 1840 1378 1865 te.
1403 1848 1417 1863 »
1440 1840 1523 1866 Pater
1551 1838 1630 1866 enim
1659 1840 1701 1866 est
1731 1837 1794 1866 filio

1022 1891 1111 1911 eausa
1132 1884 1267 1918 essendi,
1284 1892 1372 1911 causa
1390 1884 1573 1917 nutrimenti,
1589 1887 1616 1912 et
1631 1892 1719 1912 eausa
1734 1884 1794 1911 dis-

1023 1930 1152 1965 ciplinae,
1169 1930 1209 1957 ait
1223 1930 1349 1966 sapiens
1365 1930 1439 1958 Talis
1460 1930 1513 1958 fuit
1527 1930 1715 1966 spiritualiter
1728 1930 1796 1958 reli-

1023 1976 1118 2011 gionis
1142 1977 1287 2004 institutor
1297 1998 1305 2010 ,
1324 1979 1457 2012 respectu
1472 1976 1537 2004 talis
1547 1998 1555 2011 ,
1572 1977 1608 2004 de
1624 1984 1684 2012 quo
1699 1979 1796 2012 potest

1023 2023 1081 2050 dici
1095 2022 1170 2050 illud
1181 2022 1199 2040 ¹⁹
1215 2032 1242 2050 z«
1252 2024 1311 2057 Ego
1327 2031 1380 2058 per
1394 2023 1586 2058 Evangelium
1600 2031 1654 2050 vos
1668 2023 1792 2058 genui.»

1023 2069 1084 2095 Filii
1106 2069 1172 2096 talis
1192 2069 1384 2105 professionis
1408 2069 1550 2097 deberent
1571 2069 1681 2097 habere
1703 2077 1795 2105 opera

1023 2115 1171 2150 ejusdem,
1187 2115 1284 2150 ipsum
1312 2115 1456 2143 imitando
1474 2136 1483 2149 ,
1508 2123 1574 2150 quae
1599 2117 1665 2143 sunt
1687 2115 1794 2143 similia

1024 2161 1164 2196 operibus
1190 2161 1313 2188 Abrahae
1330 2170 1336 2188 :
1355 2164 1462 2189 terram
1486 2169 1593 2195 suam,
1617 2163 1644 2189 et
1669 2161 1794 2189 domum

1022 2208 1112 2242 patris
1141 2206 1315 2235 dimittendo
1335 2228 1345 2242 ,
1374 2207 1495 2234 arietem
1528 2207 1712 2235 immolando
1738 2215 1793 2243 pro

1022 2253 1100 2288 filio,
1117 2253 1148 2280 id
1164 2255 1219 2288 est,
1236 2261 1354 2280 carnem
1379 2252 1548 2287 domando,
1563 2255 1591 2280 et
1606 2253 1647 2280 sic
1670 2253 1707 2280 de
1729 2252 1794 2280 aliis

1023 2300 1163 2335 operibus
1177 2299 1311 2327 Abrahae.
1327 2301 1383 2326 Nec
1405 2301 1447 2326 est
1469 2299 1660 2334 gloriandum
1673 2299 1710 2326 de
1723 2306 1792 2334 pro-

1022 2347 1165 2381 fessione,
1179 2347 1235 2374 nisi
1249 2347 1334 2375 fuerit
1349 2355 1473 2383 operum
1488 2346 1716 2382 competentium
1728 2353 1793 2381 per-

1021 2393 1118 2421 fectio.
1134 2395 1167 2421 Ut
1181 2394 1260 2421 enim
1278 2394 1299 2410 ²⁰
1315 2405 1327 2418 «
1344 2393 1418 2421 fides
1432 2393 1494 2421 sine
1513 2393 1652 2429 operibus
1676 2393 1792 2420 mortua

1025 2489 1050 2492 —
1068 2476 1088 2492 ¹5
1103 2476 1170 2506 Lucu,
1189 2482 1227 2506 111,
1242 2478 1264 2500 8.
1276 2488 1305 2493 -
1320 2476 1340 2492 ¹¹³
1353 2476 1494 2507 Chrysost.‚
1509 2476 1536 2498 in
1551 2474 1650 2502 Marta..
1666 2474 1736 2498 hom.
1754 2480 1790 2506 lx,

1023 2518 1048 2535 n.
1064 2512 1087 2534 5.
1102 2523 1133 2529 —
1148 2512 1165 2527 ¹⁷
1180 2512 1283 2542 Juven.,
1297 2511 1394 2542 Satyra,
1408 2517 1463 2535 viu.
1480 2523 1506 2528 —
1523 2511 1542 2526 ¹⁸
1557 2510 1628 2539 Gen„
1644 2515 1708 2540 xvu,
1723 2512 1746 2534 5.
1761 2523 1792 2528 —

1024 2547 1042 2563 ¹2*
1057 2546 1066 2570 l
1083 2547 1149 2578 Corn,
1166 2553 1201 2577 iv,
1222 2549 1258 2571 15.
1272 2560 1300 2564 —
1313 2548 1332 2564 ²⁴³
1346 2547 1409 2578 daea,
1428 2552 1456 2576 11,
1475 2547 1513 2570 20.

1054 2595 1088 2625 (a)
1109 2595 1169 2619 Coet.
1191 2596 1252 2619 edit.
1272 2596 1313 2620 ad.
1332 2608 1363 2613 —
1384 2595 1417 2626 (ὁ)
1442 2593 1514 2624 Vulq.
1531 2600 1614 2625 neque
1638 2594 1681 2625 qui
1699 2600 1787 2619 semen

1022 2632 1080 2654 sunt
1096 2630 1233 2661 Abraham,
1248 2637 1338 2655 omues
1355 2629 1405 2654 filii.

1819 1703 1912 1724 Ahrahae

1834 1734 1913 1760 ligura.
