1987 3032
57 1665 155 1688 Quatuur

55 1695 152 1715 testimo-

51 1725 95 1746 uia.

770 211 972 243 EXPOSITIO
996 212 1035 243 ΙΝ
1057 212 1143 244 CAP.
1168 212 1204 244 V.

167 286 222 315 pra
235 279 244 295 ¹
258 279 406 315 perhibuit
426 279 463 307 de
482 287 511 306 se
529 278 739 311 testimonium,
756 278 876 314 quando
897 278 936 305 ait

167 326 283 353 mulieri
297 334 304 352 ε
323 335 335 351 «
350 328 408 360 Ego
423 333 520 352 sum.»
538 324 581 352 Ad
593 324 671 351 istud
680 324 838 359 respondet
849 324 936 359 Chry-

168 374 313 398 sostomus
328 372 338 388 ²
357 371 438 406 quod
457 379 517 398 non
531 370 662 405 loquitur
676 372 819 405 quantum
838 370 876 396 ad
893 369 936 396 di-

168 417 307 451 gnitatem
331 425 425 450 suam,
439 417 491 444 sed
513 419 655 452 quantum
675 416 714 443 ad
740 416 937 450 suspicionem

169 470 282 497 eorum,
297 463 379 498 quasi
396 463 505 490 diceret
525 472 530 489 :
551 464 607 490 Vos
623 462 727 495 dicitis,
744 462 826 497 quod
845 463 869 488 si
892 469 937 495 09⁰

169 510 347 535 testimonium
361 510 484 543 perhibeo
499 509 531 536 de
551 517 600 543 me,
617 509 687 535 illud
708 516 760 535 11οη
777 511 814 534 est
835 516 934 534 rerum.

169 556 200 581 Et
213 556 309 581 tamen
330 555 366 588 (v.
386 554 430 590 3⁶2)
446 556 516 581 alius
534 558 583 585 est,
604 554 711 581 scilicet
729 555 820 586 Pater,
838 561 937 580 sccun-

169 599 240 626 dum
250 600 391 633 Glossam,
402 600 449 627 vel
462 601 522 636 ipse
535 600 666 636 spiritus,
678 599 840 626 secundum
852 599 939 634 Chry-

168 648 331 672 sostomum
349 647 369 680 ³,
392 648 439 681 qui
462 648 643 673 testimonium
664 647 792 680 perhibet,
808 647 840 672 ut
860 647 940 680 patet

168 699 257 727 supra
272 692 292 726 ὅ,
304 692 425 727 quando
440 694 565 719 loannes
580 692 652 719 vidit
666 691 803 727 Spiritum
818 691 938 719 descen—

169 737 287 765 dentem
309 741 339 765 ut
363 738 545 765 columbam.
561 739 597 765 Et
620 739 674 765 scio
697 740 763 772 quia
786 746 876 764 verum
900 740 939 764 est

169 785 360 811 testimonium.
376 783 451 812 lnfra
461 784 470 800 ⁵
482 793 488 811 z
503 794 515 809 «
529 784 582 817 Qui
595 784 671 811 misit
683 792 741 817 me,
753 791 843 810 verax
858 785 909 810 est.
922 794 935 809 n

168 831 201 856 Et
217 837 252 856 ex
273 830 328 857 1100
349 832 428 865 patet
446 830 552 857 solutio
572 830 755 864 objectionis,
771 837 830 864 qua
849 829 939 864 objici

167 877 276 909 posset,
299 876 381 911 quod
400 876 456 903 sibi
474 876 590 903 videtur
610 876 819 903 contradicere.
841 876 937 903 Primo

169 921 247 948 enim
263 921 311 955 ait,
323 922 405 957 quod
415 922 438 948 si
453 922 652 949 testimonium
667 921 834 957 perhiberet
845 921 881 948 de
897 929 938 955 se,

168 975 230 994 non
245 971 318 995 esset
331 977 450 1003 verum,
467 969 597 996 secundo
617 968 666 1001 ait,
682 968 764 1003 quod
778 976 881 995 verum
898 969 939 994 est

168 1014 377 1049 testimonium,
394 1015 476 1050 quod
492 1015 671 1050 perhibetur.
688 1017 719 1041 Et
733 1015 771 1042 ad
786 1015 863 1041 istud
878 1023 938 1041 res—

168 1060 372 1094 pondendum,
381 1061 543 1088 secundum
552 1061 800 1096 Chrysostomum,
807 1063 836 1087 ul
847 1060 937 1095 prius,

168 1105 250 1140 quod
265 1106 345 1141 prius
360 1106 473 1133 locutus
488 1109 530 1133 est
545 1109 688 1142 quantum
707 1107 744 1133 ad
761 1114 861 1133 eorum
879 1114 940 1132 sus-

167 1151 326 1186 picionem,
342 1160 419 1179 nunc
439 1160 509 1179 vero
525 1155 669 1188 quantum
684 1152 722 1179 ad
744 1160 828 1179 suam
844 1152 940 1186 digni-

167 1199 264 1224 tatem.
283 1198 370 1225 Aliter
390 1198 584 1233 respondetur
603 1198 818 1233 magistraliter,
834 1198 939 1225 intelli-

167 1244 264 1277 gendo
279 1245 397 1280 praecise
413 1245 521 1272 scilicet
531 1246 613 1280 quod
628 1245 651 1271 si
666 1245 865 1272 testimonium
876 1253 941 1280 per-

167 1289 280 1317 hiberet
303 1291 339 1318 de
365 1299 406 1325 se,
425 1299 485 1318 non
513 1293 586 1318 essct
610 1300 711 1318 verum
736 1294 879 1326 quantum
902 1291 941 1318 ad

168 1336 372 1363 sufficientiam
399 1337 606 1364 testificationis
637 1337 800 1364 secundum
833 1337 939 1371 legem,

169 1389 234 1416 quae
246 1382 285 1409 ait
295 1383 305 1398 ‘³
318 1391 324 1409 ε
342 1393 355 1407 ι(
370 1384 400 1409 11ι
415 1391 465 1410 010
482 1382 609 1410 duorum
622 1383 670 1409 vel
685 1383 772 1409 trium
789 1384 843 1410 stat
854 1391 940 1410 omne

167 1428 377 1455 testimonium.
393 1439 406 1454 ι)
427 1429 483 1456 Sed
499 1429 568 1464 quia
584 1429 659 1456 alius
673 1431 715 1456 est
729 1429 780 1464 qui
795 1429 940 1464 perhibet,

168 1473 275 1501 scilicet
299 1476 381 1502 Pater
400 1477 427 1502 et
450 1475 580 1510 Spiritus,
595 1477 622 1502 et
639 1476 727 1502 etiam
749 1477 886 1510 JoauneS,
903 1475 941 1503 ait

168 1519 278 1553 Glossa,
293 1520 361 1547 ideo
377 1521 575 1548 testimonium
590 1524 632 1548 est
647 1530 761 1549 verum.

203 1567 247 1593 33.
263 1568 294 1593 Et
308 1567 439 1602 sequitur
452 1567 504 1594 illa
518 1575 596 1602 pars,
613 1568 643 1594 in
660 1576 719 1603 qua
734 1567 872 1595 adductio
889 1570 943 1595 tes-

168 1611 359 1640 timoniorum
375 1613 413 1640 ab
432 1613 495 1640 aliis
510 1623 516 1640 ;
533 1615 560 1640 et
575 1613 626 1640 illa
650 1614 678 1640 in
700 1615 827 1649 quatuor
840 1621 943 1641 secun-

169 1657 241 1684 dum
263 1660 390 1693 quatuor
413 1660 589 1687 testimonia.
610 1660 706 1687 Primo
732 1660 845 1687 inducit
868 1661 942 1687 testi-

168 1704 302 1731 monium
318 1713 335 1732 a
352 1707 478 1738 Joanne,·
500 1706 630 1733 secundo
654 1706 692 1733 ab
708 1706 859 1740 operibus,
875 1706 916 1733 ibi
934 1715 940 1733 z

168 1751 224 1785 Ερο
242 1751 332 1786 habeo,
349 1754 415 1786 etc.;
434 1752 516 1779 tertio
533 1760 550 1779 a
564 1754 657 1785 Patre,
673 1751 714 1778 ibi
730 1762 737 1778 :
753 1753 787 1778 Et
808 1753 855 1786 qui
869 1754 944 1779 misit

169 1805 210 1824 me
230 1798 318 1830 Pater,
335 1800 399 1831 etc.;
417 1800 521 1832 quarto
539 1805 555 1824 a
571 1797 733 1832 Scripturis,
753 1797 794 1824 ibi
810 1807 818 1823 :
833 1798 944 1825 Scruta-

168 1846 238 1870 mim'
251 1844 416 1878 Scripturas,
432 1847 485 1872 etc.

204 1890 249 1917 Ait
262 1898 332 1924 ergo
350 1900 356 1918 ε
380 1892 429 1917 Vos
443 1892 557 1917 misistis
573 1892 609 1917 ad
619 1892 757 1924 Jommem,
774 1899 863 1926 supra
877 1891 901 1926 ⁷,
918 1893 946 1919 ct

169 1943 229 1963 non
248 1936 348 1971 utique
372 1936 530 1968 misissetis,
549 1937 602 1963 nisi
620 1937 744 1971 dignum
763 1937 822 1964 fide
844 1937 945 1973 opina-

169 1981 284 2015 remini,
305 1982 344 2009 ait
369 1983 593 2017 Chrysostomus
616 1984 644 2017 ὃς
668 1991 721 2010 1100
743 1983 805 2018 ipse
827 1983 946 2018 ingessit

170 2030 293 2061 tantum,
313 2029 364 2055 sed
387 2037 440 2056 vos
466 2029 596 2063 misistis;
618 2031 646 2056 et
669 2029 717 2056 ille
745 2030 944 2057 testimonium

169 2073 320 2108 perhibuit
334 2074 457 2108 veritati,
474 2082 562 2110 supra
580 2075 590 2091 ⁹
614 2083 620 2101 :
638 2076 699 2102 erat
717 2075 795 2102 enim
816 2075 893 2102 testis
908 2076 944 2102 fi-

171 2119 255 2154 delis,
267 2120 317 2155 qui
333 2128 394 2148 non
404 2121 600 2148 mentiebatur
611 2121 646 2148 ¹0:
660 2121 768 2148 «Testis
779 2121 873 2148 fidelis
884 2130 945 2149 non

170 2167 334 2194 mentietur.
350 2178 364 2193 »
382 2168 468 2202 Cujus
488 2169 586 2195 tamen
608 2169 772 2196 testimonio
795 2176 855 2196 non
870 2168 944 2196 indi-

171 2221 235 2248 geo.
254 2213 333 2241 Unde
350 2214 481 2249 sequitur
498 2214 536 2249 (v.
554 2216 595 2249 34]
616 2224 621 2242 :
638 2216 693 2249 1590
708 2217 889 2243 testimonium
911 2217 944 2243 ab

171 2259 286 2293 homine,
306 2263 358 2286 etc.
385 2260 440 2287 Sed
460 2260 585 2295 qualiter
606 2261 686 2288 hoc?
711 2261 834 2297 opponit
853 2262 943 2297 Chry-

171 2308 315 2332 sostomus
330 2307 346 2322 ¹¹
365 2315 371 2333 :
397 2307 451 2334 «Si
466 2315 527 2334 non
546 2308 651 2343 accipit
671 2309 708 2335 ab
729 2309 848 2336 homine
865 2309 943 2336 testi-

171 2352 315 2386 monium,
327 2352 365 2379 ad
377 2353 449 2387 quid
464 2353 579 2380 induxit
595 2354 792 2381 testimonium
803 2355 921 2382 ioannis
930 2358 944 2382 ’.7

172 2397 289 2425 Videtur
304 2398 386 2433 quod
399 2400 555 2433 superflue.
568 2410 580 2425 »
593 2402 624 2427 lit
638 2400 675 2427 ad
686 2399 763 2427 istud
773 2401 941 2436 respondet,

205 2457 211 2470 ¹
227 2458 298 2487 Sup„
312 2464 347 2487 iv,
362 2459 400 2481 26.
411 2471 441 2475 —
456 2459 464 2472 ²
477 2459 619 2489 Chrysost„
632 2461 661 2483 in
672 2461 755 2489 Jocm.y
766 2460 834 2484 hom.
849 2467 941 2492 xxmx,

173 2490 204 2514 ul.
220 2496 262 2522 XL,
280 2500 304 2515 11.
322 2495 342 2516 1.
357 2506 382 2509 —
398 2494 485 2517 ³1hid.
503 2508 529 2511 —
545 2495 555 2511 θ
568 2497 641 2525 sup„
661 2501 678 2525 1,
693 2498 732 2519 32.
745 2508 775 2513 —
788 2496 798 2512 ¹⁵
815 2496 870 2526 lun,
885 2502 942 2526 vm,

171 2526 211 2548 26.
239 2539 269 2544 —
295 2528 304 2540 ὓ
331 2528 414 2558 Dent,
439 2534 493 2552 xvu
507 2547 513 2559 ,
542 2530 566 2552 6.
595 2543 624 2547 —
653 2529 660 2545 7
690 2531 762 2561 Suu,
792 2537 817 2560 1,
849 2533 883 2555 19.
913 2543 942 2548 ——

173 2560 183 2576 Β
199 2560 339 2593 chrysost„
355 2563 397 2587 ubi
411 2571 478 2594 sup.,
494 2571 519 2588 11.
536 2566 558 2587 2.
572 2565 622 2581 —0
638 2566 711 2595 Sup.,
727 2571 744 2595 1,
763 2567 792 2589 26
807 2568 832 2590 et
848 2573 943 2597 seq.—

174 2596 193 2612 ¹⁹
207 2596 287 2628 Pron„
303 2604 356 2627 xiv,
371 2601 394 2622 5.
409 2613 440 2617 -—
457 2600 472 2615 '¹
489 2600 631 2631 Ciirysost.,
647 2601 689 2624 ubi
709 2608 765 2631 sup.
779 2614 810 2618 —
826 2602 849 2617 ¹²
866 2602 941 2632 Aug„

173 2631 198 2653 r'n
214 2631 479 2665 Joan.‚tract.xx1u,
493 2642 519 2659 u.
535 2638 557 2660 2.
574 2649 601 2653 —
618 2635 638 2653 ¹³
650 2636 719 2660 Psal.
737 2642 831 2667 cxxxi,
847 2638 889 2667 17,
904 2639 941 2661 18.

1705 217 1763 246 335

991 279 1074 314 quod
1082 279 1212 314 loquitur
1223 278 1261 306 ad
1271 285 1374 306 eorum
1391 277 1589 313 suspicionem
1600 279 1762 314 disputans,

992 325 1076 360 quasi
1107 325 1184 352 dicat
1208 334 1215 352 ι
1245 327 1306 359 Ego
1335 332 1386 352 ens
1411 326 1485 352 Deus
1505 333 1567 352 non
1593 325 1764 360 indigebam

991 372 1122 399 humano
1149 372 1328 406 testimonio;
1366 371 1418 399 sed
1449 372 1518 407 quia
1546 372 1650 399 Joanni
1674 375 1763 400 atten-

993 418 1070 451 ditis,
1090 420 1117 445 et
1140 418 1277 445 omnibus
1302 418 1468 452 digniorem
1488 418 1605 453 putatis,
1622 420 1648 445 et
1669 418 1710 445 illi
1733 420 1766 445 ut

992 464 1143 498 prophetae
1163 464 1337 498 occurristis,
1354 472 1414 491 non
1428 471 1532 491 recuso
1555 463 1591 499 (a)
1608 464 1669 498 ejus
1687 465 1765 491 testi-

993 510 1137 539 monium.
1147 512 1172 537 et
1186 511 1238 537 hoec
1253 510 1289 545 (b)
1302 510 1360 536 dico
1373 514 1404 536 ut
1419 511 1488 537 salui
1501 511 1573 536 sitis.
1585 512 1616 536 Et
1626 518 1692 537 vere
1703 510 1766 545 ejus

993 555 1159 582 testimonio
1174 558 1216 582 est
1236 556 1417 583 credendum
1438 556 1474 591 (v.
1497 556 1538 591 35)
1557 566 1563 583 :
1585 558 1634 583 Ille
1650 559 1705 583 erat
1727 558 1766 583 lu-

993 609 1073 628 cerna
1098 602 1193 628 ardens
1222 602 1323 629 divino
1349 610 1467 636 amore,
1491 605 1515 629 et
1541 603 1628 629 lucens
1652 602 1764 630 lumine

993 647 1118 674 scientiae
1140 647 1257 674 divinae.
1283 648 1315 674 Ut
1341 647 1419 674 enim
1447 647 1486 674 ait
1512 648 1689 682 Augustinus
1713 647 1733 664 ¹¹
1758 657 1764 675 :

998 702 1010 717 α
1024 694 1149 720 Joannes
1164 693 1313 728 perhibuit
1328 693 1537 728 testimonium,
1553 694 1604 721 sed
1624 696 1764 730 tanquam

993 739 1131 773 lucerna3
1148 747 1209 766 non
1225 739 1263 766 ad
1278 740 1426 767 sanandos
1441 740 1563 774 amicos,
1578 741 1630 769 sed
1644 741 1683 768 ad
1698 749 1767 768 con-

993 785 1133 813 futandos
1154 785 1297 813 inimicos
1316 786 1396 813 Unde
1412 786 1442 813 in
1460 789 1559 814 Psalmo
1577 788 1595 804 ¹³
1613 797 1618 814 :
1637 798 1651 813 τι
1666 788 1767 815 Paravi

993 832 1145 860 lucernam
1159 833 1269 860 Christo
1284 841 1365 868 meo;
1381 833 1516 861 inimicos
1531 836 1628 861 autem
1643 835 1768 862 induam

994 878 1177 913 confusione,
1193 887 1280 914 super
1292 879 1388 914 ipsum
1405 881 1513 914 autem,
1525 890 1537 905 ›)
1559 880 1589 907 id
1606 882 1657 915 est,
1674 881 1767 908 Chris-

994 926 1087 957 tum,«
1099 924 1244 952 efflorebit
1257 925 1289 960 (r)
1301 925 1489 953 sanctificatio
1503 933 1578 953 mea.
1595 926 1651 952 »¹¹¹«
1665 926 1716 954 llla
1725 927 1769 953 lu·

994 978 1082 997 cerna
1096 970 1126 996 in
1141 972 1225 997 nocte
1242 970 1311 997 dicit
1326 979 1387 998 esse
1404 971 1507 1006 solem,
1524 973 1552 999 et
1568 972 1652 1006 jubet
1672 974 1698 999 te
1719 980 1768 1000 ex-

993 1018 1109 1050 pectare
1133 1015 1222 1043 diem.
1236 1026 1248 1041 ›⁷
1272 1018 1335 1044 Haec
1352 1018 1540 1052 Augustinus,
1555 1018 1608 1045 ubi
1623 1018 1671 1052 ait,
1686 1018 1769 1053 quod

997 1070 1010 1085 «
1029 1062 1180 1096 prophetae
1200 1062 1319 1089 fuerunt
1339 1063 1469 1098 lucerna,
1491 1063 1562 1098 quia
1584 1064 1663 1090 enim
1684 1066 1711 1091 et
1731 1064 1768 1099 (d)

994 1107 1139 1141 homines,
1154 1110 1276 1142 possunt
1291 1109 1412 1135 accendi
1434 1110 1461 1136 et
1476 1109 1616 1143 extingui.
1633 1109 1769 1137 Similiter

995 1153 1120 1188 apostoli
1132 1153 1270 1188 lucernae,
1282 1157 1308 1181 et
1324 1154 1420 1181 omnis
1434 1155 1578 1190 propheta
1586 1155 1707 1182 lucerna
1724 1156 1743 1172 ¹⁵

998 1209 1011 1224 «
1022 1200 1108 1232 Quasi
1120 1200 1247 1228 lucernae
1258 1201 1371 1228 ardenti
1382 1201 1413 1228 in
1423 1201 1585 1236 caliginoso
1595 1202 1673 1236 loco,
1685 1212 1698 1228 »
1714 1204 1767 1230 etc.

995 1246 1079 1273 Solus
1099 1246 1178 1273 enim
1196 1246 1245 1274 ille
1264 1248 1306 1273 est
1325 1247 1375 1274 lux
1399 1256 1405 1274 ε
1426 1255 1487 1275 non
1509 1248 1587 1274 enim
1603 1249 1771 1276 accenditur

996 1294 1022 1318 et
1041 1292 1218 1326 extinguitur
1239 1302 1244 1319 :
1261 1293 1425 1319 Sicut'enz'm
1442 1295 1521 1320 Pater
1540 1294 1618 1321 habet
1640 1297 1725 1321 vitam
1740 1296 1770 1322 in

996 1340 1135 1372 semetipso
1150 1359 1158 1371 ,
1188 1339 1227 1365 sic
1268 1339 1343 1365 dedit
1375 1340 1444 1365 Filio
1459 1359 1469 1372 ,
1503 1341 1569 1374 etc.,
1599 1348 1688 1375 supra
1720 1348 1770 1368 00-

997 1383 1065 1410 dem
1082 1384 1112 1410 16.
1130 1385 1192 1411 Haec
1208 1384 1395 1419 Augustinus,
1410 1387 1437 1412 et
1453 1385 1495 1412 ibi
1508 1385 1585 1412 bene
1601 1386 1637 1413 de
1652 1386 1720 1414 hoc.
1737 1388 1769 1414 Et

996 1437 1033 1456 ne
1048 1429 1187 1463 dicerent,
1205 1430 1288 1465 quod
1307 1439 1367 1457 non
1388 1432 1553 1465 acceperint
1573 1432 1770 1460 testimonium

996 1476 1125 1510 Joannis,
1141 1476 1241 1503 subdit
1257 1484 1263 1502 :
1285 1477 1335 1503 Vos
1355 1479 1442 1503 autem
1456 1479 1580 1504 voluistis
1599 1479 1720 1506 ewuttare
1735 1479 1771 1506 ad

998 1522 1098 1555 horam,
1115 1525 1168 1549 etc.
1187 1523 1218 1549 Et
1232 1522 1262 1549 in
1276 1522 1345 1556 hoc,
1363 1523 1445 1557 quod
1462 1524 1501 1550 ait
1517 1532 1523 1550 :
1544 1525 1590 1550 Ad
1604 1525 1706 1559 horam,
1723 1532 1770 1552 eo-

996 1574 1063 1594 rum
1086 1567 1323 1602 familiaritatem,
1343 1568 1375 1595 id
1394 1570 1445 1602 est,
1463 1569 1612 1597 levitatem
1632 1571 1768 1605 ostendit,

997 1613 1037 1639 ait
1050 1613 1274 1649 Chrysostomus
1290 1614 1319 1648 ¹⁷,
1336 1614 1404 1649 quia
1419 1615 1475 1642 cito
1490 1615 1528 1643 ab
1545 1624 1579 1643 eo
1594 1616 1767 1644 resilierunt.

997 1660 1090 1694 Supra
1111 1660 1190 1687 enim
1211 1660 1354 1687 miseruut
1375 1661 1414 1688 ad
1434 1669 1511 1696 eum,
1528 1663 1707 1698 suspicantes
1725 1663 1770 1698 ip-

998 1713 1063 1732 sum
1084 1713 1145 1732 esse
1167 1706 1327 1739 Christum,
1350 1709 1377 1733 et
1400 1709 1498 1734 tamen
1522 1708 1583 1742 ejus
1604 1709 1769 1737 testimonio

997 1759 1059 1778 non
1080 1752 1275 1779 crediderunt.
1293 1754 1329 1779 De
1345 1752 1401 1780 ista
1423 1761 1492 1781 vero
1514 1753 1634 1782 lucerna
1649 1755 1768 1782 ardente

997 1797 1110 1825 fervida
1124 1798 1274 1832 charitate,
1290 1800 1318 1825 et
1335 1798 1449 1826 lucente
1470 1799 1571 1827 divina
1590 1801 1768 1835 cognitione,

998 1844 1161 1871 Bernardus
1174 1844 1299 1871 multum
1308 1844 1338 1870 in
1351 1853 1486 1872 sermone
1495 1846 1526 1872 cle
1540 1846 1613 1873 beato
1625 1847 1725 1874 Joanne
1739 1847 1768 1879 ¹⁸,

999 1892 1026 1916 et
1040 1890 1069 1916 in
1085 1890 1245 1917 Collatione
1260 1890 1441 1925 prcedicabili
1455 1892 1484 1918 ¹⁹.

1033 1938 1077 1964 35.
1094 1939 1126 1964 Et
1146 1937 1276 1972 sequitur
1298 1945 1379 1973 pars,
1399 1938 1428 1964 in
1449 1946 1509 1974 qua
1529 1939 1669 1967 adductio
1693 1941 1769 1968 testi-

998 1982 1091 2010 monii
1110 1983 1148 2010 ab
1173 1983 1312 2018 operibus
1335 1993 1341 2010 :
1363 1985 1418 2018 Ερο
1441 1988 1530 2012 autem
1553 1986 1631 2014 habeo
1653 1989 1770 2014 testimo-

997 2031 1073 2055 nium
1096 2029 1191 2063 majus,
1215 2031 1268 2056 etc.
1294 2030 1350 2057 Sed
1373 2031 1521 2065 quaeritur,
1543 2032 1566 2058 si
1590 2032 1646 2060 hoc
1666 2033 1769 2061 habuit

998 2075 1197 2102 testimonium
1211 2076 1317 2110 majus,
1334 2084 1404 2110 crgo
1420 2076 1568 2104 debuisset
1581 2078 1657 2105 illud
1671 2079 1767 2114 primo

997 2121 1140 2155 posuisse.
1153 2123 1185 2148 Et
1197 2122 1235 2148 ad
1247 2121 1321 2149 illud
1331 2122 1488 2157 respondet
1498 2124 1721 2159 Chrysostomus
1735 2126 1766 2160 2⁰,

998 2167 1081 2202 quod
1095 2176 1112 2194 a
1133 2167 1282 2195 minorum
1301 2168 1467 2195 testimonio
1487 2169 1599 2204 incipit,
1621 2170 1729 2198 scilicet
1750 2179 1768 2199 a

997 2213 1163 2240 testimonio
1189 2213 1323 2247 Joannis,
1353 2213 1459 2241 deinde
1489 2215 1527 2241 ab
1555 2216 1711 2251 operibus,
1741 2219 1768 2244 et

997 2261 1064 2294 post
1084 2267 1100 2286 a
1116 2259 1282 2286 testimonio
1298 2259 1396 2286 Patris.
1413 2260 1457 2287 Ait
1475 2268 1545 2294 ergo
1562 2269 1568 2287 :
1585 2262 1673 2289 Habeo
1689 2265 1766 2290 testi-

998 2307 1114 2331 monium
1129 2306 1224 2339 majus,
1241 2305 1350 2332 scilicet
1364 2305 1402 2332 ab
1421 2306 1570 2341 operibus,
1588 2307 1658 2342 quia
1676 2317 1765 2344 opera,

998 2359 1055 2385 quw
1069 2352 1144 2378 dedit
1159 2353 1248 2386 Pater,
1263 2351 1337 2378 sicut
1351 2351 1460 2379 curatio
1479 2352 1645 2388 paralytici,
1665 2357 1692 2382 et
1708 2355 1767 2383 alia

997 2453 1027 2457 —
1041 2441 1060 2456 ¹¹
1076 2442 1149 2469 Aug„
1162 2440 1203 2463 ubi
1220 2447 1276 2470 sup.
1290 2446 1363 2470 prox.
1378 2446 1404 2463 n.
1418 2441 1440 2463 3.
1450 2453 1478 2458 ·-
1492 2441 1512 2457 ¹⁵
1526 2441 1546 2464 ll
1562 2442 1638 2471 Petu,
1653 2448 1670 2473 1,
1687 2445 1724 2467 19.
1735 2456 1766 2460 -

997 2476 1017 2491 ¹⁶³
1032 2476 1092 2505 Sup.
1106 2478 1177 2498 :m—
1193 2477 1207 2489 ¹⁷
1218 2475 1358 2506 Chrysost„
1369 2475 1410 2498 ubi
1421 2483 1508 2506 sup.—-
1519 2476 1539 2493 1⁸
1554 2477 1639 2507 Boin,
1652 2479 1677 2502 in
1687 2480 1764 2502 nativ.

997 2511 1023 2533 S.
1038 2512 1100 2533 Jorm
1114 2512 1194 2540 nupt„
1214 2518 1290 2534 scrin.
1306 2510 1336 2533 dc
1358 2511 1454 2535 luceru.
1476 2512 1530 2535 ard.
1547 2514 1572 2536 et
1592 2513 1652 2543 luc„
1672 2521 1698 2537 u.
1713 2515 1764 2538 2-5.

998 2559 1024 2563 —
1044 2546 1061 2561 ¹1¹
1079 2545 1133 2569 t'iu.
1149 2546 1247 2575 Callet..
1264 2551 1369 2569 Σκυμ-
1383 2546 1403 2563 ²⁰
1418 2546 1558 2578 Chrysost„
1573 2548 1616 2572 ubi
1630 2556 1686 2579 sup.

1029 2600 1063 2630 (n)
1080 2600 1141 2623 Coet.
1159 2599 1218 2623 edil.
1239 2599 1334 2623 recolo.
1348 2613 1377 2617 -
1395 2599 1431 2631 (b)
1449 2601 1512 2624 ltem
1530 2601 1582 2626 hoc.
1598 2614 1629 2620 —-
1654 2603 1684 2634 (c)
1702 2603 1764 2627 Item

997 2635 1105 2659 florebit.
1123 2647 1150 2651 --
1171 2634 1206 2664 (cl)
1223 2634 1284 2658 Item
1298 2636 1334 2658 ut.

1761 1164 1767 1182 t
1796 1163 1889 1189 Prophe-

1784 1195 1810 1213 tae
1821 1194 1889 1214 lucer-

1785 1230 1826 1244 nae.

1801 2268 1886 2289 Adduc-

1781 2299 1811 2319 tio
1823 2300 1884 2320 testi-

1781 2332 1848 2352 monii
1858 2332 1885 2351 ab

1782 2363 1886 2389 operibus
