1987 3032
232 243 290 272 566

229 307 360 342 justitiae,
384 318 397 333 »
414 309 467 334 etc.
497 309 526 335 Et
552 314 611 334 non
641 307 738 334 solum
763 307 804 334 sic
831 307 907 335 oculi
935 311 1001 335 sunt

232 353 394 388 inungendi
414 353 476 381 luto
492 354 652 389 praedict05
678 353 730 380 sed
752 353 850 381 amma
872 354 1000 382 lavanda

231 400 262 427 in
276 399 355 428 sonte
370 400 462 434 Siloe,
478 408 542 435 quae
557 400 760 435 interpretatur
775 401 889 433 Missus,
903 400 932 427 id
948 403 999 435 est,

232 446 262 473 in
278 446 404 480 Christo,
425 446 475 482 qui
498 448 539 473 est
559 446 625 473 fons
643 446 861 474 misericordiae.
886 448 922 473 De
938 455 998 482 quo

231 492 310 520 fonte
321 492 328 508 ¹
341 501 347 518 :
361 502 374 518 α
390 494 420 520 ln
439 491 486 519 die
499 491 550 519 illa
567 491 620 518 erit
637 491 702 519 sons
714 494 817 526 pateris
829 493 932 520 domui
951 495 1000 520 Da-

231 538 297 572 vid,
314 538 343 565 in
360 538 542 565 ablutionem
557 538 716 573 peccatoris
735 540 762 565 et
778 541 972 567 menstruatae.
984 551 997 565 »

232 586 323 620 Super
341 584 424 619 quod
445 584 622 619 Gregorius2
638 594 644 611 :
666 594 679 609 «
694 586 769 612 Fons
793 585 1001 613 misericordiae

233 630 410 665 Redemptor
423 632 537 664 noster,
551 630 601 665 qui
620 630 766 658 incarnari
786 631 923 666 dignatus
943 633 1001 665 est,

233 679 263 705 ut
291 680 474 713 peecatorem
507 677 584 705 lavet
609 686 626 705 a
654 686 792 713 perverso
828 686 916 714 opere
935 699 943 712 ,
976 681 1002 707 et

232 725 443 752 menstruatam
461 726 589 752 mentem
609 724 701 752 diluat
721 724 758 751 ab
777 724 931 752 immunda
951 733 1001 752 co-

232 770 382 805 gitatione.
405 772 483 798 Patet
503 771 592 806 igitur
606 771 642 806 (ιι)
660 770 724 798 fons
736 780 743 804 3
767 778 918 798 curramus
934 779 1001 798 cum

232 816 383 852 lacrymis,
405 817 539 844 lavemur
561 816 592 843 in
617 816 673 843 hoo
695 816 773 843 sonte
795 817 918 852 pietatis.
945 829 956 841 n
971 819 1001 845 ln

232 863 289 891 hoe
303 863 382 891 fonte
398 864 501 898 David,
513 864 695 899 itlagdalena,
710 866 820 898 Petrus,
839 864 914 892 latro
925 886 931 898 ‚
951 865 1003 892 loti

233 911 313 943 sunt,
325 912 357 937 ut
371 909 411 936 ibi
427 910 623 946 exemplificat
636 920 641 938 :
655 913 682 938 et
697 911 727 938 in
739 912 796 938 hoc
809 911 887 938 fonte
904 911 1003 939 anima

234 955 332 983 lavata
351 956 431 983 videt
455 956 548 983 oeulis
569 957 666 984 cordis
690 958 840 985 mundatis
862 965 913 991 ea,
937 966 1002 993 quie

234 1002 289 1029 sibi
308 1001 438 1030 videnda
457 1005 533 1030 sunt.
554 1003 644 1031 Debet
668 1004 747 1031 enim
769 1004 868 1031 videre
884 1004 1003 1040 culpam

233 1051 429 1085 perpetratam
445 1051 470 1077 ³:
486 1061 498 1076 «
514 1053 586 1079 Leva
602 1052 704 1079 oculos
720 1054 784 1079 tuos
802 1052 832 1079 in
847 1052 1002 1088 directum,

234 1097 261 1122 et
283 1095 367 1130 vide,
390 1096 441 1123 ubi
466 1105 542 1124 nunc
557 1099 702 1132 prostrata
721 1098 768 1125 sis.
794 1110 806 1122 υ
828 1100 899 1126 Item
915 1098 1002 1126 dehet

233 1142 334 1169 videre
346 1143 487 1177 justitiam
502 1143 678 1179 poenitentiae
694 1144 824 1172 debitam
838 1145 847 1160 ³
862 1154 867 1171 :
884 1154 897 1170 «
914 1146 1003 1172 Leva-

233 1188 262 1215 vi
278 1189 380 1216 oeulos
394 1197 487 1223 meOS,
503 1192 530 1217 et
547 1198 612 1217 ecee
628 1190 683 1224 vir,
696 1192 723 1218 et
741 1191 771 1218 in
787 1199 876 1218 manu
889 1192 951 1226 ejus
961 1192 1005 1218 fu-

233 1234 349 1261 niculus
360 1243 540 1270 mensorum,
555 1244 631 1272 »per
648 1245 737 1272 quem
753 1238 896 1271 figuratur
912 1238 1004 1273 {equi-

234 1283 277 1308 tas
297 1281 422 1315 justitiae.
448 1283 517 1309 item
541 1281 627 1310 debet
650 1283 750 1310 videre
771 1286 797 1310 et
817 1284 1004 1312 considerare

235 1334 373 1354 oceasum
386 1328 474 1363 hujus
488 1328 552 1355 vitae
562 1329 571 1344 ²³
585 1338 590 1355 :
608 1338 621 1354 «
636 1329 741 1356 Levavi
764 1329 866 1356 oeulos
882 1338 973 1357 meos.
989 1341 1001 1355 n

235 1375 267 1400 Et
287 1374 418 1409 sequitur
439 1374 475 1400 de
498 1374 696 1402 deferentibus
714 1376 746 1410 (b)
774 1376 950 1411 amphoram
974 1377 1005 1404 in

235 1422 342 1447 terram
364 1421 493 1447 Sennaar
516 1422 563 1455 (c),
584 1421 666 1456 quod
689 1421 894 1457 interpretatur
915 1425 1003 1456 fwtor.

235 1467 305 1494 ltem
339 1466 427 1494 debet
459 1467 559 1494 videre
595 1468 783 1495 aeternitatem
816 1469 916 1503 gloriae
939 1480 946 1503 ;
976 1470 1006 1497 in

236 1514 340 1540 Psalmo
355 1513 365 1529 ⁶
382 1522 387 1540 :
406 1523 420 1538 «
437 1513 541 1540 Levavi
565 1514 666 1540 oeulos
682 1514 712 1540 in
734 1517 857 1542 montes
883 1526 896 1541 ι)
914 1518 946 1543 Et
968 1516 1003 1543 de

236 1559 299 1586 his⁷
316 1568 322 1586 ε
337 1568 350 1584 ι(
364 1561 438 1586 Leva
461 1559 562 1586 oculos
587 1562 670 1594 tuos,
688 1562 715 1587 et
736 1560 802 1587 vide
826 1561 865 1588 ad
890 1562 1007 1597 aquilo-

237 1613 321 1638 nem,
342 1615 356 1630 ι)
382 1605 413 1632 in
437 1613 496 1640 quo
520 1605 650 1640 signatur
673 1607 865 1641 transgressio
888 1607 1004 1643 eulpam

239 1652 301 1678 «Et
321 1651 359 1678 ad
382 1651 554 1686 meridiem,
578 1663 590 1677 »
615 1653 645 1679 in
669 1660 729 1687 quo
754 1653 869 1680 claritas
886 1654 1005 1689 glorize,

240 1699 302 1724 «Et
325 1697 363 1724 ad
393 1705 548 1731 oceasum,
575 1709 587 1722 »
610 1698 641 1724 in
663 1706 723 1733 quo
752 1699 850 1726 fervor
874 1700 1006 1735 justiti&

241 1745 300 1770 «Et
322 1743 360 1770 ad
387 1743 549 1777 orientem,
565 1754 579 1769 ι)
603 1743 634 1771 in
654 1752 714 1779 quo
740 1745 901 1772 mortalitas
922 1746 1009 1781 hujus

238 1790 314 1817 vitre.
332 1789 399 1817 ideo
419 1789 524 1816 dicitur
536 1790 546 1806 8
557 1811 565 1824 ,
582 1791 663 1825 quod
681 1800 695 1815 α
711 1793 804 1818 totum
823 1799 931 1827 corpus
946 1793 1010 1819 ani-

240 1836 362 1863 malium
387 1838 448 1863 erat
468 1836 589 1871 plenum
617 1837 730 1863 oeulis:
750 1849 762 1860 n
779 1837 816 1864 de
837 1838 945 1873 quibus
970 1839 1010 1866 ibi

240 1882 394 1917 Gregorius
409 1884 418 1900 ⁹
435 1883 521 1915 bene,
536 1883 617 1918 quod
635 1883 653 1899 ‘⁰
664 1892 677 1908 «
693 1883 833 1911 animalia
844 1884 933 1919 plena
943 1893 1010 1913 ocu-

240 1927 285 1955 lis.
303 1938 316 1953 n
334 1929 366 1956 Et
379 1928 435 1955 hoc
451 1930 493 1956 est
507 1928 588 1964 quod
602 1929 641 1956 ait
658 1929 706 1956 hie
724 1939 730 1956 ε
746 1931 842 1957 Lucum
857 1932 938 1965 fecit,
955 1934 1007 1959 ete.

327 2031 441 2058 Collatio
461 2031 798 2067 quadr-ayesimaseptt'ma‚
819 2040 861 2067 ix,
882 2036 924 2060 31.

277 2116 307 2142 Si
321 2117 382 2150 quis
404 2116 453 2142 Dei
472 2116 557 2142 cultor
576 2118 624 2149 est,
641 2118 665 2142 et
681 2117 844 2143 voluntatem
863 2118 920 2152 ejus
934 2120 1012 2152 facit,

241 2163 309 2188 hune
325 2161 445 2189 escendit.
462 2163 493 2189 ln
513 2161 558 2188 his
572 2162 671 2189 verbis
692 2162 866 2190 informatur
889 2164 1013 2199 quilibet

242 2207 338 2235 fidelis
352 2208 456 2235 volens
472 2209 562 2235 Deum
578 2207 714 2242 adorare,
730 2210 761 2235 ut
775 2209 879 2236 sedulo
894 2218 924 2237 se
939 2218 1012 2245 prce-

242 2255 324 2288 paret
339 2253 377 2280 ad
390 2255 480 2280 Deum
495 2253 692 2281 adorandum.
707 2255 738 2281 Et
748 2254 933 2282 insinuantur
947 2256 1012 2290 tria,

244 2307 372 2334 quorum
386 2300 516 2335 primum
531 2301 573 2326 est
586 2299 705 2326 humilis
716 2302 743 2327 et
758 2301 887 2335 subjecta
898 2301 1014 2329 ordina-

244 2345 341 2372 bilitas
355 2345 410 2372 sub
427 2346 482 2373 Deo
498 2345 528 2372 in
543 2347 628 2379 statu,
645 2345 687 2372 ibi
703 2354 709 2372 ε
726 2346 756 2372 Si
774 2348 836 2381 quis
853 2349 954 2381 cultor;
971 2356 1014 2375 se-

246 2391 377 2418 eundum
405 2393 447 2418 est
469 2391 590 2418 virtuosi
620 2392 716 2427 operis
742 2393 957 2427 perseetibilitas
985 2394 1013 2421 in

279 2462 283 2475 ¹
304 2461 389 2490 Zach,
407 2468 469 2490 xxii,
495 2464 515 2485 1.
536 2475 566 2479 -
586 2462 594 2476 ²
616 2463 731 2493 G1egor.²
754 2464 777 2486 in
802 2464 899 2491 Ezeclz„
920 2465 962 2488 lib.
983 2465 1013 2494 lt,

245 2496 317 2520 hom.
333 2502 393 2525 νιιι,
410 2503 434 2519 n.
451 2498 488 2520 20.
507 2510 532 2513 -
548 2497 558 2513 ³
572 2497 672 2527 lez-em„
696 2504 740 2527 111,
758 2500 781 2522 2.
799 2511 829 2516 —
850 2499 860 2515 ¹·
879 2499 963 2527 lam,
986 2505 1013 2529 11,

245 2533 269 2556 1,
285 2545 314 2549 -
334 2532 344 2548 ⁵
365 2531 438 2560 thid„
460 2537 483 2560 V,
512 2534 548 2555 Η.
569 2545 599 2548 —-
619 2533 627 2546 ¹³
649 2533 714 2556 Psal.
737 2540 801 2564 (lxx,
827 2536 847 2557 1.
867 2547 897 2551 —
915 2535 924 2550 7
943 2535 1014 2564 Gen„

245 2573 308 2597 xui,
332 2568 367 2590 it.
384 2579 414 2584 -—
433 2566 443 2582 ⁸
464 2566 559 2592 Exest.
578 2573 598 2595 1,
615 2569 651 2591 18.
670 2581 700 2585 —
714 2570 722 2582 ²¹
742 2571 857 2599 Ηιόμοικ,
875 2570 900 2592 ιἰι
918 2569 1016 2598 Ezcvli„

245 2602 288 2625 lib.
306 2603 327 2632 t,
342 2601 413 2625 hom.
430 2607 519 2630 v11,u.
539 2603 561 2624 2.
579 2603 642 2619 -10
657 2604 738 2633 Apo-c„
762 2610 794 2633 ιν,
815 2608 836 2628 ti.
854 2618 883 2622 —
904 2606 921 2621 ¹¹
940 2606 1014 2635 Aug,

244 2638 276 2661 de
295 2636 362 2660 Ver-b.
377 2637 458 2666 Dom.‚
473 2643 549 2660 serm.
562 2643 641 2667 xxm,
652 2639 684 2661 al.
698 2645 774 2670 ηκιιι,
788 2647 812 2663 ιι.
827 2642 854 2670 63
869 2647 945 2663 serm.
961 2647 1012 2668 nix,

245 2673 276 2696 at.
299 2677 421 2701 Lxxxm,
442 2678 468 2695 n.
495 2674 514 2695 ι.
533 2684 562 2689 -
580 2674 694 2703 12,ιοιυι.,
715 2680 756 2703 xv,
783 2677 801 2698 1.
818 2689 846 2692 —
869 2676 889 2692 ¹³
903 2676 966 2705 Cic.‚
985 2676 1014 2698 de

739 240 1004 273 COLLATIONES
1029 241 1322 274 PRAEDICABILES

1056 310 1132 342 actu,
1157 308 1197 336 ibi
1223 317 1229 335 :
1255 309 1330 336 Facie
1349 310 1527 345 voluntatem3
1548 310 1664 338 tertium
1687 312 1737 338 'est
1759 310 1825 339 talis

1057 355 1137 390 apud
1158 356 1248 382 Deum
1275 355 1483 390 acceptibilitas
1507 358 1534 384 et
1557 356 1776 390 exaudibilitas,
1797 358 1826 384 et

1057 400 1112 428 hoe
1127 401 1156 428 in
1172 400 1274 428 effectu
1289 401 1336 428 vel
1351 400 1456 435 fructu,
1470 402 1510 429 ibi
1525 412 1533 429 ε
1551 404 1628 429 Hunc
1641 403 1762 430 exaudit.

1091 447 1135 474 Ait
1155 454 1224 481 ergo
1241 456 1247 473 z
1264 448 1294 474 Si
1308 449 1369 481 quis
1383 448 1476 475 cultor.
1491 449 1525 475 Ut
1539 448 1617 476 enim
1640 449 1679 476 ait
1692 448 1826 484 Augusti-

1057 500 1111 520 nus
1126 493 1145 510 ¹¹
1163 502 1169 519 :
1187 502 1201 518 (ι
1222 492 1350 520 Colimus
1366 501 1433 520 eum
1453 493 1618 529 adorando,
1633 497 1660 522 et
1680 495 1742 530 ipse
1757 495 1827 523 colit

1057 546 1110 566 nos
1127 541 1268 574 tanquam
1282 539 1413 573 agricola
1424 547 1541 574 agrum,
1552 540 1660 568 scilicet
1669 541 1826 577 purgando

1057 586 1085 611 et
1099 584 1272 612 exercendo.
1290 595 1303 611 »
1328 585 1403 612 lnl'ra
1417 587 1435 602 ¹²
1452 594 1478 612 :a
1492 586 1574 613 Pater
1592 593 1676 614 meus
1696 587 1827 622 agricola

1057 632 1108 658 est.
1133 641 1146 656 »
1173 633 1229 659 Nos
1253 633 1351 658 autem
1372 631 1496 658 colimus
1518 633 1609 659 Deum
1634 632 1761 667 perfecte
1780 633 1825 660 vi-

1057 677 1155 704 vendo
1172 687 1178 704 :
1195 676 1290 704 {idelis
1310 677 1389 704 enim
1413 677 1535 705 efficitur
1558 677 1652 705 cultor
1675 678 1723 705 Dei
1751 681 1826 707 reete

1058 723 1216 751 credendo.
1243 724 1322 751 Unde
1337 724 1446 751 Seneca
1464 723 1504 751 ait
1519 733 1526 751 :
1545 733 1559 749 α
1575 725 1665 752 Deum
1681 724 1759 759 colit,
1774 726 1826 761 qui

1058 770 1149 798 novit.
1166 780 1179 795 »
1198 771 1229 798 Et
1241 769 1351 798 Tullius
1366 771 1388 789 ¹³
1400 779 1427 796 ει(
1442 770 1582 797 Sanctitas
1594 773 1636 798 est
1645 770 1765 798 scientia
1779 778 1827 799 co-

1058 816 1225 844 lendorum.
1241 827 1255 843 »
1281 817 1313 844 Et
1333 816 1374 843 sie
1388 816 1517 844 colentes
1541 817 1616 844 Deus
1636 817 1774 852 protegit,
1799 819 1828 846 et

1059 862 1108 890 dat
1124 863 1164 889 eis
1178 862 1331 890 victoriam
1348 863 1367 879 ¹⁶
1384 872 1389 890 :
1411 872 1424 887 «
1440 864 1512 890 Deus
1529 870 1632 890 eorum
1646 870 1700 898 pro
1716 863 1758 890 eis
1772 871 1827 899 pu-

1059 908 1169 943 gum-it,
1186 911 1213 936 et
1225 909 1304 936 vicit.
1321 919 1333 934 n
1353 911 1384 936 Et
1406 909 1558 944 sequitur:
1583 917 1597 935 α
1616 910 1680 936 Non
1701 909 1755 937 fuit
1775 910 1827 945 qui

1058 954 1202 982 resisteret
1214 955 1326 990 populo
1343 955 1399 990 isti,
1411 955 1466 982 nisi
1481 955 1602 991 quando
1617 955 1829 983 recessitacul-

1059 1004 1122 1029 tura
1144 1002 1256 1029 Domini
1278 1002 1325 1029 Dei
1348 1002 1401 1029 sui.
1425 1012 1438 1028 »
1456 1003 1526 1029 ltem
1548 1002 1645 1030 fidelis
1669 1005 1710 1030 est
1733 1002 1828 1031 cultor
1870 1011 1874 1014 “

1059 1047 1107 1075 Dei
1122 1048 1242 1075 firmiter
1261 1048 1419 1084 sperando,
1435 1051 1463 1076 et
1483 1049 1524 1076 sic
1547 1049 1675 1076 colentes
1692 1049 1797 1077 liberat
1809 1057 1828 1077 a

1059 1095 1266 1122 tentationibus
1291 1097 1317 1122 et
1343 1095 1592 1122 tribulationibus.
1614 1096 1630 1112 ¹⁵
1657 1104 1671 1121 α
1693 1097 1752 1123 lloc
1772 1103 1828 1132 pro

1059 1143 1137 1169 certo
1152 1141 1240 1168 habet
1255 1142 1350 1169 omnis
1371 1141 1422 1177 qui
1441 1141 1508 1168 colit
1523 1143 1560 1176 te,
1583 1142 1654 1177 quia
1675 1142 1735 1170 vita
1754 1142 1827 1177 ejus,

1059 1187 1082 1214 si
1097 1188 1126 1214 in
1142 1187 1316 1222 probatione
1330 1187 1424 1221 suerit,
1439 1187 1638 1215 coronabitur.
1650 1198 1664 1214 ι»
1676 1189 1746 1216 ltem
1757 1188 1828 1216 fide-

1060 1234 1094 1261 lis
1108 1236 1150 1261 est
1165 1234 1258 1261 cultor
1278 1234 1326 1260 Dei
1339 1233 1449 1260 fervide
1465 1234 1605 1262 amando.
1622 1234 1702 1262 Unde
1726 1234 1827 1262 fliero-

1060 1288 1177 1316 nymus,
1193 1287 1278 1315 super
1292 1279 1367 1306 illud
1382 1279 1487 1306 Psalmi
1503 1289 1509 1306 :
1533 1281 1593 1307 Non
1617 1282 1668 1307 erit
1682 1281 1740 1308 illis
1761 1282 1830 1308 Deus

1059 1335 1163 1354 recens:
1179 1336 1190 1351 κ
1207 1326 1281 1354 illud
1294 1325 1362 1353 colit
1372 1325 1508 1361 quisque,
1519 1325 1601 1361 quod
1615 1326 1683 1361 plus
1697 1326 1800 1361 diligit.
1812 1336 1826 1352 ι)

1061 1375 1092 1400 Et
1114 1372 1290 1407 Augustinus
1309 1372 1329 1392 2⁶
1347 1380 1352 1398 :
1377 1372 1474 1404 «Quis
1498 1371 1591 1399 cultus
1612 1373 1655 1399 est
1677 1373 1749 1407 ejus,
1774 1372 1830 1400 nisi

1062 1428 1145 1448 amor
1160 1420 1232 1454 ejus,
1245 1428 1305 1455 quo
1320 1427 1398 1446 nunc
1413 1418 1614 1447 desideramus
1636 1427 1704 1447 eum
1718 1419 1830 1455 videre,

1062 1469 1089 1494 et
1101 1474 1253 1502 speramus
1268 1474 1321 1493 nos
1336 1474 1398 1493 esse
1413 1466 1569 1493 visui-osi»
1582 1465 1656 1493 Talis
1669 1466 1831 1494 cultorerat

1062 1513 1172 1545 Daniel,
1188 1512 1224 1539 de
1246 1520 1306 1547 quo
1326 1512 1345 1529 ¹⁷
1369 1521 1375 1539 ε
1395 1521 1408 1536 «
1425 1512 1498 1539 Dixit
1521 1513 1579 1539 Rex
1606 1512 1740 1540 Danieli:
1758 1513 1831 1540 Deus

1062 1561 1138 1591 tuus,
1154 1566 1242 1593 quem
1266 1558 1336 1585 colis
1359 1566 1488 1593 semper,
1504 1558 1641 1586 liberabit
1663 1561 1698 1586 te.
1723 1568 1736 1584 »
1761 1559 1831 1586 Item

1061 1604 1157 1631 fidelis
1182 1606 1224 1631 est
1245 1604 1339 1631 cultor
1361 1603 1419 1638 Dei,
1443 1606 1519 1631 recte
1545 1605 1603 1631 Deo
1626 1604 1830 1632 sacrificando.

1065 1650 1198 1677 «Colitur
1212 1650 1290 1677 enim
1305 1651 1377 1676 Deus
1389 1649 1531 1677 sacrificio
1546 1649 1652 1684 laudis,
1667 1650 1831 1678 actionibus

1063 1697 1231 1731 gratiarum,
1247 1698 1278 1723 ut
1292 1703 1353 1722 non
1370 1695 1401 1722 in
1416 1695 1524 1730 seipso,
1537 1695 1590 1722 sed
1602 1695 1632 1722 in
1646 1696 1704 1723 Deo
1721 1695 1830 1730 glorie-

1063 1745 1118 1777 tur,
1130 1752 1142 1767 »
1157 1743 1196 1769 ait
1208 1742 1385 1776 Augustinus
1399 1742 1428 1768 ¹⁸.
1441 1742 1472 1768 Et
1487 1741 1523 1769 de
1539 1741 1593 1769 isto
1608 1741 1687 1770 cultu
1698 1742 1833 1777 Augusti-

1063 1796 1118 1815 nus
1135 1790 1164 1822 19,
1188 1788 1270 1824 quod
1284 1788 1406 1815 servitus
1421 1795 1478 1823 qua
1495 1788 1599 1815 colitur
1619 1790 1705 1822 Deus,
1726 1788 1832 1816 dicitur

1063 1835 1165 1869 latria3
1191 1837 1218 1862 et
1241 1834 1323 1870 quod
1340 1833 1461 1869 diligere
1483 1835 1584 1868 Deum,
1604 1836 1632 1861 et
1650 1834 1832 1870 proximum,

1064 1883 1106 1908 est
1122 1881 1169 1908 Dei
1184 1881 1288 1914 cultus,
1304 1880 1365 1907 haec
1382 1888 1453 1907 vera
1470 1880 1585 1915 religio,
1601 1880 1661 1908 haec
1675 1882 1755 1908 reeta
1773 1881 1834 1917 pie-

1063 1930 1117 1961 tas,
1132 1927 1193 1954 haec
1207 1929 1320 1954 tantum
1341 1928 1398 1953 Deo
1420 1926 1520 1953 debita
1533 1926 1665 1954 servitus
1682 1928 1714 1954 Et
1728 1935 1833 1955 conse-

1065 1975 1198 2009 quenter,
1214 1973 1250 2000 de
1266 1980 1336 2000 vero
1351 1972 1492 2000 sacrificio
1509 1980 1568 2008 quo
1581 1972 1688 2000 colitur
1700 1975 1775 2000 Deus
1789 1974 1810 1991 ²⁰
1826 1983 1832 2001 :

1068 2030 1081 2045 «
1093 2021 1148 2047 Cor
1166 2019 1322 2046 contritum
1344 2020 1371 2046 et
1389 2018 1577 2046 humiliatum
1597 2020 1639 2046 est
1659 2018 1835 2046 sacrificium

1065 2068 1135 2099 Deo,
1152 2075 1165 2091 n
1183 2067 1215 2092 ut
1228 2065 1267 2092 ait
1294 2064 1407 2091 ibidem
1421 2064 1452 2091 ²¹.
1475 2066 1506 2091 Et
1520 2064 1585 2091 talis
1604 2066 1646 2092 est
1658 2064 1754 2092 cultor
1768 2065 1836 2099 Dei,

1065 2115 1097 2140 ut
1115 2112 1171 2139 hic.
1187 2112 1215 2139 Si
1234 2111 1313 2138 enim
1335 2110 1522 2146 philosophia
1537 2112 1579 2138 est
1593 2110 1708 2139 cultura
1732 2111 1836 2145 animi,

1065 2162 1096 2186 ut
1108 2158 1147 2186 ait
1158 2157 1267 2185 Tullius
1278 2157 1309 2191 ²²,
1322 2156 1415 2184 multo
1430 2156 1524 2191 magis
1545 2157 1649 2192 religio
1664 2157 1834 2192 Christiana,

1066 2205 1103 2232 de
1120 2212 1178 2240 qua
1191 2204 1300 2231 dictum
1315 2204 1365 2230 est.
1389 2204 1420 2229 Et
1439 2202 1503 2229 talis
1523 2202 1617 2230 cultor
1633 2203 1720 2231 debet
1739 2203 1835 2231 facere

1065 2251 1248 2279 voluntatem
1264 2249 1313 2277 Dei
1327 2249 1357 2276 in
1369 2256 1457 2284 opere
1468 2250 1496 2275 et
1505 2251 1571 2275 actu
1582 2249 1814 2285 quadrupliciter
1826 2258 1833 2276 :

1066 2298 1162 2333 primo
1179 2296 1281 2328 modo,
1297 2303 1327 2323 se
1339 2295 1448 2330 Jugiter
1462 2294 1671 2323 sanctificando
1687 2296 1707 2313 ²⁸
1722 2304 1728 2322 :
1743 2305 1758 2322 ι(
1772 2297 1837 2324 Haee

1068 2347 1110 2372 est
1122 2344 1260 2371 voluntas
1275 2342 1335 2376 Dei,
1349 2341 1539 2369 sanctificatio
1552 2343 1657 2370 vestra.
1669 2351 1683 2368 ιο
1700 2344 1770 2370 ltem
1785 2342 1837 2370 de-

1067 2418 1126 2441 Nal.
1144 2418 1226 2445 Dema,
1240 2416 1281 2439 lib.
1298 2415 1322 2445 l,
1338 2422 1404 2438 vers.
1422 2414 1464 2438 fin.
1486 2427 1511 2431 —-
1534 2415 1552 2431 '⁴
1571 2414 1668 2445 Judmn,
1691 2421 1715 2444 v,
1736 2416 1774 2445 16,
1798 2416 1834 2439 Π.

1067 2467 1098 2470 -
1113 2454 1130 2469 ¹⁵
1150 2452 1216 2481 Tob„
1236 2458 1275 2480 111,
1292 2452 1330 2474 21.
1348 2463 1376 2468 -—
1392 2450 1411 2466 ¹⁶
1426 2451 1543 2480 August„
1559 2449 1589 2473 de
1604 2450 1703 2479 Trim'c..
1718 2450 1761 2474 lib.
1779 2450 1834 2480 xit,

1069 2496 1089 2512 c.
1107 2494 1160 2518 xlv,
1175 2494 1201 2511 n.
1217 2489 1254 2511 22.
1270 2499 1299 2504 -—-
1316 2486 1334 2502 Π
1351 2486 1426 2514 Dan„
1442 2491 1481 2515 vi,
1498 2487 1534 2509 ιϋ.
1549 2498 1580 2503 —-
1595 2486 1613 2500 ¹³
1628 2487 1702 2516 Aug„
1714 2485 1744 2509 de
1759 2485 1834 2509 Civit.

1069 2524 1185 2552 Dei‚l'1b.
1204 2524 1238 2552 x,
1256 2529 1278 2546 c.
1298 2527 1321 2544 v.
1339 2534 1369 2538 —-
1385 2521 1402 2536 ¹·¹
1423 2520 1496 2550 lbid.,
1511 2527 1533 2544 c.
1555 2526 1572 2543 ι.
1588 2533 1619 2538 -
1633 2521 1652 2536 ¹⁰
1667 2519 1735 2544 Psal.
1751 2526 1780 2550 L,
1798 2521 1834 2545 ¹8.

1068 2572 1096 2576 ——-
1111 2559 1128 2575 ²¹
1145 2560 1260 2588 August„
1275 2557 1318 2581 ubi
1332 2563 1399 2587 sup.,
1414 2563 1436 2579 c.
1452 2561 1474 2579 v.
1493 2567 1522 2572 —
1542 2555 1559 2569 ²²
1572 2555 1634 2585 Cie.‚
1651 2556 1718 2580 Tusc.
1735 2557 1834 2587 quaest„

1068 2595 1110 2617 lib.
1127 2595 1157 2624 lt,
1173 2596 1230 2617 aute
1246 2594 1314 2616 mett.
1326 2605 1357 2610 —-
1371 2592 1390 2605 ²³
1405 2591 1410 2614 Ι
1427 2590 1515 2620 Thess„
1532 2596 1568 2621 iv,
1583 2592 1604 2614 3.

1099 2639 1133 2669 (a)
1159 2638 1216 2661 Caet.
1240 2636 1300 2659 edit.
1323 2635 1380 2659 sibi.
1405 2647 1434 2652 —
1459 2634 1488 2664 (b)
1514 2635 1574 2657 leem
1596 2633 1780 2660 differentibus.
1803 2648 1834 2654 -

1070 2676 1100 2704 (c)
1114 2674 1174 2697 Item
1190 2674 1303 2696 Semanr.
