1987 3032
196 227 254 256 554

195 291 276 319 bavit
290 297 337 317 me
352 289 459 323 cinere,
473 299 488 315 n
504 289 536 317 id
551 290 602 323 est,
618 287 806 323 peccatorum
820 284 965 319 recogita-

195 337 284 365 tione.
308 346 321 361 «
335 335 483 369 cinerem,
504 335 598 370 iuquit
617 333 761 368 Propheta
777 331 804 365 ¹,
824 333 966 366 tanquam

195 391 303 419 panem
325 381 554 410 manducabam.
572 391 584 406 n
607 382 676 408 item
691 380 733 406 est
747 378 830 405 cibus
844 376 964 409 animae,

196 429 305 458 scilicet
319 428 435 464 justitiae
454 427 573 463 aequitas
586 428 596 443 ἵ
614 434 619 452 :
640 436 652 451 «
668 424 744 452 Beati
764 423 815 459 qui
836 422 966 450 esuriunt

196 475 344 512 justitiam.
361 485 374 500 u
393 475 537 508 Prfecepta
552 473 630 500 enim
650 471 813 507 disciplinae
836 470 903 497 sunt
927 468 965 495 ei-

196 523 264 556 bus,
280 521 320 548 ait
331 520 484 548 Anselmus
494 520 513 546 ⁸.
523 520 533 536 ¹·
546 521 645 547 «Meus
653 518 735 545 cibus
750 519 802 550 est,
818 518 849 543 ut
862 515 967 542 faciam

199 569 382 597 voluntatem
401 566 500 594 Patris.
517 576 530 592 u
555 567 625 593 ltem
645 565 728 591 cibus
750 561 909 599 spiritualis
930 563 973 588 est

199 615 306 643 divinae
328 611 583 648 contemplationis
601 610 718 638 refectio
733 610 743 625 ⁵
759 618 765 636 :
786 619 800 632 «
815 608 884 636 Inde
899 615 969 634 con-

198 660 356 696 templatur
377 660 411 694 (α)
436 666 542 686 escam.
559 667 572 684 »
596 657 637 684 lbi
656 654 810 690 Gregorius
823 655 853 680 ⁶:
875 652 970 681 «Sola

200 708 262 742 ejus
276 706 350 734 visio
363 708 405 733 est
425 708 529 733 nostrae
543 704 647 732 mentis
661 702 791 730 refectio.
804 711 818 727 »
835 700 877 729 Ob
895 699 970 726 mul-

199 753 354 782 titudinem
368 752 492 779 istorum
507 751 641 778 ciborum
657 747 852 785 spiritualium
866 746 971 774 dieitur

201 799 407 828 convenienter
421 799 431 815 ⁷
448 807 454 825 :
482 807 493 823 (ι
508 797 587 825 Multi
610 796 667 824 eibi
691 795 721 822 in
744 793 902 821 novalibus
921 800 971 828 pa-

202 849 290 880 trum,
301 856 314 872 ω
327 845 358 872 id
370 846 422 878 est,
438 844 468 871 in
483 842 726 871 conscientiarum
738 840 864 868 secretis.
884 841 972 874 Prop-

202 895 244 921 ter
257 892 369 928 primos
379 891 462 919 cibos
475 897 536 917 non
549 891 591 917 est
606 887 791 924 operandum
800 907 809 920 ,
831 885 972 922 quonium

200 947 302 967 omnes
316 939 388 966 tales
401 939 534 974 pereunt,
550 938 577 964 et
591 935 676 963 labor
689 937 731 962 est
742 941 868 968 magnus
884 935 911 960 et
926 932 971 959 in—

200 986 374 1013 fructuosus.
401 983 481 1011 Unde
505 983 542 1010 de
563 981 769 1009 laborantibus
787 987 841 1015 pro
864 979 972 1005 talibus

202 1032 306 1059 dicitur
322 1029 554 1066 improperando
569 1029 579 1044 ⁸
595 1037 602 1055 :
630 1039 641 1052 «
658 1026 804 1054 Dederunt
823 1032 972 1060 quaecum-

201 1086 259 1114 que
278 1077 406 1113 pretiosa
426 1084 482 1112 pro
502 1075 580 1102 cibo.
597 1084 609 1100 n
635 1075 689 1101 Pro
710 1080 780 1099 vero
805 1071 871 1099 cibo
892 1070 972 1105 spiri-

202 1124 272 1152 tuali
282 1145 292 1158 ,
306 1123 357 1159 qui
372 1130 432 1150 non
444 1121 537 1158 perit,
554 1122 596 1148 est
609 1118 827 1151 laborandum,
845 1117 915 1152 quia
931 1116 974 1144 la-

201 1171 258 1199 bor
269 1173 310 1198 est
324 1170 459 1198 modicus
473 1170 501 1196 et
512 1167 621 1202 brevis
639 1169 666 1194 et
678 1165 872 1199 delectabilis,
886 1167 913 1191 et
925 1172 975 1200 pa-

202 1218 248 1244 nis
261 1217 420 1252 pretiosus,
437 1215 594 1243 deliciosus
609 1216 636 1241 et
652 1220 827 1249 permanens
840 1212 850 1227 ⁹
867 1221 873 1238 :
889 1221 901 1235 «
913 1210 975 1237 Exi-

202 1271 294 1299 guum
308 1262 469 1296 laborabiS,
485 1264 512 1289 et
524 1261 580 1288 cito
602 1260 670 1287 edes
687 1260 722 1286 de
738 1257 976 1293 generationibus

204 1311 291 1345 ejus.»
301 1307 511 1344 ¹⁰‹10peramini
523 1315 598 1343 opus
608 1308 747 1339 vestrum,
760 1307 787 1332 et
798 1304 880 1332 dabit
892 1303 977 1330 vobis

203 1355 371 1384 mercedem
384 1357 520 1382 vestram.
538 1363 551 1379 n
573 1355 605 1380 Et
619 1352 731 1380 ibidem
743 1351 762 1368 ¹¹
777 1360 784 1377 :
804 1361 816 1375 (ι
830 1350 977 1378 Modicum

204 1401 354 1434 laboravi,
376 1403 404 1428 et
427 1400 525 1428 inveni
546 1399 617 1426 mihi
640 1399 763 1426 multam
790 1397 933 1432 requiem.
961 1407 973 1420 »

206 1450 238 1476 Et
257 1449 277 1466 ¹²
294 1457 301 1475 :
314 1458 327 1474 «
342 1447 479 1475 Formicae
493 1445 622 1482 populus
634 1444 783 1477 infirmus,
802 1443 852 1479 qui
867 1450 978 1478 praepa-

205 1497 251 1523 rat
270 1495 301 1522 in
315 1501 408 1522 messe
426 1493 526 1520 cibum
541 1491 606 1519 sibi.
629 1503 640 1515 υ

329 1597 441 1625 collatio
462 1594 730 1629 trigesimasecttnda,
746 1601 790 1627 vi,
813 1594 855 1620 33.

247 1682 330 1709 Panis
346 1681 414 1708 enim
429 1687 505 1706 verus
522 1678 556 1713 (b)
573 1681 626 1712 est,
644 1679 692 1712 qui
707 1677 739 1703 de
754 1677 814 1703 coelo
829 1676 979 1708 descendit,

210 1731 234 1755 ct
250 1728 296 1754 dat
311 1728 395 1754 vitam
409 1725 516 1752 mundo.
529 1726 558 1752 ln
571 1724 616 1751 his
631 1723 730 1751 verbis
745 1722 798 1749 tria
813 1722 979 1756 signantur:

210 1774 321 1810 primo,
338 1772 400 1800 Filii
415 1771 464 1799 Dei
486 1771 524 1798 ad
545 1771 645 1798 cibum
667 1768 890 1796 sustentandum
914 1769 982 1802 apta

210 1820 370 1852 idoneitas,‚
384 1818 425 1845 ibi
442 1819 552 1845 :Vertis
564 1818 664 1851 panim
682 1814 828 1847 seeundo,
846 1813 982 1840 humani-

210 1867 275 1894 tatis
293 1874 351 1893 suee
364 1865 487 1898 veritas,
505 1863 547 1890 ibi
568 1872 573 1890 :
589 1865 622 1890 De
637 1863 697 1889 coelo
713 1861 861 1894 descendi&
878 1859 961 1886 tertio
973 1880 981 1892 ‚

211 1912 385 1949 potestativa
404 1910 586 1944 virtuositas,
608 1909 649 1935 ibi
667 1917 674 1935 ε
694 1910 743 1935 Dat
767 1909 851 1933 vitam
871 1906 981 1932 mundo.

248 1959 292 1987 Ait
303 1966 373 1993 ergo
391 1967 397 1984 z
410 1958 493 1984 Verus
507 1957 597 1991 parcis.
615 1956 646 1981 Ut
661 1954 699 1982 ait
713 1952 890 1988 Augustinus
901 1952 918 1968 '³
933 1959 983 1978 ex-

213 2012 327 2041 ponens
351 2003 427 2030 illud
447 2001 464 2018 ¹⁶
488 2011 494 2029 ι
519 2003 617 2029 Panem
637 2002 789 2035 angelorum
812 1999 986 2026 manducavit

215 2053 287 2079 homo
300 2060 306 2078 ε
324 2061 338 2076 (ι
352 2050 420 2084 Quis
436 2051 478 2077 est.
492 2049 578 2085 panis
593 2047 788 2083 angelorum?
804 2048 835 2073 ln.
849 2046 985 2080 principio

216 2102 272 2125 erat
289 2098 411 2125 Verbum.
431 2095 487 2123 Sed
505 2103 564 2130 quo
580 2094 671 2121 modo
693 2093 852 2120 manducat
868 2091 958 2118 homo
973 2091 986 2116 ἲ)

219 2145 333 2171 Verbum
354 2150 415 2170 caro
437 2143 541 2175 factum
565 2143 611 2167 est.
634 2140 740 2167 Dicitur
755 2146 825 2173 ergo
847 2139 920 2165 Deus
935 2144 986 2172 pa-

218 2190 263 2217 nis
276 2197 329 2225 per
342 2187 581 2221 similitudinem,
594 2193 656 2213 non
670 2193 723 2221 per
738 2184 957 2221 proprietatem.
971 2192 983 2208 n

219 2238 251 2264 Et
268 2235 399 2271 sequitur
410 2235 430 2251 ¹⁵
447 2244 452 2260 :
473 2244 486 2259 «
502 2235 575 2261 Deus
590 2235 632 2260 est
649 2232 702 2259 tibi
716 2233 819 2259 totum.
837 2230 863 2258 Si
880 2228 988 2262 esuris,

219 2283 304 2318 panis
318 2283 361 2309 est
380 2280 433 2308 tibi
449 2289 455 2307 z
471 2280 494 2307 si
514 2279 590 2313 sitis,
612 2286 691 2314 aqua
710 2279 752 2305 est
773 2277 824 2304 tibi
842 2286 848 2304 :
865 2276 889 2303 si
903 2276 934 2303 in
951 2277 990 2302 te-

253 2375 259 2391 ¹
275 2373 343 2397 Psal.
362 2379 400 2402 ct,
422 2375 458 2396 tt).
475 2385 504 2389 —
522 2372 531 2388 Ξ
551 2371 650 2400 Mutat„
669 2377 693 2401 V,
711 2372 734 2394 (5.
751 2383 782 2387 —
796 2369 806 2385 ³
823 2368 946 2398 .x11seim.‚
961 2367 991 2390 (le

221 2409 339 2437 Simila..
358 2415 380 2432 c.
396 2414 465 2431 xin.
481 2420 512 2424 -
526 2408 533 2420 ⁴
548 2407 680 2435 Joan.‚1v‚
697 2407 734 2429 23².
750 2418 779 2422 —
797 2405 807 2421 Β
820 2403 885 2429 Ιυίι.,
899 2409 990 2432 xxxix,

222 2446 260 2469 22.
275 2457 305 2462 --
317 2444 327 2460 ὅ
343 2443 459 2473 Gregor.,
473 2441 574 2471 Moral„
589 2441 633 2465 lib.
650 2442 741 2470 xxxi,
757 2448 778 2463 c..
797 2446 856 2470 xix,
872 2438 903 2462 al.
920 2444 992 2467 xmx,

222 2487 247 2503 n.
272 2480 310 2502 29.
333 2491 363 2496 —
388 2478 397 2494 ⁷
421 2478 501 2505 Prota,
526 2483 587 2505 xiii,
608 2478 647 2500 23.
669 2489 694 2493 —
717 2475 727 2491 ⁸
748 2475 843 2503 Plu-en„
864 2480 885 2503 1,
905 2476 942 2496 11.
961 2485 992 2490 -

223 2515 232 2529 ⁹
251 2513 339 2542 Ecclz'.‚
357 2518 392 2542 w,
409 2511 611 2541 20.-·⁰1i›id.,
630 2517 668 2540 m,
682 2512 720 2534 33.
738 2523 768 2527 —
781 2511 799 2526 1¹
818 2509 891 2538 ibid„
909 2509 948 2531 35.
962 2520 993 2524 —

224 2549 242 2566 ¹²
259 2550 341 2578 Prov„
358 2553 423 2576 xxx,
439 2548 477 2570 25.
493 2559 523 2564 --
540 2547 557 2562 ¹²⁵
574 2548 689 2577 August„
708 2547 733 2569 in
751 2546 832 2573 donn„
847 2546 918 2567 tract.
936 2549 992 2572 xm,

224 2592 250 2609 n.
265 2586 287 2608 4.
302 2597 333 2602 —-
345 2583 365 2600 ¹⁵
379 2582 446 2606 Psal.
463 2587 560 2611 Lxxvn,
579 2583 615 2604 25.
632 2595 663 2599 —
678 2582 697 2598 ¹⁵
713 2583 786 2611 Aug,
802 2580 993 2607 ibi=1.,n.7.—

226 2621 245 2636 ¹⁸
265 2620 397 2648 Prov.,1x‚
410 2619 473 2641 5.-
490 2616 586 2640 ¹¹11sal.
603 2623 653 2645 cxv,
667 2618 705 2639 40.
722 2630 746 2633 -
766 2617 784 2629 ¹¹¹
801 2616 871 2643 (iarn,
888 2620 913 2643 x,
927 2617 947 2638 3.
964 2625 994 2630 —-

227 2657 243 2669 '⁸
262 2654 329 2678 Psal.
350 2659 407 2683 etit,
427 2654 463 2676 15.
479 2665 506 2669 -
525 2653 544 2668 ²¹⁰
559 2653 698 2682 Joe171.,111,
716 2654 751 2675 13.
769 2664 798 2668 —
814 2651 834 2667 Ἃ
853 2651 909 2680 (ειη,
926 2655 993 2678 mv,

702 216 970 249 COLLATloNES
991 215 1283 248 PRAEOICABILES

1018 283 1117 310 nebris
1132 290 1179 316 eS,
1198 282 1249 310 lux
1269 284 1312 310 est
1333 282 1385 310 tibi
1401 292 1407 309 :
1424 283 1447 310 si
1461 282 1560 310 nudus
1580 291 1626 317 es,
1642 283 1729 311 vestis
1745 285 1788 312 est

1020 329 1081 357 tibi.
1098 328 1202 357 Omnia
1216 330 1338 364 possunt
1352 329 1409 356 dici
1426 329 1462 356 de
1479 330 1551 363 Deo,
1566 331 1593 356 et
1610 329 1683 357 nihil
1698 329 1787 365 digne

1020 375 1125 403 dicitur
1140 375 1176 402 de
1192 376 1258 402 Deo.
1283 385 1296 400 »
1317 375 1378 402 llaec
1396 374 1454 402 ille.
1475 375 1573 402 Merito
1593 383 1662 409 ergo
1685 375 1789 403 dicitur

1020 422 1107 449 Filius
1129 421 1176 448 Dei
1194 420 1280 456 panis
1302 420 1415 448 ratione
1439 420 1666 448 fundamentalis
1680 421 1788 457 prinei-

1020 467 1147 503 palitatis
1156 488 1163 501 ,
1177 469 1204 494 et
1216 466 1329 494 ratione
1345 466 1547 494 desiderabilis
1559 466 1788 503 appetibilitatis,

1021 516 1049 541 et
1071 514 1183 541 ratione
1207 513 1387 548 potestativae
1409 512 1596 540 virtuositatis
1618 513 1657 541 ad
1676 514 1790 540 susten-

1022 560 1161 594 tandum,
1178 562 1205 586 et
1226 559 1339 586 ratione
1357 558 1514 594 prueeipuae
1532 559 1676 593 utilitatis,
1691 561 1723 586 ut
1737 559 1791 587 ha-

1023 606 1117 633 bitum
1141 608 1183 633 est
1206 605 1236 632 in
1259 604 1435 640 praecedenti
1461 604 1623 632 collatione
1639 625 1648 638 ,
1674 605 1727 632 ubi
1755 604 1792 633 de

1023 652 1155 687 quinque
1174 651 1310 688 panibus.
1329 651 1412 678 Panis
1431 659 1499 678 cum
1519 651 1599 678 omni
1619 650 1686 678 cibo
1701 658 1793 687 appo-

1024 699 1116 732 nitur,
1132 700 1160 725 et
1175 706 1263 725 omne
1283 697 1393 724 animal
1415 705 1523 732 panem
1544 696 1706 731 desiderat,
1721 699 1750 724 et
1763 697 1794 724 in

1024 744 1132 772 cieteris
1156 743 1229 770 cibis
1252 743 1340 770 vincit
1365 743 1473 770 utilitas
1495 743 1580 778 panis
1603 743 1647 779 (r).
1669 744 1701 770 Et
1725 742 1796 777 quia

1024 790 1165 826 praedicta
1178 794 1243 817 suut
1257 798 1370 817 summe
1385 789 1415 816 in
1436 789 1505 816 Filio
1521 789 1586 823 Dei,
1601 789 1670 816 ideo
1690 788 1794 817 merito

1026 836 1131 864 dicitur
1146 836 1229 872 panis
1247 837 1266 854 ¹⁶
1283 846 1310 863 :u
1325 836 1474 863 comedite
1487 843 1596 871 panem
1610 843 1720 862 meum.
1737 844 1749 860 n
1764 836 1796 862 Et

1026 884 1055 910 in
1068 885 1172 910 Psalmo
1186 884 1203 900 ¹⁷
1218 892 1243 910 μ(
1255 884 1329 910 Pane
1344 882 1410 909 coeli
1426 881 1564 909 saturavit
1579 889 1639 909 eos,
1658 891 1671 907 n
1684 879 1703 899 ¹⁸
1717 890 1731 907 α
1746 882 1798 909 Pa-

1027 938 1094 957 nem
1107 929 1336 956 desiderabilem
1350 936 1411 955 non
1427 927 1551 955 comedi.
1568 937 1581 953 n
1594 928 1637 953 ¹⁹«
1652 927 1736 955 Panis
1746 935 1797 955 eor

1027 976 1155 1004 hominis
1169 975 1339 1006 confirmet,
1355 985 1369 1000 »
1384 974 1423 1002 ait
1438 974 1590 1009 Propheta.
1604 975 1635 1001 Et
1647 974 1698 1001 iste
1713 973 1798 1009 panis

1028 1022 1179 1050 descendit
1203 1022 1239 1048 de
1264 1021 1360 1055 coelo,
1384 1028 1445 1048 non
1464 1028 1481 1047 a
1505 1020 1571 1048 loeo
1595 1019 1795 1054 egrediendo.

1028 1077 1081 1096 nce
1100 1076 1153 1104 per
1173 1068 1299 1103 spatium
1317 1066 1538 1102 progrediendo
1550 1088 1557 1097 ,
1572 1074 1626 1094 nec
1645 1066 1684 1093 ad
1699 1066 1799 1094 locum

1029 1115 1080 1142 ubi
1100 1122 1160 1142 non
1179 1115 1240 1141 erat
1260 1113 1446 1147 accedendo,
1462 1120 1515 1140 nec
1531 1112 1613 1147 quod
1634 1114 1695 1140 erat
1715 1111 1799 1139 amit-

1030 1160 1201 1194 tendo‚sed
1222 1159 1304 1195 quod
1325 1167 1387 1186 non
1411 1161 1486 1192 erat,
1507 1158 1615 1185 seilicet
1637 1157 1800 1186 humanita-

1030 1210 1103 1241 tem,
1129 1206 1325 1240 assumendo,
1351 1208 1378 1234 et
1407 1213 1493 1233 verus
1518 1205 1610 1232 homo
1635 1204 1798 1232 existendo.

1030 1255 1123 1290 Supra
1137 1254 1158 1269 5¹⁰
1173 1263 1179 1280 :
1199 1255 1313 1280 «Nemo
1335 1252 1466 1280 ascendit
1486 1252 1514 1278 in
1537 1251 1661 1285 coelum,
1678 1251 1733 1278 nisi
1748 1250 1799 1286 qui

1032 1301 1068 1328 de
1087 1300 1162 1327 coelo
1179 1299 1340 1327 descendit.
1357 1309 1371 1325 »
1389 1300 1419 1326 Et
1433 1297 1475 1324 ibi
1490 1297 1524 1325 de
1539 1298 1607 1325 hoc.
1619 1297 1641 1313 ²¹
1661 1296 1801 1324 «Utinam

1032 1347 1215 1382 dirumperes
1239 1345 1328 1372 eoelos
1346 1366 1354 1379 ,
1379 1349 1406 1372 et
1436 1343 1646 1371 descenderes!
1671 1352 1685 1368 n
1709 1344 1741 1370 Et
1764 1342 1801 1370 de

1032 1394 1088 1420 hoc
1104 1392 1281 1427 Augustinus
1298 1390 1318 1407 ²²
1331 1391 1407 1418 bene
1424 1400 1450 1418 1«
1465 1392 1567 1417 Faetus
1583 1391 1625 1417 est
1640 1389 1727 1417 Filius
1742 1388 1801 1423 Dei,

1033 1439 1116 1475 quod
1135 1446 1195 1466 non
1215 1440 1289 1471 erat,
1310 1445 1372 1465 non
1394 1437 1528 1464 amittens
1550 1435 1632 1471 quod
1654 1437 1725 1463 erat.
1742 1444 1755 1459 n
1771 1436 1804 1462 Et

1033 1486 1081 1514 hie
1103 1485 1188 1521 panis
1211 1486 1261 1512 dat
1272 1485 1362 1512 vitam
1378 1484 1502 1512 mundo.
1523 1484 1616 1518 Supra
1630 1482 1651 1500 ²³
1668 1491 1674 1510 :
1695 1493 1707 1506 u
1727 1482 1804 1510 Sicut

1034 1534 1115 1560 Pater
1131 1531 1260 1558 vivificat
1282 1533 1432 1563 mortuos,
1448 1530 1487 1557 ita
1502 1532 1529 1556 et
1543 1529 1631 1556 Filius
1647 1537 1654 1555 z
1670 1538 1683 1554 »
1706 1528 1748 1555 ibi
1767 1528 1804 1555 de

1034 1579 1100 1606 hoc.
1127 1577 1280 1605 praedictus
1307 1576 1386 1604 enim
1410 1576 1494 1611 panis
1518 1575 1568 1602 dat
1591 1574 1681 1602 vitam
1705 1574 1805 1609 gratiae

1035 1624 1219 1652 vivificantis.
1240 1624 1333 1658 Supra
1347 1623 1367 1639 Ψ·
1385 1631 1391 1649 :
1411 1632 1423 1647 ι(
1437 1621 1491 1655 Qui
1506 1621 1604 1655 audit,
1627 1622 1655 1648 et
1669 1620 1760 1647 eredit
1775 1620 1806 1647 in

1036 1679 1098 1704 me,
1122 1670 1211 1697 habet
1231 1669 1322 1696 vitam
1337 1670 1485 1695 aeternam.
1504 1677 1517 1691 ι)
1533 1666 1554 1684 ²⁵
1572 1677 1585 1692 α
1599 1666 1701 1694 Mortui
1716 1665 1784 1694 estis
1794 1687 1802 1700 ,

1037 1720 1064 1744 et
1091 1716 1148 1743 vita
1172 1717 1268 1743 vestra
1290 1714 1464 1742 abscondita
1488 1715 1530 1740 est
1555 1720 1623 1739 cum
1645 1712 1767 1739 Christo.
1790 1721 1803 1737 ¹>

1036 1763 1106 1790 ltem
1129 1762 1179 1789 dat
1200 1762 1290 1788 vitam
1307 1760 1410 1788 laetitiae
1425 1759 1545 1787 interius
1557 1758 1746 1793 jucundantis
1759 1757 1781 1775 ²⁶
1798 1767 1804 1784 :

1041 1819 1054 1834 (ι
1065 1807 1234 1836 Jueunditas
1250 1807 1357 1840 cordis
1372 1807 1433 1833 haec
1448 1807 1489 1832 est
1501 1805 1562 1832 vita
1572 1804 1709 1832 hominis.
1725 1813 1739 1829 n
1751 1803 1807 1831 Sed

1039 1857 1068 1884 in
1091 1856 1155 1892 ipso
1178 1855 1258 1889 solo,
1280 1856 1307 1882 et
1331 1854 1369 1881 ab
1394 1854 1458 1889 ipso
1483 1854 1525 1879 est
1546 1859 1617 1879 vera
1638 1851 1752 1885 laetitia,
1773 1858 1808 1877 eo

1040 1902 1121 1938 quod
1141 1902 1240 1929 laetitia
1258 1902 1299 1928 est
1319 1899 1437 1927 diffusio
1454 1898 1561 1932 animi,
1576 1897 1646 1933 quia
1661 1896 1809 1924 diffunde-

1040 1949 1079 1976 ris
1099 1956 1166 1976 cum
1191 1947 1363 1980 delectaris,
1379 1946 1419 1973 ait
1442 1944 1619 1979 Augustinus
1634 1942 1664 1970 ⁴²⁷.
1688 1942 1808 1970 Diffusio

1039 1995 1159 2032 proprie
1181 1996 1222 2021 est
1240 2001 1327 2029 super
1348 1991 1440 2025 illud,
1456 1990 1537 2026 quod
1559 1990 1655 2024 majus
1676 1990 1718 2016 est
1733 1997 1739 2015 ε
1757 1988 1810 2016 sed

1041 2042 1139 2070 anima
1153 2040 1289 2068 rationali
1303 2039 1384 2066 solus
1398 2040 1471 2065 Deus
1483 2039 1525 2064 est
1536 2036 1665 2071 major.²⁸
1679 2046 1692 2062 ιι
1707 2035 1811 2064 Anima

1041 2090 1104 2124 ejus
1128 2088 1156 2115 in
1177 2086 1334 2121 semetipso
1348 2084 1469 2119 lugebit.
1493 2094 1507 2109 n
1526 2083 1568 2111 lbi
1595 2082 1750 2117 Gregorius
1763 2080 1784 2098 ²⁹
1801 2090 1807 2109 :

1046 2145 1059 2161 ι(
1080 2134 1214 2170 Quisquis
1238 2133 1268 2160 in
1291 2141 1320 2160 se
1345 2131 1473 2167 gaudere
1494 2129 1618 2165 appetit,
1636 2136 1671 2156 eo
1694 2128 1758 2164 ipso
1782 2127 1812 2155 in

1042 2182 1122 2209 luctu
1137 2183 1189 2214 est,
1208 2180 1278 2215 quia
1299 2179 1337 2214 (d)
1356 2186 1373 2205 a
1387 2185 1457 2204 vera
1478 2176 1574 2203 laetitia
1593 2174 1719 2202 recessit.
1739 2175 1812 2202 Vera

1044 2227 1077 2263 (e)
1098 2227 1176 2254 enim
1198 2227 1234 2261 (f)
1257 2224 1353 2252 laetitia
1375 2222 1479 2250 mentis
1503 2224 1545 2248 est
1567 2221 1628 2256 ipse
1653 2221 1780 2247 Creator.
1796 2228 1810 2244 n

1047 2274 1110 2301 Haec
1121 2273 1179 2300 ille.
1197 2271 1264 2300 ideo
1275 2271 1298 2288 ³⁰
1309 2280 1335 2297 z«
1347 2271 1378 2298 ln
1392 2268 1516 2296 Domino
1530 2265 1680 2302 gaudebo,
1691 2267 1719 2293 et
1732 2264 1814 2293 exul-

1049 2356 1070 2377 i.
1089 2366 1117 2370 --
1133 2353 1150 2366 ²²
1165 2353 1282 2382 August„
1299 2351 1323 2373 ιή
1340 2350 1421 2377 loun„
1438 2348 1511 2371 tract.
1528 2352 1587 2374 xxi,
1603 2352 1627 2368 n.
1647 2347 1655 2368 1
1673 2347 1698 2368 et
1715 2351 1768 2374 seq.
1785 2356 1814 2360 —

1046 2390 1066 2404 2³
1082 2390 1165 2415 dmm„
1179 2393 1203 2416 v,
1220 2388 1258 2410 21.
1273 2398 1304 2403 —
1318 2385 1336 2398 ²⁸
1354 2384 1427 2412 ibid„
1443 2384 1481 2406 2²..
1497 2394 1526 2398 —
1539 2381 1561 2396 ²⁵
1577 2379 1680 2409 coloss„
1696 2385 1735 2408 ιιι,
1747 2381 1771 2401 3.
1783 2391 1814 2395 -

1047 2424 1066 2440 ²⁸³
1081 2423 1171 2451 Eccli.‚
1187 2428 1248 2449 xxx,
1264 2422 1341 2445 23.—
1353 2420 1371 2436 ²7
1384 2421 1460 2448 Aug„
1475 2418 1498 2440 in
1513 2415 1582 2440 Psul.
1595 2421 1685 2446 cxviii,
1698 2420 1774 2438 serm.
1787 2419 1813 2442 x,

1047 2466 1072 2482 n.
1088 2460 1111 2488 fi,
1131 2458 1214 2488 quoad
1234 2463 1346 2480 sensum.
1359 2467 1391 2472 —
1411 2454 1431 2469 ²⁸
1444 2452 1498 2483 Jol),
1517 2458 1570 2480 xm,
1589 2452 1626 2474 22.
1646 2463 1676 2468 —
1691 2450 1712 2466 ²⁹
1727 2449 1815 2479 Grrg„

1049 2494 1151 2521 Morus„
1175 2493 1218 2516 lib.
1243 2492 1308 2522 xlv,
1336 2498 1358 2514 e.
1384 2495 1439 2519 xu,
1465 2494 1490 2511 n.
1519 2487 1551 2511 al.
1579 2492 1645 2514 xxii,
1671 2491 1697 2508 n.
1722 2485 1760 2507 27.
1785 2496 1814 2500 —

1048 2529 1068 2545 ³⁰
1085 2529 1185 2557 nubae„
1204 2533 1241 2555 111,
1260 2528 1296 2550 18.

1081 2577 1111 2607 (ιι)
1130 2577 1188 2599 coet.
1203 2575 1265 2599 edit.
1285 2572 1505 2604 contemplabitur.
1522 2583 1548 2587 —
1565 2568 1598 2599 (b)
1620 2567 1691 2593 vulg.
1718 2567 1770 2590 Dei.
1785 2579 1815 2584 —

1051 2612 1081 2643 (c)
1103 2613 1163 2635 (ῥινί.
1178 2610 1241 2634 ecia.
1257 2616 1343 2641 panes,
1357 2622 1387 2626 —
1403 2608 1441 2638 (d)
1459 2606 1498 2630 Al.
1515 2611 1575 2635 quo.
1588 2617 1618 2621 —-
1634 2604 1662 2633 (e)
1679 2603 1738 2627 Coet.
1755 2602 1815 2627 edit.

1051 2647 1131 2672 L'ude.
1147 2659 1177 2663 —
1193 2646 1226 2675 (f)
1243 2645 1283 2669 Al.
1299 2644 1400 2676 quippe.
