1987 3032
745 201 950 234 EXPOSITIO
971 201 1012 232 IN
1035 203 1120 234 CAP.
1143 203 1166 235 Ι.

162 270 215 298 cite
239 272 267 298 et
291 270 432 306 exquisite
451 269 638 305 prosequitur
661 269 697 297 de
719 269 807 303 Filio,
822 271 850 297 et
867 275 929 296 non

163 317 199 343 de
214 318 305 344 Patre.
318 318 351 344 Et
364 316 402 343 ad
415 316 472 343 hoc
485 316 658 351 respondet,
673 316 756 351 quod
772 315 833 351 ipse
847 316 929 342 Pater

66 367 128 386 Pater
163 362 300 390 omnibus
323 363 384 389 erat
403 361 592 395 manifestus,
612 364 639 389 et
659 361 683 388 si
704 369 765 389 non
785 363 816 388 ut
830 362 926 395 Pater,

47 397 149 446 ζζὲξζζ
162 411 260 435 tamen
273 409 305 435 ut
325 409 398 434 Deus
406 416 415 441 ς
431 407 599 441 unigenitus
614 409 711 435 autem
725 407 927 442 ignorabatur.

43 457 147 476 manites-
162 454 230 481 Ideo
255 453 451 488 cognitionem
472 453 509 480 de
530 453 595 488 ipso
615 453 687 480 Filio
707 453 816 480 studuit
833 453 928 487 impo-

21 518 24 520 -
43 488 86 506 ²¹¹⁵·
163 507 240 526 nere.
257 499 327 525 Item
342 499 489 534 quaeritur,
501 507 569 526 cum
582 499 658 526 dicat
672 498 782 533 Glossa,
798 500 825 526 et
839 506 928 533 expo-

54 552 147 571 Curnon
162 546 212 571 nat
227 544 268 571 518
286 553 292 571 :
311 546 344 571 In
362 546 510 578 principle,
531 544 563 571 id
587 547 647 579 est,
663 545 693 572 in
718 546 814 578 Patre,
837 552 929 579 quare

44 583 137 639 ἰξζζῑῐξὲ
162 597 223 617 11011
244 590 283 617 ait
302 590 485 623 Evangelista
506 599 513 617 z
534 592 565 617 In
590 592 672 618 Patre
696 592 757 618 erat
779 590 929 617 Verbum?

57 644 95 664 sed
112 628 146 664 ω’
162 637 229 662 111118
250 636 328 662 enim
352 636 515 671 expressius
537 637 565 663 et
584 636 722 671 proprius
743 636 876 669 dixisset,
898 637 930 663 ut

42 675 148 700 9‘51205950
163 681 287 708 videtur.
300 683 332 708 Et
347 681 386 708 ad
400 681 477 709 istud
492 682 749 717 respondendum,
765 681 847 717 quod
860 689 928 717 pro-

67 735 148 755 Princi-
162 727 305 761 priissime
320 727 359 754 ait
368 727 550 762 Evangelista
564 736 570 755 :
582 729 613 754 172
625 729 772 762 principio,
787 726 929 762 quoniam

43 771 148 817 1)ζῖζῖἲὲ
161 772 339 808 principium
352 773 491 808 importat
505 772 542 800 de
560 781 590 800 58
605 773 725 808 originis
744 773 782 800 ab
798 773 855 800 alio
870 772 930 807 pri-

44 802 68 846 {e
83 827 148 852 origi.
161 818 325 852 vationem,
347 820 374 845 et
397 818 525 846 aliorum
548 819 586 846 ab
610 819 674 854 ipso
696 818 929 852 emanationem,

44 857 93 906 affl?
104 857 146 913 {¹¹25-
162 865 222 892 sive
235 865 442 892 causationem.
459 867 491 892 Ut
504 866 582 892 enim
597 865 636 892 ait
650 865 759 892 Tullius
775 866 783 882 ¹
801 874 807 892 :
824 875 837 890 ι(
852 865 930 892 Ρ1·111-

63 917 130 937 vatio-
162 910 229 946 cipii
243 910 326 938 nulla
348 912 390 938 est
409 911 508 945 origo,
528 912 556 938 et
577 919 611 938 ex
632 919 666 938 eo
682 911 740 938 alia
755 911 898 938 oriuntur.
914 920 927 936 ))

44 949 147 974 ¹¹⁸¹²³²⁸¹⁶·
161 956 236 983 Talis
255 958 297 983 est
314 957 406 990 Pater,
426 956 496 992 quia
515 964 532 984 a
546 957 644 991 nullo,
659 959 686 984 et
699 957 736 984 ab
752 965 787 984 eo
804 959 845 984 est
860 957 931 984 alio-

162 1010 228 1029 rum
243 1002 326 1036 origo
343 1010 350 1029 :
366 1002 434 1029 ideo
449 1002 651 1037 propriissime
667 1002 706 1030 ait
719 1003 766 1030 hic
783 1012 789 1029 z
805 1004 837 1030 In
852 1005 930 1037 prin-

162 1050 243 1082 cipio.
267 1047 347 1075 Unde
373 1048 597 1082 chrysostomus
620 1047 630 1063 Β
656 1057 662 1075 :
685 1057 698 1073 «
722 1050 780 1076 Hoc
802 1049 931 1076 maxime

162 1094 213 1121 Dei
238 1085 392 1129 proprium
419 1095 478 1127 est,
499 1095 638 1121 aeternum
665 1095 692 1121 et
710 1094 771 1121 sine
786 1095 930 1129 principio

164 1147 224 1166 esse
230 1148 238 1173 ;
260 1139 328 1166 ideo
351 1139 409 1166 hoc
424 1140 553 1174 primum
570 1139 668 1174 posuit
684 1148 691 1166 :
707 1141 739 1166 In
751 1141 899 1174 principio.
914 1150 928 1166 ))

163 1187 234 1213 Item
248 1185 351 1220 quaerit
363 1185 586 1220 Chrysostomus
600 1185 652 1212 ubi
667 1193 769 1220 supra,
786 1193 877 1221 quare
892 1186 932 1213 ait

163 1231 260 1266 potius
279 1240 287 1257 ε
310 1233 342 1258 In
365 1232 502 1265 principio
528 1233 586 1258 erat
610 1232 744 1265 Verbum,
769 1239 860 1267 quam
877 1240 883 1259 :
900 1233 931 1259 In

163 1277 308 1312 principio
331 1278 391 1303 erat
405 1276 514 1303 Filius:
536 1276 652 1304 videtur
675 1277 754 1304 enim
778 1278 860 1312 quod
883 1285 931 1304 ex-

163 1323 291 1357 pressius
305 1322 460 1349 indicasset
473 1322 624 1349 veritatem
638 1322 765 1350 dicendo
783 1332 788 1350 :
806 1325 839 1350 In
852 1325 931 1358 prin-

164 1370 234 1403 cipio
254 1369 352 1395 Filius.
376 1369 408 1395 Et
426 1368 598 1402 respondet,
621 1368 847 1403 quadruplicem
862 1369 930 1396 red—

165 1414 236 1450 dens
251 1414 394 1441 rationem
411 1423 416 1440 :
438 1422 564 1449 quarum
577 1414 674 1449 prima
693 1416 749 1448 est,
765 1415 847 1450 quod
862 1415 932 1450 quia

45 1463 148 1496 Quaestio,
164 1460 266 1487 debuit
288 1460 413 1493 docere,
433 1459 502 1487 ideo
523 1459 643 1487 nomine
663 1461 750 1487 Verbi
770 1461 910 1495 expressit
921 1471 930 1495 3

56 1499 135 1549 {fugin
163 1506 210 1532 vel
227 1506 298 1540 quia
317 1513 365 1538 ea,
386 1513 451 1540 quae
473 1505 561 1532 Patris
585 1507 682 1539 erant,
699 1506 826 1533 debebat
844 1507 931 1533 nobis

44 1554 85 1590 eie
103 1555 149 1574 erat
162 1551 347 1584 annuntiare,
368 1551 451 1586 quod
469 1551 599 1586 implicat
624 1553 746 1579 Verbum.
768 1552 819 1579 Vel
833 1552 930 1585 aliter,

45 1585 121 1604 mm·
164 1597 199 1624 de
212 1599 270 1624 Deo
291 1598 333 1624 cst
351 1604 463 1631 sermo,
480 1605 570 1632 quem
590 1605 686 1633 neque
708 1598 818 1632 dicere,
835 1606 931 1634 neque

162 1643 323 1678 intelligere
334 1643 473 1678 possibile
488 1652 494 1669 :
512 1643 579 1670 idco
602 1644 770 1671 substantiae
784 1652 931 1680 nusquam

162 1689 260 1725 posuit
282 1697 412 1723 nomen,
435 1689 508 1716 sicut
532 1689 581 1716 Dei
604 1699 609 1716 :
630 1689 741 1724 ubique
764 1690 843 1717 enim
863 1698 931 1717 eum

163 1735 249 1763 nobis
262 1735 300 1763 ab
315 1735 428 1762 actibus
443 1735 579 1762 ostendit.
597 1735 666 1762 Ideo
686 1736 797 1762 Verbum
807 1756 816 1769 ,
833 1736 930 1769 lumen,

162 1783 248 1808 vitam
267 1784 292 1808 et
307 1783 446 1808 veritatem
468 1781 545 1807 ἀίετέ.
564 1781 614 1807 Vel
630 1781 728 1814 aliter,
744 1783 775 1808 ut
790 1780 851 1808 no'n
873 1789 932 1808 cre-

163 1827 244 1854 deret
258 1827 324 1862 quis
340 1827 510 1861 passibilem
526 1827 745 1860 generationem
765 1835 826 1854 csse
843 1827 873 1853 in
888 1827 931 1854 (11-

162 1873 252 1906 vinis,
268 1872 341 1899 sicut
361 1874 401 1898 est
415 1872 563 1906 generatio
581 1872 728 1907 passibilis
751 1872 803 1899 filii
820 1881 837 1900 a
851 1875 932 1908 patre

163 1918 282 1945 homine
294 1938 302 1951 ‚
325 1920 351 1945 et
373 1919 403 1944 ut
422 1918 586 1945 ostenderet
606 1918 709 1945 Filium
725 1926 785 1945 esse
802 1919 931 1953 genitum

164 1963 394 1999 impassibiliter,
411 1963 478 1990 ideo
494 1963 533 1990 ait
549 1973 555 1990 :
572 1964 696 1991 Verbum.
712 1965 932 1999 lmpassibiliter

164 2010 241 2036 cnim
260 2009 391 2036 naturale
406 2009 528 2036 verbum
549 2012 704 2043 generatur
723 2010 753 2036 in
772 2012 867 2038 mente
879 2011 933 2038 hu-

164 2063 252 2082 mana
273 2064 280 2082 ε
306 2055 398 2082 11111110
421 2055 515 2089 magis
540 2055 570 2081 in
595 2057 662 2082 Deo.
688 2057 727 2082 Ex
748 2056 831 2083 dictis
854 2059 932 2092 patet

164 2100 246 2136 quod
262 2101 385 2127 verbum
401 2100 531 2135 implicat
546 2101 763 2135 expressionem
777 2101 838 2136 ejus
849 2103 932 2137 quod

163 2148 205 2173 est
218 2146 298 2181 apud
318 2146 477 2179 dicentem,
497 2148 524 2173 et
543 2146 622 2180 ejus,
637 2147 719 2182 quod
736 2155 788 2182 pcr
806 2148 932 2176 verbum

163 2192 335 2226 insinuatur,
351 2192 591 2227 explicationem,
612 2194 639 2219 et
659 2192 804 2219 audientis
827 2194 932 2221 doctri-

163 2238 325 2272 nationcm,
342 2240 368 2264 et
389 2238 520 2272 ejusdem
540 2238 620 2265 verbi
644 2246 696 2272 per
717 2246 820 2266 vocem
842 2240 932 2275 possi-

163 2284 254 2311 bilem
267 2283 507 2311 notificationem.
523 2285 555 2311 Et
569 2284 637 2311 ideo
651 2285 860 2312 convenienter
872 2286 911 2313 ait
923 2295 929 2313 :

166 2330 290 2357 Verbum.
303 2331 372 2357 ltem
387 2329 523 2363 objicitur
535 2329 574 2357 ad
590 2330 677 2364 hujus
696 2331 778 2358 verbi
794 2332 930 2359 manifes-

163 2377 316 2409 tationem,
329 2375 454 2411 qualitcr
469 2375 508 2403 ait
520 2384 526 2402 ;
538 2377 570 2402 In
582 2378 719 2411 principio
734 2380 791 2404 erat
805 2379 930 2413 Verbum,

163 2422 233 2457 quia
246 2421 372 2449 verbum
387 2421 535 2457 egreditur
551 2429 567 2448 a
583 2421 712 2457 dicente,
729 2425 756 2450 ct
771 2423 889 2458 transit,
903 2426 931 2452 et

194 2506 201 2521 ¹
230 2506 292 2536 Cic„
323 2506 415 2529 Tnscul.
445 2506 545 2535 Omen„
577 2506 619 2529 1111.
650 2507 668 2530 1.
695 2519 725 2524 --
753 2508 761 2521 ²
790 2508 930 2539 chrysost„

163 2539 232 2563 hom.
250 2546 292 2570 111,
312 2541 343 2564 al.
365 2547 398 2571 11,
418 2548 442 2564 11.
464 2544 487 2563 3.
507 2554 533 2557 -
552 2541 562 2556 ³
583 2543 656 2571 Aug„
672 2542 698 2564 in
719 2543 797 2573 joam,
818 2546 888 2568 tract.
911 2551 928 2574 1,

163 2581 188 2597 n.
205 2577 227 2600 8,
242 2589 272 2593 —
286 2576 296 2591 δ
311 2576 382 2606 ibid„
400 2584 426 2600 n.
441 2578 464 2600 9.
482 2589 508 2593 —-
530 2577 540 2592 ³
557 2576 629 2607 thid„
651 2579 721 2600 tract.
741 2584 845 2610 xxxvu,
864 2588 888 2604 11.
906 2583 928 2605 4.

164 2622 194 2627 -
211 2611 221 2626 ⁶
234 2611 290 2640 Joh,
309 2617 406 2642 xxxin,
427 2613 462 2635 11.
483 2624 512 2629 -
532 2612 539 2625 ⁷
555 2612 640 2642 Grcg„
657 2613 760 2643 Mor-al„
777 2614 820 2638 lib.
840 2616 928 2647 xxiii,

1692 208 1746 236 251

985 271 1069 297 sonat
1083 271 1226 299 exterius:
1243 272 1267 298 si
1285 271 1372 299 Filius
1386 280 1404 300 a
1417 273 1499 300 Patre
1517 279 1579 300 non
1598 273 1680 305 exiit,
1695 279 1750 299 nee

984 316 1099 349 transit,
1120 317 1203 344 nulla
1222 325 1291 352 ergo
1312 317 1473 345 similitudo
1493 326 1553 345 esse
1573 318 1699 345 videtur.
1720 319 1752 345 Et

985 362 1023 388 ad
1046 362 1123 390 istud
1147 363 1223 391 bene
1245 364 1404 399 respondet
1421 364 1598 399 Augustinus
1618 365 1628 381 ⁵⁵
1645 373 1651 391 :
1672 374 1685 388 «
1705 365 1752 390 Est

984 408 1110 435 verbum
1135 409 1166 436 in
1184 409 1248 445 ipso
1270 410 1389 437 homine
1405 430 1414 444 ‚
1435 410 1518 445 quod
1537 411 1635 437 manet
1655 410 1751 444 intus,

984 461 1055 481 nam
1075 463 1164 482 sonus
1187 456 1321 491 procedit
1344 465 1380 483 ex
1400 465 1461 484 ore.
1484 466 1497 482 ))
1519 458 1551 484 Ε1
1572 457 1703 492 sequitur
1716 456 1726 472 ⁴
1744 466 1751 484 :

987 509 1000 526 α
1016 500 1060 527 Sic
1075 503 1157 536 potes
1172 502 1281 530 habere
1299 503 1424 531 verbum
1439 503 1470 530 in
1494 503 1584 530 corde
1605 504 1672 536 tuo,
1688 505 1751 530 tan-

985 554 1075 581 quam
1089 548 1244 575 consilium
1258 551 1359 576 natum
1374 549 1404 576 in
1417 551 1514 577 mente
1535 551 1599 582 tua,
1619 551 1651 576 ut
1669 557 1753 576 mens

985 594 1035 619 tua
1048 593 1142 627 pariat
1160 594 1314 621 consilium
1322 614 1331 628 ‚
1347 597 1373 622 et
1396 595 1466 622 insit
1484 595 1640 622 consilium
1654 595 1753 631 proles

985 639 1069 673 quasi
1084 639 1180 666 cordis
1194 640 1244 666 tui.
1265 651 1277 664 u
1292 641 1354 667 Haee
1369 640 1420 668 ibi.
1437 642 1469 668 Et
1484 641 1564 668 idem
1576 642 1754 675 Augustinus

985 684 1068 711 ait⁵z
1088 694 1102 710 «
1120 685 1205 720 Apud
1227 686 1378 713 hominem
1405 688 1446 714 est
1466 687 1591 714 verbum
1613 687 1642 713 in
1665 687 1753 714 corde

985 729 1067 757 aliud
1082 738 1172 766 quam
1191 739 1290 758 sonus.
1306 732 1362 759 Sed
1386 732 1469 767 quod
1493 734 1535 759 est
1556 733 1637 768 apud
1657 735 1701 766 te,
1721 734 1754 760 ut

984 776 1110 803 transeat
1131 776 1170 804 ad
1184 785 1246 811 me,
1262 785 1368 804 sonum
1383 778 1517 811 assumit,
1534 786 1629 805 sonus
1643 778 1752 813 impor-

985 823 1025 849 tat
1042 830 1072 849 se
1087 823 1220 857 quodam
1233 823 1325 851 modo
1340 823 1371 850 in
1384 823 1569 858 vehiculum,
1584 824 1754 852 transcurrit

985 875 1098 902 aerem,
1118 869 1198 896 venit
1217 869 1256 896 ad
1276 877 1323 897 me
1335 890 1344 903 ,
1366 877 1420 897 nec
1439 869 1548 897 recedit
1562 877 1580 897 a
1599 871 1636 897 te.
1660 871 1754 898 Sonus

986 914 1191 949 transvolavit3
1208 915 1349 950 verbum,
1368 916 1448 951 quod
1466 916 1622 950 assumpsit
1635 923 1753 951 sonum,

986 962 1144 996 antequam
1161 964 1279 988 sonaret
1294 962 1328 998 (a)
1338 983 1347 996 ,
1364 962 1444 997 apud
1460 963 1486 989 te
1501 963 1579 995 erat,
1595 969 1648 989 nec
1663 970 1755 989 reces-

986 1006 1021 1033 sit
1035 1014 1052 1033 a
1066 1007 1103 1034 te.
1120 1017 1133 1033 »
1151 1007 1215 1034 Haec
1231 1007 1290 1035 ille.
1312 1009 1344 1035 Et
1359 1007 1400 1035 ibi
1414 1008 1491 1035 bene
1506 1007 1542 1034 de
1559 1007 1625 1035 1108.
1641 1007 1669 1034 Si
1683 1015 1753 1042 ergo

986 1052 1026 1078 518
1052 1053 1094 1079 est
1118 1053 1259 1087 possibile
1288 1053 1317 1080 in
1345 1053 1438 1080 verbo
1459 1053 1579 1080 mentali
1602 1053 1754 1088 humano,

986 1098 1079 1124 multo
1094 1098 1189 1132 magis
1200 1099 1229 1125 111
1238 1099 1334 1126 Verbo
1346 1099 1447 1127 divino
1458 1101 1567 1126 aeterno
1579 1108 1586 1126 :
1602 1107 1663 1127 non
1676 1100 1755 1127 enim

987 1143 1029 1168 est
1044 1142 1219 1177 incoeptum,
1237 1143 1289 1170 sed
1308 1145 1450 1170 aeternum
1463 1152 1469 1170 ε
1485 1151 1547 1170 non
1562 1145 1603 1171 est
1617 1144 1755 1171 successi-

986 1193 1073 1219 vum,
1088 1185 1141 1212 sed
1158 1194 1334 1221 permanens
1348 1188 1376 1214 et
1389 1187 1575 1214 immutatum
1592 1196 1598 1214 ε
1614 1195 1676 1214 11011
1691 1187 1755 1214 (185-

986 1229 1158 1264 tructivum,
1170 1231 1222 1257 sed
1234 1231 1412 1266 principium
1428 1231 1561 1258 omnium
1576 1230 1751 1259 effectivum.

986 1276 1032 1302 Job
1047 1276 1056 1292 θ
1071 1284 1076 1302 :
1096 1285 1109 1301 ι(
1123 1276 1216 1303 Semel
1231 1276 1362 1312 loquitur
1377 1278 1485 1304 Deus.»
1504 1277 1547 1304 lbi
1562 1277 1716 1311 Gregorius
1726 1278 1752 1304 ⁷:

991 1330 1003 1346 c
1018 1321 1109 1356 Loqui
1125 1322 1173 1348 Dei
1193 1324 1234 1349 est
1248 1322 1376 1349 Verbum
1391 1323 1525 1357 genuisse
1541 1332 1547 1349 :
1564 1323 1655 1350 semel
1670 1323 1754 1358 loqui

987 1369 1029 1394 est
1042 1367 1168 1394 verbum
1191 1368 1272 1395 aliud
1293 1370 1399 1403 praeter
1419 1368 1603 1403 unigenitum
1624 1375 1685 1396 non
1705 1369 1755 1396 ha-

986 1412 1067 1440 bere.
1082 1422 1095 1438 »
1112 1415 1144 1440 Et
1156 1413 1197 1440 ibi
1211 1414 1288 1441 benc
1303 1414 1339 1441 de
1354 1414 1421 1441 1108.
1440 1416 1518 1442 Patet
1532 1422 1599 1449 ergo
1615 1415 1702 1450 quale
1714 1417 1755 1442 est

986 1459 1114 1486 Verbum
1135 1459 1279 1486 divinum.
1305 1461 1342 1487 De
1367 1460 1522 1495 multiplici
1545 1463 1642 1488 autem
1660 1461 1753 1488 verbo

986 1506 1181 1532 Damascenus
1196 1506 1206 1523 ⁸
1225 1515 1231 1532 :
1253 1515 1265 1530 t<
1281 1505 1408 1533 Verbum
1429 1506 1534 1533 dicitur
1553 1507 1753 1542 quadruplici-

986 1552 1028 1578 ter
1043 1560 1048 1577 :
1066 1551 1113 1578 vel
1130 1551 1212 1586 quod
1227 1560 1294 1578 cum
1312 1553 1394 1579 Patre
1412 1559 1528 1587 semper
1543 1552 1674 1580 coexistit
1684 1562 1692 1587 ;
1709 1553 1754 1580 vel

985 1596 1126 1622 naturalis
1140 1596 1302 1623 intellectus
1317 1598 1428 1629 motus,
1443 1604 1496 1631 per
1511 1605 1599 1632 quem
1618 1597 1754 1632 intelligit

986 1643 1014 1668 et
1028 1641 1150 1676 cogitat,
1161 1641 1315 1669 τ»1810111111
1330 1641 1392 1675 ejus
1408 1643 1435 1668 et
1447 1642 1602 1676 splend01‘3
1613 1643 1660 1669 vel
1672 1643 1754 1678 quod

986 1687 1062 1714 intus
1086 1688 1274 1720 enuntiatum
1295 1687 1343 1714 vel
1362 1687 1484 1722 angelus
1512 1688 1709 1723 intelligentias
1723 1690 1751 1722 ⁹,

986 1733 1095 1760 seilicet
1109 1734 1191 1768 quod
1203 1741 1252 1760 ore
1267 1733 1421 1768 profertur.
1438 1743 1452 1758 ))
1467 1735 1529 1761 11188
1547 1734 1605 1761 1118.
1625 1734 1754 1762 Primum

986 1781 1028 1806 est
1042 1779 1170 1806 Verbum
1184 1779 1361 1813 increatum,
1375 1781 1402 1806 et
1416 1779 1453 1806 de
1468 1780 1522 1807 isto
1538 1780 1630 1807 Verbo
1646 1782 1755 1815 Augus-

986 1826 1064 1853 tinus
1078 1825 1095 1841 ¹⁰
1113 1834 1120 1852 :
1140 1826 1239 1853 «Sicut
1254 1825 1378 1853 verbum
1392 1827 1526 1853 nostrum
1545 1827 1706 1861 temporale
1728 1829 1755 1855 et

986 1871 1184 1899 transitorium
1198 1871 1326 1906 seipsum
1341 1871 1481 1907 ostendit,
1497 1874 1524 1899 et
1545 1872 1621 1899 illud
1642 1872 1678 1900 de
1694 1881 1753 1908 quo

986 1917 1147 1953 loquimur,
1163 1919 1274 1952 quanto
1290 1917 1383 1951 magis
1396 1918 1524 1945 Verbum
1538 1918 1606 1952 Dei,
1618 1919 1701 1953 quod
1715 1919 1754 1946 ita

986 1963 1112 1990 ostendit
1126 1965 1252 1997 Patrem,
1269 1963 1342 1990 sicut
1356 1964 1398 1990 est
1413 1965 1515 1991 Pater?
1529 1964 1656 1991 Verbum
1672 1965 1754 2000 quod

985 2009 1055 2036 foris
1070 2011 1169 2043 sonat,
1185 2009 1302 2043 signum
1316 2010 1358 2036 est
1372 2009 1454 2036 verbi
1476 2010 1559 2044 quod
1573 2010 1649 2037 intus
1662 2010 1754 2044 lucet,

986 2055 1032 2082 cui
1053 2055 1146 2089 magis
1170 2054 1254 2082 verbi
1278 2055 1416 2090 competit
1434 2063 1554 2082 nomen.
1575 2057 1646 2083 Nam
1660 2056 1754 2090 illud,

986 2101 1068 2137 quod
1082 2100 1229 2136 profertur
1248 2101 1342 2128 carnis
1361 2109 1426 2134 ore,
1442 2109 1498 2128 vox
1512 2101 1596 2128 verbi
1615 2103 1674 2129 est:
1691 2110 1755 2129 ver-

986 2148 1117 2183 bumque
1138 2148 1165 2174 ct
1179 2147 1276 2182 ipsum
1292 2146 1397 2173 dicitur
1418 2148 1537 2182 propter
1552 2147 1627 2174 illud
1646 2156 1663 2174 a
1678 2155 1753 2182 quo,

985 2197 1016 2222 ut
1042 2195 1112 2222 foris
1141 2195 1310 2229 appareret,
1330 2195 1513 2228 assumptum
1541 2196 1582 2221 est
1604 2203 1610 2220 :
1630 2193 1754 2222 formata

986 2241 1064 2268 enim
1075 2240 1212 2275 cogitatio
1230 2240 1267 2267 ab
1285 2248 1320 2267 ea
1334 2248 1364 2267 re
1379 2247 1469 2274 quam
1488 2239 1614 2273 scimus,
1629 2240 1754 2267 verbum

986 2289 1041 2321 cst,
1061 2286 1143 2322 quod
1160 2286 1190 2313 in
1209 2286 1297 2313 eorde
1321 2285 1462 2319 dicimus,
1482 2293 1536 2312 nco
1559 2285 1681 2320 alicujus
1701 2286 1754 2313 lin-

985 2341 1049 2367 guae
1066 2334 1123 2367 est,
1144 2332 1215 2367 quia
1235 2331 1342 2358 scilicet
1364 2339 1418 2358 nec
1442 2339 1568 2365 ι3111888111
1585 2352 1594 2366 ,
1618 2339 1672 2359 1188
1690 2332 1754 2359 lati-

984 2387 1066 2406 num.
1093 2389 1105 2403 »
1129 2380 1160 2406 Et
1187 2377 1228 2405 ibi
1247 2377 1323 2405 bene
1350 2378 1378 2404 ct
1394 2377 1529 2417 'multum
1553 2377 1589 2405 de
1611 2378 1677 2405 hoc.
1698 2378 1754 2406 Sed

985 2473 1006 2489 c.
1026 2471 1051 2489 xi
1062 2483 1070 2495 ,
1089 2464 1122 2488 al.
1142 2469 1200 2493 tux,
1215 2470 1240 2486 n.
1257 2464 1295 2486 35.
1310 2476 1340 2480 —
1355 2464 1365 2479 ⁸
1381 2464 1506 2493 Damase.,
1521 2463 1550 2486 de
1566 2463 1622 2487 Fid.
1640 2463 1752 2493 orthod„

986 2502 1028 2524 lib.
1047 2502 1063 2530 1,
1080 2507 1102 2523 8.
1121 2504 1197 2522 xvm.
1215 2512 1245 2516 -
1261 2499 1270 2513 2*
1286 2499 1343 2522 Sive
1358 2499 1460 2522 nuntius
1477 2498 1649 2527 cogitationis,
1666 2500 1693 2522 ut
1706 2498 1753 2521 sert

984 2536 1032 2559 alia
1055 2533 1237 2564 interpretatio.
1261 2545 1290 2550 —-
1313 2533 1332 2550 ¹⁰
1356 2535 1430 2564 Aug„
1452 2533 1481 2557 cle
1506 2534 1604 2562 Trinit„
1629 2533 1671 2557 111).
1698 2534 1752 2563 vu,

984 2571 1142 2599 8.111,11.ι’1.

1015 2618 1048 2647 (ιι)
1064 2615 1105 2640 ΑΙ.
1121 2621 1236 2639 sonares.
