1987 3032
107 1738 180 1758 Sancti

87 1770 167 1796 aquilis

87 1806 172 1827 compa·

87 1833 172 1852 rantur.

189 224 227 252 72
734 219 946 251 EVANGELII
966 219 1107 251 SANCTI
1130 219 1241 251 LUCAE

189 289 222 319 in
228 288 680 319 futurumservanturincerta.
689 299 703 316 υ
717 287 848 327 Propter
859 286 956 326 quod,

189 341 214 371 si
229 341 302 381 quis
317 341 387 371 vult
401 341 542 372 futurum
556 341 712 380 ⁸judicium
732 340 884 378 evadere,
902 348 955 370 ne-

189 394 342 426 cessarius
357 396 404 425 est
418 394 447 424 ei
460 403 523 424 non
534 396 658 424 tantum
674 393 783 424 mundi
799 395 958 432 contemp-

188 450 258 484 tus,
272 456 386 479 verum
402 447 495 477 etiam
511 447 606 477 timor
622 446 764 484 divium,
781 445 957 476 secundum

189 499 267 531 illud
283 500 290 516 ¹
309 510 315 530 :
339 511 352 529 (ι
368 499 538 538 Ingredere
556 499 586 529 in
610 502 748 539 petram,
773 501 803 529 et
823 498 958 529 abscon-

189 553 265 584 dere
280 553 312 583 in
327 553 409 583 rossa
424 552 523 583 humo
545 562 564 582 a
578 553 656 583 facie
671 552 794 582 timoris
815 552 956 590 Domini,

189 608 219 636 et
233 615 251 636 a
267 606 370 645 gloria
392 605 564 645 majestatis
579 606 658 644 ejus.
675 616 688 633 »
707 606 717 622 ²
731 605 852 645 «Cujus
873 605 959 635 enim

189 658 273 697 vult,
291 659 475 695 miseretur3
499 660 529 688 et
554 667 648 698 quem
677 658 759 696 vult,
786 658 954 688 indurat.»

189 711 261 742 Ideo
289 712 509 751 unusquisque
535 712 679 749 territus,
710 721 782 742 cum
811 711 959 751 Apostolo

189 765 357 803 exclamet,
375 767 404 796 et
419 765 500 795 dicat
512 766 523 782 ³
539 774 546 795 :
567 776 580 793 «
593 764 616 795 O
629 765 761 795 altitudo
775 764 959 795 diviliarum

189 818 351 858 sapientiae
367 820 397 848 et
413 818 548 849 scientiae
567 818 640 848 Deil
665 827 763 858 quam
782 818 958 856 incompre-

188 871 355 902 hensibilia
370 873 443 902 sunt
455 871 576 910 judicia
592 872 675 910 ejus,
693 882 707 899 n
728 873 787 901 etc.

228 926 277 956 36.
289 924 521 964 Respondentes
529 923 640 954 dicunt
649 924 709 961 illi,
720 927 778 954 etc.
792 923 961 962 Postquam

188 977 353 1017 descripsit
367 977 519 1008 evadendi
536 977 682 1015 modum,
706 979 737 1006 ct
756 977 961 1007 evadentium

189 1033 322 1068 statum,
345 1030 492 1061 subditur
515 1030 567 1060 hic
586 1029 700 1060 ultimo
723 1029 879 1060 evasionis
903 1032 962 1059 ter-

188 1084 310 1122 minus,
327 1085 358 1114 et
378 1083 466 1113 locus
481 1083 616 1122 quietis,
634 1092 730 1122 quem
753 1082 892 1121 Apostoli
918 1091 963 1113 re-

189 1137 331 1177 quirunt,
347 1145 420 1167 cum
434 1136 550 1167 dicitur
564 1147 570 1166 :
588 1136 830 1176 Responclentes,
847 1135 963 1165 scilicet

190 1190 338 1229 apostoli,
355 1190 466 1220 dicunt
480 1188 528 1219 illc·
543 1198 553 1220 .·
571 1189 647 1227 Ubi,
671 1188 830 1220 Domine?
847 1188 963 1219 scilieet

190 1246 370 1274 assumetur
399 1247 429 1273 ec
455 1243 654 1282 relinquetur
668 1242 685 1272 ?
713 1241 801 1272 Unde
832 1241 964 1282 apostoli

191 1298 366 1336 utrumque
389 1296 576 1335 1¹equirunt;
606 1296 659 1326 sed
685 1295 837 1325 Dominus
862 1304 964 1325 unum

191 1349 361 1389 respondet
384 1358 549 1389 expresse,
571 1351 601 1379 et
625 1348 710 1379 aliud
734 1348 838 1378 innuit
860 1348 962 1378 tacite.

192 1401 279 1433 Unde
294 1402 418 1433 Glossa:
437 1413 451 1431 a
463 1402 529 1432 Duo
545 1401 772 1441 quaerentibus,
786 1410 887 1431 unum
904 1410 966 1431 res-

192 1455 326 1496 pondet,
343 1457 466 1486 sanctos
483 1455 599 1485 scilieet
614 1464 721 1485 secum
740 1455 945 1485 assumendos
955 1467 962 1492 ;

193 1509 278 1540 aliud
301 1508 496 1548 subjiciendo
520 1508 644 1544 innuit,
668 1508 768 1538 malos
791 1508 922 1545 scilicet,
947 1518 965 1538 a

194 1571 227 1593 se
250 1562 415 1602 repulsos,
438 1570 511 1592 cum
535 1561 660 1592 diabolo
675 1561 907 1596 damnandos»
928 1561 966 1591 Et

194 1615 264 1646 ideo
279 1615 385 1646 subdit
401 1616 442 1653 (v.
461 1615 507 1654 37)
522 1624 529 1645 ε
547 1615 611 1653 Qui
624 1614 705 1644 clelzz't
720 1614 802 1645 z'llz's:
820 1614 966 1645 L'bz'ezmz-

195 1678 257 1709 que
269 1669 371 1708 fuerit
384 1678 516 1708 cor-pm,
542 1668 616 1698 illuc
638 1668 916 1707 conffl·eqabmzlw²
938 1673 969 1699 et

195 1722 324 1762 aquz'loe.
341 1721 421 1753 Nota
435 1722 487 1752 hic
503 1721 638 1752 notabile
653 1721 838 1760 exemplum
853 1732 860 1751 :
877 1721 966 1752 electi

195 1777 437 1814 congregantur
449 1775 487 1805 ad
499 1774 669 1810 Christum,
682 1774 763 1804 sicut
776 1774 814 1804 ad
830 1784 967 1806 summae

196 1829 373 1859 refectionis
412 1828 639 1859 abundantiam
653 1852 662 1865 ,
699 1828 967 1867 quemadmodum

197 1881 314 1921 aquilae
329 1883 569 1920 congregantur
582 1881 621 1911 ad
636 1890 750 1920 corpus
765 1881 844 1911 sicut
863 1881 903 1911 ad
924 1891 969 1911 es-

197 1944 277 1965 cam.
299 1934 372 1972 Job,
388 1935 520 1974 loquens
535 1934 572 1964 de
592 1933 715 1973 aquila,
731 1934 804 1964 dicit
812 1934 822 1950 ¹*
840 1945 846 1964 :
868 1946 881 1962 «
896 1934 969 1965 Ubi-

197 1997 334 2027 cumque
349 1988 443 2018 fuerit
457 1987 602 2024 cadaver,
617 1987 724 2017 statim
739 1987 835 2018 adest.
853 1999 867 2015 »
881 1987 969 2018 Unde

197 2039 413 2080 Hieronymus
426 2043 435 2059 ⁵
451 2051 457 2071 :
479 2039 634 2079 «Aquilae
651 2043 681 2070 et
703 2040 848 2071 vultures
870 2043 969 2071 trans-

199 2094 322 2124 marina
334 2093 450 2124 sentire
465 2093 612 2123 dicuntur
627 2093 816 2124 cadavera.»
835 2093 968 2132 Congre-

199 2149 316 2185 gantur
337 2148 445 2177 autem
461 2155 518 2186 per
536 2146 774 2177 vivacissimum
797 2146 966 2185 olfactum,

198 2200 455 2239 limpidissimum
466 2201 639 2238 aspectum,
654 2199 889 2230 velocissimum
904 2210 969 2231 mo-

198 2255 283 2290 tum,
301 2256 331 2283 et
343 2252 563 2283 avidissimum
586 2252 772 2291 appetitum.
795 2253 844 2283 Sic
868 2255 967 2284 sancti

199 2305 238 2336 ad
252 2305 411 2335 Christum
425 2305 713 2344 congregabuntur
728 2308 757 2336 et
772 2306 809 2336 ad
828 2306 967 2338 Verbum

199 2360 409 2397 incarnatum,
424 2368 480 2398 per
492 2359 749 2390 ardentissimum
763 2360 964 2399 desiderium,

197 2411 454 2451 limpidissimum
488 2412 665 2442 contuitum
688 2437 696 2449 ,
733 2412 968 2452 sapidissimum

198 2466 331 2503 gustum
342 2488 349 2502 ‚
367 2466 397 2495 et
411 2473 467 2504 per
482 2467 605 2495 motum
623 2466 740 2496 amoris
757 2466 966 2499 excessivum.

197 2517 328 2558 Propter
341 2518 426 2558 quod
440 2519 471 2548 et
491 2517 644 2557 propheta
666 2518 764 2550 David
785 2520 967 2559 exprimens

230 2617 310 2645 Usa„
332 2621 365 2646 11,
379 2616 416 2639 50.
434 2627 463 2632 -—
483 2615 491 2628 ²
506 2616 584 2643 Item„
601 2621 637 2645 lx,
655 2618 690 2639 18.
706 2628 736 2633 -—
755 2617 763 2630 ³
781 2617 854 2648 thid„
872 2624 908 2648 xi,
927 2619 965 2643 33.

196 2665 226 2669 -—
241 2652 248 2665 ⁴
263 2651 316 2682 Job‚
331 2656 422 2681 xxmx,
440 2652 477 2674 3ο.
493 2663 524 2668 —-
536 2650 547 2667 ⁵
562 2650 677 2682 Hieron„
698 2652 722 2674 in
739 2653 837 2682 Mum„
852 2660 875 2678 c.
892 2659 966 2685 xxiv,

195 2687 237 2711 lib.
256 2687 296 2711 iv.
315 2687 386 2711 idem
399 2686 475 2710 habet
491 2686 654 2716 Ambrosiu5‚
673 2687 697 2710 in
717 2687 838 2717 Symbol„
854 2696 874 2712 c.
892 2695 964 2713 xxix.

1014 287 1194 327 aquilarum
1220 287 1335 318 harum
1363 296 1504 318 accessus
1531 287 1570 317 ad
1598 287 1782 325 Christum,

1013 340 1162 380 exprimit
1185 340 1218 370 in
1240 341 1341 380 seipso
1365 343 1393 371 1.
1420 340 1611 371 desiderium
1633 340 1783 372 dicens⁹z

1017 393 1316 431 «Quemadmodum
1331 394 1486 425 desiderat
1500 403 1614 424 cervus
1630 394 1669 423 ad
1685 394 1785 424 fontes

1013 455 1188 486 aquarum,
1217 447 1260 476 ita
1287 447 1444 477 desiderat
1467 447 1573 476 anima
1597 455 1666 477 mea
1689 446 1729 477 ad
1754 448 1785 478 te

1015 499 1105 529 Deus.
1120 510 1134 527 n
1153 502 1182 530 ⁶2.
1200 498 1404 529 Contuitum⁷
1421 510 1427 529 :
1451 510 1465 527 α
1480 498 1634 536 Quoniam
1650 499 1734 540 apud
1755 501 1786 530 te

1014 554 1061 583 est
1074 552 1143 583 fons
1162 552 1251 589 vitae‚
1276 554 1306 582 et
1330 552 1362 581 in
1386 552 1507 582 lumine
1528 554 1584 582 tuo
1607 552 1786 583 videbimus

1014 605 1133 643 lumen,
1150 616 1164 632 »
1183 607 1241 635 etc.
1261 607 1289 635 3.
1307 604 1440 635 Gustum
1456 607 1466 623 ⁸
1485 615 1491 634 :
1513 616 1527 632 «
1541 604 1696 642 Satiabor,
1712 614 1786 636 cum

1014 658 1197 698 apparuerit
1207 658 1309 697 gloria
1319 660 1384 688 tua.
1397 669 1411 686 »
1427 661 1455 688 4.
1472 658 1622 688 Amorem
1633 658 1661 688 ⁹:
1683 657 1787 694 «Quia

1015 712 1250 742 inflammatum
1271 713 1317 741 est
1332 720 1386 741 cor
1406 720 1532 749 meum,
1559 713 1588 741 et
1609 719 1701 741 renes
1724 711 1786 742 mei

1015 764 1200 795 commutati
1216 766 1305 801 sunt,
1321 766 1349 793 et
1367 773 1426 803 ego
1441 764 1479 794 ad
1490 763 1626 794 nihilum
1642 763 1788 794 redactus

1016 826 1102 855 sum,
1120 828 1133 845 υ
1153 819 1212 848 ete.
1242 817 1275 849 in
1298 817 1416 847 horum
1440 818 1582 856 figuram
1604 817 1718 847 dieitur
1737 817 1758 833 ¹⁰
1779 828 1785 848 ε

1021 882 1034 899 «
1049 870 1210 910 Numquid
1226 870 1265 901 ad
1287 872 1482 910 praeceptum
1497 872 1590 901 tuum
1611 870 1789 901 elevabitur

1017 923 1138 964 aquila,
1155 926 1185 954 et
1200 924 1232 953 in
1247 924 1354 954 arduis
1370 926 1464 963 ponet
1484 924 1595 954 nidum
1616 926 1732 954 suum?
1753 923 1789 954 In

1017 977 1114 1017 petris
1129 978 1250 1014 manet,
1273 979 1303 1007 et
1323 977 1355 1006 in
1370 977 1540 1016 praeruptis
1555 976 1694 1006 silicibus
1707 985 1791 1006 com—

1017 1032 1172 1067 moratur,
1188 1030 1225 1060 de
1236 1029 1334 1068 longe
1346 1030 1429 1060 oculi
1440 1031 1509 1069 ejils
1519 1029 1702 1069 respiciunt,
1712 1029 1790 1068 pulli

1018 1085 1087 1123 eJ‘us
1104 1084 1249 1114 lambunt
1272 1083 1482 1122 sanguinem,
1501 1094 1515 1111 »
1536 1086 1594 1114 etc.
1617 1082 1659 1113 De
1678 1085 1792 1113 natura

1018 1137 1134 1177 aquilae
1156 1136 1231 1167 dicit
1246 1137 1434 1166 Ambrosius
1450 1137 1470 1156 ¹¹
1483 1161 1490 1169 ,
1508 1135 1593 1176 quod
1607 1135 1715 1175 aquila
1730 1135 1792 1167 alta

1019 1190 1110 1230 petit,
1125 1189 1260 1220 humilia
1275 1189 1476 1229 derelinquit,
1491 1189 1676 1227 longaevam
1693 1189 1792 1219 fertur

1019 1243 1136 1274 habere
1151 1245 1289 1274 aetatem.
1306 1243 1357 1274 Sic
1377 1243 1477 1273 sancti
1497 1245 1566 1282 post
1586 1242 1790 1273 resurrectio-

1021 1306 1094 1327 nem
1109 1297 1251 1327 renovati
1266 1297 1305 1326 ad
1320 1297 1451 1327 modum
1467 1296 1599 1335 aquilae,
1616 1295 1792 1326 secundum

1021 1349 1098 1380 illud
1117 1350 1137 1368 ¹2
1157 1360 1163 1379 :
1185 1361 1199 1378 <i
1215 1349 1432 1380 Renovabitur
1453 1351 1489 1379 ut
1510 1348 1626 1388 aquilae
1638 1349 1794 1387 juventus

1022 1404 1085 1440 tua,
1097 1413 1111 1430 υ
1128 1404 1158 1433 et
1171 1412 1299 1433 sursum
1315 1402 1453 1440 tendent,
1470 1404 1500 1432 et
1510 1410 1635 1441 semper
1650 1410 1723 1433 cum
1741 1401 1794 1433 Do·-

1023 1456 1109 1486 mino
1133 1457 1260 1493 vivent,
1279 1456 1455 1486 secundum
1479 1455 1556 1485 illud
1577 1454 1598 1474 ‘³
1619 1466 1625 1485 :
1650 1466 1664 1483 «
1677 1455 1794 1486 Deinde

1023 1517 1080 1539 nos
1105 1509 1159 1548 qui
1183 1509 1342 1547 vivimus,
1371 1509 1424 1548 qui
1448 1509 1674 1548 relinquimur,
1699 1509 1794 1540 simul

1022 1562 1184 1601 rapiemur
1202 1570 1275 1591 cum
1298 1561 1358 1591 illis
1377 1562 1410 1592 in
1433 1562 1573 1592 nubibus
1587 1561 1716 1592 obviam
1734 1561 1794 1592 Do-

1023 1614 1109 1644 mino
1128 1614 1161 1644 in
1184 1623 1271 1653 aera,
1297 1617 1328 1645 et
1349 1615 1394 1645 sie
1416 1624 1540 1655 semper
1562 1623 1635 1646 cum
1662 1614 1794 1646 Domino

1023 1667 1154 1698 erimus
1171 1678 1184 1695 »

1233 1745 1399 1778 CAPUT
1433 1746 1581 1779 XVIII.

1066 1830 1095 1858 1.
1121 1827 1254 1859 Dicebat
1276 1831 1384 1858 autem
1412 1832 1441 1859 et
1465 1828 1657 1868 parabolam
1681 1829 1727 1860 acl
1755 1830 1796 1860 il-

1026 1880 1070 1910 los
1080 1903 1090 1918 ,
1108 1882 1166 1910 etc.
1189 1879 1262 1910 Post
1281 1881 1528 1911 consulationem
1542 1882 1678 1921 judaieae
1691 1883 1795 1914 curio-

1025 1932 1124 1963 sitatis
1138 1934 1170 1962 in
1188 1934 1411 1972 perscrutando
1433 1934 1558 1971 futura,
1579 1934 1725 1965 subditur
1746 1935 1798 1966 hic

1026 1985 1187 2025 persuasio
1201 1986 1407 2016 studiositatis
1426 1987 1459 2016 iu
1481 1986 1669 2027 postulando
1689 1988 1797 2019 divina

1027 2038 1191 2078 suffragia.
1221 2038 1256 2069 Et
1283 2039 1437 2078 quoniam
1461 2040 1560 2070 oratio
1585 2040 1724 2071 studiosa
1751 2043 1799 2072 est

1026 2092 1127 2122 oratio
1143 2092 1205 2122 Deo
1219 2092 1347 2132 placita,
1365 2093 1398 2123 in
1417 2102 1481 2132 qua
1504 2093 1599 2124 simul
1623 2096 1670 2124 est
1691 2095 1798 2126 fervor

1026 2146 1199 2176 affectionis
1228 2148 1259 2176 et
1287 2145 1451 2176 humilitas
1479 2147 1701 2185 reputationis,
1729 2147 1798 2178 ideo

1026 2209 1098 2239 pars
1108 2200 1169 2229 ista
1178 2199 1274 2230 habet
1281 2199 1372 2236 duas,
1387 2199 1418 2229 in
1428 2208 1564 2238 quarum
1575 2200 1678 2239 prima
1688 2208 1799 2231 exem-

1026 2253 1078 2292 plo
1099 2252 1277 2292 parabolice
1301 2252 1421 2283 inducit
1443 2252 1481 2283 ad
1504 2253 1655 2283 orationis
1677 2253 1798 2285 instan-

1026 2305 1118 2343 tiam,
1135 2306 1167 2335 in
1187 2305 1323 2336 secunda
1340 2314 1415 2336 vero
1429 2305 1469 2335 ad
1483 2306 1635 2336 orationis
1649 2315 1798 2338 reveren-

1026 2358 1117 2396 tiam,
1135 2359 1211 2389 ibi¹⁴
1229 2368 1236 2389 z
1255 2359 1345 2390 Dzlrz't
1361 2363 1468 2389 (actem
1483 2359 1528 2390 ad
1545 2359 1716 2399 quosdam,
1737 2362 1796 2391 etc.

1025 2412 1073 2442 Ad
1092 2412 1242 2442 orationis
1258 2412 1360 2451 igitur
1376 2413 1555 2443 instantiam
1573 2417 1678 2444 movet
1692 2413 1793 2444 intro-

1025 2464 1168 2496 ducendo
1183 2466 1366 2505 parabolam
1379 2467 1417 2497 de
1428 2467 1534 2506 judice
1549 2469 1579 2497 et
1590 2467 1698 2504 vidua,
1713 2467 1796 2499 cirea

1025 2521 1116 2559 qu'us
1131 2521 1373 2560 descriptionem
1394 2522 1497 2561 primo
1512 2522 1725 2553 introducitur
1743 2531 1795 2553 ra-

1025 2595 1054 2599 -
1068 2583 1078 2599 ὃ
1090 2583 1158 2606 Psal.
1173 2590 1227 2613 xm,
1246 2585 1268 2607 2.
1285 2597 1315 2602 -
1329 2585 1339 2601 '¹
1354 2585 1419 2607 Psal.
1437 2590 1515 2615 nu,
1534 2587 1569 2609 10.
1587 2598 1618 2602 —
1631 2585 1642 2602 ⁸
1656 2585 1725 2609 Psat.
1740 2592 1793 2617 xvi,

1026 2620 1062 2642 15.
1079 2630 1110 2635 —
1131 2620 1139 2632 ³
1158 2619 1225 2642 Psal.
1248 2626 1332 2650 Lxxu,
1351 2622 1390 2643 21.
1408 2633 1438 2637 —
1458 2620 1477 2636 ¹⁰
1489 2620 1544 2650 Job,
1559 2627 1652 2651 xxxix,
1668 2622 1748 2646 27-30.
1764 2634 1794 2640 -

1025 2654 1041 2670 ¹¹
1057 2654 1182 2683 Ambros„
1199 2656 1224 2678 in
1238 2656 1305 2684 Luc„
1318 2655 1431 2685 lithll,
1444 2663 1469 2680 n.
1483 2657 1555 2680 55.-
1570 2657 1590 2673 ²³
1600 2656 1668 2681 Psal.
1681 2663 1726 2687 cu,
1737 2659 1793 2682 5.—

1027 2689 1066 2712 ¹⁸!
1085 2689 1174 2717 Thess„
1192 2696 1225 2720 iv,
1247 2692 1283 2714 16.
1299 2704 1330 2709 —
1347 2691 1364 2708 ¹⁴
1381 2691 1436 2721 lus„
1450 2698 1474 2715 v.
1491 2692 1512 2716 9.
