1987 3032
683 212 720 243 ΙΝ
742 212 827 243 ΟΑΡ.
854 212 863 242 l
888 210 1023 241 SANCTI
1043 209 1219 241 JOANNIS.

160 296 172 310 u
188 284 271 312 Dabit
285 283 351 311 voci
370 290 428 309 suae
442 288 546 308 vocem
564 279 686 306 virtutis.
704 289 716 303 n
741 281 771 306 Et
792 279 852 305 haec
871 286 924 304 vom

156 334 199 359 est
211 331 368 361 clamantis,
384 328 415 355 id
438 329 488 360 est,
504 325 566 353 Filii
580 325 643 359 Dei,
660 325 710 360 qui
724 324 778 351 fuiI
793 324 923 351 clamans

157 377 255 410 dictis,
271 375 400 403 clamans
413 373 495 400 factis
505 393 512 405 ‚
529 372 658 399 clamans
673 373 781 404 morte,
794 371 924 397 clamans

156 423 226 456 vita,
242 430 275 449 ac
291 421 442 452 descensu,
453 418 564 445 scilicet
575 420 606 444 ut
621 417 659 444 ad
673 425 740 444 eum
750 417 922 450 rediremus,

157 469 197 496 ait
210 467 385 502 Augustinus
400 468 421 491 ⁷¹.
438 465 502 492 Fuit
516 464 594 491 enim
617 464 746 491 clamans
767 463 796 489 in
821 462 924 498 prcedi-

157 515 271 542 catione
286 512 325 540 ad
338 512 495 539 hominum
510 510 705 537 eruditionem
719 509 729 525 ἓ
745 518 750 535 :
777 519 790 534 (ι
804 509 923 543 Sapien-

156 560 196 588 tia
209 559 279 587 foris
291 558 448 594 praedicat;
465 567 477 582 ιι
501 556 631 591 sequitur
647 565 653 582 2
674 564 687 580 «
702 557 733 582 ln
755 555 847 590 capite
869 556 926 581 tur-

156 606 263 633 barum
291 604 428 632 clamitat.
457 613 470 629 n
500 603 577 630 Infra
603 603 613 619 3
639 611 644 628 :
672 612 685 627 α
707 600 858 628 Clamabat
883 602 925 627 Je-

157 661 221 686 sus,
238 662 251 677 »
269 653 322 678 etc.
337 652 408 678 Item
424 649 477 676 fuit
492 649 622 676 clamans
634 647 663 674 in
676 647 812 683 passione
828 646 866 673 ad
881 654 925 673 re-

157 697 392 726 conciliationem
405 697 415 712 '⁴
431 705 437 722 ι
455 705 468 720 «
483 696 555 722 Cum
572 694 701 721 clamore
720 693 821 720 valido
839 695 866 720 et
885 692 925 719 la-

158 744 265 780 crymis
280 742 415 770 offerens.
430 751 442 766 ι)
461 742 531 769 Item
547 740 596 767 erit
617 739 747 766 clamans
768 739 797 765 in
814 738 926 773 judicio

158 791 197 818 ad
215 793 357 817 terrorem
370 789 379 804 ⁵
397 797 402 815 ε
424 798 437 813 «
451 785 661 814 vociferabitur
680 787 708 812 et
725 785 864 812 clamabit
882 792 927 811 su-

156 844 210 873 per
228 835 379 868 inimicos,
400 835 452 861 etc.
476 835 508 860 Et
526 832 578 859 fuit
598 831 728 858 clamans
748 830 778 857 in
794 830 926 864 deserto,

157 890 210 918 per
227 881 310 917 quod
327 880 417 908 corda
439 878 625 915 peccantium
649 877 811 911 signantur.
833 878 928 902 Deser-

157 931 220 956 tum
236 928 315 955 enim
329 926 434 953 dicitur
449 925 531 960 quasi
547 925 720 956 derelictum,
736 924 763 949 et
777 925 818 949 est
832 921 928 957 vepri-

158 975 215 1002 bus
229 975 256 1001 et
267 973 358 1009 spinis
375 973 564 1006 occupatum,
584 969 742 1003 incultum,
763 968 863 995 bestiis
888 967 928 994 in-

158 1021 336 1052 habitatum,
357 1020 384 1046 et
402 1018 496 1044 fructu
518 1016 680 1051 privatum,
704 1016 731 1041 et
745 1014 839 1048 signat
856 1022 928 1049 prae-

159 1067 236 1094 dicta
262 1065 370 1098 corda,
395 1072 460 1099 quae
485 1063 552 1089 sunt
581 1061 651 1088 talia
678 1060 864 1095 spiritualiter
885 1060 895 1076 ⁶
922 1068 927 1086 :

163 1122 175 1138 «
189 1115 275 1140 Terra
289 1113 390 1138 exusta
402 1110 485 1145 quasi
502 1109 659 1136 desertum.
673 1118 687 1133 »
705 1110 736 1135 In
751 1107 801 1134 tali
815 1107 929 1134 deserto

159 1158 265 1186 dicitur
284 1159 357 1184 Deus
376 1156 518 1189 clamare,
542 1155 581 1182 ob
603 1153 770 1181 distantiam
789 1161 892 1180 corum
913 1161 930 1179 a

159 1207 217 1232 Deo
231 1205 241 1221 ⁷
259 1213 265 1230 :
286 1214 298 1229 ι(
314 1206 368 1232 Cor
382 1211 482 1230 meum
498 1201 536 1229 ad
552 1201 635 1229 Moab
652 1199 799 1227 clamabit.
817 1209 829 1223 n
854 1199 930 1232 Quid

160 1254 257 1279 autem
271 1249 462 1277 clamandum
478 1250 519 1275 est
538 1247 568 1274 in
587 1246 794 1282 praedicatione
813 1245 930 1278 divina,

159 1297 318 1324 subditur:
335 1297 451 1330 Βίνίῃῐίε
472 1296 546 1321 viam
567 1294 685 1320 Domini.
706 1292 791 1325 Quod
812 1291 931 1326 exponit

159 1343 314 1378 Gregorius
327 1342 420 1375 bene,
436 1341 536 1368 dicens
550 1340 560 1355 ²³
576 1348 582 1366 ε
601 1349 615 1364 (ι
631 1339 681 1366 Via
695 1338 809 1365 Domini
824 1337 862 1364 ad
879 1345 928 1364 cor

160 1390 305 1424 dirigitur,
321 1396 388 1415 cum
398 1387 525 1414 veritatis
537 1393 633 1413 sermo
643 1384 791 1412 humiliter
802 1383 930 1418 auditur,

160 1436 206 1463 vel
222 1444 289 1463 cum
303 1435 342 1462 ad
356 1435 535 1469 praeceptum
550 1432 628 1459 illius
643 1431 701 1458 vita
715 1431 927 1466 proeparatur.»
956 1435 962 1440 ’

160 1485 192 1511 Et
202 1483 349 1517 signanter
361 1480 416 1507 ait:
432 1480 546 1513 De'riqt'te
558 1481 628 1505 riam
645 1479 762 1504 Domini.
778 1476 836 1503 Viae
852 1476 930 1502 enim

160 1528 262 1557 Christi
277 1529 343 1554 sunt
356 1534 425 1562 pax,
440 1525 589 1552 humilitas
604 1526 631 1551 et
645 1524 794 1559 pattentIa,
810 1522 849 1549 ait
864 1523 932 1548 Gre-

162 1575 263 1611 gorius
277 1574 286 1590 ⁹
302 1579 452 1608 exponens
466 1570 542 1598 illud
558 1571 576 1587 ¹⁰
593 1579 598 1597 :
619 1580 632 1595 «
646 1569 801 1596 Scientiam
816 1568 931 1595 viarum

160 1623 279 1648 tuarum
293 1618 467 1646 nolumus.»
484 1616 534 1643 Vel
552 1616 605 1643 viae
626 1615 740 1642 Domini
756 1617 822 1642 sunt
846 1615 932 1641 inno-

162 1667 256 1695 centia
270 1665 318 1692 vel
331 1663 510 1700 poenitentia‚
526 1662 565 1689 ait
579 1661 734 1695 Gregorius
749 1662 767 1678 ¹¹
783 1670 932 1696 exponens

162 1712 237 1740 illud
255 1711 275 1729 ¹²
291 1720 316 1738 :«
331 1710 499 1738 Nescierunt
513 1708 573 1735 vias
589 1708 660 1742 ejus.
676 1717 689 1732 ιι
708 1709 739 1734 Et
753 1707 798 1734 11ae
811 1710 877 1735 sunt
892 1708 933 1735 di-

161 1758 301 1794 rigendae,
316 1757 348 1784 id
362 1758 417 1790 est,
434 1763 451 1782 a
467 1755 589 1781 distorto
604 1754 634 1780 iu
647 1755 759 1780 rectum
774 1754 932 1781 rectifican-

162 1806 217 1839 dae,
233 1812 269 1831 ne
284 1804 335 1830 fiat
350 1801 505 1830 declinatio
521 1800 559 1827 ad
575 1800 726 1827 dexteram
740 1799 787 1826 vel
802 1800 839 1826 ad
851 1800 932 1827 sinis-

161 1853 237 1878 tram
252 1851 274 1867 ¹³
290 1859 296 1877 :
316 1858 329 1874 «
345 1848 438 1882 Dirige
452 1847 585 1874 semitam
597 1845 725 1881 pedibus
739 1845 810 1877 tuis,
826 1847 858 1873 ut
871 1854 931 1874 non

164 1896 293 1925 declines
307 1894 347 1922 ad
362 1894 512 1921 dexteram
528 1891 574 1919 vel
590 1891 628 1918 ad
643 1891 798 1919 sinistram.
815 1902 828 1917 »

373 1995 488 2022 Collatio
507 1996 614 2027 octava,
635 2001 658 2026 1,
678 1994 722 2021 39.

197 2082 263 2108 Ecce
285 2081 380 2114 Agnus
401 2080 463 2112 Dei,
483 2085 537 2105 ecce
555 2078 602 2111 qui
621 2077 692 2103 tollet
705 2079 812 2110 peccata
827 2077 931 2111 mundi,

163 2128 193 2156 in
205 2127 250 2155 his
262 2126 360 2154 verbis
373 2125 433 2152 duo
452 2125 615 2159 figurantur
632 2133 638 2150 :
659 2123 788 2158 primum
810 2125 851 2150 est
870 2123 932 2150 Filii

163 2174 212 2202 Dei
227 2180 384 2201 numerosa
394 2171 576 2203 virtuositaS,
590 2169 631 2196 ibi
648 2178 654 2196 z
680 2170 744 2195 Ecce
764 2177 848 2203 aquus
868 2170 932 2202 Dei,-

162 2219 327 2248 secundum
343 2219 385 2245 est
399 2218 461 2253 ejus
479 2216 610 2244 salvifica
628 2216 770 2250 potestas,
789 2215 829 2242 ibi
847 2224 852 2242 :
876 2217 934 2242 Tol-

163 2267 197 2293 lit
209 2267 319 2301 peccata
333 2264 437 2291 mundi.
453 2262 555 2296 Quoad
569 2262 698 2297 primum
709 2263 751 2288 est
761 2261 857 2288 studio
871 2261 934 2289 imi-

163 2311 283 2345 tandus3
300 2310 402 2345 quoad
415 2309 587 2342 secundum,
598 2310 639 2335 est
649 2307 755 2334 affectu
767 2308 933 2335 exorandus

163 2359 192 2385 et
205 2355 450 2391 magnificandus.

199 2404 243 2432 Ait
257 2410 327 2437 ergo
344 2410 350 2428 z
364 2403 428 2429 Ecce
443 2409 527 2435 aquus
542 2401 606 2434 Dei,
623 2407 675 2435 per
694 2399 933 2434 similitudinem,

198 2464 205 2479 ¹
225 2464 299 2493 Aug„
318 2461 401 2491 Confi,
420 2460 463 2483 lib.
484 2460 526 2489 Iv,
547 2466 569 2482 c.
589 2464 628 2487 xl,
643 2465 669 2481 n.
689 2460 727 2481 IG.
745 2470 775 2474 —
792 2458 898 2490 ²1¹1-ov.,
915 2467 932 2491 1,

165 2500 204 2528 20,
217 2499 255 2522 27.
271 2510 301 2514 —
316 2497 324 2510 ³
338 2497 420 2525 donn,
439 2501 488 2524 vu,
502 2496 540 2518 28.
556 2507 586 2512 —
600 2494 609 2509 Β
624 2493 708 2520 Hebr.,
726 2498 751 2523 ν,
766 2494 789 2517 7.
806 2507 836 2511 —
849 2495 859 2511 ὅ
873 2495 933 2527 Ιεη.,

166 2538 233 2560 xLII,
256 2533 292 2555 13.
315 2544 346 2548 -
368 2531 377 2544 ³³
397 2531 498 2558 jerem„
518 2535 557 2558 ιιι,
580 2530 616 2552 12.
638 2541 667 2546 —
690 2529 698 2542 ⁷
716 2529 775 2554 [ὅπη
797 2534 839 2557 xV,
860 2531 884 2553 5.
904 2545 933 2549 -.

166 2567 176 2584 ⁸
191 2569 276 2598 (ii-eg„
299 2567 324 2590 in
343 2567 449 2597 Evany„
463 2565 532 2589 horn.
549 2570 599 2594 VII,
614 2571 641 2587 n.
659 2565 682 2587 2.
697 2577 727 2581 —
744 2565 753 2577 ’θ
768 2564 815 2594 Id„
833 2566 933 2597 Moral„

166 2602 210 2626 lib.
230 2603 284 2631 XV,
298 2608 319 2625 c.
336 2607 395 2631 xxv,
411 2602 443 2625 al,
460 2607 514 2631 ιιι,
532 2607 556 2623 n.
577 2602 616 2623 5I.
631 2613 661 2617 -
678 2599 698 2615 ¹⁰
712 2598 765 2628 Job,
780 2605 835 2630 xxi,
850 2602 887 2624 14.
903 2616 933 2620 —

168 2638 186 2654 ¹¹
207 2638 294 2668 Greg,
311 2636 411 2666 Mor-al„
429 2636 472 2660 lib.
494 2637 564 2664 va,
581 2642 603 2659 c.
626 2640 696 2664 xxw,
711 2634 743 2658 al.
761 2640 836 2666 LVIII,
852 2642 876 2660 n.
894 2638 932 2662 Π.

1688 215 1745 243 535

977 284 1038 303 non
1053 285 1105 312 per
1115 276 1333 312 proprietatem.
1350 277 1430 303 Unde
1445 277 1621 311 Augustinus
1632 278 1653 294 ι’*
1666 287 1672 305 ;
1684 280 1746 305 Non

978 322 1073 349 solum
1087 331 1151 358 quae
1171 324 1237 349 sunt
1258 322 1390 357 ejusdem
1409 324 1534 356 naturae,
1552 323 1688 351 dicuntur
1707 324 1746 351 si-

978 369 1075 401 milia3
1092 369 1143 395 sed
1157 377 1222 404 quae
1237 370 1303 395 sunt
1318 368 1442 403 disparis
1460 370 1588 402 naturae,
1610 369 1683 396 sicut
1706 370 1748 396 Fi-

978 414 1034 441 lius
1051 415 1097 441 Dei
1113 415 1170 442 dici
1184 417 1279 450 potest
1295 422 1405 448 agnus,
1419 414 1499 449 quod
1516 422 1577 441 non
1592 415 1746 448 diceretur,

979 461 1034 488 nisi
1055 462 1117 495 ejus
1136 461 1358 488 similitudinem
1380 461 1501 488 fecisset.
1521 471 1534 486 »
1557 463 1588 489 In
1608 469 1683 495 agno
1706 464 1749 489 est

980 508 1018 535 ad
1035 510 1157 534 matrem
1179 507 1282 534 intima
1303 507 1435 541 affectio,
1459 509 1486 534 et
1506 507 1586 534 vocis
1610 510 1749 535 maternae

979 553 1119 580 naturalis
1134 553 1257 587 agnitio,
1275 555 1301 580 et
1316 553 1354 580 ad
1370 553 1431 587 ejus
1446 553 1578 580 balatum
1592 552 1747 580 festinatio.

981 601 1012 626 Et
1023 599 1148 627 Isidorus
1165 600 1184 616 ¹⁵
1201 602 1356 633 :aAgnum
1372 606 1543 634 quanquam
1559 601 1586 626 et
1600 599 1689 627 Graeci
1703 607 1751 626 vo—

981 648 1045 673 cent
1054 646 1143 671 ἀπὲκῡ
1151 647 1230 680 ἄγνου,
1243 645 1327 680 quasi
1338 645 1430 680 pium,
1439 645 1529 672 Latini
1539 647 1637 672 tamen
1648 647 1752 680 putant

980 692 1088 719 habere
1104 692 1159 719 hoc
1173 699 1282 719 nomen
1295 691 1333 718 ab
1349 692 1521 725 agnoscendo,
1536 691 1605 726 quia
1622 699 1681 726 prae
1696 699 1750 718 cae-

982 738 1049 765 teris
1069 740 1192 764 matrem
1210 739 1355 772 agnoscit,
1371 739 1399 764 et
1413 737 1435 764 si
1451 737 1603 771 erraverit,
1619 737 1706 764 etiam
1722 737 1751 764 in

981 792 1091 819 magno
1105 792 1192 819 grege
1208 784 1348 818 agnoscit.
1366 793 1378 808 n
1398 785 1466 810 Item
1481 784 1511 810 in
1532 792 1608 818 agno
1627 786 1668 810 est
1689 792 1751 810 ma-

981 831 1055 857 terni
1080 830 1186 857 coloris
1211 829 1431 864 receptibilitas,
1452 832 1483 856 nt
1505 830 1543 857 ait
1567 830 1704 865 sapiens:
1728 830 1750 856 si

982 877 1088 904 fuerint
1103 885 1183 904 vente
1198 877 1252 904 sul)
1267 877 1369 912 lingua
1383 878 1444 911 ejus
1460 877 1542 908 albae,
1554 877 1622 904 facit
1633 877 1751 911 alhum;

983 925 1006 951 si
1026 925 1129 959 nigrae,
1151 925 1268 958 nigrum
1285 933 1290 950 :
1307 924 1330 950 si
1345 924 1457 957 rubeae,
1476 924 1612 951 rubeum.
1636 926 1705 951 Item
1723 925 1752 951 in

984 979 1061 1005 agno
1077 973 1118 997 est
1133 971 1261 997 innocua
1280 970 1449 1005 simplicitas
1460 990 1467 1003 ‚
1483 973 1510 997 et
1525 970 1666 997 obediens
1681 970 1752 997 sub·

981 1017 1145 1051 jicibilitas‚
1166 1025 1225 1043 non
1247 1016 1344 1043 solum
1359 1016 1483 1051 pastori,
1500 1016 1552 1043 sed
1567 1016 1654 1043 etiam
1669 1023 1754 1043 exco-

984 1062 1079 1089 rianti.
1098 1064 1166 1089 Item
1182 1062 1211 1089 in
1227 1070 1304 1096 agno
1322 1064 1363 1089 est
1382 1061 1611 1088 conversationis
1633 1061 1755 1096 pacifica

984 1109 1194 1143 tranquillitas,
1213 1107 1239 1135 et
1254 1108 1292 1135 ad
1306 1108 1508 1134 sustinendum
1522 1108 1633 1142 pallens
1649 1107 1754 1142 longa-

984 1155 1119 1189 nimitas3
1138 1154 1307 1187 excorianti,
1323 1154 1371 1180 vel
1386 1154 1514 1187 vellenti,
1530 1153 1697 1181 resistentiae
1711 1153 1756 1180 vel

986 1200 1163 1227 defensionis
1187 1200 1370 1233 immunitas,
1395 1200 1465 1235 quia
1490 1208 1543 1227 nec
1567 1200 1678 1235 capite,
1702 1207 1756 1226 nec

986 1247 1123 1274 cornibus
1134 1247 1262 1282 impetit,
1277 1255 1331 1273 nec
1346 1247 1482 1273 dentibus
1496 1246 1620 1279 mordet,
1637 1253 1690 1273 nec
1704 1254 1755 1280 pe-

986 1294 1073 1320 dihus
1088 1293 1259 1327 recalcitrat,
1276 1300 1330 1320 nec
1345 1300 1468 1327 corpore
1484 1292 1616 1327 impellit.
1634 1293 1702 1319 Item
1717 1292 1755 1318 ad

986 1339 1203 1366 immolandum
1234 1347 1289 1374 pro
1315 1339 1441 1374 peccatis
1469 1338 1633 1365 seeundum
1660 1338 1756 1372 legem

986 1395 1116 1421 congrua
1130 1386 1283 1413 idoneitas.
1301 1387 1369 1412 Item
1384 1386 1414 1412 in
1436 1393 1513 1420 agno
1535 1388 1576 1413 est
1594 1385 1757 1412 commodi-

986 1437 1028 1462 tas
1043 1437 1070 1462 et
1085 1435 1239 1470 multiplex
1255 1434 1377 1467 utilitas,
1390 1433 1461 1468 quia
1475 1433 1618 1460 ministrat
1633 1433 1678 1460 lac
1690 1454 1696 1465 ‚
1711 1433 1755 1460 la-

986 1489 1054 1508 nam
1071 1483 1097 1508 et
1112 1489 1204 1514 esum,
1221 1479 1384 1506 secuudum
1401 1479 1542 1506 Glossam.
1559 1479 1614 1506 Sed
1635 1479 1665 1506 in
1685 1479 1756 1506 Filio

986 1527 1035 1554 Dei
1050 1527 1187 1562 praedieta
1211 1526 1311 1553 omnia
1329 1525 1446 1552 fuerunt
1467 1525 1629 1552 virtualiter
1650 1527 1677 1551 et
1697 1525 1755 1559 spi-

985 1573 1127 1600 ritualiter
1144 1581 1150 1599 :
1165 1580 1250 1599 suam
1264 1573 1387 1598 matrem
1397 1592 1405 1605 ‚
1427 1570 1535 1598 scilicet
1555 1578 1756 1606 synagogam,

987 1619 1088 1646 dilexit
1102 1620 1129 1645 ct
1144 1619 1278 1653 agnovit,
1295 1618 1334 1644 ad
1346 1625 1450 1644 vocem
1465 1617 1528 1651 ejus
1543 1617 1579 1643 de
1595 1617 1669 1644 coelo
1691 1617 1756 1643 des-

987 1665 1093 1692 cendit.
1119 1666 1156 1691 De
1178 1672 1237 1699 qua
1258 1666 1349 1690 matre
1363 1662 1383 1680 ¹⁶
1405 1672 1411 1690 ε
1437 1673 1449 1687 «
1463 1663 1539 1690 Filiae
1563 1663 1662 1690 matris
1686 1671 1758 1690 mcae

986 1713 1192 1747 pugnaverunt
1207 1712 1308 1737 eontra
1324 1718 1381 1741 me,
1397 1720 1409 1733 »
1428 1710 1482 1736 etc.
1500 1711 1531 1736 Et
1545 1708 1563 1724 ¹⁷
1578 1717 1584 1735 :
1604 1718 1616 1734 κ
1632 1711 1662 1736 In
1677 1709 1756 1735 simi-

986 1757 1140 1784 litudinem
1156 1756 1251 1784 carnis
1266 1755 1377 1791 peccati
1392 1755 1480 1782 venit.
1495 1765 1508 1780 »
1531 1756 1599 1782 Item
1619 1755 1648 1782 in
1665 1763 1699 1782 eo
1712 1755 1756 1781 in-

986 1812 1082 1831 nocua
1103 1802 1282 1838 simplicitas.
1305 1804 1336 1829 Et
1351 1802 1391 1828 sic
1404 1802 1440 1829 de
1456 1801 1529 1828 aliis.
1546 1801 1595 1828 llle
1610 1801 1688 1828 enim
1703 1802 1759 1836 sig—

987 1853 1071 1877 natus
1085 1851 1127 1877 est
1141 1850 1170 1876 in
1190 1857 1267 1883 agno
1287 1847 1428 1884 paschali.
1445 1849 1476 1874 Et
1495 1847 1515 1864 ¹³
1532 1856 1538 1874 z
1557 1856 1570 1872 κ
1585 1847 1686 1874 Emitte
1705 1855 1757 1882 ag-

986 1904 1067 1924 num.
1081 1907 1092 1920 »ι
1111 1897 1142 1923 Et
1159 1896 1179 1912 ¹⁹
1192 1904 1219 1922 ;«
1230 1894 1316 1928 Quasi
1337 1901 1429 1928 agnus
1453 1901 1553 1920 coram
1576 1893 1726 1920 tondente.
1743 1904 1755 1917 »ι

986 1945 1018 1970 Et
1032 1942 1074 1969 ²⁰:
1100 1942 1215 1975 «Quasi
1235 1948 1328 1976 agnus
1351 1941 1520 1967 mansuetus
1544 1939 1647 1966 ductus
1672 1940 1722 1966 est.
1741 1950 1754 1964 »

986 1991 1018 2016 Et
1030 1988 1049 2004 ²¹
1071 1997 1077 2015 ε
1098 1987 1272 2022 «Sanguine
1296 1986 1363 2021 agni
1385 1985 1573 2012 immaculati.
1597 1995 1610 2011 n
1638 1987 1669 2012 Et
1690 1985 1758 2012 istas

986 2035 1106 2062 virtutes
1121 2034 1242 2061 eximias
1256 2034 1285 2059 In
1301 2032 1371 2059 Filio
1386 2031 1433 2058 Dei
1445 2031 1626 2058 demonstrat
1636 2031 1692 2058 hoc
1703 2031 1757 2057 ad-

987 2081 1133 2114 verbium,
1144 2081 1218 2107 Ecce.
1230 2081 1261 2106 Et
1276 2079 1312 2105 de
1327 2078 1383 2105 hoe
1396 2078 1618 2112 Chrysostomus
1633 2077 1708 2104 bene
1719 2078 1756 2104 ²²:

989 2138 1001 2153 «
1018 2131 1076 2156 Iloc
1102 2127 1173 2154 dixit
1193 2128 1318 2154 Joannes
1342 2124 1515 2157 osIendenS,
1535 2124 1676 2159 quoniam
1697 2131 1758 2151 non

986 2182 1060 2201 voce
1079 2173 1192 2206 solum,
1216 2171 1268 2199 sed
1288 2170 1380 2198 oculis
1401 2170 1576 2204 testabatur3
1600 2169 1706 2196 etenim
1720 2169 1757 2205 (a)

988 2220 1190 2247 admirabatur
1205 2217 1363 2251 Christum,
1380 2217 1480 2244 Iaetans
1495 2218 1521 2243 et
1536 2215 1678 2243 exultans
1696 2225 1709 2241 ι)
1727 2217 1758 2243 Et

988 2266 1027 2293 sic
1043 2266 1079 2293 de
1095 2265 1169 2293 aliis.
1186 2267 1217 2292 Et
1227 2264 1294 2291 ideo
1305 2263 1385 2298 apud
1395 2264 1506 2290 Graecos
1516 2270 1583 2289 cum
1594 2261 1757 2296 adjectione

988 2312 1100 2340 articuli
1116 2312 1261 2346 scribitur,
1278 2311 1387 2338 scilicet
1405 2319 1410 2337 :
1427 2311 1526 2344 όὰγνος,
1541 2308 1579 2335 ad
1593 2307 1757 2335 notandum

988 2359 1189 2386 excellentiam
1204 2358 1275 2392 ejus.
1288 2368 1301 2383 ι)
1318 2358 1380 2384 Ilaec
1395 2356 1453 2383 ille.
1471 2357 1502 2382 Et
1515 2354 1562 2382 hic
1575 2362 1668 2389 agnus
1683 2353 1757 2381 tollit

990 2436 1015 2439 —
1033 2423 1050 2438 ¹²
1064 2422 1205 2451 Job,xx1v‚
1224 2424 1259 2445 13.
1275 2434 1302 2438 -
1318 2421 1335 2436 ¹³
1351 2421 1432 2450 Ρινιυἰ
1453 2425 1486 2450 ιν,
1505 2420 1544 2443 26.
1559 2432 1589 2437 —
1608 2419 1627 2435 ¹⁶
1641 2420 1757 2449 August„

988 2460 1052 2482 cont.
1074 2459 1167 2484 Fausl..
1193 2457 1236 2480 lib.
1262 2457 1332 2485 XVI,
1352 2463 1374 2479 c.
1396 2462 1437 2479 xv.
1457 2468 1486 2472 —
1503 2455 1523 2471 ¹⁵
1543 2455 1610 2485 1sid.,
1636 2453 1755 2484 Etymol„

990 2493 1030 2517 lib.
1052 2494 1103 2521 XII,
1121 2500 1142 2517 c,
1163 2495 1183 2516 I.
1201 2505 1231 2510 -—
1250 2493 1269 2508 ¹⁶
1284 2492 1367 2519 Cant„
1385 2493 1440 2521 1,5.
1455 2504 1484 2508 —
1497 2490 1515 2506 ¹¹
1531 2491 1607 2520 Rom„
1623 2495 1678 2519 VIII,
1694 2490 1757 2511 3.—

991 2529 1007 2541 ““
1022 2529 1081 2557 lm..
1097 2534 1150 2558 XVI,
1166 2530 1187 2552 I.
1202 2541 1227 2545 —
1242 2528 1262 2544 ¹⁹
1279 2527 1350 2556 Ibid.‚
1368 2532 1423 2556 LIII,
1436 2528 1459 2549 7.
1474 2538 1504 2543 -
1518 2526 1535 2539 ³⁰
1550 2526 1649 2554 Aerem,
1666 2529 1701 2553 XI,
1719 2526 1754 2547 Iss.

989 2576 1019 2581 -
1028 2564 1047 2579 ⁹¹
1061 2564 1066 2586 I
1081 2565 1160 2592 Petra,
1172 2569 1189 2593 I,
1202 2564 1238 2587 19.
1250 2575 1274 2579 -
1289 2563 1307 2576 ²²
1317 2562 1438 2592 Chrysost
1451 2580 1457 2592 ‚
1469 2562 1494 2584 in
1505 2561 1585 2589 loun„
1597 2560 1666 2583 hom.
1681 2564 1756 2583 xvnI.

989 2598 1021 2622 al.
1036 2604 1099 2629 xvv,
1115 2606 1140 2622 n.
1156 2600 1179 2622 2.

1022 2641 1053 2670 (a)
1070 2641 1130 2665 Coet.
1144 2640 1204 2665 edil.
1220 2643 1245 2664 et
1260 2647 1320 2664 uon.
1337 2640 1414 2664 Groec.
1431 2640 1471 2663 καὶ
1486 2639 1539 2669 γὰρ.
