1987 3032
648 197 853 228 EXPOSITIO
876 196 914 227 IN
937 197 1022 227 CAP.
1046 195 1122 227 XIX.

116 268 255 308 Septima
278 267 390 297 domus
416 267 462 295 est
483 264 656 295 Jerusalem
674 273 829 303 superna⁷
848 264 881 293 in

116 331 179 361 qua
194 321 297 351 manet
311 320 345 349 in
359 317 476 357 gaudio
491 317 646 347 felicitatis
661 317 667 333 ¹
686 327 692 346 :
713 328 727 345 <‹
742 316 776 346 In
787 316 880 346 domo

116 372 216 403 Patris
231 371 291 401 mei
309 370 488 400 mansiones
506 368 613 398 multae
629 370 714 398 sunt.
732 378 746 395 »
770 367 809 397 Et
823 367 883 396 ite-

116 435 188 456 rum
202 428 213 444 ²
232 433 238 454 :
256 435 271 453 a
288 423 425 454 Laetatus
440 431 513 452 sum
528 421 561 451 in
575 421 624 451 his
632 429 703 460 quae
720 420 883 449 dictasunt

116 479 210 508 mihi:
227 478 261 507 in
271 477 400 507 domum
411 474 535 505 Domini
549 473 677 503 ibimus.
693 484 707 501 ³)
726 472 882 509 Quoniam

116 540 194 570 ergo
217 530 266 560 his
281 531 401 568 septem
424 527 524 557 modis
547 526 717 565 suscipitur
742 524 882 555 Christus

115 584 149 614 in
173 582 307 613 Ecclesia
330 581 495 620 gentium,
520 588 591 618 quae
617 578 804 617 designatur
827 586 884 616 per

116 637 302 673 Zachaeum,
318 635 387 665 ideo
401 634 461 664 hoe
485 633 690 671 evangellum
711 632 830 670 legitur
851 631 885 661 in

115 688 362 720 dedicationibus
381 686 600 723 ecclesiarum,
619 694 690 724 quae
716 684 886 723 designant

116 742 227 772 domus
242 740 432 780 spirituales,
450 740 488 769 de
503 739 618 778 quibus
633 738 747 768 dicitur
758 738 768 754 ³
782 746 788 767 :
810 748 824 765 (ι
836 737 885 767 Ad

116 803 212 834 quem
238 793 418 824 accedentes
444 792 580 831 lapidem
610 791 743 828 vivum,
768 801 782 817 »
812 792 884 828 etc„

121 848 181 877 «et
215 846 273 885 ipsi
300 848 453 885 tanquam
476 845 594 884 lapides
619 844 687 874 vivi
717 843 887 882 superaedi-

117 900 255 931 ficamini
279 900 392 930 domus
414 898 584 938 spiritualis
608 898 659 937 (a),
676 897 886 927 sacerdotium

117 956 280 991 sanctum,
296 953 463 983 offerentes
478 951 658 991 spirituales
678 950 814 987 hostias,
833 958 884 979 ac-

117 1006 294 1047 ceptabiles,
314 1017 327 1033 n
349 1007 405 1035 etc.

157 1062 186 1090 8.
208 1060 307 1091 Stans
327 1062 434 1088 (tactem
450 1057 623 1094 Zaclzoeus,
640 1058 697 1087 etc.
716 1056 887 1094 Postquam

117 1112 280 1151 descripsit
299 1110 419 1141 Zachaei
440 1109 669 1139 studiositatem
695 1110 726 1138 et
750 1108 887 1147 hospita-

117 1165 252 1202 litatem,
280 1164 331 1194 hic
357 1163 504 1193 describit
525 1161 743 1192 liberalitatem
759 1185 766 1198 ‚
789 1170 887 1200 quam

118 1218 247 1258 quidem
267 1216 414 1247 describit
435 1217 592 1255 quantum
619 1215 657 1245 ad
675 1214 887 1245 conditionem

120 1271 288 1311 triplicem,
304 1270 420 1300 scilicet
438 1270 595 1308 quantum
612 1267 649 1298 ad
666 1267 788 1297 Zachaei
804 1267 888 1297 obla-

120 1327 237 1356 tionem
262 1323 487 1359 sufficIentem,
505 1321 619 1352 Christi
642 1321 888 1360 acceptationem

120 1378 354 1417 suscipientem,
370 1377 401 1406 et
414 1375 570 1406 rationem
592 1373 808 1413 principaliter
823 1382 888 1404 mo-

120 1433 258 1463 ventem.

159 1483 265 1515 Primo
282 1484 373 1520 ergo}
390 1481 546 1520 quantum
561 1479 598 1510 ad
618 1479 811 1509 oblationem
826 1478 890 1509 sus-

119 1536 275 1567 ficientem
288 1534 453 1574 praemittit
469 1545 475 1563 :
492 1534 590 1565 Stans
600 1536 708 1563 autem
721 1533 748 1563 Z
750 1532 886 1570 achaeus,

118 1599 159 1621 ex
184 1589 285 1620 cordis
308 1588 486 1618 humilitate
502 1587 536 1617 ὁι
566 1598 579 1615 α
601 1586 686 1617 State
712 1594 789 1624 ergo
814 1595 884 1616 suc-

119 1643 211 1673 cincti
225 1641 351 1672 lumbos
362 1643 483 1672 vestros
498 1641 531 1670 in
543 1639 686 1671 veritate.
696 1639 834 1670 -Dloez't
847 1638 891 1669 acl

119 1696 294 1727 Dominum
318 1703 328 1724 :
352 1694 435 1725 Ecce
462 1692 633 1723 dimidium
667 1691 822 1722 bonorum
850 1691 889 1721 clo

115 1748 330 1790 pauperibch,
358 1756 398 1778 ex
420 1747 521 1777 cordis
544 1745 740 1775 liberalitate.
768 1744 804 1774 In
826 1753 889 1784 quo

121 1803 295 1833 ostenditur
314 1801 450 1840 perfecta
470 1799 639 1830 liberalitas
662 1809 669 1829 ι
688 1801 716 1828 ’1.
742 1798 817 1837 quia
838 1798 891 1828 dat

121 1856 261 1892 abunde3
285 1854 337 1884 dat
353 1853 439 1883 enim
462 1852 629 1882 dimidium
641 1875 648 1889 ,
667 1851 842 1882 secundum
857 1851 890 1881 il-

121 1909 177 1939 lud
192 1909 201 1924 ⁵
219 1919 224 1938 :
248 1918 261 1936 «
277 1907 352 1944 Fili,
377 1906 403 1936 si
418 1905 555 1936 multum
578 1905 635 1935 tibi
650 1904 762 1941 fuerit,
787 1905 888 1935 abun·

124 1963 234 1993 danter
250 1960 372 1996 tribue;
390 1959 415 1988 si
430 1959 585 1997 exiguum
602 1958 657 1987 tibi
673 1958 778 1995 fuerit,
795 1958 890 1988 etiam

125 2015 279 2054 exiguum
294 2013 429 2043 libenter
444 2011 601 2050 impartiri
617 2010 706 2041 stude
718 2021 724 2040 :
736 2021 750 2038 »
770 2010 808 2040 ad
823 2010 891 2040 imi·

124 2068 274 2099 tationem
290 2066 373 2096 illius
388 2066 397 2081 ⁶
417 2077 430 2094 «
446 2065 501 2104 qui
520 2064 573 2095 dat
594 2064 742 2094 omnibus
758 2064 890 2094 affluen-

123 2124 186 2160 ter,
203 2123 232 2151 et
248 2129 311 2150 non
327 2120 529 2159 improperat.
547 2129 560 2146 υ
582 2121 612 2148 2.
628 2117 684 2147 Dat
698 2117 790 2155 licite,
808 2117 892 2148 unde

123 2175 219 2205 dicit:
245 2174 407 2205 Bonorum
427 2181 583 2202 meorum.
610 2174 620 2190 ⁷
646 2182 660 2200 «
684 2170 811 2201 Honora
832 2171 890 2201 Do-

123 2228 250 2258 minum
265 2227 302 2257 de
317 2228 370 2256 tua
386 2225 574 2262 substantia;
592 2236 606 2253 »
625 2226 735 2254 contra
751 2224 833 2263 quod
850 2224 893 2254 di-

125 2281 206 2311 citur
222 2282 231 2297 ⁸
249 2290 255 2310 z
276 2290 289 2308 «
305 2279 391 2309 Dona
405 2278 583 2317 iniquorum
599 2286 663 2307 non
678 2277 791 2317 probat
804 2277 894 2307 Altis-

125 2335 235 2364 simus.
253 2344 266 2360 n
290 2332 327 2362 Et
349 2332 418 2362 ideo
438 2331 481 2361 ibi
500 2330 644 2361 subditur
668 2342 674 2360 ;
694 2330 781 2367 «Qui
803 2330 894 2360 offert

125 2386 314 2418 sacrificium
336 2385 374 2416 de
402 2385 576 2415 substantia
602 2384 769 2424 pauperis,
792 2394 806 2412 n
833 2387 892 2416 etc.

127 2441 156 2471 3.
172 2440 249 2470 Item
263 2440 315 2470 dat
325 2438 510 2475 accelerate3
523 2438 605 2468 unde
614 2438 686 2468 dicit
699 2437 851 2468 Dominus
862 2438 871 2453 ⁹
885 2446 892 2468 :

158 2513 164 2528 ¹
180 2512 262 2541 Joan„
277 2516 329 2539 xiv,
346 2513 369 2534 2.
386 2524 416 2528 —
430 2511 439 2526 ‘2
457 2510 521 2533 psal.
542 2517 613 2538 cxxi,
634 2513 700 2534 1,-
715 2510 724 2526 ³
744 2510 749 2533 Ι
772 2510 847 2540 Ῥείη,
868 2516 894 2540 ιι,

127 2549 166 2571 45.
181 2560 209 2564 —
227 2548 237 2563 δ
252 2546 350 2577 ΕμΙιω-,
368 2552 401 2576 ιι,
421 2547 457 2569 14.
473 2559 503 2563 -
522 2548 528 2558 ”
550 2545 614 2574 Tob.,
636 2551 671 2575 tv,
687 2546 710 2568 9,
728 2558 757 2562 -
772 2549 780 2557 ··
799 2546 859 2575 lac,
877 2552 894 2575 ι,

128 2584 149 2605 5.
166 2595 195 2599 —-
219 2583 225 2592 ⁵
249 2583 334 2612 1¹1·0u.,
359 2588 398 2612 ιιι,
423 2583 446 2605 9.
462 2594 491 2598 -
513 2582 523 2597 Β
542 2581 630 2609 Εα-[ίυ
647 2586 735 2610 xnus,
758 2583 796 2607 ⁹235,
813 2582 850 2604 24.
866 2595 895 2598 —

127 2619 137 2634 ⁹
152 2618 233 2648 Pron„
251 2623 288 2647 ui,
304 2620 343 2641 2⁸.
358 2631 388 2635 —
404 2618 423 2634 ¹⁰
440 2617 663 2646 Eccl1.‚iv,.3.—
683 2617 699 2632 ¹1
716 2616 805 2644 ficeta,
822 2622 857 2646 xi,
876 2619 894 2640 1.

128 2665 157 2670 -
180 2653 197 2668 ¹²
212 2654 283 2683 Sup.,
301 2658 352 2682 xiv,
372 2655 410 2677 21.
433 2666 463 2670 --
486 2653 505 2669 1³
528 2652 698 2682 h'aeod.,xx11,
716 2654 735 2675 1.
751 2665 780 2669 -
801 2651 820 2667 Ν
837 2652 895 2681 isa„

1650 198 1706 227 103

942 274 956 291 (ι
972 262 1035 293 Nec
1049 263 1133 293 dicas
1147 262 1250 292 amico
1264 263 1319 292 tuo
1337 272 1343 291 ;
1364 261 1466 299 Vade,
1484 263 1515 291 et
1536 264 1705 300 revertere,

938 325 1011 346 cum
1028 316 1133 346 statim
1148 315 1246 355 possis
1261 315 1346 345 dare.
1362 325 1376 343 »
1396 314 1434 344 Et
1450 315 1470 332 ¹0
1488 323 1517 344 2«
1532 313 1590 344 Cor
1604 314 1708 353 inopis

937 378 977 398 ne
989 369 1150 406 afflixeris,
1163 370 1193 399 et
1207 378 1270 399 non
1286 368 1450 408 protrahas
1463 368 1572 397 datum
1590 376 1708 404 angus-

939 422 1039 452 tianti.
1062 433 1076 450 »
1098 425 1127 452 lt.
1154 422 1230 452 Item
1254 421 1306 451 dat
1327 421 1477 457 discrete,
1498 421 1534 460 (h)
1554 420 1707 460 pauperi·

939 474 995 504 bus
1012 475 1030 490 ¹¹
1050 485 1056 504 :
1076 486 1090 503 (ι
1107 474 1139 505 Si
1161 473 1366 511 benefeceris,
1384 473 1461 504 scito
1483 473 1533 503 cui
1551 473 1671 503 feceris.
1690 484 1704 501 ι)

939 526 977 557 Et
991 535 1086 566 supra
1102 528 1122 546 ¹2
1139 538 1145 557 ;
1169 539 1183 555 «
1199 527 1356 566 Pauperes
1371 536 1407 557 ac
1421 526 1548 565 debiles,
1566 528 1596 556 et
1610 534 1709 556 caecos

940 581 968 609 et
984 579 1110 610 claudos
1126 579 1270 610 introduc
1285 580 1358 610 huc.
1383 590 1397 607 »
1417 581 1445 609 5.
1464 579 1542 609 Item
1556 579 1609 609 dat
1624 578 1709 609 ordi-

939 634 1011 662 nate
1042 632 1185 671 propria,
1215 632 1408 663 restituendo
1436 632 1560 669 aliena,
1586 633 1617 662 et
1646 640 1710 662 non

940 684 1042 714 solum
1058 685 1252 715 restituendo
1267 685 1408 715 ablatum
1418 708 1425 721 ‚
1441 694 1554 715 verum
1570 684 1664 714 etiam
1680 686 1711 714 et

940 737 1105 767 damnum.
1123 737 1211 767 Unde
1231 737 1305 767 dicit
1328 748 1334 767 :
1352 738 1397 768 Et
1420 738 1448 767 si
1470 737 1550 777 quid
1569 737 1710 776 aliquem

939 790 1154 829 defraudavi,
1181 790 1279 820 reddo
1303 790 1534 830 quadruplum.
1557 789 1623 819 Hoc
1637 789 1712 819 dicit

944 844 1119 875 secuudum
1135 844 1270 882 lege1n1³
1285 855 1291 874 z
1310 855 1323 872 α
1339 843 1372 873 Si
1385 843 1456 883 quis
1468 843 1592 873 furatus
1603 842 1709 879 suerit,

940 898 1083 928 restituet
1098 899 1234 937 quatuor
1255 906 1330 927 oves
1345 905 1402 936 pro
1426 904 1491 926 una
1515 904 1585 926 ove.
1612 906 1625 922 ι)
1645 894 1711 924 Hoc

941 954 1046 981 autem
1063 951 1276 981 necessarium
1292 952 1338 980 est
1353 950 1392 980 ad
1407 948 1626 979 liberalitatem
1644 957 1713 987 per-

941 1005 1063 1034 fectam.
1083 1004 1170 1035 Unde
1185 1003 1385 1042 Augustinus
1410 1013 1416 1032 ;
1446 1013 1460 1030 «
1485 1001 1629 1032 Alterum
1654 1001 1711 1031 ho-

941 1067 1015 1087 rum
1030 1066 1093 1087 non
1108 1059 1153 1087 est
1168 1056 1260 1093 satis,
1282 1065 1339 1086 nec
1360 1055 1455 1086 habet
1479 1054 1615 1093 gratiam
1638 1054 1714 1084 libe-

941 1110 1089 1147 ralitatis,
1113 1109 1188 1148 quia
1210 1118 1275 1139 non
1298 1108 1417 1148 spolia,
1441 1107 1495 1138 sed
1518 1107 1600 1138 dona
1623 1116 1713 1146 quae-

942 1165 1068 1193 runtur.
1087 1173 1101 1190 »

983 1215 1143 1251 Secundo,
1167 1215 1323 1254 quantum
1339 1213 1378 1243 ad
1394 1212 1507 1243 Christi
1531 1213 1714 1252 acceptatio-

942 1278 1015 1299 nem
1031 1268 1270 1307 suscipientem,
1285 1266 1390 1296 subdit
1407 1266 1456 1305 (ν.
1473 1266 1510 1305 9)
1533 1277 1539 1296 ι
1557 1266 1611 1297 Ait
1623 1267 1713 1296 lesus

943 1322 988 1352 acl
1000 1332 1073 1353 eum
1085 1333 1096 1352 .·
1115 1322 1199 1360 Quia
1213 1319 1305 1350 hodie
1314 1319 1401 1350 salus
1416 1319 1528 1349 domui
1538 1319 1610 1349 huic
1624 1320 1715 1358 facta

944 1379 1007 1412 est,
1034 1383 1090 1414 per
1113 1374 1231 1404 divinae
1255 1372 1369 1411 gratiae
1396 1371 1615 1409 collationem,
1641 1381 1714 1411 quae

943 1428 1015 1458 data
1038 1429 1084 1457 est
1098 1427 1137 1456 ad
1160 1426 1272 1456 Christi
1293 1424 1513 1464 praesentiam,
1540 1434 1595 1463 per
1619 1434 1715 1464 quem

943 1481 1105 1511 dedicatur
1119 1481 1150 1509 et
1163 1478 1376 1508 sanctificatur
1383 1476 1530 1507 Ecclesia.
1543 1477 1633 1507 Salus
1644 1487 1716 1517 quae

944 1533 1019 1564 olim
1035 1533 1069 1573 (c)
1085 1532 1271 1564 Judaeorum
1293 1531 1425 1561 domum
1442 1530 1603 1570 implebat,
1623 1531 1717 1561 hodie

944 1588 1063 1627 populo
1082 1585 1228 1625 gentium
1243 1584 1368 1622 illuxit,
1386 1583 1561 1614 secundum
1576 1583 1654 1613 illud
1670 1584 1689 1600 ¹³
1707 1594 1713 1614 :

946 1653 960 1670 «
987 1641 1104 1671 Parum
1129 1640 1175 1669 est
1198 1640 1234 1668 ut
1257 1638 1299 1668 sis
1322 1637 1401 1667 mihi
1425 1646 1536 1668 servus
1560 1636 1600 1667 ad
1626 1637 1717 1667 saeces

945 1696 1039 1728 lsrael
1054 1694 1292 1726 convertendas.
1316 1693 1391 1723 Dedi
1406 1695 1436 1723 te
1460 1693 1493 1722 in
1514 1692 1618 1723 lucem
1635 1701 1715 1731 geu-

944 1751 1038 1787 tium,
1054 1750 1089 1779 ut
1112 1749 1153 1778 sis
1171 1747 1255 1778 salus
1268 1756 1340 1777 mea
1354 1755 1458 1785 usque
1482 1745 1522 1776 ad
1536 1747 1715 1776 extremum

946 1807 1051 1835 terrae.
1079 1813 1093 1831 ι)
1118 1801 1156 1832 Et
1170 1801 1238 1831 haec
1263 1799 1348 1830 salus
1369 1799 1495 1829 dabitur
1509 1799 1714 1838 praedestina-

945 1859 995 1888 tis.
1012 1857 1084 1887 ldeo
1103 1855 1208 1885 subdit
1233 1865 1239 1884 :
1264 1854 1316 1885 Eo
1338 1852 1426 1893 quod
1447 1856 1475 1883 et
1499 1853 1563 1892 ipse
1577 1852 1663 1891 filius
1677 1853 1736 1891 sitn

946 1910 1095 1942 Abralzoe.
1119 1908 1227 1938 Glossa
1247 1917 1254 1936 ε
1286 1917 1300 1935 α
1318 1905 1416 1936 Filius
1439 1914 1504 1935 non
1528 1914 1641 1943 carne,
1663 1905 1717 1935 sed

946 1964 1018 1994 fide.
1036 1974 1050 1991 n
1070 1963 1090 1981 ¹⁵
1111 1960 1246 2000 «Neque
1271 1960 1325 1999 qui
1348 1968 1458 1989 semen
1480 1958 1618 1988 Abrahae
1643 1960 1717 1988 suut

947 2025 1057 2048 omnes
1072 2015 1144 2051 filii;
1162 2014 1215 2044 sed
1238 2013 1293 2052 qui
1314 2012 1459 2042 filiisunt
1480 2011 1715 2051 promissionis,

947 2070 1145 2101 aestimantur
1160 2068 1193 2097 in
1208 2065 1339 2096 semine.
1356 2076 1370 2092 »
1397 2064 1435 2094 Et
1450 2065 1488 2095 de
1510 2065 1559 2094 his
1576 2064 1650 2094 filiis
1664 2074 1717 2094 su-

947 2133 1003 2163 pra
1019 2124 1062 2152 ¹⁶:
1085 2121 1227 2152 «Potens
1247 2120 1292 2149 est
1314 2118 1396 2148 Deus
1411 2118 1449 2148 de
1470 2117 1627 2157 lapidibus
1651 2117 1719 2147 istis

947 2176 1098 2207 suscitare
1108 2174 1190 2205 filios
1200 2171 1348 2203 Abrahae.
1361 2182 1374 2199 »
1389 2170 1426 2201 Et
1439 2171 1457 2187 ¹⁷
1472 2180 1479 2201 ι
1497 2170 1613 2209 (Jesus)
1629 2181 1643 2198 «
1654 2178 1719 2200 mo-

948 2231 1067 2261 riturus
1082 2229 1148 2258 erat
1162 2229 1198 2257 ut
1213 2225 1294 2256 filios
1311 2224 1376 2262 Dei,
1393 2224 1448 2263 qui
1465 2225 1555 2255 erant
1568 2223 1716 2262 dispersi,

949 2282 1161 2322 congregaret
1177 2280 1210 2309 in
1225 2286 1338 2309 unum.
1355 2288 1369 2305 ι)

988 2335 1109 2372 Tertio,
1135 2334 1291 2373 quantum
1312 2330 1350 2360 ad
1376 2329 1527 2360 motivam
1547 2328 1717 2367 rationem,

950 2387 1118 2429 subjungit
1127 2388 1167 2425 (v.
1180 2386 1226 2423 10>
1237 2395 1242 2415 :
1254 2384 1343 2416 Venit
1351 2385 1436 2413 enim
1444 2382 1483 2422 (d)
1491 2382 1577 2420 filius
1585 2381 1721 2413 hominis

951 2450 1109 2483 qucerere,
1128 2448 1183 2478 per
1198 2436 1384 2476 sapientiam
1405 2434 1448 2466 1³:
1469 2446 1483 2464 «
1504 2434 1617 2466 Erravi
1641 2435 1722 2465 sicut

951 2542 1022 2565 ηις,
1038 2537 1058 2557 (3.
1074 2546 1103 2551 -
1120 2533 1138 2548 ¹⁵
1154 2531 1228 2559 Rom„
1246 2531 1313 2560 1x,7.
1325 2542 1350 2546 ——
1364 2529 1382 2544 ¹⁰
1394 2530 1466 2558 Sup.,
1482 2534 1521 2558 ιιι,
1532 2530 1554 2551 S.
1566 2541 1596 2545 —
1609 2529 1627 2544 ¹⁷
1639 2529 1721 2558 loon„

951 2577 988 2600 xi,
1001 2573 1040 2598 51,
1051 2571 1089 2592 2¹22.
1104 2581 1135 2585 —
1151 2565 1246 2589 ¹⁸1¹sal.
1265 2565 1422 2593 Cxl'111‚llti.

983 2618 1015 2646 (a)
1028 2617 1087 2639 Cret.
1101 2614 1158 2637 rsdz'l.
1172 2611 1355 2643 spirituales.——
1367 2610 1399 2639 (A)
1410 2610 1494 2640 Suppl.
1505 2616 1638 2640 ncmpc.—
1645 2609 1676 2639 (c)
1686 2610 1721 2633 lta

952 2651 1034 2676 Beda·
1050 2650 1092 2672 ml
1119 2648 1178 2672 edit.
1195 2647 1318 2671 hodie.—
1336 2646 1370 2676 (tl)
1387 2646 1446 2669 caet.
1464 2645 1523 2670 edit.
1537 2646 1627 2669 autem.

1027 2667 1102 2679 ,.,,
