1987 3032
217 196 275 226 432

218 260 297 288 enim
312 261 386 288 Deus
401 262 482 289 Pater
496 264 617 290 vocatur
632 262 697 295 lux,
713 263 740 289 et
760 261 866 288 Paulus
882 264 888 279 ¹
905 263 990 289 vocat

218 306 322 334 Filium
337 308 511 342 splendorem.
535 308 603 335 Ideo
625 308 684 335 ait:
707 309 768 335 Luoe
787 310 863 340 veni,
879 307 989 334 illumi-

218 361 307 387 nanS,
321 357 350 380 ut
365 356 449 381 onmis
465 356 513 388 qui
525 355 624 387 credit,
640 354 828 381 illuminetur.
845 354 938 389 Supra
953 354 963 370 ³
979 363 985 380 :

222 410 234 424 «
251 401 315 427 Erat
330 400 379 427 lux
396 408 481 433 vera,
502 408 566 435 quie
588 401 734 428 illuminat
757 407 877 427 omnem
894 399 987 427 homi-

218 454 296 474 nem.
309 456 322 472 »
339 448 398 474 Non
412 450 517 473 manicat
529 447 566 482 (a)
581 448 609 473 in
623 448 735 473 tenebris
748 455 753 473 :
769 448 873 481 supra2
891 455 897 473 z
915 456 927 471 «
942 446 986 473 Di-

217 492 349 520 lexcrunt
364 492 457 526 magis
473 493 617 527 tenebras,
633 503 646 518 »
665 494 718 520 etc.
737 494 766 519 Et
781 492 817 519 de
837 492 890 519 ista
905 492 968 519 luce
979 513 987 525 ‚

217 546 305 573 supra
321 539 330 554 ³
348 547 354 564 ε
372 548 384 563 ⁴«
400 540 466 565 Erat
481 538 532 565 lux
547 546 625 566 vera.
641 549 653 564 »
679 541 710 566 Et
733 546 822 573 supra
837 540 846 554 ‘²
863 547 869 565 :
899 548 912 563 «
926 539 985 565 Lux

217 584 295 611 venit
308 584 338 611 in
353 584 508 611 mundum.
526 595 538 608 n
553 586 584 611 Et
594 592 683 620 supra
698 584 706 600 '⁴
722 593 728 611 ε
749 594 763 609 «
778 585 836 617 Ego
856 592 921 610 sum
936 584 985 611 lux

216 630 330 658 mundi.
343 642 355 656 u
374 633 407 658 Et
417 631 524 666 supra⁵
539 641 543 657 :
560 641 572 656 κ
584 631 730 664 Quamdiu
740 639 805 658 sum
816 631 845 658 in
857 631 985 665 mundo,

217 684 273 711 ego
289 685 354 704 sum
372 677 423 704 lux
443 677 559 704 mundi.
580 687 592 703 ι)
616 679 676 712 lpsc
693 678 771 704 enim
793 680 835 704 est
857 678 907 704 lux
923 677 986 704 illu-

216 723 358 750 minando
375 723 405 750 in
420 723 582 758 intellectu,
604 732 693 759 supra
711 724 721 740 ³
741 732 747 750 z
773 734 785 749 (ι
801 726 860 751 Lux
875 732 953 751 vera.
972 734 984 749 u

216 770 284 796 ltem
300 769 361 805 ipse
375 769 427 796 lux
441 769 628 797 inflammans
649 770 678 796 in
703 770 808 797 affectu
830 772 857 797 et
879 770 987 797 illumi—

216 823 303 850 nans=
321 823 411 851 supra
425 815 435 830 ‘³
449 825 455 843 ε
476 826 489 841 «
500 817 560 843 Lux
571 816 667 849 venit,
680 818 707 843 et
717 816 988 843 dilexerunthomi-

215 870 266 888 nes
285 861 379 896 magis
404 862 576 889 tenebras.»
601 863 671 889 Item
694 862 756 897 ipse
779 864 821 889 est
844 862 895 889 lux
915 862 986 889 diri-

214 916 286 942 gens
299 908 328 935 in
344 916 432 943 opere
454 910 481 935 et
503 908 621 942 effectu,
644 916 732 943 supra
748 909 757 925 s’
775 917 780 934 ;
808 918 821 933 α
842 910 901 943 Ego
921 917 985 935 sum

215 954 265 981 lux
289 954 408 989 mundi3
430 955 480 990 qui
501 954 632 990 sequitur
647 962 710 988 me,
725 964 738 979 ι)
762 956 815 981 etc.
837 956 906 981 ltem
927 954 986 989 ipse

215 1000 267 1027 fuit
282 1001 331 1027 lux
347 1001 376 1027 in
391 1001 540 1028 miraculis
555 1001 786 1028 coruscantibus.
804 1000 871 1028 Ideo
887 1008 986 1036 supra,

214 1047 265 1074 ubi
292 1047 328 1074 de
354 1048 515 1079 miraculis,
544 1047 583 1074 ait
599 1048 632 1074 ⁵:
656 1057 668 1071 <t
693 1047 840 1080 Quamdiu
864 1055 929 1074 sum
956 1048 985 1074 in

215 1094 338 1128 mundo,
351 1094 401 1121 lux
416 1102 480 1121 sum
492 1093 605 1121 mundi.
615 1104 627 1118 n
641 1094 709 1120 ltem
724 1093 785 1128 ipse
797 1093 875 1120 estin
887 1101 985 1120 exem-

215 1140 270 1175 plis
283 1140 539 1175 resplendentibus
553 1141 580 1167 et
600 1139 810 1174 dirigentibus,
831 1141 858 1166 et
878 1139 984 1175 perdu-

215 1186 346 1213 centibus
360 1186 399 1214 ad
415 1186 557 1221 gloriam,
572 1188 603 1213 ut
618 1185 723 1213 dieitur
734 1186 780 1212 hic
794 1195 799 1212 ε
817 1187 871 1219 1390
889 1185 924 1220 (b)
937 1186 984 1212 lum

213 1233 241 1259 in
256 1232 385 1259 mundum
398 1234 468 1260 veni.

249 1280 334 1306 47.Et
348 1279 479 1314 sequitur
491 1279 541 1305 illa
558 1286 625 1314 pars
634 1278 663 1305 in
677 1286 735 1313 qua
748 1278 987 1313 denunciatioju-

214 1324 281 1352 dicii
306 1324 395 1352 futuri
419 1333 480 1352 non
507 1325 692 1352 credentibus
714 1328 741 1352 et
759 1324 984 1360 spernentibus:

214 1372 249 1397 Et
265 1373 361 1405 siquis
375 1372 496 1398 audierit
515 1372 594 1398 verba
612 1379 681 1404 mea,
697 1371 804 1398 scilieet
818 1371 920 1398 auditu
937 1379 985 1397 cx-

213 1417 311 1444 teriori
320 1428 328 1452 3
341 1420 365 1444 et
375 1426 426 1444 mm
436 1418 602 1451 custodierit,
615 1417 722 1445 scilicet
731 1417 835 1444 affectu
844 1416 984 1450 interiori,

214 1465 242 1490 et
257 1463 354 1499 operis
369 1463 487 1497 effectu3
511 1463 593 1499 quod
607 1466 648 1490 est
669 1463 862 1490 insuffieionsss
876 1472 881 1489 :
902 1473 914 1487 «
931 1463 983 1495 Qui

213 1509 435 1536 solveritunum
451 1510 487 1536 de
502 1509 659 1543 mandatis,
681 1520 694 1534 »
713 1509 820 1536 scilicet
840 1517 900 1536 non
915 1516 984 1543 per-

212 1556 284 1583 fecte
300 1555 463 1590 implendo,
485 1565 498 1580 «
512 1555 850 1589 minimusjudieabitur.
869 1565 880 1580 n
893 1555 984 1590 Opor-

214 1603 253 1628 tet
269 1601 347 1628 enim
363 1601 465 1628 audire
482 1602 509 1628 et
522 1601 679 1635 custodire,
700 1601 793 1628 intra⁷
809 1609 815 1627 :
836 1612 848 1626 «
863 1601 916 1634 Qui
931 1601 984 1628 ha—

213 1648 263 1675 bet
274 1647 413 1675 mandata
428 1655 508 1681 mea,
525 1649 552 1674 et
575 1649 670 1674 servat
685 1655 730 1679 ca,
750 1657 763 1672 »
786 1649 839 1674 etc.
865 1648 919 1680 qu
934 1655 985 1673 non

207 1694 300 1728 judico
316 1702 386 1728 eum,
401 1693 509 1720 scilicet
529 1693 558 1720 in
583 1693 726 1728 praesenti.
744 1695 775 1720 Et
794 1693 894 1720 subdit
917 1701 985 1720 cau-

213 1748 276 1767 sam
295 1749 300 1767 :
322 1741 383 1767 Non
404 1741 474 1774 vent,
498 1739 606 1767 scilicet
625 1739 654 1766 in
680 1739 775 1774 primo
795 1739 934 1772 adventu,
954 1743 984 1765 ut

208 1787 327 1820 judicem
356 1786 497 1819 mundum,
526 1786 571 1812 sed
599 1788 629 1812 ut
649 1787 808 1820 salvificem,
838 1793 927 1820 supro.
950 1786 960 1801 ⁸
976 1794 982 1812 ε

218 1835 308 1860 «Non
331 1832 408 1859 misit
427 1834 500 1859 Deus
516 1831 620 1858 Filium
641 1834 672 1859 ut
692 1831 803 1866 judicet
823 1831 984 1865 mundum,

217 1882 269 1907 sed
283 1881 314 1907 ut
326 1879 453 1906 salvetur
466 1887 519 1914 per
537 1887 613 1906 eum.
637 1890 648 1903 ι)
666 1878 721 1906 Sed
743 1879 892 1914 quaeritur,
911 1887 984 1914 qua-

216 1926 280 1953 liter
294 1926 334 1953 ait
348 1934 355 1952 t
371 1925 534 1958 Nonjudico
549 1933 617 1958 eum,
634 1933 701 1952 cum
722 1924 853 1952 dieatur⁹
870 1934 875 1952 :
895 1935 908 1950 (ι
921 1926 984 1953 Om-

216 1980 252 1999 ne
266 1971 410 2006 judicium
430 1970 511 1997 dedit
530 1972 611 1998 Pater
625 1970 715 1998 Filio?
727 1981 739 1995 ιι
758 1972 789 1998 Et
808 1971 846 1998 ad
860 1971 917 1998 hoc
929 1979 986 1998 res-

216 2017 328 2054 pondet
342 2016 518 2051 Augustinus
537 2018 568 2050 ¹⁰,
585 2017 667 2052 quod
682 2016 905 2051 intelligendum
920 2020 961 2044 est
977 2026 983 2044 z
1008 2037 1012 2040 >

216 2066 278 2092 Non
292 2063 393 2098 judico
416 2062 519 2093 modo,
540 2062 571 2088 id
594 2065 645 2096 est,
671 2063 700 2089 in
723 2062 820 2098 primo
845 2063 984 2097 adventu,

216 2112 298 2138 Pater
322 2110 400 2137 enim
423 2109 692 2136 misericordiarum
726 2109 802 2136 misit
831 2109 934 2136 Filium
956 2109 986 2136 in

215 2157 312 2192 primo
328 2156 456 2183 adventu
483 2155 521 2182 ad
546 2155 746 2182 miserandum
767 2157 794 2182 et
813 2155 851 2182 ad
873 2155 987 2182 salvan-

216 2203 288 2230 dum
301 2212 307 2230 :
320 2203 388 2230 etin
401 2201 531 2230 secundo
547 2201 673 2229 adventu
696 2201 791 2228 veniet
813 2201 899 2228 Filius
919 2210 986 2229 cum

217 2251 358 2284 potestate
373 2256 481 2283 magna
491 2248 529 2275 ad
541 2247 736 2282 judicandum
747 2249 774 2274 et
788 2247 987 2274 condemnan-

217 2296 289 2322 dum
300 2304 360 2323 non
373 2295 523 2322 credentes
536 2293 554 2310 ¹¹
570 2303 578 2320 :
598 2303 611 2318 α
626 2294 698 2320 Cum
715 2293 793 2320 enim
808 2295 923 2328 tempus
942 2302 987 2321 ac-

219 2349 342 2377 cepero,
362 2341 486 2376 justitias
505 2339 664 2375 judicabo,
686 2349 699 2364 n
724 2339 764 2366 ait
791 2339 934 2374 Propheta
957 2340 986 2367 in

217 2395 345 2423 persona
364 2387 435 2414 Filii.
457 2388 488 2413 Et
508 2386 592 2420 ideo,
617 2387 648 2413 ut
671 2393 731 2413 non
749 2385 893 2421 pigriores
916 2385 987 2413 fiant

252 2481 361 2511 ¹11et1=.‚
379 2488 400 2511 1,
416 2484 438 2505 3.
454 2494 483 2498 -
498 2481 507 2496 '2
523 2481 862 2511 Sup.‚111,19.—-³Sup,
884 2487 904 2510 1,
920 2482 942 2504 9.
958 2493 987 2497 ——

220 2518 226 2533 '¹
244 2520 316 2547 Sup..
333 2523 391 2546 vni,
414 2517 450 2539 12.
468 2530 493 2533 -—
515 2518 523 2530 ⁵
544 2517 615 2546 Suu,
633 2522 669 2545 ix,
685 2517 708 2539 5.
725 2528 755 2533 —-—
770 2517 778 2529 ‘⁵
792 2515 891 2544 Mumt„
908 2521 931 2545 v,
950 2517 986 2539 19.

220 2553 270 2570 -Ἱ
289 2552 413 2582 tnt·.,x1v‚
430 2553 467 2574 ἐι,
486 2565 512 2568 -
528 2551 538 2568 ⁸
553 2553 625 2581 Sup„
643 2557 681 2581 111,
700 2553 734 2574 Π.
755 2563 775 2566 —
796 2551 806 2566 ⁰
823 2552 894 2581 Suu,
912 2556 933 2580 v,
948 2552 986 2574 22.

220 2601 249 2604 —
272 2588 289 2603 ¹⁰
313 2588 386 2618 Aug„
408 2586 450 2610 ubi
468 2593 534 2617 sup..
555 2593 580 2609 u.
600 2587 623 2609 5.
639 2599 668 2603 -
691 2586 707 2601 ¹¹
728 2585 896 2615 Psal.1„xx1v,
915 2587 936 2609 3.
957 2599 988 2603 —

222 2624 239 2638 '²
260 2623 336 2652 Itum„
355 2628 387 2651 11,
409 2623 445 2646 ¹12.
467 2635 497 2639 —
516 2622 534 2637 ¹³
553 2621 571 2644 ΙΙ
593 2621 660 2649 Corn,
677 2626 699 2649 v,
719 2622 752 2644 10.
772 2634 801 2638 —
821 2620 840 2636 ¹⁴
856 2623 929 2650 Aug„
946 2621 987 2644 ubi

746 194 955 226 EVANGELH
979 195 1116 226 SANCTI
1139 195 1301 227 JOANle

1044 261 1187 289 discentes
1209 265 1236 289 et
1262 262 1423 295 audienteS,
1452 261 1551 289 subdit
1575 263 1618 297 (v.
1640 264 1690 298 48)
1722 258 1812 296 :nui

1043 310 1145 341 spernit
1164 316 1220 342 me,
1241 316 1300 336 non
1322 308 1470 336 credendo
1485 316 1531 335 me
1555 308 1658 336 Filium
1675 308 1723 336 Dei
1738 316 1812 343 esse,

1043 356 1067 380 et
1095 362 1147 381 non
1175 356 1273 388 (recipit
1302 356 1379 382 uerba
1414 363 1471 381 mea
1482 375 1490 388 ,
1523 354 1631 382 scilicet
1661 355 1811 383 audiendo

1043 402 1070 426 et
1095 400 1305 434 custodiendo,
1332 401 1405 427 habet
1432 403 1480 435 qut
1506 401 1607 434 judicet
1634 409 1709 435 eum,
1736 401 1812 429 scili-

1042 447 1086 473 cet
1106 446 1135 472 in
1157 446 1319 473 novissimo
1342 446 1408 473 die:
1425 447 1494 482 quia
1512 448 1532 464 ¹¹
1553 447 1645 482 quiin
1660 447 1726 482 lege
1746 455 1813 483 pec-

1042 494 1190 524 caverunt,
1203 500 1255 527 per
1265 492 1590 527 legemjudicabuntur.
1607 504 1620 519 »
1636 494 1656 510 ¹³
1669 503 1681 519 «
1696 494 1814 528 Oportet

1042 537 1120 564 enim
1136 538 1312 565 manifestari
1328 540 1393 565 ante
1409 538 1537 566 tribunal
1549 539 1661 572 Christi,
1677 542 1708 566 ut
1722 547 1812 566 unus-

1042 583 1167 618 quisque
1181 584 1285 611 ret'erut
1300 584 1420 620 propria
1435 585 1578 620 corporis,
1602 596 1615 609 ι)
1638 587 1690 612 etc.
1715 587 1747 613 Et
1767 593 1812 612 se-

1041 629 1141 664 quitur
1176 630 1330 665 ultimum,
1356 630 1465 658 scilicet
1492 630 1686 659 manifestatio
1719 631 1787 658 dieti
1803 641 1809 659 ε

1041 676 1129 702 Sermo
1142 684 1217 710 quem
1233 677 1333 703 Iocutus
1347 685 1416 711 sum,
1435 678 1482 704 ille
1491 677 1640 710 judicabit.
1656 678 1688 704 Ut
1701 677 1741 704 ait
1756 679 1812 705 Au-

1041 722 1174 755 gustinus
1188 723 1208 739 ¹⁶
1225 732 1231 749 ;
1247 723 1341 750 «Satis
1356 723 1520 750 manifestat
1535 731 1565 750 se
1580 723 1675 758 ipsum
1691 731 1751 750 esse
1761 723 1813 758 ju—

1042 768 1216 803 dicaturum,
1228 769 1356 804 scipsum
1373 770 1482 806 quippe
1495 770 1608 798 locutus
1621 772 1673 805 est,
1685 770 1813 806 seipsum

1041 815 1234 849 annuntiavit,
1252 816 1379 851 seipsum
1397 816 1535 850 januam,
1556 816 1616 844 sive
1641 816 1747 844 ostium
1761 824 1812 852 po-

1041 861 1106 888 suit.
1119 872 1131 886 »
1143 862 1175 896 (c)
1187 861 1245 889 Silii
1259 862 1337 889 euim
1351 862 1431 889 dedit
1446 864 1527 890 Pater
1539 862 1808 898 omneJudicium,n

1041 916 1129 943 supra
1146 909 1175 936 ¹⁵.
1196 910 1232 944 (v.
1254 910 1297 943 49)
1320 910 1374 944 Εῃυ
1389 918 1422 937 eoe
1434 918 1472 936 me
1487 912 1544 944 ipso
1559 917 1611 936 non
1625 917 1682 936 sum
1700 910 1811 943 Iocutus,

1041 955 1111 989 quia
1122 963 1139 981 a
1149 963 1195 982 me
1208 955 1271 991 ipso
1284 963 1344 983 non
1355 964 1430 990 sum,
1443 956 1482 983 ait
1494 955 1670 991 Augustinus
1679 955 1700 972 ¹⁶
1710 955 1740 982 in
1750 962 1813 990 per-

1040 1008 1113 1028 sona
1129 1001 1190 1034 ejus
1207 1010 1212 1027 :
1230 1002 1281 1028 Sed
1295 1004 1344 1036 qui
1357 1004 1432 1030 misit
1454 1010 1503 1036 me,
1520 1002 1593 1029 dedit
1612 1002 1681 1028 mihi
1698 1000 1812 1028 manda-

1041 1049 1095 1073 lum
1113 1056 1118 1073 :
1132 1054 1192 1074 non
1207 1055 1258 1083 per
1272 1048 1490 1082 angelum,uon
1501 1056 1552 1083 pcr
1561 1050 1740 1082 ereaturam
1759 1047 1812 1075 sed

1040 1092 1127 1119 Filius
1147 1095 1188 1120 est
1208 1094 1334 1121 Verbum
1356 1094 1454 1128 Patris,
1473 1097 1500 1121 et
1523 1094 1676 1130 sapientia,
1699 1094 1729 1120 in
1751 1101 1811 1129 qua

1040 1141 1107 1166 sunt
1132 1139 1272 1167 mandata
1294 1141 1406 1174 Putris3
1433 1140 1541 1175 Patris,
1572 1140 1658 1168 Filius
1690 1140 1769 1168 enim
1793 1148 1811 1168 a

1040 1186 1121 1212 Patre
1136 1186 1284 1213 nascendo
1311 1186 1422 1222 acecpit
1442 1186 1524 1222 quod
1545 1187 1644 1220 habet,
1668 1186 1809 1222 deditque

1042 1234 1121 1260 t'ater
1145 1231 1313 1266 gignendo,
1337 1233 1363 1257 et
1386 1230 1467 1266 quod
1486 1230 1522 1257 sit
1540 1230 1610 1265 vita,
1631 1232 1658 1257 et
1681 1240 1695 1256 α
1718 1230 1748 1257 in
1771 1230 1807 1266 (d)

1040 1278 1183 1314 sapientia
1196 1278 1294 1311 Patris,
1306 1277 1389 1312 quod
1404 1279 1446 1303 est
1458 1276 1598 1311 Verbum,
1611 1276 1711 1304 omnia
1727 1283 1810 1304 man-

1041 1325 1108 1352 data
1123 1327 1189 1352 sunt
1204 1323 1303 1357 Patris,
1321 1333 1334 1348 ι)
1351 1323 1390 1350 ait
1404 1323 1591 1358 Augustinus,
1606 1323 1657 1350 uhi
1667 1326 1765 1358 supra.
1780 1324 1811 1350 Et

1040 1371 1107 1398 ideo
1137 1370 1268 1406 sequitur
1290 1378 1295 1396 :
1320 1369 1392 1401 Quid
1416 1370 1522 1402 dicam,
1542 1368 1651 1396 scilicet
1671 1368 1791 1396 interius
1799 1379 1808 1404 ;

1039 1420 1063 1444 et
1077 1417 1142 1451 quid
1159 1418 1262 1451 loquar,
1278 1415 1387 1443 seilicet
1401 1415 1536 1448 exterius,
1555 1415 1719 1443 secundum
1731 1415 1811 1442 Glos-

1038 1472 1118 1498 san13
1151 1464 1198 1491 vel
1229 1463 1392 1491 secundum
1423 1462 1632 1497 Augustinum,
1658 1464 1690 1490 ut
1717 1462 1807 1498 prius,

1039 1511 1121 1546 quod
1137 1511 1223 1544 dicat,
1240 1509 1322 1545 quod
1338 1509 1486 1544 loquatur,
1502 1516 1519 1535 a
1534 1510 1614 1536 Patre
1629 1510 1681 1542 est,
1697 1508 1767 1544 quia
1781 1510 1810 1536 et

1039 1558 1100 1592 ipse
1120 1556 1247 1584 Verbum
1262 1564 1279 1582 a
1294 1556 1384 1582 Patre.
1407 1555 1444 1589 (v.
1461 1555 1504 1589 50)
1520 1555 1555 1581 E!
1569 1556 1633 1588 scio,
1649 1556 1714 1589 quia
1734 1563 1810 1581 man-

1039 1604 1131 1630 datam
1154 1604 1208 1637 ejus
1232 1604 1289 1629 vita
1308 1605 1407 1629 (eterna
1429 1605 1477 1628 ese.
1504 1601 1559 1628 Sed
1583 1601 1708 1636 qualiter
1729 1600 1809 1628 hoc?

1039 1650 1109 1685 quia
1133 1649 1305 1676 mandatum
1331 1648 1420 1676 Patris
1449 1648 1528 1676 ducit
1549 1648 1587 1675 ad
1611 1648 1700 1675 vitam
1727 1650 1809 1675 aeter-

1039 1695 1138 1723 ιαῑιηι17
1155 1705 1160 1722 ;
1181 1706 1194 1721 «
1209 1695 1237 1723 Si
1260 1696 1300 1723 vis
1320 1694 1419 1722 venire
1440 1694 1478 1721 ad
1502 1695 1602 1728 vitam,
1625 1702 1709 1722 serva
1728 1701 1810 1721 man-

1040 1742 1108 1770 data
1125 1752 1130 1770 :
1148 1752 1161 1769 ι)
1179 1744 1254 1777 Ergo
1271 1749 1330 1769 non
1350 1743 1391 1768 est
1406 1741 1475 1775 vita,
1498 1741 1550 1768 sed
1572 1741 1609 1768 ad
1630 1749 1696 1768 eam
1715 1740 1807 1768 ducit.

1040 1790 1070 1816 Et
1085 1789 1123 1816 ad
1138 1788 1215 1816 istud
1235 1787 1478 1823 respondendum
1488 1808 1495 1820 ,
1518 1787 1600 1822 quod
1617 1787 1746 1814 Verbum
1760 1788 1811 1814 Pa-

1040 1835 1088 1862 tris
1110 1837 1151 1862 est
1173 1834 1315 1870 sapientia
1338 1834 1427 1862 Patris
1449 1843 1455 1860 :
1478 1841 1576 1869 neque
1598 1833 1684 1860 Filius
1701 1832 1812 1868 accepit

1039 1881 1223 1914 mandatum,
1239 1880 1321 1915 quod
1336 1879 1499 1915 aliquando
1521 1879 1684 1913 nesciebat;
1708 1878 1760 1906 sed
1775 1877 1812 1905 si-

1040 1930 1087 1954 cut
1102 1927 1188 1954 Filius
1203 1929 1244 1954 est
1258 1926 1317 1953 vita
1331 1934 1349 1953 a
1364 1928 1444 1953 Patre
1457 1926 1564 1960 genita,
1580 1925 1620 1952 sic
1635 1924 1812 1952 etmandata

1040 1975 1108 2000 sunt
1122 1973 1222 2006 Patris,
1239 1972 1308 2008 quia
1322 1972 1448 2000 Verbum
1464 1971 1564 2005 Patris,
1588 1971 1618 1998 in
1633 1971 1692 2006 qu'o
1714 1971 1812 1998 omnia

1040 2019 1189 2047 mandata.
1206 2019 1268 2046 Icleo
1284 2027 1342 2053 quae
1357 2027 1401 2053 eqo
1426 2020 1528 2052 loquor,
1544 2017 1652 2045 scilicet
1667 2016 1812 2051 docendo,

1040 2067 1108 2092 sicut
1122 2066 1195 2092 dimit
1206 2066 1284 2098 mihi,
1294 2073 1430 2092 veracem
1446 2063 1595 2099 gignenlo
1607 2073 1614 2091 :
1631 2071 1719 2091 verax
1733 2062 1812 2090 enim

1041 2111 1142 2145 genuit
1155 2111 1306 2139 veritatem
1322 2120 1328 2138 ι
1345 2111 1388 2138 δίε
1409 2112 1510 2145 loquor,
1527 2110 1635 2137 scilicet
1647 2109 1809 2136 veritatem.

1042 2160 1072 2185 In
1086 2157 1131 2184 his
1151 2166 1221 2192 ergo
1242 2157 1381 2185 omnibus
1400 2156 1607 2188 locutionibus,
1627 2163 1702 2191 quas
1723 2154 1811 2182 etiam

1042 2204 1193 2232 conculcat
1212 2203 1256 2239 (e),
1280 2211 1341 2231 non
1369 2203 1493 2230 intendit
1521 2202 1616 2236 aliud,
1645 2201 1701 2229 nisi
1729 2200 1811 2237 quod

1041 2250 1114 2278 nihil
1129 2250 1283 2286 proprium
1296 2249 1486 2285 loquebatur,
1502 2248 1553 2275 sed
1570 2248 1670 2275 omnia
1684 2249 1715 2275 ut
1729 2255 1746 2275 a
1761 2248 1812 2275 Pa-

1042 2298 1082 2324 tre
1098 2297 1228 2332 habens;
1254 2298 1282 2324 et
1304 2296 1386 2332 quod
1406 2296 1480 2323 sicut
1498 2294 1671 2323 mandatum
1690 2293 1771 2321 dedit
1785 2293 1810 2320 ei

1042 2345 1133 2375 Pater,
1149 2343 1189 2370 sic
1203 2343 1318 2371 locutus
1333 2344 1384 2375 est,
1400 2342 1472 2369 sicut
1485 2341 1630 2376 recolligit
1641 2340 1810 2375 Chrysosto-

1043 2398 1108 2416 mus
1116 2389 1144 2416 ¹⁸.
1155 2391 1185 2417 Et
1197 2392 1227 2416 ut
1236 2391 1315 2425 patet
1328 2397 1362 2415 cx
1373 2388 1467 2422 (lictis,
1478 2386 1682 2423 spernentibus
1694 2384 1808 2418 Filium,

1042 2478 1108 2501 sup„
1124 2479 1150 2494 n.
1168 2472 1192 2495 6.
1207 2485 1232 2488 -
1251 2472 1269 2488 ¹⁶
1284 2472 1355 2502 Sup.‚
1370 2477 1394 2501 ν,
1406 2472 1478 2494 22.-
1494 2470 1513 2487 ¹⁵
1525 2470 1597 2499 Aug„
1612 2467 1730 2498 ubisup„
1744 2474 1770 2490 n.
1785 2467 1808 2490 7.

1042 2520 1069 2523 —
1089 2508 1103 2521 ¹⁷
1120 2507 1219 2537 Mamm,
1240 2513 1299 2537 xm,
1318 2508 1353 2530 17.
1371 2519 1396 2523 ——
1416 2506 1434 2522 ¹⁸
1449 2506 1588 2536 Cbrysost.,
1605 2503 1647 2526 ubi
1661 2510 1728 2533 sup„
1744 2509 1770 2526 n.
1785 2504 1808 2526 2.

1075 2553 1108 2581 (α)
1130 2554 1192 2577 Cret.
1209 2553 1268 2577 edit.
1292 2555 1383 2577 manet.
1398 2566 1428 2570 —
1450 2552 1482 2582 (b)
1501 2552 1562 2575 Caet.
1583 2550 1641 2574 edit.
1664 2549 1722 2573 add.
1744 2556 1808 2572 sum.

1043 2600 1069 2605 ·—
1084 2588 1110 2617 (c)
1126 2589 1186 2611 Item
1200 2590 1330 2619 Supru.—
1343 2588 1379 2618 (d)
1392 2588 1451 2612 Caet.
1467 2586 1527 2610 edit.
1540 2586 1604 2609 deest
1619 2585 1652 2608 in.
1664 2597 1693 2602 -
1707 2585 1738 2615 (e)
1753 2585 1808 2615 Leq.

1043 2622 1160 2648 inculcat.
