1987 3032
58 414 90 433 An
97 414 165 433 trans·

59 443 123 464 lative
133 444 164 464 di-

58 505 154 525 Verbum

58 534 80 555 in
93 536 148 557 Deo.

80 1613 113 1631 An
123 1611 160 1631 ‹le-

67 1641 150 1661 buisset

72 1675 145 1695 dicere

53 1707 99 1729 νεῖ,
119 1710 157 1730 pro

54 1735 120 1755 Erlll.

182 199 240 228 252

182 262 322 298 quaeritur
335 261 372 288 de
386 260 486 289 Glossa
505 267 570 296 quae
584 260 638 294 ait,
653 258 735 294 quod
749 265 803 294 per
817 256 948 284 similitu-

181 310 282 337 dinem
306 316 374 336 cum
398 308 490 335 verbo
513 307 610 334 cordis
630 306 753 334 humani
769 326 779 340 ,
805 304 947 340 sapientia

179 356 228 384 Dei
242 358 310 383 nata
330 355 457 382 Verbum
476 354 646 388 intelligitur
665 362 672 380 :
692 360 763 387 ergo
783 351 947 379 secundum

178 403 250 437 hoc,
272 402 377 429 dicitur
401 400 568 428 translative
591 399 716 426 verbum
739 398 769 425 in
790 399 866 432 Deo,
886 405 946 425 non

179 449 341 477 secundum
355 448 397 476 rei
412 447 577 480 veritatem,
594 444 794 481 quodfalsum
806 445 866 471 est:
878 451 945 471 cum

177 496 326 524 verissime
343 494 469 521 Verbum
488 493 598 520 oriatur
612 499 647 519 ex
660 493 752 518 Patre.
768 492 800 518 Et
814 490 853 517 ad
867 490 945 517 istud

176 541 432 578 respondendum,
445 539 527 574 quod
543 538 642 566 Glossa
655 538 786 573 loquitur
802 538 945 572 quantum

177 590 214 617 ad
236 590 366 616 nostram
386 585 621 619 intelligentiam,
644 584 714 620 quia
736 591 790 619 per
810 583 945 611 notitiam

176 635 258 662 verbi
274 633 394 661 humani
414 631 548 660 mentalis
572 630 800 658 manuducimur
818 629 849 656 in
867 628 944 656 noti-

177 682 246 710 tiam
268 680 352 708 Verbi
375 678 483 706 aeterni.
509 677 588 704 Unde
612 676 788 711 Augustinus
808 676 816 692 ¹
837 684 844 702 ι
865 675 944 708 «Qui

177 727 255 763 cupit
277 726 315 754 ad
341 725 590 761 qualemcumque
613 722 836 750 similitudinem
857 721 944 748 Verbi

176 773 239 806 Dei,
255 772 391 808 quamvis
405 779 457 807 per
475 770 567 798 multa
586 768 755 802 dissimilia,
770 767 922 803 pervenire
933 788 942 801 ,

176 827 236 846 non
250 819 395 846 intueatur
409 817 534 845 verbum
548 817 697 849 nostrum,
713 814 796 850 quod
810 815 894 841 sonat
912 813 943 840 in

175 865 310 898 auribuS,
330 872 384 891 nec
406 863 526 899 quando
549 870 621 890 voce
636 860 797 897 profertur,
811 869 824 885 ν)
842 861 894 887 etc.
912 861 944 887 Et

175 911 323 947 sequitur:
341 919 354 935 «
375 910 431 938 Sed
454 908 634 936 transeunda
657 909 725 934 sunt
743 907 804 934 haec
826 915 832 934 :
855 908 886 934 ut
904 906 943 934 ad

176 958 258 986 aliud
278 956 464 992 perveniatur
485 954 613 982 hominis
635 953 777 987 verbum,
792 960 846 988 per
860 953 944 988 cujus

175 1004 421 1040 qualemcumque
450 1000 672 1028 similitudinem
684 1020 693 1034 ,
715 999 788 1027 sicut
807 999 838 1026 in
853 999 942 1034 aenig-

174 1052 271 1083 mate,
295 1049 430 1076 videatur
451 1049 610 1082 utcumque
640 1046 689 1073 Dei
714 1045 860 1079 verbum,
881 1053 943 1072 non

173 1096 264 1129 illud,
280 1095 361 1130 quod
382 1094 491 1121 factum
511 1095 554 1120 est
573 1092 612 1120 ad
626 1092 726 1126 illum,
739 1092 786 1119 vel
801 1091 840 1118 ad
858 1091 942 1118 illum

174 1142 350 1178 prophetam
367 1161 376 1174 ,
401 1140 452 1167 sed
477 1139 566 1173 illud,
590 1138 626 1165 de
655 1146 714 1173 quo
741 1137 852 1165 dictum
880 1139 940 1164 est:

176 1189 272 1216 Omnia
286 1195 336 1222 per
356 1188 444 1221 ipsum
465 1188 540 1219 facta
563 1186 634 1211 sunt.
650 1194 663 1209 »
681 1185 744 1211 llaec
762 1183 821 1211 ille.
840 1185 879 1211 Ex
897 1183 942 1210 his

173 1235 251 1270 patet
266 1232 348 1269 quod
362 1232 436 1259 sicut
449 1230 624 1266 Augustinus
639 1230 678 1257 ait
688 1237 787 1264 supra,
798 1232 942 1264 quantum

174 1283 261 1308 estex
274 1280 303 1306 vi
318 1278 473 1312 vocabuli,
485 1277 578 1311 magis
592 1276 730 1310 competit
739 1283 848 1303 nomen
858 1275 942 1302 verbi

174 1334 248 1354 sono
264 1333 354 1361 quam
368 1324 461 1352 verbo
476 1322 611 1356 mentali,
631 1324 658 1349 et
672 1324 816 1357 quantum
831 1321 869 1349 ad
885 1321 942 1349 hoc

172 1372 304 1408 loquitur
318 1371 418 1399 Glossa
434 1369 533 1397 :unde
555 1376 665 1396 nomen
686 1368 771 1395 Verbi
791 1370 832 1395 est
852 1370 942 1395 trans-

173 1419 279 1452 latum,
296 1425 356 1445 non
375 1418 473 1444 tamen
492 1415 659 1443 translative
680 1414 805 1448 dictum,
824 1414 875 1441 sed
897 1422 942 1441 se-

173 1465 303 1492 cundum
325 1463 367 1491 rei
388 1462 547 1490 veritatem.
573 1462 604 1488 Et
627 1460 663 1487 de
677 1461 734 1487 hoc
748 1460 862 1495 Verbo,
879 1461 941 1495 ejus

173 1512 340 1546 majestate,
355 1508 526 1541 aetarnitate,
541 1508 681 1542 potestate
701 1508 779 1542 patet
801 1507 832 1534 in
850 1506 940 1535 colla-

172 1558 250 1585 tione
266 1555 447 1592 praedicabili
461 1555 480 1581 ².

208 1604 424 1638 consequenter
438 1599 578 1636 quaeritur
598 1599 634 1626 de
656 1599 712 1626 hoc
730 1599 840 1633 verbo,
855 1600 939 1633 Erat,

173 1650 288 1677 videtur
302 1648 385 1684 quod
398 1647 546 1674 debuisset
561 1645 684 1672 dixisse:
698 1646 731 1672 In
748 1646 886 1680 principio
901 1648 941 1672 est

177 1698 301 1725 Verbum.
320 1697 352 1723 Ut
373 1694 451 1722 enim
463 1693 502 1721 ait
521 1692 635 1720 Boetius
649 1692 680 1718 ³:
696 1700 710 1717 «
729 1691 880 1718 AEternitas
899 1693 941 1719 est

173 1741 396 1770 interminabilis
414 1740 451 1775 (a)
473 1739 539 1766 vitae
560 1738 706 1774 possessio
724 1739 784 1765 tota
803 1737 901 1764 simul.
925 1746 938 1762 a

170 1793 244 1825 Ergo
256 1788 403 1816 debuisset
418 1786 551 1822 posuisse
565 1785 694 1812 Verbum
707 1783 856 1820 praesentis
868 1785 940 1811 tem-

170 1837 260 1873 poris.
287 1837 357 1863 Item
378 1833 471 1861 infra:
491 1842 504 1858 «
525 1832 612 1860 Filius
632 1831 682 1858 Dei
703 1830 834 1866 loquitur
850 1830 886 1857 de
909 1838 939 1858 se

170 1891 223 1919 per
245 1882 370 1910 verbum
394 1887 538 1916 praesens,
565 1886 633 1905 cum
662 1878 701 1905 ait
720 1878 750 1904 ⁵:
776 1878 940 1912 Antequam

170 1929 318 1958 Abraham
341 1927 439 1960 fieret,
465 1934 521 1960 ego
544 1933 619 1952 sum.
641 1934 653 1950 η
680 1925 751 1951 Item
772 1924 882 1950 Jacobus
903 1924 912 1939 5
930 1932 936 1950 ε

172 1975 283 2011 «Apud
301 1975 397 2009 ipsum
418 1980 479 2000 non
494 1973 535 1999 est
553 1970 760 1998 vicissitudinis
779 1970 939 1997 obumbra-

170 2022 220 2049 tio.
237 2023 294 2048 »Et
307 2021 346 2047 ita
360 2021 392 2047 ut
404 2019 495 2055 prius.
510 2019 579 2046 Item
594 2025 703 2045 nomen
719 2025 804 2044 suum
819 2018 871 2050 est,
887 2017 938 2051 qui

171 2070 213 2096 est
226 2069 253 2095 ⁶:
274 2078 286 2093 ι(
306 2067 360 2100 Qui
381 2068 438 2099 est,
458 2065 536 2092 misit
554 2073 601 2092 me
623 2064 662 2092 ad
679 2072 741 2091 vos.
759 2074 772 2090 »
790 2064 821 2090 Et
844 2063 885 2090 sic
907 2065 939 2091 ut

168 2115 259 2150 prius.
275 2116 308 2141 Et
323 2113 361 2140 ad
375 2112 450 2140 illud
464 2111 622 2147 respondet
638 2110 879 2145 Chrysostomus⁷
894 2109 938 2136 di-

170 2169 252 2195 cens,
275 2160 356 2196 quod
375 2160 430 2187 hoc
445 2158 585 2191 verbum,
609 2160 683 2189 erat,
701 2165 769 2183 cum
785 2156 821 2183 de
840 2158 939 2183 nostra

172 2207 277 2234 dicitur
298 2208 416 2240 natura,
439 2205 618 2240 praeteritum
639 2202 784 2238 significat
806 2204 936 2238 tempus,

171 2256 197 2280 et
211 2254 307 2288 ipsum
321 2253 377 2280 hoc
392 2251 522 2285 finitum3
543 2258 610 2277 cum
625 2252 723 2276 autem
738 2249 775 2275 de
790 2250 847 2276 Deo
863 2248 937 2275 dici-

171 2302 227 2333 tur,
241 2299 428 2326 aeternitatem
443 2297 602 2332 significat,
621 2296 694 2322 sicut
709 2297 736 2322 et
750 2302 809 2328 ens,
827 2294 937 2321 dictum

172 2346 208 2373 de
220 2345 354 2379 homine,
369 2351 498 2380 praesens
514 2345 629 2378 tempus
650 2343 763 2369 tantum
777 2339 936 2375 significat,

172 2392 208 2420 de
222 2394 279 2419 Deo
295 2399 365 2419 vero
377 2392 407 2418 id
418 2390 499 2426 quod
510 2392 552 2418 est
564 2396 680 2425 semper
690 2390 717 2416 et
728 2387 910 2415 aeternaliter.
921 2395 934 2412 »

203 2489 208 2501 ¹
223 2489 296 2516 Aug„
310 2486 339 2509 (Ie
350 2486 502 2514 T1>1‘111't.‚li1›.
518 2486 571 2514 XV,
582 2492 604 2508 c.
617 2490 653 2514 xl,
664 2490 690 2510 n.
704 2484 790 2507 :ML—²
799 2483 856 2507 Vid.
867 2483 936 2513 insin,

171 2523 262 2547 (ellat.
279 2528 297 2552 1,
315 2530 339 2544 m
354 2522 423 2544 Jowz.
434 2534 464 2538 —
478 2521 487 2536 ³
504 2522 583 2550 Βοιὼ,
599 2520 628 2543 (le
643 2519 767 2543 Consolat.
782 2518 936 2549 Philosoph„

170 2559 247 2587 lib.V,
257 2564 323 2588 pros.
337 2558 359 2586 6,
375 2562 426 2580 nou
443 2556 551 2578 muttum
564 2562 577 2578 a
591 2555 703 2585 1›rinc.—-
715 2555 725 2570 Β
735 2555 816 2582 loom,
831 2559 886 2583 vm,
898 2555 935 2577 58.

171 2607 197 2611 -—
214 2594 297 2622 ⁵Jac.,
318 2598 339 2622 1,
355 2593 391 2616 17.
406 2604 436 2608 —
451 2592 459 2603 ⁴²
476 2590 567 2620 Exeat„
586 2596 627 2618 ιιι,
645 2591 716 2613 15.—
732 2590 738 2603 ³
754 2589 894 2619 Chrysost„
911 2589 936 2611 in

170 2630 249 2658 doun„
266 2628 337 2652 hom.
360 2632 393 2657 11,
412 2626 444 2650 al.
465 2631 508 2656 ιιι,
533 2632 559 2648 n.
578 2626 601 2648 3.
623 2637 652 2642 -
676 2625 686 2640 θ
708 2624 781 2654 lhid„
804 2624 874 2648 hom.
896 2629 935 2653 ιιι,

698 190 912 224 EVANGELII
934 189 1074 221 SANCTI
1095 190 1258 222 JOANNIS

1001 257 1065 285 Haec
1085 256 1145 285 ille.
1170 258 1257 291 Quasi
1278 259 1376 286 autem
1394 257 1476 286 idem
1497 258 1528 286 in
1551 258 1666 294 messa,
1686 261 1769 296 quod

1004 304 1119 331 Verbum
1139 303 1332 332 substantiam
1354 304 1499 340 significat
1519 304 1567 332 hic
1590 306 1768 342 subjectam,

1000 351 1078 378 etde
1092 350 1194 378 hocin
1213 351 1322 379 Glossa.
1343 353 1376 379 Et
1395 352 1433 379 ad
1454 352 1569 387 obJecta
1583 353 1766 388 responden-

1000 397 1072 424 dum
1096 397 1258 425 secundum
1277 398 1432 433 magistros
1453 399 1664 433 communiter,
1684 400 1767 435 quod

999 443 1067 471 ideo
1085 443 1140 471 ait:
1159 446 1216 471 erat
1237 444 1366 476 Verbum,
1388 444 1471 479 quod
1491 447 1532 472 est
1550 445 1685 481 praeteriti
1709 446 1766 474 im-

998 490 1129 525 perfecti,
1145 489 1215 525 quia
1228 497 1290 517 esse
1306 490 1392 517 Verbi
1405 490 1453 517 hic
1467 490 1641 519 describitur
1655 494 1687 520 ut
1701 499 1768 528 per-

999 543 1131 570 manens,
1143 537 1170 563 et
1181 538 1212 564 ut
1224 536 1324 564 omnia
1334 544 1458 564 causans
1467 539 1494 565 et
1508 538 1697 566 antecedens:
1713 539 1766 567 sed

998 581 1029 609 in
1043 582 1099 610 hoc
1114 582 1217 616 verbo,
1231 585 1304 615 crat,
1319 582 1500 617 significatur
1513 584 1687 612 omnimoda
1700 593 1767 621 per-

998 627 1099 662 fectio,
1122 629 1150 655 et
1166 628 1294 663 perfecta
1314 629 1543 657 immutabilitas.
1568 632 1693 659 Praesens
1711 639 1765 660 au-

999 676 1072 709 tem,
1091 677 1144 709 est,
1161 675 1244 709 cujus
1257 682 1325 710 pars
1339 675 1494 710 praeteriit,
1510 683 1578 711 pars
1598 676 1695 705 futura
1709 679 1765 712 est,

999 722 1026 748 et
1040 722 1184 756 quantum
1199 720 1237 748 ad
1251 721 1308 747 hoc
1320 722 1464 756 repugnat
1479 721 1637 757 aeternitati,
1651 730 1706 750 nee
1719 724 1768 752 de-

998 766 1133 795 terminat
1146 766 1344 794 durationem:
1359 766 1417 794 hoc
1432 768 1530 795 autem
1544 768 1681 802 verbum,
1695 772 1765 802 erat,

998 813 1173 841 determinat
1190 815 1218 841 et
1236 814 1422 841 durationem
1442 816 1470 842 et
1487 814 1764 845 immutabilitatem.

998 861 1030 887 Et
1041 861 1072 887 ut
1083 860 1119 887 de
1134 861 1191 887 Deo
1202 859 1317 894 dicitur,
1330 860 1400 888 dicit
1409 860 1685 896 praesentialitatem,
1696 862 1767 898 quia

997 905 1202 940 aeternitatem,
1217 908 1249 933 ut
1262 906 1396 933 habitum
1410 908 1467 934 est:
1486 906 1559 934 nihil
1575 914 1645 942 ergo
1658 910 1765 943 prsete-

996 952 1043 980 riti
1062 952 1109 980 vel
1128 952 1361 988 principiationis
1382 952 1468 987 dicit,
1484 954 1516 980 ut
1537 955 1578 980 est
1598 953 1710 981 dictum
1728 954 1766 982 de

999 999 1066 1032 Deo,
1075 1001 1106 1026 ut
1115 999 1249 1026 habitum
1257 1001 1312 1027 est:
1322 999 1390 1026 ideo
1397 1006 1458 1026 non
1465 1001 1610 1035 repugnat
1616 1000 1766 1028 aeternitati

996 1045 1093 1072 Verbi.
1117 1045 1163 1071 llis
1180 1045 1288 1072 habitis
1309 1045 1345 1072 de
1359 1045 1482 1080 singulis
1497 1045 1664 1079 vocabulis,
1687 1054 1766 1082 quae-

996 1091 1069 1118 ritur
1085 1090 1122 1118 de
1137 1091 1200 1126 ipsa
1221 1091 1353 1118 clausula
1370 1091 1401 1118 in
1420 1099 1468 1125 se,
1487 1093 1514 1118 et
1528 1091 1675 1126 objicitur,
1692 1092 1766 1120 sicut

997 1136 1098 1171 objicit
1118 1137 1342 1172 chrysostomus
1357 1138 1387 1164 ³:
1405 1147 1420 1163 «
1434 1139 1507 1165 Cum
1522 1137 1637 1171 dicitur,
1652 1138 1764 1174 inquit,

996 1184 1029 1210 1η
1040 1185 1177 1218 principio
1188 1186 1243 1211 erat
1257 1184 1384 1216 Verbum,
1399 1185 1465 1210 ante
1477 1183 1577 1211 omnia
1588 1183 1717 1219 intellige
1729 1184 1764 1220 (b)

996 1229 1194 1263 unigenitum,
1212 1239 1225 1255 n
1244 1231 1272 1256 et
1286 1229 1397 1263 arguit:
1412 1239 1425 1254 «
1439 1229 1524 1262 Quod
1540 1231 1582 1256 est
1595 1237 1631 1256 ex
1647 1229 1763 1265 aliquo,

996 1275 1141 1310 posterius
1156 1277 1198 1302 est
1213 1283 1247 1302 eo
1264 1283 1299 1302 ex
1313 1283 1373 1310 quo
1388 1277 1447 1302 est:
1462 1275 1486 1301 si
1501 1282 1571 1309 ergo
1587 1275 1714 1303 Verbum
1728 1284 1764 1304 ex

998 1322 1089 1355 Patre,
1106 1329 1178 1356 ergo
1192 1321 1336 1356 posterius
1349 1322 1424 1348 est.»
1438 1323 1469 1348 Et
1483 1321 1522 1348 ad
1533 1321 1595 1348 hoec
1606 1322 1766 1357 respondet

997 1367 1079 1403 quod
1090 1367 1148 1395 hoc
1160 1369 1202 1394 est
1213 1367 1412 1395 humanorum
1422 1370 1677 1402 argumentorum5
1686 1376 1765 1396 nune

997 1416 1095 1441 autem
1109 1413 1146 1440 de
1169 1415 1227 1441 Deo
1245 1415 1287 1441 est
1304 1421 1410 1441 sermo.
1433 1415 1463 1441 In
1478 1415 1536 1441 Deo
1556 1413 1633 1441 filius
1647 1422 1708 1441 non
1723 1416 1766 1442 est

996 1460 1141 1494 posterius
1160 1461 1257 1495 patre,
1276 1460 1329 1487 sed
1349 1462 1517 1487 coaeternus.
1540 1460 1611 1487 Ante
1626 1462 1724 1487 autem
1737 1462 1778 1495 et*

993 1508 1055 1540 post
1076 1507 1142 1532 sunt
1162 1508 1327 1541 temporum
1344 1506 1530 1533 differentiae:
1551 1506 1603 1533 sed
1622 1506 1763 1541 tempori-

995 1551 1050 1578 bus
1068 1551 1202 1587 superior
1218 1554 1306 1579 Deus:
1327 1552 1394 1579 ideo
1413 1552 1444 1578 in
1462 1553 1521 1579 Deo
1536 1559 1596 1579 non
1612 1552 1731 1580 cadunt.
1747 1562 1761 1578 »

995 1599 1066 1625 ltem
1081 1597 1240 1633 respondet
1254 1599 1263 1615 Β
1284 1597 1322 1625 ad
1339 1598 1396 1625 hoc
1411 1598 1566 1633 exemplo:
1587 1607 1599 1623 «
1619 1598 1764 1633 Splendor

995 1644 1064 1671 solis
1079 1652 1115 1671 ex
1129 1644 1193 1680 ipsa
1212 1643 1282 1672 solis
1298 1645 1402 1671 natura
1421 1643 1530 1677 existit,
1545 1651 1606 1671 non
1625 1644 1763 1680 aliunde,

995 1690 1048 1718 sed
1068 1698 1222 1726 nunquam
1246 1692 1289 1717 est
1308 1690 1453 1725 posterior
1476 1690 1566 1717 solari
1588 1692 1715 1719 natura:
1739 1691 1763 1718 si

996 1744 1066 1772 ergo
1082 1737 1122 1763 sic
1143 1739 1184 1764 est
1201 1736 1232 1763 in
1250 1736 1423 1771 corporibus
1441 1736 1616 1768 visibilibus,
1634 1737 1707 1772 quid
1726 1737 1762 1764 de

996 1782 1092 1816 coelis,
1120 1784 1147 1809 et
1166 1783 1202 1809 de
1223 1784 1328 1810 natura
1349 1781 1488 1809 invisibili
1511 1784 1538 1809 et
1559 1782 1726 1810 ineffabili?
1747 1792 1760 1809 n

995 1830 1058 1857 Haec
1080 1829 1139 1856 ille.
1164 1828 1357 1856 Consimiliter
1378 1829 1405 1855 et
1426 1828 1576 1856 consimile
1596 1828 1763 1864 exemplum

995 1877 1057 1903 tum
1070 1875 1101 1910 (c)
1118 1875 1149 1902 in
1167 1875 1324 1911 splendore
1341 1882 1377 1902 ex
1394 1874 1466 1908 sole,
1480 1876 1543 1902 tum
1561 1875 1591 1910 (c)
1607 1874 1637 1902 in
1651 1875 1763 1902 lumine

995 1930 1030 1949 ex
1053 1922 1120 1956 igne
1142 1921 1226 1956 ponit
1249 1922 1444 1949 Damascenus
1460 1921 1493 1953 ¹⁰,
1516 1920 1568 1948 ubi
1587 1921 1712 1949 multum
1736 1924 1765 1950 et

995 1969 1070 1996 bene
1085 1968 1122 1996 de
1137 1969 1203 1996 hoc.
1224 1970 1293 1996 Item
1312 1975 1365 2003 per
1381 1967 1546 1995 consimilia
1561 1967 1698 2003 exempla
1716 1976 1763 1996 os-

994 2015 1087 2042 tendit
1106 2014 1281 2049 Augustinus
1297 2013 1447 2041 veritatem
1465 2013 1659 2048 generationis
1673 2014 1763 2050 ipsius

994 2061 1057 2089 Filii
1072 2061 1102 2088 in
1117 2060 1224 2088 divinis
1237 2069 1244 2088 :
1261 2070 1274 2085 α
1282 2060 1320 2095 Si,
1333 2059 1427 2095 inquit
1439 2060 1465 2093 ¹¹,
1480 2067 1572 2087 unum
1588 2062 1629 2087 est
1642 2059 1696 2093 sol,
1711 2060 1762 2095 qui

994 2109 1035 2135 est
1050 2108 1166 2141 lucens,
1181 2107 1339 2142 splendens
1354 2108 1381 2133 et
1400 2105 1511 2139 calens,
1533 2113 1585 2132 nec
1601 2108 1698 2133 tamen
1712 2105 1762 2132 lux

994 2155 1036 2181 est
1050 2153 1200 2189 splendor,
1216 2161 1269 2180 nec
1290 2151 1430 2187 splendor
1445 2154 1487 2178 est
1505 2151 1595 2184 calor,
1615 2159 1668 2178 nec
1682 2150 1762 2178 calor

994 2202 1033 2227 est
1048 2199 1192 2235 posterior
1206 2198 1377 2234 splendore,
1394 2205 1448 2224 nee
1462 2196 1634 2233 separabilis
1645 2196 1683 2224 ab
1698 2196 1760 2230 illo,

993 2248 1086 2275 multo
1103 2247 1196 2282 magis
1210 2246 1240 2273 in
1254 2246 1306 2273 illa
1318 2246 1441 2273 trinitate
1453 2245 1695 2280 superbenedicta
1708 2252 1760 2281 po-

993 2296 1047 2322 test
1061 2301 1121 2322 esse
1137 2293 1219 2329 quod
1233 2293 1321 2320 Filius
1333 2300 1350 2319 a
1360 2293 1451 2326 Patre,
1468 2293 1495 2319 et
1509 2291 1547 2318 ab
1560 2293 1685 2326 utroque
1699 2291 1760 2326 Spi-

992 2341 1063 2368 ritus
1078 2342 1208 2374 sanctus,
1223 2347 1277 2367 nec
1292 2340 1391 2366 tamen
1411 2338 1463 2374 qui
1479 2339 1560 2365 Pater
1581 2339 1637 2371 est,
1657 2337 1758 2371 Filius,

993 2395 1046 2415 nec
1067 2386 1188 2422 Spiritus
1209 2387 1336 2419 sanctus,
1350 2392 1403 2412 nec
1426 2391 1502 2411 unus
1527 2382 1698 2419 separabilis
1721 2383 1758 2411 ab

993 2471 1026 2494 al.
1041 2476 1075 2499 lv,
1092 2477 1118 2493 n.
1136 2473 1156 2494 l.
1170 2483 1200 2487 —
1220 2471 1228 2483 ’-“
1246 2469 1320 2499 lbid.‚
1337 2476 1363 2492 n.
1385 2470 1408 2492 3.
1426 2480 1456 2485 —
1474 2468 1495 2483 ¹⁰
1513 2468 1638 2497 Damaso„
1652 2466 1681 2489 de
1702 2466 1757 2490 ΡΜ.

994 2505 1104 2534 Οι·ιΙιοιΙ.,
1122 2505 1163 2528 lit».
1185 2506 1207 2535 t,
1223 2512 1245 2529 c.
1261 2510 1296 2528 xJ.
1311 2517 1342 2521 —
1361 2505 1377 2520 ¹¹
1398 2505 1472 2533 Aug„
1488 2503 1514 2525 in
1529 2502 1609 2531 loon„
1627 2503 1697 2525 tract.
1714 2507 1758 2531 xx,

992 2548 1016 2564 n.
1036 2542 1072 2564 13.

1026 2587 1057 2616 (a)
1082 2587 1123 2610 Al.
1149 2586 1259 2611 initialis.
1283 2599 1312 2604 —
1336 2585 1369 2617 (b)
1396 2584 1454 2609 Coet.
1478 2583 1537 2608 edit.
1560 2582 1708 2614 intelligere.
1729 2596 1758 2601 —

995 2623 1022 2653 (c)
1039 2623 1048 2646 I
1051 2623 1098 2646 tem
1113 2624 1172 2646 tam.
