1987 3032
787 228 1064 261 ARGUMENTUM
1070 253 1076 259 .
1665 232 1720 260 ⁶241

143 298 282 326 Ubiorum
295 297 421 326 Coloniae
429 297 460 324 X.
476 295 620 323 Kalendas
632 295 738 330 Aprilis
751 297 776 323 M
789 298 810 324 D
821 297 970 324 LXXXVIII.
982 295 1172 323 Praesentibus
1184 296 1296 324 ibidem
1311 295 1486 324 Reverendis
1506 295 1634 323 dominis
1648 296 1724 322 Luca

143 350 161 370 3
175 343 354 377 Tongheren,
371 342 398 368 et
413 340 564 368 Leonardo
578 339 711 368 Paliucca
725 340 902 376 presbyteris
915 339 1072 374 respective
1087 339 1312 374 Duventriensis,
1329 341 1356 366 et
1370 339 1506 367 Calatinae
1523 339 1654 366 dioecesis
1670 340 1725 365 tes-

143 386 220 412 tibus
236 386 274 412 ad
288 385 436 420 praemissa
448 384 567 412 vocatis.
583 384 695 410 Jacobus
713 384 840 417 Peranus,
856 384 972 411 Clericus
988 384 1138 411 Leodz'ensz's
1153 385 1295 418 Imperiali
1309 386 1334 411 et
1349 384 1501 418 Apostolica
1516 383 1724 410 auctoritatibus

144 430 284 462 Notarius,
297 430 345 462 qui
356 436 448 462 supra.

187 524 225 555 In
244 523 303 555 hac
322 522 529 566 Expositione
549 522 583 554 S.
601 522 830 555 Bonaventura
851 532 917 554 non
936 521 1050 564 longas
1068 521 1142 553 illas
1161 521 1397 563 enarrationes,
1414 531 1486 562 quae
1504 520 1726 553 delectationis

144 592 239 613 031153
253 592 269 612 0
282 580 463 613 Rhetorum
479 580 596 612 scholis
612 583 811 620 emanantes,
829 578 971 611 flosculis
984 589 1119 622 aspersae
1132 583 1220 619 sunt,
1237 583 1437 611 consectatus
1451 582 1510 619 est,
1526 582 1564 610 ut
1579 578 1726 621 plerique

144 638 203 670 alii
225 638 388 678 fecerunt,
410 637 467 681 qui
488 642 580 670 vetus
600 637 826 670 scholasticum
847 636 975 669 dicendi
989 647 1092 679 genus
1107 635 1344 676 adhibuerunt,
1361 635 1413 667 sed
1431 646 1517 668 novo
1539 634 1726 667 scholastico

144 695 305 727 scribendi
327 705 460 737 genere,
483 694 571 738 quod
593 698 662 726 tum
681 694 825 738 primum
848 693 905 726 1113
925 693 995 737 ejus
1017 697 1094 725 aetas
1114 693 1356 733 introduxerat,
1382 703 1477 733 usus,
1499 692 1670 724 distribute
1691 702 1727 724 ac

144 752 310 792 distincte,
328 751 481 791 breviter,
504 751 709 795 dilucideque
729 751 946 793 Evangelium
966 751 1121 794 explicat,
1139 762 1197 794 pro
1219 751 1343 783 ratione
1358 754 1486 782 tantum
1501 749 1725 791 intelligentiae

145 809 293 841 litteralis
307 812 338 841 et
352 808 547 852 spiritualis,
568 808 694 840 omissis
715 808 868 840 omnibus
888 808 1123 852 quaestionibus
1143 812 1174 839 et
1192 807 1467 851 disputationibus
1486 806 1583 848 longe
1604 806 1723 849 petitis.

145 866 271 898 Verum
293 866 320 897 si
342 866 473 910 quando
492 865 582 898 locus
602 865 742 898 difficilis
762 869 793 897 et
815 865 971 898 obscurus
985 865 1114 905 incidit,
1131 868 1201 896 tum
1216 864 1406 907 theologicis
1420 863 1638 906 argumentis,
1656 868 1727 895 tum

147 923 219 955 aliis
242 923 416 966 Scripturae
440 922 518 955 10015
540 912 704 954 illustrare
728 922 820 955 brevi
843 922 1026 963 contendit,
1049 922 1095 954 ita
1117 925 1154 953 ut
1176 921 1313 964 postillae
1336 921 1469 953 modum
1492 932 1558 953 non
1582 920 1725 961 excedat,

147 979 240 1022 cujus
259 980 462 1022 potissimum
481 979 563 1011 ratio
583 979 686 1022 posita
707 983 754 1011 est
772 979 808 1010 in
830 979 1006 1022 Scripturae
1028 979 1106 1011 locis
1124 978 1266 1010 breviter
1287 978 1494 1021 dilucideque
1517 978 1728 1021 explicandis,

147 1036 215 1068 sine
237 1036 306 1068 ulla
327 1036 544 1080 quaestionum
563 1036 753 1068 subtilitate.
780 1036 893 1068 Totius
912 1035 1013 1078 igitur
1035 1035 1205 1077 Evangelii
1225 1045 1354 1066 summa
1372 1034 1477 1078 capita
1496 1035 1629 1076 dividit,
1652 1046 1732 1067 enu-

148 1096 262 1133 merat,
279 1092 414 1134 colligit,
434 1092 688 1135 summatimque
703 1092 891 1135 perstringit
909 1104 915 1124 :
933 1096 964 1124 et
980 1103 1054 1136 quae
1070 1092 1276 1124 membratim
1291 1091 1412 1131 divisit,
1430 1091 1560 1133 singula
1576 1096 1606 1124 et
1621 1092 1731 1124 omnia

147 1149 384 1181 accuratissime
400 1149 543 1192 exponit.
560 1148 611 1180 Ad
624 1160 723 1191 quam
738 1148 973 1192 expositionem
990 1160 1029 1181 ex
1044 1148 1170 1190 regula,
1183 1159 1283 1192 quam
1298 1148 1412 1180 beatus
1425 1152 1561 1192 martyr,
1578 1148 1730 1192 idemque

146 1205 349 1237 doctissimus
369 1205 521 1237 Pontifex
541 1206 690 1238 Clemens
704 1205 717 1236 Ι
734 1205 846 1247 tradit,
864 1217 931 1238 non
946 1205 1120 1238 sententias
1135 1216 1174 1237 ex
1188 1205 1313 1247 ingenii
1327 1206 1379 1237 sui
1396 1217 1492 1238 sensu
1511 1206 1728 1250 depromptas,

146 1261 200 1294 sed
224 1273 263 1294 ex
287 1266 471 1295 sanctorum
494 1263 630 1294 Patrum
653 1262 799 1294 doctrina
818 1262 911 1305 quasi
934 1273 974 1294 ex
995 1262 1130 1306 perenni
1150 1262 1239 1294 fonte
1264 1263 1415 1305 haustas,
1437 1262 1605 1305 adhibuit;
1630 1274 1670 1295 ex
1691 1262 1731 1294 iis

147 1323 256 1351 autem
273 1319 334 1351 sibi
352 1319 555 1362 potissimum
573 1319 692 1361 delegit
713 1318 795 1351 duos
815 1330 960 1351 summos
978 1319 1128 1352 Ecclesiae
1150 1319 1312 1360 doctores,
1330 1331 1435 1352 unum
1451 1319 1624 1361 Latinum,
1640 1331 1731 1352 sanc-

148 1381 218 1408 tum
233 1376 471 1418 Augustinum,
487 1376 627 1408 alterum
643 1376 804 1417 Graecum,
820 1376 980 1409 Joannem
996 1376 1264 1419 Chrysostomum
1283 1389 1289 1408 ι
1307 1387 1449 1420 quorum
1463 1377 1678 1421 expositiones
1695 1381 1730 1410 ut

147 1437 302 1476 perpetua
316 1433 488 1477 scriptione
502 1437 687 1474 connectat,
707 1445 798 1465 suam
815 1433 1049 1476 expositionem
1068 1434 1113 1465 ita
1133 1437 1206 1476 apte
1220 1437 1251 1465 et
1266 1433 1422 1466 concinne
1437 1434 1617 1476 interserit,
1634 1439 1671 1467 ut
1689 1435 1729 1467 ad

146 1490 329 1533 exponendi
350 1490 507 1522 rationem
532 1490 615 1522 1111111
640 1490 747 1533 aptius
767 1490 914 1523 connecti
938 1491 1057 1533 possit,
1082 1501 1157 1522 cum
1181 1501 1247 1522 non
1270 1491 1468 1535 interrupta,
1495 1492 1550 1524 sed
1573 1496 1731 1536 perpetua

145 1547 327 1591 exponendi
342 1547 423 1579 ratio
438 1547 600 1579 videatur.
620 1547 683 1579 Eos
703 1551 812 1579 autem
832 1547 944 1579 ambos
958 1547 997 1580 ad
1013 1547 1312 1591 interpretationem
1327 1548 1460 1581 adhibet
1474 1553 1632 1594 tanquam
1647 1551 1730 1594 opti-

145 1615 227 1646 mOS,
242 1616 324 1648 quos
338 1609 494 1648 sequatur
507 1605 690 1649 exponendi
704 1604 876 1648 Evangelii
887 1605 1068 1648 magistros.
1082 1605 1240 1638 Versione
1254 1609 1364 1638 autem
1376 1606 1493 1639 Latina
1506 1606 1730 1650 Chrysostomi

145 1662 261 1702 utitur,
282 1673 349 1694 non
369 1673 406 1694 ea
423 1661 575 1706 quidem,
595 1673 670 1706 quae
689 1661 784 1694 hodie
804 1673 913 1694 recens
932 1662 1020 1706 apud
1041 1662 1174 1694 Latinos
1196 1662 1230 1694 in
1249 1674 1311 1695 usu
1330 1667 1394 1705 est,
1410 1663 1465 1696 sed
1483 1664 1540 1696 illa
1556 1667 1650 1697 vetus
1667 1664 1724 1707 (a),

144 1729 244 1762 quam
262 1718 313 1751 vel
333 1718 538 1760 Eustathius,
559 1719 610 1751 vel
626 1719 794 1759 Amanus,
811 1719 863 1751 vel
879 1719 964 1751 alius
979 1719 1141 1763 quispiam
1157 1720 1314 1763 antiquus
1328 1720 1488 1764 interpres
1502 1721 1656 1763 confecit,
1674 1721 1726 1754 vel

144 1775 277 1808 fortasse
291 1776 318 1808 is
328 1801 337 1817 ,
355 1787 421 1820 quo
436 1787 476 1809 ex
493 1775 616 1808 Urbani
634 1775 680 1809 IV
700 1776 895 1808 liberalitate
910 1780 1040 1808 sanctus
1054 1776 1152 1808 etiam
1167 1776 1309 1809 Thomas
1324 1788 1403 1809 usus
1418 1781 1480 1819 est,
1498 1778 1538 1810 ad
1553 1783 1728 1811 contexen-

143 1832 218 1864 dam
243 1844 282 1865 ex
309 1832 429 1865 Graecis
455 1832 607 1865 Patribus
637 1832 787 1865 Latinam
813 1837 960 1866 catenam
988 1833 1022 1865 111
1052 1838 1196 1877 quatuor
1218 1834 1453 1877 Evangelistas.
1484 1835 1548 1869 Sed
1576 1836 1616 1868 ad
1644 1836 1728 1869 113Πο

143 1889 331 1930 Ρο511113111,
347 1893 384 1921 111
398 1889 615 1931 Evangelium
631 1888 666 1922 S.
686 1889 822 1922 Joannis
838 1890 1013 1933 explicaret
1031 1890 1262 1934 mysteriorum
1282 1891 1520 1933 significatione
1536 1893 1727 1926 cumulatis-

143 1947 237 1987 sima,
252 1946 403 1989 adjunxit
417 1946 514 1978 etiam
530 1945 581 1978 hic
595 1950 704 1979 noster
718 1947 926 1980 Collationes.
939 1947 995 1980 Est
1010 1951 1133 1988 autem,
1144 1953 1180 1980 nt
1195 1947 1240 1980 ita
1254 1947 1372 1990 dicam,
1387 1950 1540 1983 collativa
1553 1951 1725 1994 expositio,

143 2003 252 2046 gravis
270 2003 412 2046 pondere
427 2003 679 2046 sententiarum,
697 2008 728 2036 et
746 2005 785 2036 ad
809 2004 980 2048 mysteria,
997 2005 1212 2037 sanctioresve
1235 2016 1348 2038 sensus
1368 2007 1576 2051 explicandos
1594 2019 1726 2041 accom-

143 2060 272 2093 modata
290 2074 296 2093 :
317 2060 451 2104 ejusque
466 2060 548 2093 ratio
562 2064 594 2092 et
608 2072 686 2093 usus
699 2061 734 2093 111
749 2073 786 2094 eo
801 2065 862 2103 est,
879 2073 955 2094 cum
969 2073 1068 2095 sacrae
1082 2061 1213 2103 litterae,
1230 2062 1408 2107 divinaque
1422 2064 1569 2108 eloquia,
1586 2065 1726 2098 familia-

142 2117 233 2150 ribus
252 2128 287 2149 ac
307 2117 432 2150 mutuis
453 2117 624 2161 colloquiis
645 2121 676 2150 01
699 2118 836 2161 dialogis
859 2123 1081 2162 exponuntur.
1104 2119 1197 2151 Illius
1217 2130 1314 2162 porro
1334 2120 1492 2154 collativae
1512 2122 1724 2165 expositionis

141 2174 264 2218 duplex
286 2178 332 2207 est
352 2185 455 2217 genus
472 2187 479 2207 t
497 2176 844 2218 unumrcontinuatum
860 2177 982 2221 quippe
997 2181 1062 2219 est,
1078 2177 1113 2209 in
1129 2189 1195 2222 quo
1215 2178 1289 2222 quis
1308 2189 1395 2211 unus
1417 2190 1545 2223 semper
1561 2179 1722 2223 loquitur,

142 2235 362 2276 perpetuoque
377 2232 532 2265 orationis
545 2244 643 2266 cursu
658 2233 789 2276 exponit
803 2234 1018 2278 colloquium,
1034 2234 1123 2279 quod
1136 2235 1203 2279 ipse
1216 2236 1268 2268 vel
1282 2236 1366 2268 311115
1379 2247 1454 2269 011111
1469 2237 1541 2269 31115
1555 2237 1721 2279 habuerit,

142 2288 307 2332 simulque
325 2289 485 2322 connectit
498 2289 757 2334 colloquentium
772 2290 972 2334 interrogata
987 2295 1018 2324 et
1032 2302 1197 2335 responsa,
1214 2293 1253 2325 iis
1269 2293 1394 2326 usitatis
1410 2293 1516 2327 verbis
1536 2306 1542 2326 ι
1562 2295 1718 2338 Inquam,

142 2345 202 2378 ait.
233 2345 269 2377 Id
296 2346 477 2379 collationis
504 2358 607 2389 genus
634 2347 784 2380 adhibuit
811 2348 982 2381 Zacharias
1008 2349 1274 2393 Hieropolitanus
1297 2350 1474 2394 Episcopus
1500 2352 1535 2384 in
1562 2351 1718 2395 Dialogo,

141 2414 239 2447 quem
250 2407 397 2446 Kpucztz‘ov
411 2403 448 2447 (b)
464 2403 565 2437 Graeci
576 2405 753 2448 appellant,
768 2405 808 2437 de
818 2416 917 2438 aurea
925 2405 1077 2439 Danaelis
1086 2410 1203 2439 statua.
1215 2406 1356 2439 Joannes
1368 2408 1466 2440 etiam
1477 2408 1648 2442 Cassianus
1658 2409 1719 2442 hoc

138 2459 208 2503 ipso
230 2471 347 2503 genere
369 2471 465 2502 usus,
489 2460 608 2493 multos
631 2460 821 2515 divinarum
839 2462 1022 2496 litterarum
1044 2463 1131 2496 locos
1153 2463 1245 2495 libris
1266 2464 1425 2507 explicat,
1448 2477 1531 2509 quos
1550 2470 1719 2510 propterea

137 2515 331 2550 Collationes
353 2517 525 2562 inscripsit.
547 2518 698 2550 Alterum
716 2518 938 2563 interruptum
953 2520 1146 2553 Collationis
1163 2531 1266 2562 genus
1285 2524 1348 2563 est,
1364 2532 1439 2554 cum
1458 2522 1548 2563 duae,
1565 2524 1717 2567 pluresve

136 2583 279 2616 personae
292 2574 378 2608 inter
391 2585 424 2608 se
437 2575 658 2619 colloquentes
671 2575 890 2619 inducuntur,
908 2588 982 2621 quae
998 2577 1122 2610 mutuis
1136 2577 1449 2621 interrogationibus
1462 2590 1594 2614 sensum
1611 2591 1717 2614 sacro-

170 2650 202 2677 (a)
220 2649 275 2679 [ΑΨ.
292 2651 386 2674 vetere.
398 2663 429 2668 —
444 2651 476 2681 (b)
489 2652 630 2683 Χρυσεικὸν.

258 2701 331 2723 ron.
353 2702 398 2724 111,
1562 2704 1600 2731 16
