1987 3032
88 669 172 692 instita.

200 185 259 213 416
721 183 931 215 EVANGELH
955 183 1091 215 SANcTt
1114 184 1277 217 JOANNJS

200 249 252 277 dit.
269 251 300 277 Et
318 249 374 277 hoc
397 250 449 277 fuit
467 259 525 277 suin
548 250 710 286 sapientiae,
726 258 779 285 per
799 249 891 277 verba
905 251 969 286 qui-

200 295 267 323 dem
282 296 574 330 condescensionem,
585 305 638 332 per
653 305 698 324 res
711 304 783 323 vero
797 298 970 331 potestatem

199 342 361 370 ostendere.
376 354 388 367 n
403 344 464 370 tlzrc
480 343 540 370 ille.
556 344 587 370 Ut
599 351 669 377 ergo
685 342 852 370 ostenderet
866 350 896 370 se
908 351 969 370 esse

198 397 302 417 verum
327 389 497 421 hominem,
519 390 625 424 gratias
648 390 729 424 egit,
753 391 783 416 ut
807 389 971 417 ostenderet

198 443 228 463 se
245 444 306 463 esse
319 444 421 463 verum
438 438 541 470 Deum,
557 436 597 463 ait
614 445 619 462 :
639 437 706 463 Veni
725 438 801 469 foras
820 445 826 462 :
846 444 899 463 sua
914 444 968 471 po-

198 484 312 516 testate,
327 483 399 509 sicut
413 483 588 518 promiserat
602 491 692 518 supra
711 483 717 498 ¹
736 491 742 509 ε
762 492 774 507 «
789 483 871 510 venit
885 482 968 517 hora,

196 529 320 565 quando
336 537 452 563 omncS,
478 529 528 564 qui
550 529 580 556 in
602 529 800 556 monumentis
821 531 904 564 sunt,
920 537 969 556 au-

198 575 278 602 dient
291 583 395 602 vocem
411 575 473 602 Filii
487 575 545 602 Dei.
560 586 573 601 »

233 623 276 648 44.
302 623 336 648 Et
356 623 449 648 statim
475 622 579 655 prodiit
602 623 702 655 lz'qatits
721 623 844 656 institis,
862 622 892 648 id
908 624 967 656 est,

197 667 283 695 vittis.
309 668 406 695 lnstita
428 667 534 694 dieitur
555 667 639 700 vitta,
655 667 739 703 quasi
760 668 851 695 latum
868 668 969 703 cingu-

196 714 258 741 lum
273 722 334 750 quo
350 714 431 749 pueri
447 714 586 749 ligantur,
600 716 654 741 etc.
677 715 707 741 Ut
727 714 805 741 enim
828 715 867 742 ait
888 714 969 742 Glos-

196 769 228 788 sa
244 770 250 787 :
270 771 283 787 «
298 761 376 789 Sicut
390 762 520 797 potentia
541 761 589 789 Dei
604 761 668 795 fuit,
685 762 768 797 quod
793 762 904 796 surgit3
929 762 968 789 ita

196 807 264 840 fuit,
284 808 366 843 quod
390 808 430 835 sic
454 808 568 843 prodit,
585 818 598 833 u
616 811 670 835 etc.
693 808 772 835 Unde
796 808 967 848 Chrysosto-

195 862 261 881 mus
275 854 286 869 ²
300 863 306 881 :
328 864 340 879 «
355 854 425 882 Vide
441 863 516 890 opus
532 857 640 882 testans
656 855 717 889 ejus
739 854 941 882 auctoritatem
959 864 965 882 ς

195 901 284 927 exivit
305 901 383 928 enim
403 902 525 928 Lazarus
548 901 741 936 compeditus
759 911 771 926 n
790 903 823 928 Et
836 901 967 936 sequitur

194 947 350 982 praeceptio
366 947 562 981 deligationis,
574 948 613 975 ibi
629 949 747 975 :Solvite
760 957 829 981 eum,
845 951 870 975 et
885 950 967 976 sinite

195 994 277 1020 abire.
300 994 452 1027 Quaeritur,
469 1002 534 1020 cum
558 996 633 1021 esset
655 995 818 1021 evidentius
842 994 966 1021 miracu-

194 1039 270 1073 lum,
287 1040 309 1066 si
326 1039 469 1074 deligatus
485 1040 606 1067 omnino
622 1041 780 1076 prodisset,
798 1048 889 1076 quare
905 1049 965 1068 non

194 1085 236 1113 sic
256 1086 323 1113 feeit
345 1087 504 1113 Dominus?
520 1088 551 1114 Et
571 1086 609 1114 ad
631 1087 687 1114 hoc
703 1088 861 1123 respondet
874 1088 965 1123 Chry-

194 1134 340 1159 sostomus
356 1132 376 1166 ³,
395 1132 476 1168 quod
495 1143 507 1158 (ι
521 1134 551 1159 ut
564 1141 624 1160 non
640 1135 790 1169 putaretur
811 1134 965 1169 phantasia

193 1186 255 1205 esse
269 1187 329 1213 res,
347 1179 432 1213 jussit
455 1187 523 1206 eum
547 1179 675 1214 solvere,
698 1182 728 1207 ut
751 1182 921 1215 tangentes,
938 1183 965 1208 et

192 1232 286 1260 prope
308 1233 375 1252 eum
399 1225 464 1252 facti
480 1247 488 1259 ,
514 1225 634 1253 videant
657 1226 800 1261 quoniam
823 1226 872 1253 ille
896 1235 964 1254 vere

192 1274 280 1305 esset,
297 1271 405 1298 scilicet
420 1273 552 1298 Lazarus.
570 1274 601 1299 Et
624 1273 662 1299 ait
679 1281 685 1299 z
709 1273 796 1300 Smcte
819 1274 911 1306 abire,
934 1276 964 1300 ut

190 1317 324 1351 videant,
341 1318 423 1353 quod
438 1326 500 1346 nou
515 1319 553 1345 ad
570 1319 775 1353 gloriitionem
790 1319 856 1346 t'ecit
873 1329 880 1345 :
903 1327 964 1346 non

190 1367 287 1392 autem
305 1364 345 1391 ait
365 1374 371 1391 ε
395 1365 482 1393 Sinite
505 1373 622 1392 mecum
648 1366 817 1400 ambulare,
837 1368 865 1393 ut
881 1374 964 1394 mon-

189 1413 310 1444 stretur,
322 1421 334 1436 »
351 1413 403 1438 etc.
422 1411 588 1438 Secundum
601 1412 795 1446 Augustinum
812 1412 838 1446 ⁶,
857 1423 870 1438 (ι
885 1421 962 1440 mor-

189 1461 255 1486 tuus
283 1459 337 1486 sub
362 1459 460 1494 lapide
475 1480 483 1492 ,
509 1459 603 1493 signat
625 1459 777 1486 hominem
801 1468 884 1486 reum
907 1460 962 1487 sub

189 1505 267 1540 lege,
284 1514 349 1540 quze
363 1506 372 1521 ³
388 1513 449 1532 non
471 1505 565 1541 potuit
582 1505 751 1539 justificare.
769 1506 902 1533 Remotio
919 1506 961 1533 la-

188 1551 266 1587 pidis
281 1551 376 1586 signat
391 1552 571 1579 amotionem
587 1551 725 1587 ponderis
741 1552 814 1586 legis
830 1560 881 1587 per
895 1560 962 1587 gra-

189 1598 275 1632 tiam,
292 1600 318 1625 et
342 1598 503 1625 libertatem
528 1598 646 1634 spiritus
662 1599 692 1625 ¹³:
714 1608 726 1623 t(
750 1599 801 1625 Ubi
824 1599 960 1634 spirituS,

188 1644 229 1671 ibi
244 1644 374 1672 libertas.
390 1655 403 1670 n
424 1644 509 1677 Quod
524 1644 602 1671 enim
617 1646 697 1671 Jesus
712 1644 890 1679 lacrymatus
907 1647 959 1678 cst,

188 1693 215 1717 et
230 1690 312 1726 quod
328 1699 400 1718 voce
415 1699 524 1725 magna
539 1691 691 1725 clamavit,
707 1692 801 1725 signat
815 1692 824 1708 Τ
843 1701 855 1716 «
871 1700 961 1727 quam

189 1737 307 1764 difficile
323 1737 427 1772 surgit,
445 1746 534 1773 quem
550 1738 642 1765 moles
665 1738 750 1765 malae
773 1738 958 1765 consuetudi-

189 1783 234 1810 nis
257 1784 372 1819 premit.
399 1794 412 1809 ι)
437 1784 521 1817 Quod
547 1787 645 1811 autem
669 1784 811 1820 processit
834 1784 960 1818 ligatus,

189 1831 285 1865 signat
307 1831 317 1847 ³
333 1853 340 1862 ,
367 1831 449 1866 quod
471 1830 592 1866 quando
615 1831 776 1858 contemnis
794 1852 803 1865 ,
828 1834 961 1858 mortuns

185 1877 280 1911 jaces;
299 1877 418 1912 quando
441 1877 603 1911 confiteris,
626 1877 778 1913 procedis,
802 1877 899 1904 adhuc
916 1879 959 1904 ta-

187 1931 256 1950 men
281 1931 357 1950 reus.
384 1923 451 1951 ideo
475 1926 505 1950 ut
527 1923 708 1951 solverentur
730 1926 865 1959 peccata,
888 1923 960 1950 dixit

187 1970 261 1996 Deus
284 1969 445 1996 ministris:
466 1970 566 1997 Solvite
592 1978 658 1997 enm.
686 1971 748 1997 Haec
774 1970 957 2004 Augustinus.

188 2015 267 2043 Unde
288 2018 366 2051 patet
390 2024 424 2043 ex
450 2016 550 2050 dictis,
575 2016 657 2052 quod
683 2019 815 2043 mortuus
838 2017 959 2043 Lazarus

187 2062 282 2097 signat
301 2065 485 2098 peccatorem
510 2065 660 2090 mortuum
674 2085 681 2096 ,
703 2063 786 2097 cujus
809 2070 913 2089 manus
933 2065 959 2089 et

187 2109 277 2144 pedes
293 2112 359 2136 sunt
374 2109 471 2144 ligati,
489 2111 519 2136 ut
543 2109 647 2136 dicitur
668 2109 724 2136 hic.
742 2111 787 2136 Est
801 2109 879 2136 enim
894 2117 960 2144 pec-

188 2158 268 2182 cator
289 2155 394 2190 ligatus
415 2156 539 2183 vinculis
553 2177 562 2189 ,
587 2158 674 2191 prout
699 2156 738 2183 ait
767 2156 910 2191 Propheta
924 2156 934 2171 ⁹
951 2165 957 2182 ;

191 2213 203 2226 (ι
223 2203 314 2229 Funes
342 2204 531 2237 peccatorum
560 2202 750 2237 circumplexi
781 2203 848 2228 sunt
870 2209 955 2228 me.»

188 2249 208 2265 ¹⁰
219 2258 232 2273 (ι
241 2248 369 2275 Funibus
380 2250 567 2284 peccatorum
579 2249 704 2284 quisque
715 2247 931 2282 constringitur.
944 2258 957 2273 ι)

188 2294 268 2321 Unde
291 2297 331 2322 est
352 2295 452 2329 ligatio
474 2294 626 2329 multiplex
654 2303 660 2321 ε
686 2302 743 2321 una
770 2296 811 2320 est
834 2293 959 2320 vinculis

189 2341 292 2377 eulpae,
304 2350 369 2377 quae
386 2342 518 2377 signatur
533 2341 596 2373 hic‚·
612 2341 670 2369 alia
690 2344 732 2368 est
754 2341 879 2368 vinculis
898 2350 958 2376 ρω-

222 2414 229 2429 ¹
251 2414 322 2442 sup„
346 2420 369 2440 v,
392 2414 429 2435 *lxx
451 2425 478 2429 —
502 2414 509 2426 ²¹
530 2412 672 2443 Chrysost„
697 2411 738 2435 ubi
757 2418 824 2442 sup..
846 2419 870 2435 u.
894 2413 916 2436 3.
931 2426 956 2428 —

188 2448 198 2464 ³
214 2448 275 2472 thid.
292 2461 322 2465 —
336 2447 345 2463 ⁵
362 2448 435 2476 Aug„
452 2447 493 2470 ubi
510 2454 577 2477 sup,
594 2455 618 2470 ιι,
636 2449 673 2471 22.
694 2460 722 2463 —-
742 2448 750 2460 ⁵
769 2447 846 2476 Rom„
862 2453 902 2474 ιιι,
918 2448 955 2470 20.

187 2498 218 2502 -
238 2485 247 2498 ⁶
268 2484 286 2506 11
304 2483 370 2508 Cmn,
391 2488 434 2511 ιιι,
451 2484 487 2506 17.
508 2496 538 2500 —
560 2482 568 2498 7
590 2484 664 2513 Aug,
685 2483 727 2505 ubi
742 2490 809 2513 sup„
824 2489 850 2506 n.
872 2483 910 2506 2⁷.
928 2496 959 2500 —

187 2520 198 2536 ⁸
214 2521 288 2550 Aug,
306 2518 365 2542 ibid.
382 2530 411 2534 —
425 2518 435 2533 ⁹
456 2518 523 2541 Psnl.
540 2524 632 2547 cxviii,
648 2521 686 2541 tit.
702 2531 732 2535 —
750 2519 767 2534 ¹0
782 2519 863 2548 Prov„
879 2523 902 2548 v,
918 2520 957 2542 22.

187 2569 218 2573 —
241 2557 257 2570 ¹¹
282 2553 380 2581 Martia,
404 2559 475 2582 xxii,
499 2555 537 2577 13.
562 2567 592 2571 -
615 2554 636 2569 ¹2
657 2554 774 2583 Gregor„
798 2554 823 2577 in
851 2554 957 2584 Evany.,

188 2591 256 2614 hom.
274 2594 383 2618 xxxviii,
397 2590 454 2619 post
470 2588 536 2611 med.
552 2601 577 2605 —
593 2589 612 2604 ¹³
625 2588 679 2616 Jeb,
696 2590 783 2617 111,tS.
795 2601 824 2605 -
841 2590 857 2603 ¹⁴
870 2590 957 2619 Greg„

189 2625 290 2653 Marah,
305 2624 349 2648 lib.
369 2624 412 2653 iv,
429 2630 450 2647 c.
470 2629 531 2653 xxx,
546 2624 579 2646 al.
595 2629 684 2653 xxxiv,
703 2630 729 2647 ιι.
749 2624 788 2648 68.
803 2636 832 2641 ——
852 2624 871 2640 ¹⁵
886 2624 957 2654 Sap„

1024 258 1068 277 nae
1079 256 1093 268 ¹¹
1105 260 1111 277 :
1122 261 1135 276 α
1146 252 1250 287 Ligatis
1265 255 1402 283 manibus
1417 256 1591 292 etpedibus,
1604 259 1659 285 etc.
1673 269 1686 283 ι)
1704 259 1796 296 Super

1024 298 1106 333 quod
1128 298 1169 326 ibi
1198 301 1354 335 Gregorius
1377 304 1396 319 ’ἓ
1424 313 1429 330 :
1451 314 1463 329 ιι
1487 306 1565 332 Tunc
1588 305 1660 340 ligat
1684 315 1795 342 poena,

1024 352 1099 379 quos
1127 345 1218 374 modo
1242 355 1259 374 a
1281 348 1368 376 bonis
1395 351 1535 386 operibus
1565 352 1666 386 ligavit
1696 353 1794 389 culpa.

1024 391 1114 418 Pedes
1147 392 1225 420 enim
1265 395 1316 429 qui
1344 395 1458 424 visitare
1488 406 1600 432 regrum
1623 399 1794 435 negligunt,

1024 444 1129 465 manus
1145 446 1209 473 quae
1224 439 1296 467 nihil
1315 440 1516 476 indigentibus
1534 444 1685 479 tribuunt,
1699 445 1796 481 ligatae

1024 485 1110 518 sunt,
1132 494 1144 510 »ι
1172 487 1224 512 etc.
1252 488 1320 513 item
1345 489 1387 514 est
1409 489 1508 523 ligatio
1536 491 1661 518 vinculis
1685 499 1795 520 concu-

1023 529 1169 565 piscentiae
1193 533 1324 560 mortalis
1343 535 1538 570 corruptionis
1559 538 1579 553 ¹³
1599 546 1605 564 :
1622 548 1636 562 ι(
1651 538 1682 565 Et
1703 545 1797 574 quon-

1025 575 1094 603 dam
1115 577 1148 611 (α)
1176 577 1262 605 vincti
1278 579 1386 614 pariter
1402 580 1464 608 sine
1483 581 1626 610 molestia.
1642 593 1656 608 n
1670 583 1712 611 lbi
1731 585 1797 612 Gre-

1024 622 1124 656 gorius
1153 623 1184 658 ¹³,
1209 624 1246 651 de
1274 625 1399 653 vinculis
1428 627 1560 654 mortalis
1587 630 1794 665 corruptionis.

1026 668 1045 684 ¹⁵
1064 678 1076 693 «
1091 670 1202 705 Corpus
1226 671 1320 705 enim,
1335 672 1418 708 quod
1433 674 1641 709 corrumpitur,
1656 679 1796 710 aggravat

1023 715 1163 742 animam.
1180 727 1192 742 »
1210 718 1240 744 Et
1260 717 1301 745 ibi
1318 719 1473 754 Gregorius
1488 741 1496 754 ,
1522 720 1646 748 multum
1670 721 1706 749 de
1728 721 1795 750 hoc.

1024 761 1063 786 ¹⁶«
1078 762 1147 794 Quis
1167 762 1275 791 dimisit
1299 772 1445 799 onagrum
1466 766 1608 800 liberum,
1630 769 1658 794 et
1678 767 1796 796 vincula

1023 807 1085 842 ejus
1100 808 1166 843 quis
1176 809 1263 837 solvit
1275 811 1288 836 ’ἲ
1302 821 1314 837 »
1328 811 1370 838 lbi
1385 813 1540 847 Gregorius
1554 814 1570 829 ¹⁷
1586 813 1661 840 bene
1674 813 1711 841 de
1726 814 1792 842 hoc.

1023 854 1041 869 ¹⁸
1054 864 1067 879 ι(
1087 855 1155 882 Data
1174 858 1240 883 sunt
1254 865 1343 893 super
1364 860 1389 885 te
1409 858 1443 893 (b)
1461 859 1579 886 vincula
1596 881 1605 893 ,
1621 862 1649 887 et
1661 860 1795 895 ligabunt

1022 901 1047 926 te
1060 910 1089 926 :»
1104 901 1146 929 lbi
1159 903 1315 937 Gregorius
1333 905 1350 920 ¹⁹
1366 904 1402 931 de
1413 904 1470 932 hoc
1487 905 1571 932 bene.
1589 908 1709 934 Peccata
1723 914 1794 942 ergo

1021 945 1113 980 ligant
1128 955 1247 982 manus,
1264 957 1300 976 ne
1316 950 1397 977 bona
1412 950 1534 985 saciant;
1547 954 1574 979 et
1585 951 1678 987 figant
1690 952 1792 988 pedes,

1021 992 1051 1018 id
1076 996 1130 1028 est,
1158 995 1293 1030 affectus,
1309 1004 1345 1023 ne
1364 997 1441 1024 bene
1464 997 1564 1025 velint.
1587 999 1620 1026 Et
1642 998 1794 1026 sudarium

1021 1040 1152 1075 cooperit
1167 1041 1270 1069 faciem
1294 1045 1321 1070 et
1340 1044 1457 1077 oculos,
1474 1052 1510 1071 ne
1525 1046 1600 1071 recte
1616 1044 1745 1072 videant.
1761 1047 1795 1073 Et

1019 1085 1087 1113 ideo
1104 1090 1241 1122 peccator
1256 1088 1363 1123 ligatus
1378 1092 1420 1117 est
1435 1092 1577 1118 mortuus.
1600 1090 1679 1118 L'nde
1702 1091 1793 1127 Chry-

1019 1135 1165 1160 sostomus
1190 1143 1196 1160 :
1221 1145 1233 1159 «
1260 1137 1426 1163 Peccatores
1451 1136 1578 1171 ligantur
1601 1137 1740 1165 ebrietate
1761 1138 1791 1165 in

1019 1179 1127 1214 capite,
1141 1188 1207 1215 quas
1223 1189 1324 1208 sensus
1338 1182 1429 1217 ligat,
1445 1183 1567 1210 avaritia
1587 1183 1618 1210 in
1633 1184 1771 1212 manibus
1781 1205 1790 1218 ,

1019 1234 1084 1260 quae
1099 1234 1158 1253 non
1173 1228 1312 1262 permittit
1326 1237 1374 1256 cas
1394 1229 1570 1263 extendere3
1587 1230 1793 1258 sollicitudini-

1018 1272 1074 1299 bus
1089 1272 1119 1298 in
1133 1273 1274 1308 pedibus,
1292 1285 1303 1299 n
1322 1277 1375 1302 etc.
1394 1277 1425 1302 Et
1439 1275 1504 1302 talis
1519 1275 1683 1303 vivificatur
1699 1276 1793 1311 gratia

1018 1318 1120 1346 divina
1141 1319 1170 1346 in
1190 1320 1378 1355 contritione,
1401 1322 1534 1357 procedit
1552 1322 1742 1350 manifestans
1761 1331 1792 1351 se

1018 1364 1216 1400 confessione,
1233 1366 1357 1394 solvitur
1367 1367 1533 1395 aministris
1547 1368 1577 1395 in
1588 1368 1792 1397 satisfactionis

1018 1411 1216 1447 susceptione,
1232 1413 1341 1448 quibus
1357 1413 1425 1441 data
1442 1416 1483 1441 cst
1502 1416 1629 1450 potestas
1651 1415 1789 1443 clavium.

1018 1457 1093 1485 Infra
1108 1458 1129 1474 ‘²⁰
1145 1468 1151 1485 ι
1174 1469 1186 1483 «
1200 1460 1332 1492 Quorum
1355 1460 1524 1488 remiseritis
1539 1464 1673 1496 peccata,
1695 1461 1793 1489 remit-

1016 1505 1116 1531 tuntur
1139 1505 1189 1531 eis.
1212 1515 1224 1530 »
1245 1505 1313 1533 Ideo
1340 1506 1379 1533 ait
1403 1507 1541 1534 Dominus
1566 1507 1684 1542 leproso
1710 1515 1792 1535 mun-

1017 1549 1087 1576 dato
1103 1549 1121 1564 ²¹
1140 1560 1171 1577 :«
1189 1552 1312 1579 Ostende
1328 1554 1352 1579 te
1370 1552 1524 1580 sacerdoti.
1542 1564 1554 1579 »

1051 1598 1094 1623 15.
1126 1598 1157 1624 Et
1184 1597 1314 1633 sequitur
1341 1598 1470 1633 tertium,
1497 1599 1607 1627 scilicet
1634 1599 1792 1628 credulitas

1016 1643 1227 1676 assistentium,
1252 1644 1312 1671 sive
1337 1644 1475 1679 imitatio,
1496 1645 1557 1673 ibi:
1583 1647 1666 1673 Multi
1679 1655 1741 1681 erqo
1760 1656 1793 1674 ea:

1015 1690 1116 1716 Judoez's
1135 1691 1321 1724 crediderunt,
1338 1699 1397 1726 prae
1416 1692 1550 1720 miraculi
1565 1693 1769 1728 magnitudine
1781 1704 1789 1729 3

1017 1736 1054 1770 (v.
1070 1736 1112 1770 40)
1135 1737 1246 1770 quidam
1259 1745 1319 1764 veru
1337 1738 1460 1764 abierunt
1478 1739 1514 1765 αιί
1532 1740 1692 1774 Pharisaeos,
1708 1740 1790 1768 «sive

1015 1783 1230 1817 annuntiando,
1255 1786 1286 1811 ut
1315 1784 1484 1818 crederent,
1509 1785 1569 1812 sive
1597 1786 1694 1821 potius
1723 1794 1792 1822 pro-

1016 1829 1127 1863 dendo,
1142 1832 1172 1856 ut
1187 1829 1329 1863 saevirent,
1344 1841 1357 1854 »
1375 1831 1536 1858 secundum
1553 1832 1746 1866 Augustinum
1757 1834 1790 1861 ²².

1051 1878 1094 1902 47.
1111 1877 1143 1903 Et
1157 1876 1288 1911 sequitur
1310 1876 1361 1903 illa
1380 1885 1448 1912 pars
1473 1878 1663 1913 principalis,
1687 1878 1717 1905 in
1731 1886 1792 1914 qua

1013 1922 1182 1949 Judworum
1212 1922 1317 1949 dolosa
1349 1923 1528 1951 machinatio
1557 1924 1593 1952 de
1626 1924 1792 1960 apprehen-

1015 1968 1114 1995 dendo
1130 1968 1201 1996 Filio
1217 1969 1279 2003 Dei,
1293 1970 1321 1996 et
1336 1969 1518 2003 occidendo,
1534 1970 1574 1997 ibi
1590 1979 1597 1998 ι
1623 1971 1791 2006 Colleqerunt

1014 2023 1073 2048 erqo
1092 2015 1245 2049 Pontifices,
1263 2017 1315 2042 etc.
1329 2016 1408 2043 Unde
1424 2016 1548 2050 quidam
1559 2017 1695 2044 dividunt
1704 2017 1790 2045 istam

1013 2063 1126 2096 partem
1145 2064 1246 2089 contra
1267 2064 1357 2089 totam
1382 2062 1486 2090 seriem
1508 2064 1684 2098 praeteritam
1705 2072 1724 2092 a
1747 2072 1792 2092 se-

1013 2107 1112 2134 cundo
1128 2108 1272 2143 capitulo,
1289 2117 1381 2144 usque
1397 2109 1463 2136 huc.
1481 2111 1553 2136 Nam
1567 2110 1630 2144 hie,
1643 2112 1671 2138 et
1685 2118 1787 2138 conse-

1013 2156 1150 2189 quenter,
1173 2157 1326 2181 narrantur
1346 2155 1529 2190 praeambula
1545 2156 1582 2183 ad
1601 2157 1787 2192 passionem,

1013 2202 1040 2227 et
1053 2200 1296 2235 concomitantia,
1313 2203 1341 2228 et
1355 2201 1418 2236 ipsa
1439 2202 1546 2236 passio.
1569 2204 1601 2229 Et
1624 2203 1789 2230 secundum

1013 2246 1086 2281 hoc,
1100 2247 1162 2274 haec
1183 2255 1251 2282 pars
1270 2247 1301 2274 in
1323 2247 1395 2274 duas
1415 2250 1512 2283 partes
1529 2257 1534 2275 :
1552 2249 1649 2284 primo
1665 2257 1789 2277 narran-

1014 2297 1059 2321 tur
1085 2295 1286 2322 antecedentia
1307 2298 1334 2322 et
1356 2296 1539 2331 praeambula
1559 2296 1598 2324 ad
1622 2297 1654 2332 (c)
1678 2297 1789 2333 passio—

1012 2348 1081 2368 nem
1088 2351 1096 2375 3
1114 2341 1244 2369 secundo
1266 2345 1421 2370 narrantur
1436 2343 1673 2377 concomitantia,
1690 2343 1731 2370 ibi
1745 2343 1787 2369 ²³:

1015 2411 1056 2434 ix,
1087 2408 1122 2428 ln'.
1141 2418 1173 2422 »ω
1194 2407 1214 2422 15
1231 2405 1284 2435 Ιοὶι,
1309 2412 1404 2436 xxxv,
1430 2409 1452 2431 3.
1479 2421 1504 2424 -
1535 2408 1549 2420 ¹⁷
1575 2408 1660 2438 Grcg.‚
1684 2405 1787 2436 MoraI.‚

1013 2441 1055 2464 lib.
1074 2442 1156 2471 XXX,
1176 2450 1199 2465 c.
1217 2449 1261 2471 xii,
1279 2442 1311 2466 al.
1333 2448 1372 2470 xv,
1388 2450 1414 2465 n.
1430 2444 1468 2466 50.
1485 2456 1513 2460 —-
1535 2443 1554 2459 ¹⁸
1572 2443 1670 2469 Ezecti„
1689 2447 1727 2471 ιιι,
1746 2442 1785 2465 25.

1014 2489 1039 2492 --
1066 2477 1084 2491 ¹⁴
1106 2479 1192 2507 (neg,
1216 2485 1240 2499 zu
1260 2478 1357 2506 Ezeclt„
1380 2478 1423 2500 lib.
1444 2479 1465 2501 Ι.
1487 2478 1557 2501 huin,
1579 2484 1628 2507 Ml,
1651 2484 1676 2501 11.
1701 2478 1735 2501 13.
1757 2489 1787 2494 —

1013 2512 1033 2527 ²⁰
1051 2512 1111 2541 tur„
1133 2518 1181 2542 xx,
1199 2516 1237 2536 25.
1255 2525 1285 2530 —
1306 2513 1322 2528 ²¹
1340 2514 1440 2542 Mami„
1454 2519 1514 2541 vui,
1536 2515 1558 2536 J».
1574 2526 1603 2530 -
1623 2513 1641 2527 ²²
1656 2515 1730 2543 Aug„
1744 2512 1787 2536 ubi

1011 2553 1077 2576 sup„
1093 2554 1117 2570 u.
1133 2549 1171 2571 25.
1189 2561 1219 2565 —
1235 2548 1254 2564 ²³
1271 2548 1327 2577 tuf„
1344 2554 1418 2578 xviii,
1435 2551 1442 2572 1
1462 2551 1485 2572 et
1504 2555 1557 2579 seq.

1043 2590 1077 2619 (α)
1095 2592 1154 2613 coet.
1171 2590 1232 2614 edil.
1248 2590 1377 2621 quoniam.
1390 2590 1465 2620 —(b)
1482 2590 1542 2614 Caet.
1556 2590 1616 2614 edit.
1635 2597 1680 2614 uon
1694 2590 1786 2614 habent

1012 2626 1046 2648 te.
1059 2637 1090 2641 —
1106 2627 1136 2655 ις)
1152 2626 1214 2650 Item
1228 2626 1270 2650 ad.
