1987 3032
721 230 925 265 EXPOSITIO
948 229 986 260 ΙΝ
1009 228 1094 259 CAP.
1121 226 1214 258 xxli.

155 308 221 338 Hoc
241 309 347 338 autem
370 314 435 336 non
457 303 657 344 potuissent,
682 302 743 333 nisi
765 301 840 341 quia
854 299 921 338 ipse

155 361 257 392 voluit
271 358 513 390 misericorditer
524 356 691 393 sustinere,
698 357 792 395 Juxta
803 352 882 384 illud
892 353 899 368 ¹
911 362 918 382 ε

156 426 171 444 α
189 415 307 453 Corpus
325 421 433 443 meum
452 411 522 442 dedi
537 409 797 451 percutientibus,
817 410 847 437 ct
863 415 919 445 ge-

154 476 211 498 nas
225 475 311 497 meas
326 465 527 497 vellentibus.
547 475 562 492 »
577 463 614 494 Et
629 467 639 482 ²
654 473 684 493 2«
700 463 789 493 Dabit
804 469 920 501 percu-

154 520 242 551 tienti
256 529 289 550 se
301 518 476 556 maxillam,
493 518 688 548 saturabitur
700 514 889 556 opprobriis.
901 524 916 541 »

153 572 240 603 Hanc
256 571 420 603 maxillam
431 595 440 609 ,
459 571 523 601 imo
537 571 648 601 faciem
672 569 845 610 speciosam
856 590 864 604 ‚
887 567 921 596 in

152 635 248 666 quam
273 625 451 656 desiderant
474 624 589 663 Angeli
615 624 816 663 prospicere,
849 628 920 660 quae

152 679 245 719 plena
259 680 306 709 est
325 677 522 717 gratiarum,
547 679 578 707 et
601 676 776 707 desiderata
799 673 921 705 cunctis

154 732 315 772 gentibus,
333 741 405 772 quae
420 731 506 762 salus
520 734 567 762 est
583 730 813 771 aspicientium,
830 727 920 767 impii

152 786 168 817 J
171 786 253 816 udaei
260 785 417 822 velabant,
427 785 643 824 conspuebant
651 782 901 823 etpercutiebant
911 792 918 818 ;

152 839 206 869 sed
221 838 373 868 Dominus
388 841 516 878 propter
530 848 588 868 nos
603 838 663 868 hoc
680 835 841 867 sustinuit.
860 834 921 865 Un-

152 893 190 923 de
205 891 417 931 Hieronymus
432 902 438 921 :
461 903 475 920 «
493 891 595 922 Voluit
611 891 762 921 Dominus
776 887 918 927 conspui,

153 948 188 977 ut
206 955 264 976 nos
282 945 421 983 lavaret3
448 946 549 976 voluit
571 945 689 982 velari,
714 946 749 974 ut
779 942 922 974 velamen

153 1000 254 1039 culpae
269 1002 300 1030 et
322 999 514 1039 ignorantiae
529 1008 548 1029 a
563 998 709 1029 cordibus
727 997 844 1027 nostris
863 1005 919 1025 au—

153 1055 309 1091 ferretur;
327 1053 428 1084 voluit
449 1053 481 1083 in
502 1053 602 1092 capite
620 1051 760 1091 percuti,
777 1052 814 1081 ut
828 1051 922 1089 caput

151 1109 297 1137 nostrum
316 1107 494 1137 restitueret
517 1106 638 1136 sanitati
658 1116 665 1142 ;
698 1104 796 1143 alapis
820 1103 922 1134 voluit

151 1161 228 1191 caedi
246 1162 276 1191 et
291 1160 395 1192 verbis
417 1160 570 1197 derideri,
594 1161 630 1189 ut
647 1167 705 1188 nos
725 1158 753 1187 ei
776 1157 866 1187 labiis
890 1158 922 1187 et

151 1214 317 1251 manibus,
340 1214 373 1244 id
387 1215 434 1244 est
448 1213 553 1244 verbis
568 1214 599 1243 et
615 1212 763 1252 operibus
785 1211 921 1251 applau-

150 1267 274 1297 damus.
287 1277 301 1295 »
689 1294 693 1295 ⁷

191 1320 346 1358 Secundo,
358 1320 462 1360 quoad
470 1320 651 1350 illusionem
662 1318 776 1349 Christi
785 1319 820 1347 ut
830 1317 837 1347 i
843 1326 922 1356 gno-

150 1373 260 1411 rantis,
276 1374 381 1403 subdit
395 1383 402 1402 :
416 1373 462 1404 Et
476 1372 716 1412 inlerroqabant
730 1380 803 1401 eum
820 1371 922 1401 (ll'cen-

151 1431 193 1457 tes
208 1436 219 1457 .·
237 1427 445 1466 Propheciza,
463 1427 534 1466 quis
550 1430 611 1462 est,
628 1426 687 1465 qui
701 1429 729 1455 te
738 1424 922 1465 percussit?

149 1479 214 1510 Hoc
229 1481 339 1510 autem
352 1479 491 1509 irrisorie
507 1479 663 1509 faciebant
686 1478 854 1508 illudentes
875 1477 919 1514 ei,

149 1532 203 1573 qui
220 1542 252 1563 se
267 1533 390 1563 dixerat
405 1542 518 1563 verum
534 1532 723 1572 prophetam
735 1556 742 1569 ‚
757 1531 794 1561 de
809 1539 872 1570 quo
887 1530 920 1559 in

149 1586 395 1617 Deuteronomio
426 1588 436 1604 ³
458 1594 466 1616 τ
505 1597 519 1614 α
545 1585 736 1624 Prophetam
764 1584 802 1614 de
827 1586 921 1622 gente

150 1643 205 1670 tua
219 1642 250 1670 et
264 1640 302 1670 de
318 1639 468 1670 fratribus
484 1639 564 1676 tuis,
582 1638 663 1669 sicut
676 1648 742 1676 me,
759 1638 922 1670 suscitabit

150 1692 208 1723 tibi
236 1692 390 1724 Dominus
409 1692 490 1723 Deus
515 1694 609 1729 tuus;
639 1693 744 1731 ipsum
766 1692 886 1722 audies.
903 1702 917 1720 n

151 1746 242 1777 Hunc
257 1746 443 1786 prophetam
459 1755 523 1776 non
536 1737 705 1775 audierunt
716 1769 724 1783 ,
744 1746 797 1775 sed
813 1748 922 1775 contu-

154 1799 281 1830 meliose
296 1799 598 1838 interrogaverunt,
617 1799 792 1829 secundum
808 1798 882 1829 illud
893 1798 919 1828 ⁴:

156 1864 170 1881 (ι
185 1852 381 1883 Contumelia
393 1875 402 1889 ,
437 1855 467 1882 et
502 1853 660 1882 tormento
686 1852 922 1891 interrogemus

152 1914 227 1936 eum
239 1913 269 1934 ε»
281 1905 356 1944 quia
364 1905 460 1935 simul
470 1905 688 1944 percutiebant
697 1908 728 1936 et
735 1906 920 1936 irridebant.

153 1958 191 1989 Et
202 1959 277 1998 quia
290 1967 355 1989 non
367 1960 413 1989 est
426 1959 574 1998 possibile
586 1968 718 1989 narrare
731 1959 838 1989 omnia
848 1968 922 1990 con—

153 2012 234 2043 vicia
248 2012 478 2049 Christoillata‚
495 2012 565 2042 ideo
580 2014 616 2042 ut
630 2012 797 2042 concludat
813 2013 922 2043 omnia

153 2066 185 2095 in
209 2074 368 2095 summam
387 2065 580 2104 quamdam,
598 2065 702 2095 subdit
719 2065 760 2104 (v.
779 2066 826 2103 65)
846 2076 852 2095 ε
877 2066 923 2097 Et

153 2119 218 2149 αῖὶα
234 2119 336 2149 multa
357 2118 606 2158 blasphemantes
622 2118 767 2149 (licebant
783 2119 817 2149 in
835 2129 919 2150 eum.

153 2173 190 2204 Et
205 2173 248 2203 sic
262 2172 413 2212 impletur
428 2172 460 2201 in
475 2172 519 2202 eis
528 2172 621 2202 illud⁵
639 2183 644 2202 :
663 2171 741 2202 «Vae
751 2173 839 2210 genti
854 2181 923 2212 pec-

152 2226 277 2264 catrici,
294 2225 411 2265 populo
430 2225 522 2264 gravi
542 2225 718 2265 iniquitate.
737 2225 921 2265 Derelique-

152 2284 228 2312 runt
243 2280 411 2311 Dominum
424 2304 432 2317 ,
453 2280 755 2319 blasphemaverunt
777 2282 921 2310 sanctum

155 2334 266 2371 lsrael,
283 2333 451 2364 abalienati
466 2334 540 2363 sunt
553 2335 737 2363 retrorsum.
752 2344 766 2361 ι)
780 2333 854 2363 Ilaec
870 2343 922 2364 au-

153 2390 216 2419 tem
228 2387 376 2417 sustinuit
389 2386 530 2417 Christus
540 2386 729 2424 voluntarie,
745 2387 921 2417 secundum

153 2441 228 2471 illud
239 2441 250 2457 ⁶
265 2451 272 2471 ι
293 2452 307 2469 (ι
317 2439 491 2479 Opprobria
505 2440 769 2479 exprobrantium
787 2441 860 2478 tibi,
874 2450 921 2471 ce-

154 2494 296 2524 ciderunt
310 2502 405 2533 super
426 2502 487 2523 me.
501 2504 516 2522 ι)
534 2492 572 2523 Et
586 2493 662 2531 hoc,
678 2495 714 2523 ut
728 2493 815 2523 daret
830 2494 922 2524 nobis

154 2547 298 2586 exempla
320 2547 360 2577 ad
381 2546 550 2586 opprobria
571 2547 809 2577 contemnenda.
834 2547 921 2578 Unde

186 2643 266 2674 ¹lsr1.,
280 2650 305 2675 L,
320 2645 344 2668 6.
357 2644 404 2662 -2
421 2644 517 2674 Thren„
532 2651 569 2673 ιιι,
584 2646 620 2669 30.
637 2658 666 2662 -
677 2644 686 2660 ³
700 2646 782 2675 Πρω,
794 2652 867 2677 xviii,
883 2649 922 2670 15¹».

154 2692 184 2696 -
202 2679 291 2709 ¹Sap.‚
309 2686 337 2710 ιι,
352 2682 388 2703 ιε).
407 2693 438 2698 —
451 2681 461 2697 ⁶
478 2681 534 2710 lm„
551 2687 568 2711 ι,
588 2683 609 2704 Ji.
629 2694 657 2698 —-
672 2681 682 2696 ⁶
697 2681 919 2712 P,x·ttl.t.xv111‚ld.

157 2715 163 2725 ’
178 2714 262 2745 newa,
278 2720 324 2746 xii,
338 2717 391 2738 3.—
402 2716 412 2732 Β
424 2717 565 2746 Chryses-r,
578 2717 602 2739 in
613 2716 714 2745 Malth„
729 2717 797 2741 horn.
812 2724 902 2741 Lxxxti
918 2737 923 2746 ‚

1689 224 1745 252 197

977 295 1094 326 dieitur
1106 294 1116 309 ⁷
1135 305 1141 324 :
1163 304 1177 322 α
1191 291 1372 330 Recogitate
1386 290 1473 321 enim
1487 298 1562 320 eum
1581 289 1637 328 qui
1652 289 1747 319 talem

978 348 1129 379 sustinuit
1144 356 1163 377 a
1187 344 1403 386 peccatoribus
1425 343 1577 374 adversus
1598 342 1745 381 semetip-

977 411 1049 431 sum
1066 398 1354 431 contradictionem.
1368 408 1382 425 ι)
1399 396 1437 427 Et
1450 396 1694 435 Chrysostomus
1709 397 1719 413 ⁸
1736 404 1744 425 ε

982 466 996 483 α
1010 454 1161 484 Divinum
1174 440 1254 483 illud
1268 453 1362 490 caput
1374 450 1598 490 percusserunt
1610 448 1672 480 viri
1687 448 1748 479 ini-

977 507 1106 546 quitatis
1121 508 1152 536 et
1166 504 1426 536 abominabiles.»
1442 503 1518 539 Quae
1530 510 1607 541 ergo
1618 501 1677 531 erit
1692 509 1748 531 no-

977 559 1025 589 bis
1036 568 1111 590 cura
1123 559 1160 589 de
1172 559 1295 598 reliquo
1306 558 1339 588 in
1349 556 1560 593 contumeliis,
1577 556 1748 595 postquam

978 612 1120 643 Christus
1142 612 1211 642 haec
1226 620 1338 651 passus
1356 611 1424 641 est?
1448 609 1508 640 Sed
1528 609 1620 639 mulli
1644 609 1748 648 magis

978 667 1051 696 sunt
1061 666 1233 695 imitatores
1244 664 1259 696 J
1263 665 1442 695 udaeorum.
1455 663 1542 694 Unde
1551 662 1653 693 Beda:
1667 661 1750 699 «Qui

977 720 1053 748 tunc
1077 727 1178 748 caesus
1197 720 1244 748 est
1269 717 1410 756 colaphis
1431 716 1631 753 Judaeorum,
1661 724 1749 745 nunc
1763 733 1767 737 -

977 772 1108 802 caeditur
1135 770 1338 810 blasphemiis
1368 770 1521 800 falsorum
1555 768 1746 799 Christiano-

977 835 1061 856 rum.
1075 825 1113 856 Et
1126 825 1181 864 qui
1190 825 1363 863 consputus
1376 825 1421 853 est
1435 822 1542 853 salivis
1557 821 1745 859 infidelium,

977 889 1064 910 nunc
1078 878 1203 909 vesanis
1217 876 1393 917 opprobriis
1409 875 1549 906 fidelium
1565 875 1747 905 exhonora-

977 936 1041 963 tur.
1052 944 1066 961 u
1082 932 1169 963 Unde
1184 932 1222 962 de
1238 930 1353 960 talibus
1366 931 1467 969 potest
1477 928 1611 966 intelligi
1622 927 1724 957 istud⁹
1738 935 1746 956 ε

981 998 995 1015 α
1009 985 1245 1016 Abominantur
1259 993 1310 1014 me
1322 1007 1331 1021 ‚
1348 986 1378 1013 et
1390 983 1486 1021 longe
1500 981 1631 1021 fugiunt
1645 990 1663 1011 a
1680 989 1747 1017 me,

978 1042 1007 1070 et
1016 1039 1127 1069 faciem
1134 1047 1238 1069 meam
1251 1045 1424 1077 conspuere
1434 1045 1498 1066 non
1509 1037 1693 1066 verentur.»
1710 1033 1749 1064 Et

977 1093 1015 1123 de
1041 1092 1156 1122 talibus
1180 1091 1405 1130 Augustinus:
1427 1101 1441 1118 «
1455 1089 1525 1120 Non
1545 1088 1652 1118 minus
1674 1095 1748 1126 pec-

978 1148 1059 1183 cant,
1076 1145 1132 1185 qui
1147 1145 1369 1184 blasphemant
1380 1143 1539 1174 Christum
1553 1142 1747 1180 regnantem

977 1200 1010 1229 in
1025 1199 1122 1237 coelis,
1138 1208 1235 1239 quam
1248 1198 1263 1229 J
1267 1198 1351 1229 udaei
1366 1197 1422 1237 qui
1437 1196 1665 1228 crucifixerunt
1685 1202 1749 1224 am-

977 1253 1140 1284 bulantem
1155 1253 1190 1282 iu
1203 1252 1307 1283 terris.
1324 1262 1338 1279 n

1017 1310 1067 1337 66.
1083 1307 1129 1338 Et
1141 1310 1178 1337 ut
1194 1307 1301 1345 factus
1321 1308 1365 1336 est
1387 1304 1470 1342 dies,
1496 1305 1555 1334 etc.
1577 1303 1749 1342 Postquam

978 1361 1140 1400 descripsit
1156 1359 1358 1390 illudentium
1372 1357 1592 1397 procacitatem
1606 1380 1614 1394 ‚
1629 1355 1679 1386 hic
1698 1355 1750 1385 de-

978 1414 1087 1444 scribit
1107 1412 1326 1443 insidiantium
1352 1410 1584 1449 malignitatem
1600 1420 1608 1447 ·‚
1633 1411 1664 1439 et
1688 1409 1749 1439 hoc

978 1466 1224 1506 quadrupliciter
1250 1475 1258 1495 :
1279 1466 1311 1495 in
1341 1464 1560 1495 conveniendo
1578 1487 1586 1501 ‚
1611 1463 1747 1493 interro-

979 1520 1085 1559 gando
1096 1544 1104 1557 ‚
1120 1519 1318 1559 replicando,
1334 1520 1364 1549 et
1378 1517 1608 1548 sententiando.

1018 1574 1124 1605 Primo
1140 1582 1220 1612 ergo
1235 1574 1393 1613 quantum
1410 1572 1450 1602 ad
1464 1571 1698 1609 malignitatem
1712 1569 1746 1600 in

977 1627 1195 1660 conveniendo
1207 1651 1215 1665 ‚
1238 1626 1312 1657 dicit
1330 1636 1336 1656 :
1356 1626 1399 1657 Et
1413 1629 1450 1656 ut
1469 1626 1577 1665 factus
1597 1627 1643 1655 cst
1660 1623 1726 1654 dies
1738 1647 1747 1661 ,

978 1684 1194 1713 convenerunt
1217 1681 1354 1717 seniores
1370 1679 1483 1719 plebis.
1507 1677 1747 1714 Convenerunt,

977 1736 1128 1775 inquam,
1154 1735 1186 1765 in
1200 1743 1303 1764 unum
1322 1733 1360 1763 ad
1382 1741 1482 1763 unam
1503 1731 1657 1762 malitiam
1672 1738 1747 1760 con-

977 1789 1211 1826 summandam,
1228 1787 1404 1818 secundum
1416 1785 1494 1815 illud
1506 1786 1527 1804 ¹⁰
1542 1795 1572 1816 :a
1586 1784 1748 1823 Principes

978 1846 1197 1877 convenerunt
1211 1844 1244 1873 in
1264 1851 1368 1873 unum
1383 1840 1536 1872 adversus
1554 1839 1746 1876 Dominum,

977 1902 1008 1930 et
1023 1899 1175 1929 adversus
1191 1897 1352 1927 Christum
1368 1896 1448 1934 eJus.
1466 1904 1481 1921 ι)
1500 1893 1580 1925 Nam
1594 1892 1632 1923 de
1646 1892 1748 1923 Behe-

977 1955 1066 1986 moth
1079 1954 1195 1985 dicitur
1204 1954 1223 1972 ¹¹
1236 1964 1265 1983 z«
1275 1952 1394 1991 Corpus
1406 1951 1490 1981 illius
1500 1950 1590 1990 quasi
1600 1951 1689 1980 scuta
1700 1949 1747 1980 fu-

978 2011 1058 2048 silia,
1071 2011 1271 2049 compactum
1284 2007 1425 2048 squamis
1436 2016 1469 2037 se
1485 2006 1713 2046 prementibus.
1728 2016 1743 2034 ›>

978 2064 1015 2095 Et
1037 2064 1111 2104 quia
1138 2072 1224 2093 unus
1248 2062 1351 2092 malus
1372 2060 1528 2100 pertrahit
1550 2060 1685 2090 alterum
1708 2059 1748 2089 ad

979 2117 1132 2148 malitiam
1144 2141 1151 2155 ‚
1171 2116 1240 2147 ideo
1263 2115 1388 2146 subdit:
1406 2115 1452 2146 Et
1463 2114 1624 2154 principes
1642 2122 1746 2143 sacer-

977 2171 1088 2202 dotum
1102 2175 1131 2201 et
1140 2170 1259 2207 scrz‘boe,
1274 2172 1302 2199 et
1318 2168 1481 2199 duxerunt
1495 2167 1586 2198 illum
1602 2167 1635 2197 in
1649 2166 1749 2197 conci-

979 2226 1058 2257 lium
1072 2233 1186 2263 summ·
1202 2223 1377 2260 duxerunt,
1398 2221 1546 2260 inquam,
1563 2229 1627 2251 non
1643 2220 1681 2250 ad
1692 2221 1748 2259 ju-

978 2279 1148 2310 dicandum
1158 2302 1165 2315 ,
1183 2277 1237 2307 sed
1251 2275 1291 2306 ad
1305 2274 1555 2311 observandum,
1572 2273 1747 2304 secundum

978 2333 1054 2363 illud
1067 2333 1087 2349 ¹2
1099 2341 1128 2362 3«
1138 2330 1294 2368 Quoniam
1305 2327 1578 2359 circumdederunt
1592 2336 1643 2357 me
1654 2335 1746 2357 canes

977 2386 1080 2423 multi⁷
1093 2384 1259 2415 consilium
1271 2381 1517 2421 malignantium
1528 2381 1648 2411 obsedit
1658 2389 1719 2411 me.
1727 2391 1741 2409 ι)

978 2440 1014 2471 Et
1038 2440 1071 2469 in
1093 2437 1224 2468 concilio
1244 2435 1401 2476 denudata
1428 2436 1474 2465 est
1497 2434 1615 2465 malitia
1634 2443 1746 2465 eorum

977 2492 1109 2528 occulta,
1125 2499 1221 2530 quam
1233 2490 1342 2520 contra
1357 2488 1514 2520 Christum
1526 2490 1744 2528 conceperant,

977 2545 1152 2577 secundum
1170 2543 1248 2573 illud
1265 2542 1283 2559 ¹³
1300 2551 1329 2572 :a
1346 2542 1405 2579 Qui
1421 2542 1522 2581 operit
1537 2542 1644 2572 odium
1658 2542 1747 2572 frau-

977 2595 1740 2636 (tidenter,revelabiturmalitiaersinconcilio.»

977 2682 1114 2708 .ι1.ι,υ;ιῑν,
1131 2686 1155 2701 n.
1178 2681 1196 2701 l.
1212 2677 1260 2695 -9
1275 2678 1325 2704 Jo't,
1342 2684 1401 2705 xxx,
1419 2679 1454 2700 to.
1473 2690 1497 2693 —
1518 2678 1536 2693 ¹⁰
1551 2676 1617 2699 psal.
1635 2683 1662 2706 ιι,
1677 2679 1698 2700 2.
1715 2690 1744 2694 —-

978 2718 991 2733 ¹¹
1006 2716 1124 2746 ..¹a1l1,:<1.i‚
1140 2717 1162 2738 (j.
1183 2713 1387 2742 -121·s11l..xx1‚
1405 2715 1440 2736 1:1¹.
1453 2713 1512 2730 -13
1524 2713 1606 2742 mov„
1622 2718 1691 2741 xxti,
1704 2715 1742 2736 20.
