1987 3032
86 357 162 378 Excel-

58 389 125 409 tentia
140 390 163 408 S.

58 419 158 439 JoauniS.

74 680 155 700 Divisio

62 713 162 736 Evange-

60 744 164 764 1115001111-

86 775 137 793 (111111

79 806 144 824 drian·

83 841 141 855 nem.

80 1093 167 1119 Duplex

62 1124 164 1144 determi-

62 1155 120 1174 natio
140 1155 166 1174 de

76 1185 147 1205 Verbo

62 1215 165 1236 increato.

82 1327 122 1352 Qui
131 1328 167 1347 110·

62 1364 102 1378 nor
119 1364 166 1378 0550

76 1389 153 1409 debeat

82 1419 147 1445 hujus

64 1451 162 1476 Evange-

62 1480 94 1501 111.

68 2110 133 2130 Verbi
140 2110 170 2130 in-

80 2141 161 2160 curuati

76 2171 161 2191 :eterni—

76 2203 116 2221 tas.

104 2296 170 2317 Verbi

76 2330 162 2349 0000101·-

66 2360 123 2379 nitas
151 2360 172 2378 ct

66 2389 166 2415 omnipo-

85 2420 158 2441 tentiae

179 194 238 223 250

176 258 206 285 in
220 258 266 286 his
288 260 416 287 maxime
436 260 568 296 occupati
589 262 670 294 sunt,
685 268 750 296 quae
764 260 893 288 Christus
912 261 943 288 in

177 312 262 332 carue
287 308 423 340 operatus
445 309 487 334 est
500 327 509 340 ,
531 308 558 334 et
584 307 644 334 haec
663 306 802 333 animalia
819 307 848 333 in
868 308 944 334 terra

178 350 364 385 gradiuntur;
379 354 506 380 Joannes
520 360 590 379 vero
611 360 697 387 super
717 352 820 379 nubila
840 353 944 380 huma-

178 404 222 423 nae
238 397 412 424 infirmitatis
427 398 526 431 volat,
543 400 570 424 et
585 398 681 425 lucem
695 398 945 425 incommutabilis

177 443 305 470 veritatis
329 443 501 470 acutissimis
524 443 617 471 oculis
640 444 777 470 intuetur.
797 454 811 469 1)
833 444 945 478 Singuli

179 491 276 516 tamen
291 490 484 517 determinant
499 490 535 516 de
554 492 677 525 utraque
692 492 796 517 natura
818 490 848 516 in
863 490 945 517 Chri-

178 537 232 569 sto,
244 535 406 562 secundum
419 536 661 570 Chrysostomum
678 538 946 571 1,1011111105111111011

177 581 303 615 amplius
319 583 345 607 et
360 581 514 608 sublimius
541 582 577 609 de
597 583 660 617 ipsa
679 582 840 610 divinitate.
858 584 889 609 Et
903 590 946 609 se-

179 628 308 654 eundum
334 628 391 655 1100
406 649 414 662 ,
436 628 513 656 istud
538 629 729 663 Evangelium
753 628 894 655 dividitur
916 629 947 656 in

180 673 252 700 ‹luas
268 675 364 708 partes
378 683 383 700 :
401 674 430 701 in
445 674 540 709 prima
553 674 734 710 praemittitur
747 674 783 702 de
795 674 947 702 divinitate

179 719 214 746 ad
231 719 448 753 generationem
460 720 545 747 Verbi
560 721 672 754 aeterni3
684 720 715 747 in
727 720 857 748 secunda
866 722 948 755 parte

179 764 215 791 de
238 765 438 793 incarnatione
462 767 610 802 ejusdem,
626 767 686 794 sive
702 767 738 794 de
758 766 948 794 humanitatis

178 811 393 847 assumptione,
410 812 466 839 ibi:
480 814 543 840 Fuit
557 814 631 839 homo
646 815 740 840 missus
757 821 774 840 α
787 815 848 840 Deo.
865 812 946 839 Unde

177 858 274 892 primo
290 858 462 886 determinat
485 859 522 886 de
544 860 638 886 Verbo
657 861 765 887 aeterno
790 860 820 886 in
841 867 885 893 se3
903 867 948 886 se-

179 904 293 937 cundo,
309 905 340 931 ut
362 905 476 932 unitum
491 905 581 932 carni.
604 905 698 933 Prima
718 905 749 932 in
771 905 861 939 duas,
876 913 950 941 quo-

179 949 259 977 niam
274 950 401 978 Verbum
421 953 561 978 aeternum
582 959 599 978 a
613 953 694 978 Patre
709 952 881 979 aeternaliter
897 960 947 987 ge·

179 997 313 1023 neratum
328 998 386 1029 est,
402 996 457 1032 ipsi
473 997 546 1024 Patri
565 999 758 1031 coaeternum,
775 999 803 1024 et
820 1000 948 1033 paternae

180 1042 337 1076 majestatis
351 1043 566 1078 expressivum,
581 1046 608 1071 et
623 1044 756 1071 omnium
770 1044 949 1080 principium

180 1088 355 1116 effectivum.
373 1089 440 1116 ldeo
462 1090 559 1124 primo
578 1090 788 1117 determinatur
801 1090 838 1117 de
852 1091 948 1118 Verbo

181 1136 308 1163 increato
324 1158 332 1170 ,
356 1137 387 1164 in
411 1139 554 1172 quantum
573 1145 591 1164 a
613 1139 695 1165 Patre
719 1138 872 1172 genitum,
888 1138 948 1165 sive

180 1183 343 1210 secundum
366 1191 450 1210 suam
477 1184 695 1217 generationem
724 1186 871 1211 aeternam.
902 1185 950 1212 Se-

181 1229 279 1256 cundo
300 1229 508 1257 determinatur
531 1230 567 1257 de
585 1230 668 1265 ipso,
692 1230 722 1257 in
746 1232 890 1265 quantum
909 1232 952 1258 est

181 1276 314 1302 omnium
328 1276 473 1303 factorum
486 1276 663 1311 principium
682 1276 847 1303 effectivum
859 1297 869 1310 ,
884 1276 925 1303 ibi
943 1286 949 1303 :

183 1321 279 1348 Omnia
291 1329 340 1356 per
354 1324 443 1356 ipsum
458 1323 533 1354 facta
553 1324 626 1349 sunt.
645 1323 716 1349 Ante
736 1324 832 1349 autem
853 1322 951 1350 litterae

182 1368 393 1403 expositionem
412 1389 421 1402 ,
448 1368 488 1395 011
516 1368 662 1396 honorem
686 1368 773 1403 hujus
801 1369 950 1404 Evangelii

180 1415 345 1442 notandum
360 1416 415 1448 est,
428 1415 510 1450 quod
525 1415 625 1442 recitat
637 1414 813 1449 Augustinus
824 1415 834 1430 ²
845 1435 853 1448 ,
868 1415 951 1450 quod

181 1460 295 1487 initium
310 1460 398 1495 hujus
417 1461 582 1495 Evangelii,
598 1460 707 1488 scilicet
724 1469 730 1487 ε
746 1462 778 1487 In
796 1462 951 1495 principio,

181 1514 274 1542 usque
290 1506 341 1533 ubi
357 1515 363 1533 :
377 1507 412 1533 Et
427 1507 536 1533 tenebrae
548 1515 607 1533 eum
620 1515 673 1533 non
688 1506 950 1541 comprehenderunt,

182 1552 305 1587 quidam
334 1552 497 1580 Platonicus
523 1552 619 1579 aureis
641 1552 741 1579 litteris
764 1552 951 1579 conscriben-

182 1598 269 1631 dum,
292 1599 319 1625 et
337 1606 389 1633 per
411 1606 514 1625 01111105
540 1598 676 1625 ecclesias
690 1598 719 1624 in
735 1598 807 1625 locis
822 1597 952 1625 eminen-

181 1644 296 1671 tissimis
317 1644 545 1679 proponendum
567 1652 628 1672 esse
649 1644 785 1678 dicebat,
801 1646 854 1671 010.
870 1644 952 1671 Idem

181 1691 357 1725 Augustinus
370 1690 409 1718 ait
423 1692 433 1708 ³
449 1699 478 1717 se
493 1690 596 1724 legisse
611 1698 641 1717 in
656 1690 738 1717 libris
753 1689 953 1725 quorumdam

182 1736 396 1763 Platonicorum
413 1736 500 1771 hujus
524 1736 671 1771 Evangelii
693 1735 886 1771 principium,
901 1735 953 1762 sci-

180 1782 246 1809 licet
261 1791 266 1809 :
284 1783 316 1808 In
329 1784 465 1816 principio
484 1785 542 1809 erat
558 1783 686 1815 Verbum5
703 1784 729 1810 01
744 1782 832 1809 etiam
854 1781 896 1809 ibi
910 1781 952 1808 10-

181 1830 272 1864 gisse,
289 1830 359 1865 quia
382 1830 510 1856 Verbum
533 1832 606 1856 Deus
628 1830 685 1863 est,
704 1837 765 1856 non
787 1837 824 1856 ex
845 1836 952 1862 carne,

182 1883 242 1902 non
258 1884 293 1902 ex
318 1876 458 1910 sanguine
471 1897 479 1910 ,
501 1878 566 1909 ete.,
583 1876 635 1902 sed
655 1883 691 1902 ex
712 1876 770 1902 Deo
791 1876 910 1908 natum,
927 1876 954 1901 et

182 1922 281 1957 aliqua
297 1922 355 1949 alia
369 1922 460 1949 verba
476 1922 513 1949 (10
533 1921 678 1957 principio
702 1922 789 1956 hujus
805 1922 953 1956 Evangelii

183 1968 223 1995 ibi
238 1968 356 2002 legisse,
373 1968 430 1995 alia
444 1976 520 2001 11011,
536 1970 622 2003 prout
639 1969 738 2003 patere
753 1970 847 2003 potest
861 1968 953 2003 inspi-

183 2014 278 2041 cienti.
303 2014 346 2041 Ait
362 2022 432 2048 ergo
449 2023 455 2040 :
472 2016 502 2041 111
523 2016 669 2049 principio.
690 2016 722 2041 Et
742 2014 825 2049 juxta
846 2014 953 2041 Bedam

184 2060 295 2087 ibidem
319 2060 521 2095 exprimuntur
544 2061 679 2094 quatuor.
704 2060 851 2092 Primum,
868 2060 954 2087 Verbi

183 2105 324 2132 incarnati
338 2106 495 2139 (0101111105,
509 2105 549 2132 1111
565 2114 571 2131 :
584 2107 615 2132 In
624 2107 770 2140 principio.
788 2106 955 2133 Secundum

185 2154 226 2178 est
240 2152 332 2186 ipsius
346 2160 364 2179 a
385 2153 466 2179 Patre
489 2151 520 2178 in
544 2159 670 2186 persona
699 2151 954 2185 distinguibilitas‚

185 2197 245 2224 sive
267 2198 387 2232 alietas,
411 2198 451 2225 ibi
469 2207 474 2224 :
492 2198 528 2224 Ec
553 2198 664 2224 Verbum
682 2199 740 2223 erat
765 2198 837 2231 opaci
864 2199 952 2224 Deum.

184 2244 309 2270 Tertium
325 2245 366 2271 est
384 2243 516 2278 ejusdem
531 2251 598 2270 cum
614 2244 693 2270 Patre
707 2243 738 2269 in
754 2243 876 2270 essentia
891 2244 956 2270 uni-

185 2290 242 2322 tas,
263 2289 303 2315 ibi
323 2298 329 2316 :
350 2291 383 2316 Et
399 2292 468 2316 Deus
491 2292 547 2316 erat
564 2290 686 2316 Verbum.
704 2290 843 2322 Quartum
859 2291 900 2316 est
912 2289 956 2324 ip-

185 2334 245 2360 sius
271 2335 356 2361 Verbi
384 2335 564 2362 coaeternitas
592 2337 619 2362 ct
641 2335 859 2370 omnipotentiae
883 2342 956 2361 coee—

187 2379 328 2415 qualitas,
342 2381 383 2407 ibi
401 2390 406 2407 :
423 2382 477 2408 Hoc
496 2383 553 2408 erat
573 2383 602 2408 in
620 2382 755 2416 principio
773 2381 846 2415 apud
865 2382 953 2407 Deum.

186 2427 219 2453 Et
241 2425 289 2452 1110
310 2426 458 2454 eliduntur
473 2428 499 2454 et
519 2427 712 2454 excluduntur
734 2427 857 2454 haereses
879 2426 956 2454 cirea

219 2509 224 2522 “
241 2508 384 2539 Chrysost„
400 2509 425 2532 in
441 2509 522 2539 loun„
538 2510 608 2533 110111.
624 2516 658 2540 xv,
677 2510 709 2534 al.
726 2517 751 2534 v.
768 2524 794 2527 —
811 2511 819 2524 ²
837 2512 912 2541 Aug„
927 2511 956 2534 (Ie

189 2543 265 2566 Cim‘t.
288 2544 344 2571 Dei,
368 2543 411 2566 lib.
436 2545 470 2573 X,
491 2551 513 2567 0.
535 2550 612 2574 xxix,
637 2552 662 2568 u.
683 2547 707 2568 2.
728 2558 757 2562 —-
778 2545 786 2559 ³
806 2545 853 2575 ld.‚
873 2545 956 2575 Confi,

187 2577 230 2601 lib.
247 2578 301 2608 Vll,
322 2586 345 2602 0.
362 2584 400 2608 ix,
420 2586 445 2602 11.
464 2580 490 2602 13
506 2581 531 2601 et
548 2581 582 2602 11.
603 2592 633 2596 -
653 2580 662 2595 ⁴
681 2580 822 2611 Chrysost.,
836 2581 861 2603 in
875 2581 936 2603 Jorm
950 2599 956 2610 ‚

188 2612 258 2637 110111.
277 2619 312 2644 1v,
326 2614 358 2638 nl.
375 2620 415 2644 111,
431 2621 455 2638 11,
476 2616 497 2638 1.
512 2627 542 2632 -
557 2615 567 2631 ¹⁵
583 2616 709 2645 Damaso„
726 2617 755 2638 cle
769 2616 826 2640 Fid.
844 2615 955 2645 Ortlzod„

694 193 905 225 EVANGELH
925 193 1064 226 SANCTI
1086 195 1249 227 JOANle

997 261 1125 289 Verbum
1147 263 1308 297 aeternum,
1332 265 1364 291 ut
1391 264 1420 291 in
1445 265 1547 293 Glossa
1570 265 1714 301 tangitur;
1738 267 1767 294 et

996 306 1065 334 huic
1099 307 1215 335 lecturae
1244 309 1403 337 concordat
1430 310 1654 346 Chrysostomus
1665 332 1674 346 ,
1699 319 1766 339 cum

998 352 1037 380 ait
1053 354 1062 370 ⁸
1079 362 1084 380 :
1109 363 1122 377 ι(
1145 354 1177 380 ln
1196 356 1350 389 principio,
1376 357 1601 384 coaeternitatem
1623 357 1765 391 ostendit,

999 399 1069 434 quia
1083 402 1114 426 ut
1125 399 1187 434 ipse
1202 401 1283 427 Pater
1297 402 1339 427 est
1352 403 1491 436 aeternus,
1507 403 1548 430 510
1563 403 1691 430 verbum
1703 403 1766 431 sive

999 445 1095 472 Filius.
1126 447 1157 472 Et
1172 446 1242 481 quia
1263 448 1345 473 Pater
1366 455 1520 483 nunquam
1541 449 1576 483 (a)
1600 448 1765 483 solitarius,

998 490 1067 518 ideo
1082 491 1119 518 ab
1135 491 1185 519 illo
1200 499 1314 527 semper
1326 494 1415 527 Deus,
1427 494 1536 522 scilicet
1549 494 1636 522 filius.
1653 497 1684 522 Et
1698 494 1766 523 ideo

1000 536 1104 563 dicitur
1120 546 1126 563 :
1147 538 1257 564 Verbum
1267 540 1323 565 erat
1337 539 1412 573 apud
1425 540 1506 566 Deum
1515 560 1525 574 ,
1536 540 1567 567 in
1581 541 1702 576 propria
1714 540 1767 568 sci-

999 582 1066 610 licet
1079 583 1239 618 hypostasi.
1260 587 1292 612 Et
1306 587 1337 613 ut
1351 593 1412 613 non
1426 586 1569 614 existimet
1587 587 1653 623 quis
1671 587 1766 615 mino-

999 637 1062 656 rem
1077 637 1138 657 esse
1154 629 1335 659 divinitatem
1350 632 1428 666 Filii,
1444 633 1549 660 dicitur
1563 642 1569 660 :
1582 635 1615 661 Et
1626 634 1694 661 Deus
1709 636 1768 661 erat

1004 676 1116 702 Verbum
1131 684 1141 702 .·
1155 678 1182 703 et
1197 676 1265 704 inde
1285 685 1436 705 assumens
1449 679 1652 713 aeternitatem,
1672 679 1770 714 sequi-

1000 722 1047 748 tur
1066 730 1072 748 :
1092 723 1148 749 Hoc
1169 725 1227 749 erat
1245 724 1275 749 in
1293 725 1440 758 principio.
1461 734 1474 750 11
1497 725 1560 752 Haec
1583 725 1643 752 ille.
1666 725 1769 752 nahita

1001 767 1185 796 distinctione
1198 768 1318 796 istarum
1332 769 1530 797 clausularum
1543 771 1705 798 secundum
1719 779 1768 799 ex-

1000 813 1158 848 positores,
1174 814 1313 848 quaeritur
1327 815 1442 851 deipsis
1456 816 1618 844 vocabulis.
1628 818 1660 845 Et
1673 817 1770 853 primo

1002 859 1142 894 quaeritur
1158 868 1248 895 quare
1264 861 1321 888 ait:
1344 862 1394 894 In,
1416 862 1509 896 magis
1529 870 1619 898 quam
1651 863 1708 897 De,
1726 863 1771 891 vel

1002 905 1150 940 EMQuia,
1162 908 1193 933 ut
1204 906 1243 933 ait
1252 908 1445 934 Damascenus
1452 908 1472 941 ⁵,
1479 917 1491 933 (ι
1498 907 1585 935 Filius
1593 910 1635 936 est
1645 916 1681 936 ex
1691 910 1771 937 Patre

1003 951 1127 985 genitus.
1142 961 1155 977 u
1174 953 1206 979 Et
1219 953 1351 987 sequitur
1365 962 1371 979 ε
1389 963 1402 978 ι(
1418 955 1498 981 Pater
1513 955 1555 981 est
1569 962 1657 982 causa
1670 954 1743 982 Filii.
1755 964 1769 981 1·

1003 997 1029 1024 81
1055 1005 1125 1032 ergo
1150 999 1296 1033 praedictae
1317 1000 1537 1035 praepositiones
1553 1021 1562 1034 ‚
1584 1001 1628 1027 Ea:
1647 1000 1694 1028 vel
1719 1002 1771 1035 De,

1004 1043 1140 1071 dicuntur
1164 1044 1352 1073 habitudines
1379 1046 1525 1080 causales,
1551 1046 1774 1075 convenientius

1004 1089 1122 1117 dixisset
1136 1091 1177 1116 Eoe
1192 1090 1240 1117 vel
1257 1092 1292 1118 De
1309 1093 1459 1126 principio,
1474 1099 1564 1126 quam
1577 1093 1610 1119 In
1624 1094 1770 1127 principio.

1003 1136 1073 1162 Item
1093 1135 1194 1163 Glossa
1207 1136 1261 1169 ait,
1280 1137 1362 1172 quod
1382 1137 1470 1164 Filius
1484 1139 1526 1165 est
1539 1137 1716 1174 principium
1736 1138 1773 1166 de

1004 1181 1149 1216 principio
1166 1190 1172 1208 :
1189 1189 1259 1217 ergo
1283 1185 1314 1209 ut
1336 1183 1427 1218 prius.
1446 1184 1478 1210 Et
1491 1183 1530 1210 ad
1553 1183 1630 1211 istud
1651 1192 1773 1220 respon-

1005 1227 1153 1260 dendum,
1171 1228 1253 1263 quod
1268 1228 1328 1255 haee
1348 1229 1514 1264 praepositio
1531 1230 1563 1256 In
1581 1229 1723 1264 insinuat,
1744 1232 1776 1258 ut

1004 1276 1081 1309 patet
1104 1282 1138 1302 ex
1157 1275 1365 1310 chrysostomo
1389 1276 1414 1309 ⁸,
1429 1276 1515 1303 Verbi
1530 1275 1732 1311 aeternitatem,
1748 1279 1776 1305 et

1005 1329 1040 1348 ex
1056 1329 1109 1349 sua
1130 1322 1342 1356 significatione
1364 1322 1435 1350 dicit
1456 1322 1608 1357 quandam
1626 1323 1776 1350 continen-

1005 1367 1094 1402 tiam,
1121 1370 1149 1395 et
1168 1370 1200 1395 ut
1224 1368 1345 1402 dicitur,
1361 1368 1391 1395 in
1413 1368 1520 1395 divinis
1546 1368 1775 1404 continentiam,

1006 1421 1072 1449 quae
1091 1421 1121 1441 se
1136 1414 1278 1442 abstrahit
1293 1414 1331 1441 ab
1347 1414 1427 1441 omni
1442 1413 1610 1441 conditione
1623 1415 1774 1450 temporis.

1007 1461 1038 1487 Et
1053 1460 1138 1495 quia,
1155 1462 1187 1487 ut
1204 1460 1309 1487 dicitur
1330 1460 1405 1488 infra
1422 1461 1432 1477 ⁷
1449 1469 1455 1487 2
1475 1469 1489 1485 «
1504 1462 1563 1495 Ego
1582 1460 1613 1487 in
1632 1462 1727 1492 Patre,
1749 1463 1776 1488 et

1006 1507 1088 1533 Pater
1109 1506 1139 1532 in
1159 1514 1206 1533 me
1215 1516 1223 1540 ;
1240 1516 1253 1532 »
1271 1506 1339 1533 ideo
1354 1507 1393 1533 ait
1411 1506 1613 1541 Evangelista:
1629 1507 1661 1533 In
1675 1508 1777 1541 princi-

1006 1554 1062 1586 pio.
1083 1551 1152 1579 Aliae
1178 1560 1248 1579 vero
1273 1551 1492 1587 praepositiones
1510 1552 1655 1587 praedictae
1675 1552 1778 1580 dicunt

1006 1597 1211 1625 habitudinem
1225 1606 1321 1625 causae
1337 1597 1375 1625 ad
1391 1597 1526 1625 effectum
1541 1598 1679 1633 proprius
1685 1607 1693 1632 3
1708 1598 1776 1626 ideo

1007 1651 1067 1671 non
1079 1644 1119 1671 ait
1134 1653 1142 1670 τ
1155 1645 1198 1671 Ea:
1214 1646 1360 1678 principio.
1382 1646 1415 1671 Et
1429 1651 1497 1671 cum
1514 1644 1553 1671 ait
1567 1646 1776 1678 Damascenus‚

1008 1689 1091 1725 quod
1104 1692 1186 1717 Pater
1205 1692 1247 1717 est
1261 1698 1349 1717 causa
1365 1690 1442 1724 Filii,
1459 1690 1538 1725 large
1554 1690 1678 1718 sumitur
1696 1698 1778 1718 eausa

1008 1743 1062 1771 pro
1075 1738 1226 1771 principio,
1248 1738 1280 1763 ut
1301 1736 1357 1763 hic.
1381 1738 1438 1764 Sed
1456 1739 1525 1763 tunc
1544 1736 1680 1771 objicitur
1695 1737 1777 1772 quod

1008 1783 1107 1816 posset
1122 1781 1180 1808 dici
1197 1791 1203 1809 z
1221 1782 1389 1816 Principium
1402 1784 1439 1809 est
1453 1783 1483 1809 in
1496 1783 1578 1809 Verbo
1589 1803 1596 1813 ,
1609 1782 1696 1816 sicut,
1717 1783 1779 1809 Ver-

1010 1828 1070 1854 bum
1097 1829 1126 1854 in
1145 1829 1292 1862 principio.
1312 1827 1583 1863 Respondendum‚
1603 1827 1686 1863 quod
1707 1828 1780 1855 sicut

1010 1874 1121 1901 dictum
1146 1875 1205 1907 est,
1226 1874 1312 1901 Filius
1334 1874 1363 1900 in
1388 1875 1484 1908 Patre,
1501 1876 1528 1901 et
1548 1875 1630 1901 Pater
1644 1874 1674 1900 in
1693 1874 1778 1909 Filio,

1009 1920 1123 1947 ratione
1137 1919 1295 1947 essentialis
1309 1919 1465 1947 identitatis
1482 1929 1488 1946 :
1505 1919 1575 1955 quia
1586 1922 1683 1947 tamen
1694 1919 1781 1947 Filius

1010 1968 1052 1993 est
1065 1973 1082 1992 a
1097 1967 1178 1992 Patre
1201 1966 1315 2000 genitus
1327 1986 1336 1999 ,
1359 1965 1426 1992 ideo
1443 1965 1482 1992 ait
1502 1965 1549 1992 hic
1564 1965 1711 2000 signanter
1726 1974 1732 1992 :
1747 1967 1781 1993 In

1008 2013 1156 2046 principio.
1179 2011 1206 2039 Si
1222 2013 1368 2046 quaeratur
1389 2020 1448 2046 quo
1466 2011 1558 2039 modo
1576 2011 1690 2038 essendi
1708 2012 1782 2039 inest

1010 2058 1137 2085 Verbum
1165 2059 1195 2084 in
1224 2059 1377 2092 principio,
1405 2057 1440 2084 de
1467 2057 1524 2084 hoc
1552 2057 1644 2085 modo
1667 2057 1780 2085 essendi

1010 2103 1164 2139 multiplici
1179 2103 1300 2138 Sapiens
1311 2104 1320 2119 ⁸
1335 2113 1343 2138 ;
1360 2103 1602 2138 respondendum
1616 2103 1698 2138 quod
1708 2103 1781 2130 sicut

1010 2149 1158 2184 generatio
1189 2149 1251 2176 Filii
1282 2151 1323 2176 est
1348 2148 1440 2175 modo
1467 2148 1622 2183 singulari,
1648 2149 1676 2175 01
1694 2148 1780 2175 'aliter

1011 2203 1101 2231 quam
1123 2195 1153 2222 in
1172 2195 1324 2228 humanis,
1346 2194 1416 2229 quia
1437 2194 1624 2221 excellentius
1647 2194 1730 2229 quasi
1748 2194 1778 2221 in

1011 2241 1171 2275 intinitum3
1184 2241 1223 2268 ita
1238 2240 1344 2267 modus
1359 2239 1473 2267 essendi
1490 2241 1531 2266 est
1545 2239 1628 2266 aliter
1643 2247 1732 2275 quam
1749 2240 1779 2267 in

1011 2287 1159 2314 creaturis.
1176 2288 1244 2314 ltem
1259 2286 1398 2321 quoeritur
1412 2295 1418 2313 :
1431 2285 1470 2313 ait
1483 2287 1531 2312 :In
1543 2287 1691 2320 principio,
1706 2285 1780 2314 sicut

1012 2333 1114 2368 quierit
1131 2333 1176 2367 (b),
1191 2332 1300 2359 scilicet
1316 2331 1342 2366 ⁹,
1359 2339 1448 2367 quare
1466 2331 1634 2366 relinquens
1656 2333 1777 2366 Patrem,

1013 2379 1049 2407 de
1063 2380 1134 2407 Filio
1150 2379 1292 2415 loquitur,
1308 2379 1365 2407 1100
1381 2380 1423 2406 051
1437 2377 1548 2405 dietum
1563 2387 1568 2404 :
1585 2385 1675 2412 quare
1690 2378 1780 2413 expli-

1012 2463 1055 2487 lib.
1077 2465 1100 2492 1,
1125 2472 1148 2487 0.
1173 2469 1210 2488 lx.
1231 2476 1260 2481 —
1284 2464 1293 2477 ⁶
1317 2463 1458 2493 Chrysost„
1482 2461 1524 2485 ubi
1543 2468 1633 2492 supra,
1657 2468 1684 2485 n.
1705 2462 1728 2485 3.
1750 2474 1780 2479 ·—

1013 2499 1019 2512 ³
1034 2500 1115 2528 Joan.²
1130 2505 1184 2529 xlv,
1200 2501 1236 2523 10.
1254 2511 1283 2516 —-
1300 2498 1310 2513 ⁸
1325 2498 1411 2526 Arist„
1431 2497 1529 2527 Plzysic.
1545 2497 1587 2520 lib.
1605 2497 1648 2527 tv,
1664 2498 1724 2521 text.
1740 2498 1778 2521 23.

1012 2547 1042 2552 —
1053 2535 1062 2548 '³
1077 2534 1218 2565 Chrysost„
1233 2535 1259 2558 in
1277 2534 1356 2561 donn..
1377 2533 1447 2557 hom.
1466 2538 1494 2563 11,
1510 2532 1542 2556 al.
1559 2533 1581 2562 1,
1596 2538 1623 2555 n.
1638 2533 1660 2556 4.

1045 2580 1077 2609 (a)
1096 2580 1158 2604 Coet.
1173 2580 1233 2604 edic.
1253 2585 1447 2610 nonnunquam.
1460 2591 1490 2596 —
1505 2578 1539 2608 (b)
1558 2577 1645 2609 suppl.
1660 2578 1780 2611 Chrysus·

1012 2617 1107 2639 tomus

1783 275 1880 296 conquu-

1780 299 1837 320 litu.

1794 824 1890 849 Quo-tio

1786 855 1814 876 de
1829 860 1891 876 voot-

1787 885 1853 906 bulis.
