1987 3032
211 209 270 239 568

208 274 286 302 dicto
296 294 304 308 ,
322 276 353 301 ut
367 273 504 306 salvetur,
519 275 587 300 tunc
603 273 689 299 debet
703 271 817 306 ingredi
833 271 871 299 ad
883 271 977 299 medi-

209 320 297 348 tanda
319 328 384 355 quae
403 319 451 347 Dei
470 322 550 354 sunt,
571 328 636 355 quae
651 321 718 346 sunt
733 319 896 353 credenda,
913 327 977 354 quie

208 367 352 400 amanda,
374 375 439 402 qua}
458 366 636 402 appetenda,
651 368 678 393 et
693 374 757 401 quw.
770 367 836 393 sunt
850 365 894 392 his
907 373 976 392 con-

208 413 310 448 traria,
327 414 356 440 et
370 413 458 440 debet
479 412 579 447 egredi
601 412 639 440 ad
658 412 798 439 mandata
817 412 865 439 Dei
883 412 977 440 adim-

207 460 327 496 plenda.
351 459 431 487 Unde
448 459 623 494 Augustinus
639 460 645 475 ¹
662 468 668 486 :
689 468 702 483 «
720 458 834 493 ingredi
858 459 977 486 interius

208 507 349 541 dicimus,
377 505 498 542 quando
527 505 641 541 aliquid
669 505 841 540 cogitamus.
858 516 871 530 υ
905 507 934 533 tlt
948 504 974 532 ²:

211 554 334 587 «Vade,
359 553 488 589 populus
510 560 611 587 meus,
635 553 711 580 intra
733 552 763 579 in
784 551 919 580 cubicula
940 553 976 588 (a)

208 604 266 629 tua.
278 611 290 626 »
302 602 334 627 Et
348 601 358 617 ³
373 608 379 626 ;
399 609 412 625 «
426 601 570 627 Praecurre
585 599 666 634 prior
679 599 710 626 in
723 599 847 626 domum
859 600 948 626 tuam.
960 609 972 624 n

209 649 239 675 Et
265 646 396 682 sequitur
413 655 418 673 :
445 645 684 681 «conceptiones
708 647 771 673 tuas
791 653 854 679 nge.
871 655 883 670 ι)
907 646 977 672 nem

208 693 332 720 dicimur
347 691 458 727 egredi,
475 692 595 727 quando
611 692 724 727 aliquid
739 691 864 719 exterius
875 699 977 726 opera-

208 747 284 774 mur,
301 739 463 766 secundum
478 739 551 766 illud
569 738 716 774 Prophetae
731 739 740 755 '⁴
757 748 763 765 ι
781 747 794 763 «
810 738 904 765 Exibit
923 737 976 764 ho-

207 794 257 814 mo
272 786 310 814 ad
324 794 398 820 opus
413 793 507 813 suum.
527 795 540 811 »
557 787 589 812 Ut
601 785 641 812 ait
654 785 734 812 idem
749 784 924 819 Augustinus
943 784 953 800 ⁵
969 793 974 810 z

207 832 272 860 Sive
287 833 383 860 mente
399 831 577 866 excedimus,
595 833 668 862 Deo:
684 831 744 858 sive
759 830 849 858 sobrii
865 838 976 864 sumus,

207 878 304 906 nobis.
321 888 334 904 ν)
355 880 387 906 Et
406 879 445 906 ad
468 879 508 905 sic
528 878 754 913 ingrediendum
775 879 801 904 et
826 876 977 911 egredien-

208 925 279 952 dum
309 925 397 952 debet
423 927 522 960 pastor
547 924 722 960 praeccdere.
746 924 755 939 θ
786 933 798 948 (ι
824 923 978 950 i’rovideat

209 972 283 999 Deus
304 971 471 1005 hominem,
487 981 499 995 η
525 972 577 998 etc.
593 972 625 997 Et
639 970 769 1005 sequitur
786 979 792 996 :
811 979 824 994 «
841 969 893 1002 Qui
908 976 977 1004 pos-

209 1020 251 1045 set
267 1018 299 1053 (b)
316 1018 395 1045 exire
406 1019 433 1045 et
447 1018 554 1045 intrare
569 1019 635 1044 ante
651 1025 712 1043 eos.
729 1026 741 1042 »
761 1018 791 1043 Et
804 1016 867 1043 talis
877 1024 977 1050 pascua

207 1066 340 1099 inveniet,
355 1064 463 1092 seilicet
477 1063 601 1099 triplicia
614 1073 620 1090 :
638 1071 765 1099 quorum
780 1063 876 1098 prima
895 1065 976 1096 sunt,

207 1112 327 1139 interme
349 1110 532 1138 conscientiae
554 1110 664 1145 gaudia
683 1111 692 1126 ⁷
711 1119 716 1136 :
740 1120 754 1135 i<
769 1111 874 1136 Secura
899 1109 977 1136 enim

208 1165 291 1185 mens
316 1157 400 1193 quasi
421 1157 492 1192 juge
515 1156 695 1183 convivium.
718 1166 731 1181 ν
756 1157 793 1183 De
819 1155 928 1191 quibus
948 1156 977 1182 in

208 1204 322 1232 Psalmo
333 1204 343 1219 ⁸
361 1212 367 1230 :
387 1214 399 1229 «
415 1205 446 1231 ln
461 1203 527 1230 loeo
544 1211 658 1238 pascuae
671 1202 711 1229 ibi
727 1210 773 1229 me
789 1202 974 1229 collocavit.»

208 1252 278 1280 Item
298 1253 416 1278 inveniet
437 1258 554 1285 pascua,
575 1249 683 1276 scilicet
697 1249 912 1284 Seripturarum
927 1249 977 1275 de-

208 1297 356 1326 lectabilia
370 1297 546 1324 documenta
561 1299 588 1323 et
603 1295 752 1331 mysteria,
769 1297 796 1322 et
810 1296 977 1323 sanctorum

209 1343 609 1380 exemplafl«circumspiciet
623 1345 735 1370 montes
751 1350 863 1378 pascuae
874 1350 933 1369 suae
946 1351 951 1369 :
963 1352 975 1367 »

208 1400 260 1428 per
275 1399 350 1427 quos
364 1392 478 1418 montes
492 1392 615 1425 possunt
628 1389 752 1424 intelligi
768 1390 827 1417 alta
839 1390 978 1425 mysteria

209 1438 432 1473 Scripturarum.
446 1437 478 1463 Ut
493 1436 572 1464 enim
587 1436 626 1463 ait
640 1436 817 1471 Augustinus
831 1436 849 1452 ¹⁰
862 1445 887 1463 z«
901 1436 978 1464 Sicut

209 1484 376 1512 carnalibus
396 1483 468 1510 escis
491 1483 577 1510 alitur
592 1491 678 1517 caro,
694 1483 733 1509 ita
748 1491 785 1509 cx
798 1482 905 1509 divinis
918 1482 979 1509 elo-

210 1530 287 1566 quiis
306 1532 333 1557 et
354 1529 536 1557 orationibus
554 1529 675 1556 interior
694 1529 785 1555 homo
807 1529 932 1555 nutritur
948 1530 979 1556 et

209 1576 348 1613 pascitur.
365 1586 377 1602 >i
403 1578 473 1604 ltem
490 1577 557 1602 sunt
578 1583 687 1610 pascua
711 1577 885 1602 {eternorum
910 1583 980 1609 gau-

210 1623 338 1651 diorum.
356 1623 435 1650 Unde
448 1622 625 1656 Augustinus
642 1621 660 1636 ¹¹
674 1621 721 1648 hie
738 1631 764 1647 :«
776 1623 855 1648 Bona
869 1629 979 1656 pascua

209 1670 269 1697 vita
284 1671 392 1697 aeterna
408 1678 414 1695 z
432 1668 473 1695 ibi
489 1668 571 1695 nulla
586 1668 678 1694 herba
691 1667 807 1700 arescit,
829 1668 922 1694 totum
937 1667 980 1693 vi-

210 1718 266 1750 ret,
280 1717 373 1743 totum
387 1715 474 1749 viget.
489 1725 501 1740 >1
520 1716 551 1741 Et
565 1714 606 1741 ilii
622 1714 697 1741 bene
717 1714 754 1741 de
770 1713 836 1740 hoc.
855 1716 875 1731 ¹³
889 1723 902 1738 «
915 1715 980 1740 Pas-

210 1762 271 1789 cuis
286 1761 440 1789 uberrimis
454 1769 573 1796 pascam
588 1768 648 1787 eos.
662 1770 674 1785 >v
694 1761 785 1795 Super
807 1760 890 1795 quod
912 1761 980 1786 Gre-

211 1808 311 1843 gorius
327 1808 346 1824 ¹³
358 1816 363 1834 :
376 1817 389 1833 «
399 1808 466 1840 Quae
481 1808 548 1834 sunt
562 1815 671 1842 pascua
684 1806 795 1839 ovium,
808 1805 863 1832 nisi
873 1807 980 1833 {eterna

211 1854 320 1890 gaudia
335 1854 454 1881 virentis
468 1853 617 1889 paradisi?
633 1863 645 1877 »
663 1854 693 1879 Et
708 1853 750 1879 ibi
765 1853 841 1879 benc
859 1852 895 1879 de
912 1853 979 1879 hoc.

211 1903 231 1919 ¹¹⁴
247 1912 259 1927 «
272 1903 397 1935 Pergunt
412 1900 450 1927 ad
465 1902 613 1935 pastum.»
631 1899 673 1926 lbi
687 1899 842 1932 Gregorius
855 1899 874 1914 ’ὃ
889 1906 980 1934 expo-

210 1956 282 1976 nens
296 1947 349 1974 ista
363 1946 455 1973 verba
468 1955 473 1972 ε
494 1955 506 1971 ι(
521 1945 605 1979 Quod
624 1947 740 1980 pastum
762 1945 910 1980 Scriptura
926 1952 979 1972 vo-

211 1996 256 2022 cat
271 1993 424 2021 viriditatis
438 1994 551 2019 aeternae
567 1991 726 2026 pabulum,
742 2001 755 2016 »
773 1993 861 2026 prout
874 1990 921 2017 hic
938 1990 980 2017 di-

211 2040 294 2067 citur.
312 2041 344 2067 Et
358 2038 399 2066 ibi
416 2039 491 2065 bene
513 2038 549 2065 de
566 2037 632 2065 hoe.
654 2037 748 2064 Prima
769 2045 879 2072 pascua
898 2037 979 2063 inve—

211 2087 285 2114 niret
299 2086 409 2113 intrans
427 2092 480 2120 per
500 2084 606 2111 ostium
624 2084 716 2110 modo
735 2083 831 2118 primo
853 2083 978 2117 dietum,

211 2132 359 2166 secunda,
379 2131 488 2158 intrans
512 2138 566 2165 per
594 2129 703 2157 ostium
729 2129 859 2156 seeundo
888 2129 980 2156 modo

213 2179 321 2206 dietum
328 2188 336 2213 3
353 2177 436 2205 tertia
449 2177 560 2204 intrans
584 2184 636 2211 per
659 2175 765 2203 ostium
784 2175 866 2202 tertio
888 2174 980 2202 modo

212 2224 329 2251 dictum.
339 2225 370 2251 Et
378 2223 445 2251 ideo
456 2223 559 2250 merito
567 2221 840 2249 dicuntu1·¹⁶lidcles
852 2228 909 2248 oves
918 2230 981 2256 pas-

211 2278 264 2297 cuoe
277 2270 335 2297 Dei.
353 2271 385 2297 Et
400 2269 469 2305 quia
483 2268 553 2296 talia
567 2276 676 2303 pascua
691 2275 751 2294 non
767 2269 901 2303 quaerunt
916 2275 981 2303 pas-

211 2318 287 2344 tores
309 2316 426 2350 ovibus,
444 2315 512 2342 ideo
534 2314 639 2341 dicitur
660 2314 677 2330 ¹⁷
699 2323 704 2340 ε
729 2313 898 2348 «Principes
919 2314 981 2348 ejus

244 2400 248 2412 ¹
265 2400 340 2428 Aug„
355 2398 379 2419 iae
395 2398 475 2425 Joan„
495 2398 567 2420 tract.
586 2402 645 2425 ΜΝ,
660 2403 684 2419 n.
703 2397 739 2419 15.
761 2409 786 2412 —
804 2396 815 2411 5³
832 2396 890 2424 lm„
910 2401 979 2424 xxx-1,

211 2437 250 2459 20.
265 2446 294 2450 —
310 2434 320 2449 ³
338 2433 528 2462 Ecclz‘..xxx11,
549 2433 590 2461 lfj,
608 2434 643 2455 10.
659 2444 689 2448 -
706 2432 713 2444 ‘¹
735 2431 802 2454 Psnl.
823 2437 882 2459 cm,
897 2434 936 2454 225.
951 2444 980 2448 —-

211 2471 221 2487 ⁵
241 2471 293 2494 imo
315 2468 462 2499 Apostolus,
483 2469 499 2491 ΙΙ
523 2469 591 2497 Cor„
617 2473 640 2497 ν,
662 2468 697 2490 13.
714 2480 742 2483 -
761 2470 770 2480 ⁶
793 2466 876 2496 Num.⁷
894 2473 980 2497 xxvii,

212 2506 250 2536 10,
267 2507 303 2528 Π.
320 2503 369 2522 -7
387 2504 467 2529 Prov..
481 2509 523 2534 xv,
540 2505 575 2527 12¹5.
589 2516 618 2520 -
634 2504 641 2515 *³
656 2503 722 2526 Psal.
740 2508 808 2530 xxxi,
821 2504 844 2525 2.
862 2515 890 2519 —
901 2503 910 2518 Β
925 2502 978 2528 Jol„

211 2546 306 2570 xxxix,
323 2540 346 2563 8.
362 2552 388 2556 —-
412 2539 429 2554 ¹⁰
446 2539 497 2561 imo
517 2540 614 2567 nitetur,
634 2537 747 2568 quisquis
765 2537 805 2560 illc
824 2537 868 2565 sit,
887 2537 930 2560 lib.
951 2537 980 2560 tle

210 2575 321 2600 Salutem
346 2575 444 2598 Dorum.
466 2573 499 2596 ml
519 2573 614 2604 quc-md.
633 2574 738 2602 r'0111i!.,
758 2582 779 2595 e.
801 2578 895 2602 xxviii,
916 2572 980 2595 inter

211 2612 286 2642 Oper.
304 2612 377 2641 Aug..
395 2609 508 2640 Append.
530 2611 591 2631 toni.
606 2609 671 2632 Viil.
688 2621 717 2625 —
732 2609 750 2624 ¹¹
770 2609 844 2638 Aug..
859 2609 883 2630 in
898 2609 979 2636 Jmm„

212 2648 283 2672 tract.
297 2652 387 2676 xnvnx7
401 2652 425 2668 ιι,
441 2646 464 2669 ὅ,
476 2658 503 2661 -
517 2644 535 2660 ¹²
551 2643 645 2669 Exest-le..
662 2649 747 2666 xxxiv.
770 2644 802 2666 14.
815 2656 845 2660 --
861 2643 880 2658 ¹³
893 2645 977 2671 ‹iz-02,

716 204 984 236 COLLATIONES
1008 204 1300 238 PRAEDICABILES

1033 272 1112 300 velut
1127 272 1230 300 arictes
1244 280 1304 300 non
1318 273 1499 301 invenientes
1513 281 1636 309 pascua.
1652 284 1664 298 »
1682 275 1802 310 Propter

1033 319 1116 354 quod
1131 319 1258 347 clamant
1272 323 1299 347 et
1316 322 1535 356 conqueruntur
1550 327 1620 348 oves
1634 320 1654 337 ¹⁸
1669 329 1676 347 ε
1694 319 1803 355 Mugie-

1033 367 1100 392 runt
1112 364 1143 400 (c)
1155 373 1257 400 greges
1268 366 1480 402 armenti,quia
1486 374 1547 394 non
1557 367 1599 394 est
1609 366 1650 394 eis
1657 373 1776 402 pascua.
1787 375 1800 391 n

1139 456 1252 482 collatio
1276 456 1569 490 quadragesz'manona,
1593 464 1626 490 x,
1654 458 1696 484 Η.

1068 540 1156 565 Bonus
1169 542 1263 573 pastor
1278 539 1326 566 dat
1342 541 1460 567 animam
1474 547 1550 567 suam
1564 548 1612 575 pro
1627 541 1718 568 ovibus
1735 543 1802 568 suis.

1033 584 1178 618 Quoniam
1200 585 1323 621 planum
1347 588 1389 613 est
1412 594 1448 613 ex
1469 587 1549 614 textu
1572 588 1599 614 et
1620 594 1657 614 ex
1680 587 1802 622 sanctis,

1033 631 1176 667 quoniam
1191 631 1277 659 Filius
1291 632 1339 659 Dei
1354 632 1407 659 suit
1421 632 1518 660 bonus
1530 634 1640 668 pastor,
1656 633 1708 669 qui
1723 633 1805 662 dedit

1033 677 1163 705 animam
1176 686 1259 706 suam
1274 686 1329 714 pro
1344 678 1450 706 ovibus
1465 689 1473 706 .-
1493 678 1530 706 de
1546 687 1606 714 quo
1626 680 1743 714 pastore
1758 679 1779 696 ¹⁹
1795 687 1803 707 ι

1035 724 1207 752 «suscitabo
1222 733 1309 760 super
1321 733 1371 753 eos
1385 727 1535 761 pastorem
1549 733 1643 752 unum
1655 734 1662 752 ε
1677 735 1691 752 »
1702 724 1722 742 ²⁰
1737 735 1750 750 «
1764 725 1803 754 Si-

1033 773 1080 798 cut
1088 774 1186 806 pastor
1194 779 1315 806 gregem
1323 780 1409 799 suum
1421 771 1513 808 pascit
1526 780 1531 799 :
1545 771 1637 799 »ideo
1648 771 1703 800 ista
1712 772 1803 800 verba

1033 819 1220 853 exponuntur
1239 818 1444 854 mysterialiter
1465 818 1504 853 (d)
1533 818 1571 845 de
1598 817 1709 846 vicario
1735 818 1803 846 Jesu

1032 864 1152 898 Christi,
1173 864 1223 900 qui
1244 864 1269 891 ei
1289 864 1418 892 succedit
1437 864 1467 891 in
1485 864 1582 892 officio
1605 863 1755 900 pastorali.
1771 866 1804 892 Et

1033 910 1196 937 secundum
1216 910 1272 938 hoc
1295 911 1422 946 quatuor
1446 910 1612 945 figurantur
1637 919 1643 937 :
1673 917 1801 946 quorum

1032 956 1161 992 primum
1172 958 1213 984 est
1223 956 1312 984 officii
1323 956 1501 992 praelationis
1510 956 1648 992 specifica
1659 955 1802 990 conditio,

1034 1002 1073 1029 ibi
1091 1011 1097 1029 z
1121 1004 1232 1037 Pascor;
1246 1003 1409 1030 secundum
1424 1005 1466 1030 est
1479 1002 1698 1038 adimpletionis
1712 1002 1802 1030 officii

1034 1049 1133 1076 dehita
1147 1049 1294 1084 perfectio,
1305 1049 1361 1076 ihi:
1374 1050 1462 1076 Bonus
1468 1058 1477 1081 ;
1490 1049 1606 1076 tertium
1614 1050 1656 1076 est
1670 1048 1803 1084 ejusdem

1029 1095 1107 1130 justa
1121 1095 1274 1130 obligatio,
1290 1095 1329 1122 ibi
1352 1105 1358 1121 ;
1375 1098 1428 1122 Dat
1450 1097 1584 1128 animam5
1605 1097 1743 1131 quartum
1761 1096 1804 1122 est

1032 1142 1219 1169 subditorum
1234 1142 1352 1169 humilis
1367 1141 1520 1176 subjectio,
1537 1141 1577 1168 ibi
1594 1150 1600 1168 :
1620 1141 1719 1169 Ovibus
1735 1142 1800 1168 suis.

1069 1189 1112 1215 Ait
1126 1196 1195 1223 ergo
1210 1189 1332 1216 :Pastor.
1349 1189 1381 1215 Ut
1396 1188 1474 1215 enim
1487 1187 1526 1215 ait
1541 1189 1622 1222 nugo
1635 1190 1662 1215 et
1676 1187 1780 1223 Papias
1793 1197 1800 1215 :

1037 1244 1047 1257 t«
1063 1235 1160 1261 Pastor
1176 1234 1280 1262 dieitur
1302 1242 1320 1261 a
1342 1234 1502 1269 pascendo,
1527 1234 1598 1270 quia
1620 1235 1738 1269 pastum
1753 1233 1804 1262 dat

1033 1280 1148 1314 ovibus,
1163 1281 1223 1308 sive
1239 1280 1309 1316 quia
1324 1280 1454 1315 depascit
1468 1288 1548 1308 oves,
1562 1290 1575 1306 ιι
1592 1279 1670 1307 Sicut
1691 1281 1803 1314 Augus-

1033 1327 1109 1354 tinus
1135 1327 1174 1354 ait
1194 1336 1200 1354 :
1232 1337 1245 1352 «
1268 1329 1356 1354 'sextu
1384 1327 1598 1362 Scripturarum
1625 1327 1652 1353 et
1675 1325 1803 1354 maxime

1034 1374 1183 1409 Evangelii
1204 1373 1361 1409 pascimur.
1381 1384 1393 1397 »
1410 1374 1442 1400 Ut
1456 1372 1495 1400 ait
1508 1372 1589 1400 idem
1601 1372 1778 1408 Augustinus
1793 1382 1801 1400 ε

1037 1432 1050 1447 ι(
1066 1423 1120 1455 Ea,
1134 1421 1243 1456 quibus
1257 1420 1415 1456 pascimur,
1431 1421 1498 1446 sunt
1512 1418 1652 1447 mandata
1667 1419 1727 1453 Dei,
1743 1419 1804 1446 sive

1033 1471 1178 1504 praecepta
1197 1467 1347 1502 utriusque
1366 1468 1548 1494 Testamenti.
1570 1476 1583 1492 »
1604 1466 1655 1494 llle
1673 1467 1716 1494 est
1735 1473 1804 1501 ergo

1033 1517 1149 1550 pastor,
1167 1513 1218 1549 qni
1236 1514 1327 1549 pascit
1344 1512 1489 1548 praedictis
1502 1512 1618 1548 pascuis
1633 1511 1648 1529 ²¹
1669 1521 1675 1539 :
1689 1521 1703 1538 (i
1717 1513 1805 1540 Docet

1034 1563 1062 1588 et
1076 1560 1171 1588 erudit
1184 1561 1267 1596 quasi
1278 1561 1378 1596 pastor
1392 1568 1512 1594 gregem
1527 1567 1639 1586 suum.»
1650 1559 1729 1587 Unde
1739 1561 1804 1587 Ber-

1034 1608 1144 1635 nardus
1158 1606 1181 1622 ‘²²
1196 1616 1225 1634 ευ
1241 1609 1339 1634 Pastus
1353 1606 1455 1634 ovium
1470 1606 1499 1633 in
1513 1607 1629 1642 pascuis
1643 1606 1803 1642 Scriptura-

1034 1662 1100 1681 rum
1114 1654 1201 1680 dehet
1214 1661 1286 1680 esse.
1302 1662 1315 1677 »
1329 1654 1361 1679 Et
1374 1652 1431 1679 hoc
1446 1651 1605 1687 tripliciter,
1620 1654 1652 1679 ut
1665 1652 1804 1680 mandata

1036 1700 1116 1727 duris
1128 1702 1155 1726 et
1165 1698 1334 1727 carnalibus
1348 1698 1538 1733 imponantur
1551 1697 1804 1734 dispensationum

1036 1747 1173 1774 omnihus
1188 1745 1319 1781 pusillis,
1344 1744 1508 1772 secundum
1526 1744 1601 1772 illud
1615 1745 1745 1780 Apostoli
1760 1746 1801 1773 ²³:

1038 1804 1051 1819 «
1069 1793 1122 1826 Qui
1143 1793 1277 1820 infirmus
1295 1793 1352 1826 est,
1378 1791 1443 1819 olus
1466 1791 1633 1836 manducet.
1647 1801 1662 1817 »
1678 1791 1805 1820 Consilia

1035 1840 1131 1868 solida
1143 1842 1170 1866 et
1192 1839 1377 1866 hortamenta
1391 1838 1478 1866 fortia
1491 1837 1588 1872 sanis3
1603 1837 1682 1865 unde
1703 1837 1805 1866 infra²⁴

1036 1888 1146 1914 dictum
1165 1888 1207 1914 est
1230 1888 1312 1913 Petro
1334 1888 1376 1913 ter
1392 1895 1397 1912 z
1423 1895 1437 1911 α
1451 1887 1537 1913 Pasce
1553 1892 1622 1912 oves
1636 1893 1727 1913 meaS.
1742 1895 1756 1912 »
1774 1887 1806 1914 Et

1035 1935 1075 1962 ibi
1101 1934 1137 1961 de
1160 1934 1215 1960 hoc
1230 1933 1250 1949 Ἃ
1267 1942 1273 1960 :
1293 1943 1306 1958 t(
1321 1932 1429 1960 Pascite
1453 1932 1503 1968 qui
1529 1932 1558 1959 in
1573 1931 1659 1959 vobis
1681 1933 1724 1959 est
1743 1940 1806 1968 gre-

1035 1989 1111 2015 gem.
1129 1991 1141 2005 »
1156 1979 1204 2007 Vel
1220 1982 1317 2015 pastor
1332 1981 1388 2013 cst,
1405 1978 1456 2014 qui
1471 1978 1564 2014 pascit
1581 1977 1727 2013 praedictis
1741 1986 1806 2015 pas-

1036 2027 1111 2060 cuis,
1127 2026 1288 2061 dequibus
1311 2026 1341 2052 in
1363 2025 1455 2060 priori
1477 2023 1654 2058 collatione,
1679 2025 1805 2060 scilicet,

1035 2075 1120 2109 pastu
1135 2080 1223 2099 sacrae
1239 2070 1424 2104 eruditionis,
1447 2072 1474 2098 et
1494 2072 1579 2106 pastu
1597 2071 1653 2106 piae
1673 2071 1806 2099 consola-

1036 2120 1138 2153 tionis,
1152 2121 1179 2146 et
1201 2119 1286 2154 pastu
1300 2116 1503 2153 promissionis
1522 2116 1558 2144 de
1582 2116 1746 2144 eoelestibus
1762 2116 1781 2134 ²⁶
1798 2125 1805 2144 :

1039 2166 1146 2193 «Dabo
1169 2164 1254 2192 vobis
1276 2165 1408 2199 pastores
1428 2163 1513 2198 juxta
1537 2170 1588 2190 cor
1612 2170 1729 2198 meum,
1755 2162 1806 2198 qui

1035 2213 1154 2248 pascunt
1176 2212 1206 2246 (e)
1232 2218 1283 2238 vos
1309 2209 1428 2236 scientia
1449 2211 1476 2236 et
1494 2208 1637 2236 doctrina.
1653 2219 1666 2235 n
1690 2209 1746 2237 Sed
1765 2210 1806 2237 ta-

1036 2266 1103 2286 men
1119 2258 1156 2285 de
1170 2256 1269 2284 multis
1283 2255 1450 2283 verificatur
1464 2254 1552 2288 istud,
1569 2255 1606 2283 de
1621 2263 1680 2290 quo
1694 2255 1806 2290 plangit

1036 2323 1061 2344 [n
1078 2322 1185 2350 Ευαιιφ,
1201 2319 1270 2342 hom.
1295 2323 1345 2348 MV,
1368 2324 1394 2341 u.
1410 2319 1432 2340 5.
1454 2330 1484 2334 —
1505 2317 1523 2332 ¹⁸
1544 2316 1602 2345 Job,
1620 2322 1716 2346 xxxix,
1737 2318 1760 2340 4.
1776 2330 1805 2335 —

1038 2358 1053 2370 ¹³·
1070 2358 1155 2385 firi—g„
1172 2354 1273 2382 iiior-ul„
1291 2353 1334 2376 lib.
1354 2353 1435 2382 XXX,
1457 2359 1478 2375 c.
1499 2358 1540 2381 xi,
1560 2352 1592 2375 al.
1608 2357 1660 2380 xiv,
1678 2359 1704 2375 u.
1720 2353 1759 2376 49.
1775 2365 1805 2370 -

1037 2393 1054 2405 ¹⁶
1071 2391 1219 2419 I›.v11l.xc1v,
1233 2392 1257 2413 7.
1270 2401 1298 2406 —
1316 2389 1333 2404 ¹⁷
1348 2388 1445 2418 Threm,
1460 2393 1478 2417 1,
1492 2388 1515 2411 6.
1529 2401 1559 2404 -
1573 2388 1589 2401 ¹⁸
1601 2387 1674 2416 Joel„
1690 2393 1708 2417 i,
1725 2389 1762 2411 18.
1775 2399 1804 2404 —

1037 2428 1054 2443 ¹⁹
1069 2426 1168 2453 liza-h..
1185 2431 1208 2455 v,
1224 2426 1262 2448 213.
1276 2437 1305 2442 —
1320 2424 1340 2440 ²⁰
1352 2423 1413 2452 Isu„
1426 2428 1468 2452 XL,
1486 2425 1522 2446 11.
1537 2435 1568 2439 —-
1580 2422 1599 2438 ‘²¹
1615 2422 1712 2452 Ezeclz„
1728 2428 1757 2446 xi
1765 2428 1804 2450 111,

1038 2464 1072 2486 13.
1089 2475 1118 2478 —
1133 2462 1153 2477 2³
1168 2462 1252 2490 Rern„
1271 2466 1345 2490 snper
1365 2458 1448 2487 Canu,
1466 2464 1542 2481 serni.
1559 2463 1648 2486 Lxxvr,
1663 2459 1721 2488 post
1734 2457 1802 2481 med.

1034 2510 1064 2515 —
1080 2498 1098 2512 '³³
1115 2497 1190 2525 liam,
1212 2501 1266 2525 x1v,
1281 2496 1304 2518 2.
1319 2507 1350 2511 —
1364 2494 1381 2508 Ἀ
1396 2494 1477 2521 Ioum,
1493 2499 1551 2523 xri,
1568 2493 1605 2516 17.
1620 2505 1650 2509 —
1667 2492 1803 2523 ²³1Petra,

1036 2539 1058 2562 v,
1074 2535 1095 2555 12.
1111 2544 1141 2548 -
1155 2531 1176 2546 '²¹⁵
1189 2532 1290 2560 Jerem„
1306 2536 1348 2559 111,
1367 2530 1401 2552 15.

1065 2572 1099 2601 (a)
1117 2572 1177 2594 Cat.
1192 2570 1253 2593 edit.
1275 2568 1445 2593 tabernacula.
1477 2581 1488 2584 -
1515 2567 1550 2598 (b)
1574 2566 1647 2597 Vulq.
1668 2567 1758 2597 possit.
1773 2581 1803 2585 —

1036 2607 1064 2637 (c)
1082 2606 1151 2630 Eaelst.
1173 2606 1227 2629 Van.
1242 2605 1374 2628 miseruut.
1388 2617 1418 2621 —
1433 2603 1468 2633 (tl)
1486 2603 1540 2633 Leq.
1555 2602 1762 2626 ministerialiter.
1773 2615 1803 2621 —

1035 2643 1064 2669 (1³.
1089 2641 1158 2669 t'ulq.
1175 2642 1284 2670 pascent.
