1987 3032
227 212 286 242 226
773 206 985 239 EVANGELII
1007 207 1144 239 SANCTI
1165 208 1276 240 LUCAE

225 277 285 308 sita
306 277 530 316 intelliguntur
544 278 742 307 sacramenta
766 275 992 312 humanitatis,

226 338 300 370 quae
315 330 408 360 nohis
422 330 566 370 exposita
588 331 664 359 sunt
686 329 725 359 ad
746 328 938 359 credendum
964 329 995 358 et

226 383 471 421 intelligendum
491 392 546 422 per
561 381 799 412 resurrectionis
814 389 992 410 sacramen-

224 436 305 466 tum.
322 435 410 466 Unde
424 435 536 465 dieitur
546 435 554 451 ¹
569 445 575 465 :
593 445 607 463 a
620 434 694 464 Ecce
708 434 781 464 vicit
796 434 844 463 leo
859 433 896 463 de
910 433 994 463 tribu

224 488 320 527 Juda,
339 489 429 519 radix
451 487 567 525 David,
593 487 714 526 aperire
728 487 865 523 librum,
888 488 918 516 et
931 485 995 516 sol-

224 551 299 573 vere
319 543 438 581 septem
454 540 619 578 signacula
638 541 719 579 ejiis.
734 550 748 568 n
767 540 826 570 Sed
842 539 993 578 quianon

223 596 357 634 possunt
371 594 479 624 omnia
494 592 718 632 comprehendi
741 593 862 623 ratione
877 591 992 622 divini-

224 650 295 678 tatis
310 648 408 679 unitae
418 672 427 685 ,
442 647 512 677 ideo
531 647 646 677 dicitur
661 646 745 686 quod
760 646 838 676 abiit
858 646 991 676 mirans.

224 701 304 732 Nam
327 702 442 732 dicitur
462 701 496 731 in
516 700 645 732 Psalmo
660 702 671 717 ²
690 710 696 730 ς
718 710 732 728 «
746 698 895 729 Mirabilis
914 698 993 728 facta

223 757 269 785 est
284 754 412 784 scientia
425 756 480 784 tua
494 762 533 784 ex
550 762 612 783 me.
624 763 638 780 n
658 752 694 783 Et
709 754 875 791 propterca
890 751 921 781 in
934 752 992 782 hu-

219 809 274 847 J'us
282 807 536 846 designationem
545 806 688 843 dicitur³,
703 805 787 845 quod
803 805 992 835 «sudarium

223 861 309 901 quod
329 861 431 891 fuerat
446 869 541 900 super
556 862 649 899 caput
664 860 748 899 ejtls,
766 868 830 889 non
847 859 904 888 suit
919 867 992 889 cum

223 915 458 945 linteaminibus
473 914 610 953 positum
623 937 630 951 ,
649 913 702 943 sed
720 912 889 952 separatim
904 912 993 942 invo-

223 968 327 998 lutum
342 968 376 997 in
391 976 493 997 unum
508 966 625 996 locum.
641 976 656 993 ι)
675 965 720 996 Ibi
736 965 843 995 Glossa
858 965 867 981 ἢ
882 976 888 994 :
906 976 920 993 (ι
931 964 992 995 Sa—

223 1023 383 1051 cramenta
410 1019 582 1050 divinitatis
612 1017 943 1058 incomprehensibilia
974 1026 993 1047 a

223 1076 340 1104 nostrae
354 1072 548 1103 infirmitatis
563 1072 745 1110 cognitione
763 1073 885 1100 remota
898 1072 990 1107 sunt;

223 1128 255 1156 in
272 1126 434 1157 involucro
449 1125 534 1155 enim
545 1134 602 1154 nec
614 1124 740 1154 initium
750 1133 807 1153 nec
822 1123 894 1152 sinis
911 1123 993 1161 aspi-

223 1180 322 1217 citur,
349 1179 430 1209 sicut
454 1178 605 1208 celsitudo
626 1176 799 1207 divinitatis
824 1185 881 1205 nec
901 1175 994 1214 coepit

225 1242 292 1263 esse
304 1256 311 1270 ‚
329 1241 386 1262 nec
409 1231 500 1261 desiit
514 1239 592 1260 esse.
606 1240 620 1257 »
639 1229 676 1259 Et
700 1229 768 1259 ideo
786 1229 896 1258 Petrus
918 1228 994 1258 abiit

224 1285 353 1315 mirans.
370 1284 518 1315 Psalmzcs
532 1283 541 1298 ⁵
554 1293 560 1312 z
580 1281 755 1312 «Mirabilia
764 1290 859 1320 opera
872 1282 946 1317 tua,
964 1282 994 1310 et

223 1338 331 1368 anima
344 1345 415 1367 mea
428 1336 589 1374 cognoscit
607 1335 644 1373 (a)
664 1334 770 1364 nimis.
788 1344 801 1361 n

263 1393 312 1421 13.
329 1391 374 1422 Et
387 1398 453 1421 ecce
479 1389 542 1419 duo
563 1398 602 1419 ez
628 1388 688 1418 illis
708 1388 810 1425 ibant,
835 1388 894 1416 etc.
920 1386 994 1416 Post

226 1444 416 1483 descriptam
431 1443 658 1474 revelationem
675 1440 927 1477 resurrectionis,
941 1439 992 1469 hic

223 1498 370 1528 describit
399 1497 603 1535 Evangelista
625 1495 855 1534 apparitionem
884 1502 991 1523 resur-

225 1550 328 1588 gentis
340 1573 349 1587 ‚
368 1550 421 1589 qui
442 1549 570 1588 quidem
590 1548 737 1587 apparuit
756 1547 879 1577 duobus
899 1545 992 1575 (lisci-

223 1604 306 1644 pulis
322 1606 474 1643 tanquam
491 1602 621 1632 testibus
644 1601 776 1631 idoneis.
800 1600 991 1637 Progressus

223 1660 329 1687 autem
345 1656 461 1687 etordo
472 1655 568 1694 hujus
580 1654 785 1694 apparitionis
798 1653 855 1682 fuit
871 1653 903 1682 in
917 1652 987 1689 hoc,

223 1710 309 1750 quod
328 1710 470 1740 Christus
485 1718 517 1738 se
533 1707 694 1746 discipulis
709 1706 840 1736 sociavit
858 1705 989 1744 triplici—

223 1765 271 1794 ter
288 1774 294 1793 :
312 1763 415 1802 primo
430 1762 558 1801 quidem
572 1761 604 1790 in
620 1760 749 1797 itinere3
766 1759 903 1789 secundo
915 1767 991 1788 vero

223 1816 258 1845 in
273 1815 480 1846 collocutione
492 1838 499 1851 ,
515 1814 552 1844 de
566 1823 629 1853 qua
640 1812 699 1843 ibi⁶
712 1821 719 1842 ε
734 1813 763 1843 E
766 1816 777 1842 t
791 1811 890 1842 ailad
901 1811 990 1841 illos:

226 1869 291 1907 Qui
304 1872 378 1898 szmt
399 1868 433 1898 liz·
446 1877 623 1904 sermones,
640 1869 697 1896 etc.
711 1876 719 1904 3
735 1868 765 1896 et
779 1866 871 1896 tertio
891 1865 924 1894 in
938 1873 992 1895 co-

224 1921 397 1958 mestione,
415 1921 452 1951 de
469 1929 532 1960 qua
547 1920 591 1950 ibi
604 1920 614 1936 ⁷
628 1929 635 1950 :
654 1920 698 1950 Et
713 1919 991 1958 appropinquare-

223 1978 300 2004 rwzt
314 1973 439 2004 castello
455 1982 517 2013 quo
534 1972 637 2009 ibant,
654 1974 711 2002 etc.
736 1971 770 2001 In
788 1971 899 2010 primis
913 1971 991 2000 duo-

226 2027 287 2057 bus
300 2027 410 2064 latuit,
428 2026 481 2056 sed
502 2026 538 2056 in
552 2025 644 2055 tertio
659 2024 815 2064 apparuit.
842 2023 929 2054 Circa
943 2032 993 2053 as-

226 2080 430 2111 sociationem
455 2079 487 2109 in
510 2079 622 2109 itinere
644 2077 879 2108 describendam
897 2101 906 2114 ,
933 2077 993 2107 tria

225 2133 470 2164 introducuntur
484 2133 524 2162 ab
539 2131 759 2170 Evangelista,
781 2130 897 2161 scilicet
916 2139 994 2160 con-

226 2196 294 2218 cors
309 2187 368 2217 iter
379 2185 617 2226 discipulorum,
634 2187 785 2215 mutuum
800 2183 991 2222 colloquium

226 2240 457 2277 itinerantium,
478 2241 509 2269 et
532 2237 645 2269 Christi
660 2237 855 2268 consortium
876 2235 991 2274 digna-

224 2293 338 2323 tivum.

267 2345 373 2375 Primo
397 2345 514 2384 igitur,
541 2346 697 2384 quantum
720 2343 760 2373 ad
781 2350 911 2373 concors
934 2341 994 2372 iter

257 2425 264 2441 ¹
280 2425 363 2455 Apoc„
379 2429 402 2455 V,
416 2426 439 2448 Ξ).
451 2437 481 2442 --
496 2425 506 2440 ²
521 2424 587 2447 Psal.
608 2429 737 2453 cxxxviii,
752 2424 774 2446 6,
793 2422 842 2440 —ss
855 2423 992 2451 J01111.,XX,

225 2460 247 2483 7.
262 2473 293 2477 —
305 2463 312 2473 ⁴
328 2460 539 2487 Gloss.z'1zJoan.,
553 2467 574 2482 c.
586 2466 664 2482 xx.—
676 2459 684 2472 ⁵
699 2458 768 2481 Psal.
784 2463 910 2486 cxxxvili,
923 2457 993 2480 ll.—

225 2496 234 2509 ⁶
255 2495 312 2525 lnt'.,
330 2496 365 2519 Π.
378 2508 408 2511 -
419 2494 500 2524 ⁷1nf.,
515 2496 553 2517 28.
568 2507 594 2510 ——
608 2496 615 2507 ⁵
627 2493 760 2523 Eccle.,1V,
773 2496 795 2523 9,
810 2495 844 2517 l0.
856 2506 882 2510 -—
899 2494 907 2506 ²¹
920 2493 993 2521 sup„

223 2537 249 2559 x,
268 2532 289 2554 t.
304 2543 335 2548 —
353 2530 370 2545 ¹⁰
385 2529 457 2558 Beth,
473 2530 497 2551 in
519 2529 585 2558 Luta,
602 2529 644 2551 Ιίῑι,
658 2529 698 2558 lV,
715 2535 737 2551 c.
751 2534 818 2552 xcii.
831 2541 860 2545 -
873 2528 890 2542 ¹¹
904 2526 992 2556 Eccle„

222 2571 259 2594 xt,
273 2566 294 2588 2.
306 2564 490 2594 —·²llie1·on.,
501 2564 534 2586 wl
545 2563 649 2586 [simut-lt
665 2582 671 2592 ,
684 2563 756 2593 epist.
773 2569 891 2586 xxv11.—
901 2561 921 2577 ¹³
930 2562 993 2584 Auc-

222 2604 276 2625 tore
297 2599 465 2628 Cassiodoro,
485 2599 520 2622 sic
542 2598 622 2627 dicta,
652 2598 710 2628 quia
731 2605 762 2621 ex
782 2598 893 2621 historiis
916 2596 992 2620 trium

222 2637 386 2666 scriptorum,
404 2634 497 2658 scilieet
510 2633 628 2662 Socratis,
641 2634 774 2657 Snzomeni
796 2636 819 2656 vt
841 2631 992 2657 'theodoreti

222 2672 332 2696 conflata
345 2673 391 2694 est.
407 2683 436 2688 —
454 2670 470 2686 '¹'
486 2669 629 2693 Notandum
647 2671 730 2692 tumen
749 2669 838 2692 urbem
859 2669 928 2692 illam
943 2674 990 2690 uo-

1050 274 1295 314 discipulorum‚
1322 276 1398 306 dicit
1416 286 1423 306 :
1452 276 1496 307 Et
1518 284 1585 306 ecce
1609 275 1673 306 duo
1695 284 1736 306 ex
1756 275 1818 308 illis

1051 327 1140 357 ibant
1151 328 1220 367 {psa
1233 328 1282 358 dle
1297 329 1330 358 in
1345 329 1507 359 castellwn
1523 329 1612 368 quod
1623 333 1692 359 erat
1706 329 1740 359 in
1749 338 1820 369 spa-

1051 381 1093 410 tio
1103 380 1279 411 stacle'orzmz
1293 383 1461 421 seoeaqinta
1475 383 1515 412 ab
1531 382 1743 419 Hierusalem,
1761 391 1820 413 no-

1051 433 1135 462 mine
1154 434 1308 464 Enmzans
1331 434 1382 472 (b).
1407 434 1442 465 lu
1461 444 1523 474 quo
1548 436 1699 475 exprimit
1719 434 1819 465 Lucas

1049 485 1196 515 euntium
1212 495 1397 524 numerum,
1412 487 1527 518 scilicet
1538 488 1622 527 quod
1637 490 1727 518 erant
1743 487 1817 526 duo,

1049 539 1085 567 ut
1101 537 1188 568 daret
1203 538 1335 577 intelligi
1353 539 1494 578 ipsorum
1511 541 1728 571 concordiam:
1744 549 1819 571 nam

1049 592 1059 608 ³
1076 601 1090 618 (ι
1104 591 1216 621 melius
1227 594 1273 622 est
1285 592 1364 623 duos
1373 602 1441 623 esse
1452 593 1558 630 simul,
1571 602 1667 632 quam
1679 602 1814 624 unum.»

1049 642 1198 682 Sequitur
1224 655 1230 673 ε
1253 644 1314 675 «Si
1330 655 1412 676 unus
1426 645 1585 683 ceciderit,
1607 646 1646 676 ab
1675 646 1735 676 alio
1757 645 1818 677 ful-

1049 695 1164 734 cietur,
1181 708 1195 724 n
1214 699 1273 727 etc.
1292 697 1329 727 Et
1354 698 1422 729 ideo
1440 707 1537 737 supra
1551 702 1561 716 ‘³
1583 698 1715 736 dicitur,
1735 698 1819 738 quod

1053 760 1067 777 α
1087 749 1172 779 misit
1191 758 1243 780 eos
1266 750 1357 781 binos
1376 754 1448 782 ante
1469 752 1578 782 faciem
1601 760 1709 789 suam,
1724 762 1739 780 ι)
1759 753 1817 782 etc.

1047 800 1203 840 Exprimit
1228 803 1324 833 etiam
1349 804 1502 843 spatium,
1525 806 1652 843 propter
1676 804 1819 843 mysterii

1048 853 1311 893 intelligentiam3
1340 865 1430 894 nam,
1458 857 1537 887 sicut
1554 856 1638 887 Beda
1655 856 1758 896 inquit
1773 856 1793 872 ¹⁰
1809 867 1816 887 :

1052 918 1067 936 (ι
1090 907 1234 937 Stadium
1256 911 1302 938 est
1325 911 1436 939 octava
1463 918 1535 948 pars
1561 909 1724 939 milliarii:
1745 920 1760 937 n
1789 912 1820 940 et

1048 960 1117 991 ideo
1132 961 1300 1000 sexaginta
1315 963 1415 992 stadia
1426 965 1545 1002 septem
1558 963 1657 993 millia
1668 972 1819 1002 passuum

1047 1014 1078 1043 et
1092 1014 1287 1053 quingentos
1303 1016 1480 1053 continent,
1494 1016 1524 1046 id
1540 1017 1586 1046 est
1606 1018 1727 1055 septem
1745 1016 1818 1046 mil-

1047 1065 1137 1096 liaria
1160 1069 1190 1097 et
1211 1067 1397 1106 dimidium,
1424 1069 1457 1098 in
1480 1078 1543 1107 quo
1567 1069 1660 1098 datur
1683 1068 1819 1107 intelligi

1048 1119 1132 1157 quod
1154 1122 1243 1149 erant
1269 1121 1307 1150 de
1329 1123 1429 1151 morte
1453 1123 1483 1151 et
1506 1121 1667 1160 sepultura
1695 1121 1818 1152 Domini

1047 1172 1139 1208 certi,
1161 1173 1216 1203 sed
1234 1173 1272 1203 de
1291 1176 1401 1204 octava
1422 1174 1659 1204 resurrectionis
1680 1173 1768 1204 dubii
1788 1176 1819 1205 et

1048 1224 1171 1262 incerti,
1189 1225 1268 1255 sicut
1282 1226 1397 1256 dicitur
1411 1226 1429 1243 ¹¹
1450 1237 1479 1256 z«
1495 1226 1538 1256 Da
1553 1228 1657 1266 partes
1679 1228 1815 1266 septem,

1048 1285 1104 1306 nec
1119 1285 1184 1307 non
1199 1279 1229 1307 et
1243 1280 1328 1314 octo,
1346 1290 1360 1306 n
1380 1279 1454 1317 quia
1476 1287 1541 1309 non
1560 1281 1682 1309 tantum
1705 1279 1818 1309 Christi

1049 1332 1183 1360 mortem
1197 1332 1228 1360 et
1242 1331 1455 1370 sepulturam,
1472 1332 1525 1362 sed
1542 1332 1637 1362 etiam
1656 1340 1819 1363 resurrec-

1047 1382 1167 1412 tionem
1183 1385 1301 1413 constat
1317 1393 1383 1414 esse
1399 1384 1525 1422 integre
1544 1386 1575 1414 et
1595 1384 1730 1424 perfecte
1749 1393 1818 1415 cre-

1047 1434 1192 1465 dendam.
1207 1435 1363 1475 Exprimit
1379 1437 1473 1467 etiam
1488 1438 1662 1468 terminum
1680 1437 1813 1476 itineris,

1046 1489 1152 1520 dicens
1179 1492 1263 1530 quod
1289 1492 1462 1522 vocabatur
1489 1492 1665 1530 Emmaus,
1697 1497 1727 1522 et
1757 1493 1817 1523 hoc

1046 1546 1174 1582 propter
1188 1543 1434 1582 significantiam
1451 1553 1459 1574 t
1475 1554 1551 1574 nam
1576 1547 1715 1576 castrum
1737 1545 1817 1576 illud

1046 1596 1150 1634 primo
1164 1596 1388 1626 nominabatur
1403 1597 1579 1635 Emmaus,
1602 1598 1682 1628 sicut
1700 1598 1817 1629 dicitur

1046 1648 1111 1685 hic,
1128 1651 1158 1678 et
1173 1651 1277 1688 postea
1291 1650 1465 1689 Nicopolis.
1483 1650 1570 1681 Unde
1585 1650 1814 1690 Hieronymus,
1849 1686 1854 1691 ,

1046 1702 1079 1731 in
1098 1702 1272 1741 Epitaphio
1296 1703 1408 1733 Pauloe
1438 1704 1473 1733 ¹³:
1501 1715 1515 1732 «
1536 1704 1741 1743 Repetitoque
1764 1704 1815 1734 iti-

1047 1763 1138 1792 nere,
1154 1755 1233 1785 vidit
1249 1755 1441 1795 Nicopolim,
1459 1765 1531 1796 quae
1554 1757 1642 1795 prius
1666 1756 1818 1787 Emmaus
1833 1777 1938 1797 Emmaus
1985 1788 1987 1797 ¹

1048 1809 1236 1846 vocabatur,
1261 1809 1346 1848 apud
1370 1818 1467 1848 quam
1492 1810 1526 1839 in
1548 1810 1698 1840 fractione
1725 1810 1817 1849 panis
1855 1834 1873 1854 Ὦ

1048 1862 1194 1899 cognitus
1210 1861 1378 1899 Dominus,
1397 1861 1542 1901 Cleophae
1556 1862 1689 1893 domum
1707 1862 1740 1893 in
1759 1862 1817 1893 Ec-

1047 1914 1174 1944 clesiam
1195 1915 1362 1945 dedicavit.
1384 1926 1398 1943 1)
1426 1914 1525 1954 Nam,
1547 1915 1626 1946 sicut
1647 1915 1763 1954 legitur
1785 1916 1820 1946 in

1047 1967 1190 1997 Historia
1204 1968 1365 2007 tripartita
1382 1969 1415 2005 ¹³,
1433 1967 1565 1998 Romani
1582 1970 1651 2008 post
1666 1969 1819 1999 vastatio-

1047 2028 1123 2050 nem
1137 2020 1345 2058 Hierusalem,
1362 2021 1444 2051 hanc
1458 2022 1572 2052 urbem
1588 2021 1765 2059 Nicopolim
1779 2030 1820 2052 ex

1048 2075 1165 2103 eventu
1179 2073 1319 2104 victoriae
1335 2074 1357 2092 ¹⁸
1371 2077 1577 2106 vocaverunt.
1593 2074 1820 2114 interpetratur

1048 2128 1154 2156 autem
1171 2125 1322 2157 Emmaus
1336 2127 1357 2143 ¹⁵
1373 2131 1476 2158 mater
1491 2128 1668 2166 fesle'ncms;
1684 2127 1819 2167 Nicopo-

1048 2179 1086 2208 lis
1102 2179 1135 2217 ¹⁶,
1161 2179 1271 2209 civitas
1294 2180 1444 2210 victoriae.
1469 2180 1507 2210 Et
1528 2180 1598 2211 haec
1620 2182 1667 2211 est
1682 2180 1820 2211 Ecclesia

1049 2232 1203 2269 militans,
1219 2241 1291 2271 quae
1308 2233 1433 2263 festinat
1453 2233 1491 2263 ad
1511 2233 1645 2273 patriam
1655 2256 1663 2270 ‚
1679 2235 1710 2264 et
1724 2242 1817 2273 supe-

1049 2287 1098 2315 rat
1111 2286 1279 2324 potestates
1293 2286 1476 2316 contrarias.
1492 2285 1576 2316 Inter
1590 2286 1684 2321 hanc,
1701 2288 1732 2317 et
1745 2286 1818 2317 Hie-

1048 2339 1186 2370 rusalem
1197 2362 1205 2376 ‚
1228 2338 1258 2369 id
1274 2341 1334 2376 est,
1352 2339 1523 2370 Ecclesiam
1548 2340 1816 2380 triumphantem,

1048 2447 1115 2470 mine
1139 2446 1280 2476 Nicopolim
1302 2446 1403 2470 nonnisi
1425 2447 1470 2470 sub
1499 2445 1662 2477 Heliogabalo
1690 2445 1818 2469 conditam

1048 2482 1134 2506 fuisse.
1146 2481 1203 2505 vtd.
1218 2481 1331 2504 Clu-unic.
1343 2482 1492 2511 Alexandr„
1501 2482 1662 2512 Olympccn,
1675 2482 1699 2504 ct
1712 2481 1816 2505 chhnr.

1049 2516 1208 2547 Chrysopol.‚
1229 2517 1254 2539 171
1271 2523 1343 2539 meum
1358 2524 1389 2540 ea:
1401 2518 1481 2547 quat..
1495 2517 1538 2540 lib.
1556 2517 1596 2546 lv,
1613 2524 1635 2539 c.
1652 2522 1771 2540 CCLxxvt.
1789 2529 1816 2534 -

1051 2554 1068 2569 ¹⁵
1093 2557 1150 2585 DN,
1167 2554 1257 2582 mater,
1273 2556 1342 2591 γης,
1357 2552 1491 2577 festinavit.
1507 2565 1535 2569 --
1555 2552 1574 2567 ¹⁰
1594 2553 1683 2580 Νῐκος,
1702 2551 1816 2581 victoria,

1048 2589 1124 2616 πόλις,
1136 2587 1231 2610 civitas.

1082 2627 1114 2656 (ιι)
1135 2626 1194 2650 th.
1218 2626 1278 2650 edit.
1301 2629 1444 2658 cognoscet.
1472 2640 1498 2644 --
1521 2627 1583 2650 item
1603 2627 1708 2651 Emaux.
1729 2627 1754 2649 et
1781 2625 1816 2649 sic

1050 2663 1177 2691 deinceps.

1876 1813 1938 1834 copo-
