1987 3032
0 1331 80 1352 Hvisio.

454 288 467 291 c
652 256 857 289 EXPOSITIO
880 256 918 287 IN
941 256 1025 288 CAP.
1049 257 1126 288 XlX.

90 327 225 358 tualium
237 349 245 364 ‚
268 324 338 355 ideo
351 324 385 353 in
398 323 457 353 hac
471 324 561 362 parte
581 323 685 362 primo
706 323 858 363 approbat

92 379 267 410 libertatem
277 377 500 408 distrahentem
512 378 708 416 temporalia,
721 377 858 407 secundo

93 441 169 463 vero
190 430 386 460 sedulitatem
412 429 639 468 multiplicandi
662 429 836 468 spiritualia
850 452 858 465 ,

94 484 136 514 ibi
155 483 211 522 (a)¹
225 483 317 513 :Hcec
328 482 389 512 illis
400 482 612 520 audientibus,
627 482 790 521 adjiciens,
801 484 859 512 etc.

96 537 238 567 Primum
265 536 338 565 facit
363 544 419 574 per
447 535 629 574 exemplum
656 544 859 575 expressum;

95 589 268 619 secundum
284 597 376 626 vero,
396 597 451 627 per
469 588 695 627 parabolicum.
713 588 859 618 Introdu-

95 642 177 672 citur
187 650 266 680 ergo
277 640 458 680 exemplum
466 649 522 680 per
530 641 615 679 quod
625 641 864 671 commendatur

96 693 283 731 liberalitas,
314 691 372 732 per
396 702 493 732 quam
521 693 669 724 Zachaeus
698 693 737 724 de
767 693 864 732 impio

97 747 198 777 factus
223 749 270 777 est
289 747 411 785 justus,
435 748 482 782 et,
506 756 579 776 cum
603 749 684 777 esset
706 746 863 783 camelus,

98 799 222 830 transiit
236 808 292 838 per
306 799 449 829 foramen
466 808 540 829 acus
552 823 559 836 ‚
575 801 604 829 et
626 800 769 829 foramen
783 798 867 829 dedit

99 852 251 884 divitibus
266 852 403 882 intrandi
425 852 459 881 in
480 852 607 882 coelum.
626 852 659 882 In
682 852 742 882 hoc
766 851 868 890 igitur

100 905 245 944 exemplo
264 905 510 935 introducuntur
530 906 590 935 tria
607 904 869 935 commendabilia

101 958 133 988 in
140 958 281 995 Zachaeo,
289 966 346 997 per
356 967 428 997 quae
440 958 600 997 exemplar
611 960 657 988 est
666 957 867 994 imitandum,

103 1013 133 1042 et
149 1011 278 1049 signum
294 1011 391 1040 etiam
406 1010 578 1040 vocationis
595 1011 751 1049 gentium.
771 1010 870 1049 Prop-

102 1066 150 1094 ter
164 1063 248 1102 quod
264 1065 293 1093 et
308 1062 521 1100 Evangelium
536 1063 619 1093 istud
633 1063 753 1102 legitur
769 1063 801 1093 in
817 1063 869 1094 de-

104 1116 258 1146 dicatione
285 1115 499 1145 ecclesiarum.
530 1115 567 1145 Et
593 1116 662 1146 haec
689 1117 749 1146 fuit
773 1116 873 1156 ipsius

104 1168 224 1199 Zachaei
233 1168 411 1199 studiositas
421 1168 459 1198 ad
471 1168 629 1198 Christum
638 1169 873 1208 suscipiendum

105 1222 251 1261 hospitio,
262 1221 321 1251 ibi²
333 1231 340 1252 :
354 1222 479 1252 Etcum
490 1222 622 1252 venisset
628 1221 790 1259 (allecum,
801 1224 875 1262 etc.,·

106 1275 204 1315 ipsius
223 1274 345 1305 Zaehaei
370 1274 540 1305 liberalitas
560 1274 599 1304 ad
622 1275 875 1305 distributiffliem

109 1337 240 1359 suorum
255 1328 299 1358 ibi
314 1330 324 1346 ³
354 1339 360 1358 z
384 1329 482 1359 Stans
498 1331 605 1357 autem
629 1327 798 1363 Zaclzoezis,
817 1330 875 1358 etr.

110 1381 296 1413 Studiositas
309 1381 431 1411 Zachaei
447 1380 688 1411 commendatur
703 1390 742 1411 ex
757 1381 858 1411 tribus
868 1404 876 1418 ,

111 1436 227 1467 scilicet
250 1445 289 1466 ex
314 1438 402 1474 parte
427 1435 604 1471 attractivi,
621 1435 822 1471 retardativi,
849 1436 879 1464 et

112 1489 294 1529 expeditivi.
310 1488 392 1518 Vera
406 1488 491 1517 enim
506 1487 685 1517 studiositas
698 1489 754 1525 est,
771 1487 804 1517 in
817 1496 880 1526 qua

113 1543 240 1574 animus
246 1542 383 1573 trahitur
394 1541 432 1571 ad
444 1540 613 1577 Christum,
626 1543 667 1578 et,
679 1541 704 1570 si
715 1542 882 1571 occurrant

107 1596 359 1636 impedimenta,
381 1597 488 1625 tamen
503 1603 567 1624 non
587 1594 746 1633 frangitur
760 1595 881 1625 deside-

115 1651 199 1681 rium
211 1674 218 1688 ,
234 1649 286 1680 sed
303 1648 373 1688 plus
389 1647 592 1678 acceleratur.

157 1703 264 1734 Primo
288 1710 383 1740 ergo,
409 1703 565 1741 quantum
592 1700 630 1731 ad
659 1700 881 1738 attractivum,

119 1756 202 1796 quod
217 1755 344 1794 quidem
360 1756 425 1784 erat
440 1754 472 1783 in
488 1754 656 1792 prasentia
671 1752 744 1783 Jesu
758 1753 883 1789 Christi,

119 1809 193 1840 dicit
209 1819 216 1838 :
235 1808 280 1839 Et
300 1808 457 1846 inqresszcs
477 1806 722 1845 perambulabat
744 1805 884 1843 Jericlzo,

120 1862 152 1892 id
165 1863 213 1892 est
224 1860 406 1890 ambulabat
428 1867 482 1897 per
503 1858 637 1888 Jericho.
657 1858 780 1888 Jericlio
802 1859 887 1888 enim

122 1914 232 1945 civitas
245 1915 312 1943 erat
326 1921 434 1951 quam,
451 1911 579 1941 transito
589 1910 733 1948 Jordane,
752 1911 887 1941 subver-

123 1968 228 1997 terunt
256 1965 375 2002 Judwi,
401 1964 573 1994 secundum
601 1964 684 2002 quod
713 1964 828 1993 dicitur
857 1964 888 1993 in

123 2020 217 2050 Josue
233 2019 253 2057 ⁴,
270 2018 323 2049 scd
339 2018 526 2048 reaedificata
541 2017 600 2047 fuit
613 2017 671 2047 sub
689 2017 797 2047 Achab
813 2027 889 2056 rege

124 2071 219 2103 Israel
232 2074 242 2090 ⁵
260 2079 267 2100 :
287 2083 302 2100 «
318 2071 354 2101 In
371 2070 482 2101 diebus
500 2069 608 2099 Achab
632 2070 800 2100 aedificavit
821 2069 891 2100 Hiel

123 2124 161 2155 de
174 2124 282 2154 Bethel
296 2123 419 2154 Jericho
436 2134 442 2153 z
461 2123 493 2152 in
509 2122 639 2153 Abiram
656 2123 818 2162 primitivo
833 2130 891 2154 su'o

124 2177 267 2208 fundavit
288 2185 377 2213 eam,
402 2178 433 2206 et
455 2176 487 2205 in
510 2175 618 2214 Seguh
642 2176 814 2206 novissimo
835 2185 893 2206 suo

125 2230 229 2270 posuit
243 2231 350 2269 portas
366 2230 452 2268 ejus,
473 2230 566 2268 juxta
591 2229 725 2259 verbum
747 2229 892 2267 Domini,

126 2283 210 2323 quod
218 2283 343 2313 locutus
352 2282 455 2312 fuerat
464 2282 497 2311 in
508 2281 706 2312 manuJosue
716 2282 773 2311 filii
783 2281 864 2312 Nun.
879 2293 893 2311 ι)

127 2335 215 2366 Hanc
243 2335 395 2366 Dominus
425 2344 482 2365 sua
509 2334 678 2365 illustravit
705 2335 874 2374 praesentia
887 2359 894 2373 ‚

128 2398 200 2429 quae
214 2388 430 2429 peccatoribus
446 2387 724 2424 condescendebat,
743 2390 774 2417 et
787 2397 894 2427 pecca-

128 2444 212 2472 tores
235 2441 274 2471 ad
297 2450 329 2471 sc
345 2440 531 2471 attrahebat.
550 2438 651 2469 Pietas
668 2440 752 2470 enim
769 2440 899 2470 attrahit

130 2494 278 2532 miseros,
297 2494 377 2524 sicut
399 2493 527 2523 adamas
548 2493 680 2522 ferrum.
703 2492 774 2523 Ideo
791 2493 897 2523 subdi-

132 2546 184 2575 tur
200 2544 342 2575 attractio
357 2543 543 2583 peccatoris3
560 2545 688 2582 propter
700 2543 784 2582 quod
799 2544 900 2584 sequi-

164 2633 242 2661 ¹1nf..
260 2640 286 2656 v.
302 2633 340 2656 11.
353 2632 403 2650 -ἵ
415 2632 471 2662 int,
484 2638 508 2656 V.
525 2633 548 2655 u'.
567 2645 591 2648 -
607 2632 615 2645 ³
630 2632 685 2662 ins„
697 2639 721 2655 v.
739 2634 762 2656 8.
777 2646 805 2650 —
818 2633 827 2649 ὦ
840 2634 889 2657 dos.

135 2674 171 2699 vJ,
186 2670 214 2692 20
230 2669 254 2691 et
269 2675 322 2699 seq.
335 2681 365 2685 —
376 2667 386 2683 ⁵
402 2667 573 2698 tttlteq.,XV1,
588 2668 625 2690 34.
641 2680 671 2685 —
685 2651 901 2699 “Sa1›.,xv111‚251

136 2715 166 2721 -·
181 2704 188 2717 ⁷
204 2704 286 2733 Joan„
301 2709 337 2734 v1‚
351 2704 389 2726 44.
401 2715 431 2720 --
446 2703 454 2716 ⁸
466 2702 549 2732 Pron„
562 2708 618 2732 vni,
637 2703 673 2726 10.
689 2715 719 2720 —
736 2704 745 2717 0
761 2704 830 2733 Sap„
845 2709 862 2733 1,
879 2708 901 2727 1.

1641 259 1679 287 99

912 325 964 352 tur
979 325 1027 360 (v.
1041 324 1075 361 Ξ)
1094 334 1101 353 :
1122 323 1169 354 Et
1184 331 1251 352 ecce
1275 322 1324 352 vir
1347 322 1476 352 nomine
1501 322 1654 353 Zachaeus
1669 330 1681 354 :

913 377 1005 414 cujus
1018 385 1134 406 nomen
1148 377 1215 406 erat
1230 377 1340 406 notum
1362 378 1392 405 et
1414 375 1600 414 vulgatum,
1617 384 1682 405 non

915 431 1042 467 propter
1057 431 1173 460 famam
1197 429 1343 465 virtutis,
1369 428 1423 458 sed
1449 430 1576 467 propter
1602 428 1682 457 infa-

916 481 1013 511 miam
1028 482 1217 521 rapacitatis.
1236 481 1324 511 Unde
1340 481 1446 512 subdit
1469 492 1475 511 :
1493 482 1539 512 Et
1552 481 1601 511 liic
1616 484 1685 512 erat

914 535 1061 574 princeps
1087 534 1351 574 publicanorum,
1377 534 1432 573 qui
1459 534 1575 564 scilicet
1596 534 1685 563 lucra

917 587 1024 617 saeculi
1050 588 1226 618 sectabatur
1248 596 1304 626 per
1330 587 1377 617 fas
1403 589 1433 617 et
1462 587 1559 617 nefas.
1591 586 1685 616 Hunc

918 644 1025 672 autem
1054 642 1266 681 principatum
1296 651 1359 672 non
1395 642 1530 672 habebat
1560 643 1688 680 propter

915 698 1086 736 justitiam,
1108 698 1161 727 sed
1185 699 1313 736 propter
1336 697 1519 736 pecuniam;
1538 696 1607 726 ideo
1631 696 1686 726 ad-

920 750 964 780 dit
979 760 985 780 :
1003 750 1048 781 Et
1061 750 1126 789 ipse
1145 749 1239 779 (lives.
1257 749 1295 779 Et
1309 749 1352 779 ita
1374 749 1527 788 gibbosus
1542 749 1622 778 sicut
1637 756 1690 778 ca-

922 803 1022 834 melus
1034 827 1042 839 ,
1066 805 1097 833 et
1112 803 1237 841 ineptus
1260 802 1297 832 ad
1319 811 1459 840 regnum
1473 801 1483 817 ⁶
1500 810 1507 831 :
1527 812 1541 830 «
1556 800 1690 831 Facilius

922 858 969 887 est
978 856 1135 886 camelum
1144 865 1200 895 per
1210 856 1351 886 foramen
1362 864 1435 885 acus
1444 854 1589 891 transire,
1602 864 1616 880 »
1630 855 1689 883 etc.

924 909 962 939 Et
983 912 1089 939 tamen
1115 909 1223 939 divina
1246 909 1365 939 virtute
1390 908 1449 938 fuit
1476 907 1691 943 introductus,

926 962 1001 1001 quia
1029 971 1138 992 amore
1171 962 1271 1001 ipsius
1303 961 1416 991 Christi
1444 960 1504 991 fuit
1532 961 1692 990 attractus.

926 1015 1014 1046 Unde
1027 1017 1058 1045 et
1071 1015 1216 1045 subditur
1233 1015 1281 1053 (v.
1298 1014 1331 1053 3)
1350 1025 1357 1044 z
1371 1013 1578 1053 thuoerebat
1590 1011 1696 1042 videre

926 1069 1033 1099 ,Iesum
1050 1068 1120 1108 quis
1136 1071 1213 1098 esset
1227 1077 1238 1097 .·
1253 1067 1336 1106 quod
1354 1076 1419 1096 non
1438 1066 1552 1096 faceret
1571 1065 1614 1095 ita
1628 1066 1694 1094 stu-

928 1122 1023 1159 diose,
1041 1121 1100 1151 uisi
1116 1122 1253 1157 amaret,
1270 1128 1328 1150 nec
1343 1121 1464 1149 amaret
1479 1118 1531 1148 vel
1545 1117 1696 1152 crederet,

929 1173 988 1203 nisi
1014 1173 1116 1212 gratia
1131 1173 1200 1211 ejus
1214 1174 1397 1212 praeventus
1418 1172 1515 1207 esset,
1533 1170 1608 1209 quia
1623 1169 1698 1200 dici-

930 1229 1007 1256 tur⁷
1032 1237 1038 1255 :
1066 1238 1080 1254 «
1103 1226 1202 1257 Nemo
1227 1226 1329 1264 potest
1349 1224 1459 1254 venire
1475 1223 1514 1253 ad
1543 1232 1614 1260 me,
1638 1222 1700 1252 nisi

932 1281 1019 1318 pater
1036 1279 1091 1318 qui
1107 1279 1193 1308 misit
1209 1287 1276 1315 me,
1303 1277 1436 1307 traxerit
1459 1285 1544 1306 enm.
1568 1287 1582 1303 n
1610 1275 1701 1305 Hunc

932 1332 1029 1362 traxit
1039 1331 1052 1362 J
1056 1340 1139 1368 esus,
1150 1332 1184 1361 ut
1196 1330 1316 1360 essetin
1327 1329 1511 1368 exemplum
1521 1329 1600 1358 aliis.
1615 1327 1702 1358 Unde

934 1386 998 1424 ipse
1010 1386 1077 1423 jam
1101 1384 1251 1423 implebat
1265 1383 1433 1413 consilium
1457 1381 1631 1421 Sapientis,
1653 1390 1704 1411 se-

935 1439 1075 1469 cundum
1087 1438 1198 1468 iltudss:
1212 1448 1225 1465 ι(
1236 1437 1373 1476 Accipite
1382 1435 1578 1475 disciplinam
1587 1443 1702 1472 meam,

935 1495 966 1522 et
977 1501 1042 1522 non
1057 1491 1225 1531 pecuniam
1242 1499 1250 1520 z
1268 1489 1444 1520 doctrinam
1457 1488 1581 1527 magis,
1607 1497 1705 1528 quam

937 1554 1051 1575 aurum
1067 1544 1186 1582 eligite.
1208 1554 1223 1571 n
1247 1542 1306 1579 Qui
1328 1542 1372 1572 sic
1386 1541 1501 1581 quaerit
1515 1541 1634 1577 Jesum,
1656 1541 1704 1570 in-

938 1598 1042 1635 venit,
1057 1596 1232 1627 secundum
1254 1595 1330 1625 illud
1346 1595 1377 1624 ⁹:
1410 1606 1424 1623 «
1449 1594 1485 1624 In
1509 1594 1708 1633 simplicitate

939 1651 1039 1682 cordis
1054 1650 1186 1689 quaerite
1200 1649 1302 1687 iilum,
1319 1648 1473 1688 quoniam
1487 1648 1650 1678 invenitur
1669 1647 1707 1677 ab

940 1704 1000 1741 his,
1019 1704 1073 1742 qui
1088 1712 1152 1733 non
1166 1703 1288 1732 tentant
1307 1701 1398 1730 ilium
1410 1724 1419 1738 ‚
1435 1711 1448 1729 n
1469 1702 1527 1731 etc.
1543 1700 1686 1730 Secundo
1699 1723 1707 1737 ,

941 1758 1098 1796 quantum
1128 1755 1166 1785 ad
1191 1753 1438 1790 retardativum,
1462 1753 1546 1792 quod
1568 1753 1627 1783 fuit
1651 1753 1711 1783 sre-

942 1809 1071 1849 quentia
1085 1807 1208 1848 populi,
1225 1806 1330 1837 subdit
1346 1817 1353 1834 z
1372 1806 1417 1836 Et
1430 1813 1494 1835 non
1504 1809 1631 1845 poterat
1640 1814 1711 1845 proe

943 1862 1048 1899 turba,
1063 1861 1141 1901 qula
1155 1864 1278 1890 statura
1289 1859 1426 1899 pusillus
1441 1862 1519 1888 erat.
1534 1858 1608 1889 Haec
1618 1858 1712 1889 turba

944 1925 1017 1946 eum
1033 1913 1234 1953 impediebat,
1250 1922 1322 1952 qure
1337 1921 1462 1951 semper
1476 1911 1629 1951 impedire
1643 1921 1713 1942 con-

945 1968 1048 1999 suevit
1060 1967 1241 1997 venientem
1251 1966 1290 1996 ad
1304 1965 1474 1995 Christum.
1488 1964 1562 1995 Haec
1574 1974 1714 2004 namque

946 2021 1039 2052 turba
1049 2019 1238 2059 impediebat
1248 2021 1277 2048 1.
1297 2018 1563 2048 illuminationem
1578 2019 1652 2048 caeci
1667 2018 1688 2035 ¹⁰
1704 2029 1711 2048 :

951 2086 965 2103 «
979 2074 1056 2104 Cum
1072 2073 1195 2103 audiret
1209 2072 1334 2102 turbam
1345 2072 1601 2110 praetereuntem,
1613 2082 1626 2100 ι)
1642 2074 1713 2109 etc„

952 2138 967 2155 «
981 2129 1011 2157 et
1026 2125 1230 2164 increpabant
1242 2132 1327 2161 eum,
1344 2126 1379 2153 ut
1395 2125 1520 2153 taceret.
1536 2134 1551 2151 »
1569 2126 1598 2154 2.
1625 2123 1718 2154 Cura-

949 2180 1067 2210 tionem
1082 2177 1245 2218 paralytici
1259 2177 1277 2192 ¹¹
1296 2185 1303 2206 :
1325 2187 1339 2204 c<
1354 2175 1517 2206 Venerunt
1530 2176 1568 2206 ad
1583 2185 1657 2207 euin
1674 2177 1718 2207 fe-

951 2234 1054 2262 rentes
1070 2230 1279 2270 paralyticum
1293 2253 1302 2267 ,
1317 2229 1372 2268 qui
1387 2238 1406 2259 a
1420 2231 1557 2267 quatuor
1572 2230 1718 2269 portaba-

951 2287 1013 2315 tur.
1042 2283 1079 2314 Et
1102 2291 1175 2313 cum
1200 2291 1264 2312 non
1288 2283 1413 2321 possent
1437 2281 1551 2312 offerre
1580 2291 1654 2313 eum
1676 2282 1721 2313 illi

953 2346 1019 2377 prae
1036 2337 1146 2374 turba,
1163 2347 1177 2364 n
1207 2338 1265 2366 etc.
1282 2337 1310 2364 3.
1327 2334 1558 2365 Liberationem
1581 2336 1669 2366 surdi
1693 2338 1723 2366 et

954 2391 1035 2421 muti
1051 2391 1072 2409 ¹²
1089 2400 1115 2420 2«
1133 2388 1380 2428 Apprehendens
1394 2396 1467 2418 eum
1483 2388 1520 2418 de
1533 2389 1628 2419 turba
1643 2398 1724 2420 seor-

955 2453 1037 2480 sum,
1054 2443 1141 2473 misit
1154 2441 1274 2480 digitos
1288 2441 1322 2470 in
1342 2441 1498 2471 auriculas
1513 2443 1598 2481 ejus,
1622 2445 1652 2473 et
1673 2452 1726 2473 ex-

957 2505 1068 2536 puens,
1087 2494 1344 2533 tetigitlinguam
1357 2494 1461 2532 ejus.»
1479 2496 1508 2523 4.
1525 2494 1726 2525 Curationem

957 2548 1073 2579 mortui
1090 2548 1110 2563 ¹³
1128 2557 1134 2576 t
1156 2558 1169 2574 (ι
1190 2546 1316 2577 Etcum
1338 2547 1436 2585 eJecta
1451 2549 1532 2577 esset
1551 2548 1662 2585 turba,
1678 2548 1728 2578 in-

959 2637 987 2640 —
1004 2623 1021 2638 ¹⁶
1035 2624 1106 2652 Sup„
1134 2627 1209 2651 xviii,
1237 2622 1277 2650 36,
1303 2622 1342 2643 30.
1365 2633 1395 2637 —
1425 2620 1439 2635 ¹¹
1466 2620 1554 2650 Mar-c„

961 2660 980 2674 ¹²
995 2659 1084 2685 Marc„
1099 2662 1146 2685 vti,
1169 2658 1208 2680 33.
1223 2669 1253 2673 -
1270 2655 1291 2671 ¹³
1305 2655 1410 2685 Matisa„
1432 2660 1466 2685 ix,
1483 2657 1520 2679 25.

993 2704 1025 2734 (a)
1045 2704 1105 2727 Cret.
1124 2702 1183 2725 edic.
1204 2708 1250 2725 uon
1268 2700 1356 2724 liabent
1368 2700 1410 2723 ibi.

1581 2626 1608 2649 Η,
1629 2622 1680 2644 3-4.
1700 2633 1726 2637 -
