1987 3032
700 192 903 224 EXPOSITIO
926 192 965 223 IN
988 191 1073 222 CAP.
1097 192 1174 223 XXI.

134 266 239 294 ratum
250 263 429 294 aedificium.
445 271 459 289 11
477 260 516 291 Et
530 262 600 300 post
615 271 622 290 ι
640 271 654 289 c<
668 260 742 290 Haec
755 262 828 291 sunt
839 269 898 299 ga-

135 316 316 356 zophylacia
332 316 447 351 sancta,
468 313 502 343 in
523 313 638 353 quibus
652 313 832 343 vestiuntur
847 321 900 342 sa-

135 370 283 400 cerdotes.
299 378 312 395 1)
331 366 508 405 Aliquando
528 365 680 405 accipitur
698 374 756 405 pro
776 365 900 404 porticu

134 423 167 452 in
183 430 244 461 qua
256 420 373 450 fiebant
387 418 569 456 oblationes,
585 418 664 448 sicut
679 419 711 448 in
723 418 846 448 ‚Ioanne
863 418 870 433 ¹
888 427 898 447 :

138 486 152 503 «
167 473 239 504 Haec
258 472 355 502 verba
378 471 504 501 locutus
519 473 565 501 est
579 471 669 501 ι10505
687 471 721 500 10
737 470 898 509 gazophy-

133 527 223 563 lacio,
238 526 352 556 docens
366 525 399 554 in
413 524 541 563 templo.
558 534 572 551 1)
590 523 768 563 Aliquando
784 523 898 562 accipi-

131 581 184 609 tur
203 587 260 617 pro
280 578 348 617 ipsa
368 586 440 607 arca
459 586 531 616 quae
546 577 692 608 servabat
713 576 896 613 oblationes,

131 631 265 670 desuper
289 630 408 660 habens
431 630 583 668 foramen,
610 630 690 659 sicut
719 630 782 659 hic.
812 629 898 659 Unde

131 684 238 714 Glossa
255 693 262 714 ε
283 694 297 711 (1
313 683 577 723 Gazophylacium
599 685 645 712 est
667 691 753 720 arca,
777 682 898 712 habens

130 738 272 767 foramen
286 737 432 775 desuper,
453 736 485 765 10
501 745 564 775 qua
580 735 745 765 mittebant
759 735 899 765 sacerdo-

130 792 175 819 tes
190 789 338 828 pecunias
353 797 425 828 quae
440 788 719 826 congregabantur
733 787 771 818 ad
788 796 894 818 neces-

129 842 228 872 sarios
240 850 317 871 usus
328 841 446 880 templi.
461 852 475 869 »
491 841 529 871 Et
539 841 608 871 11300
617 849 689 871 arca
697 840 757 870 alio
768 840 896 871 nomine

129 894 288 924 dicebatur
311 893 454 931 Masaclz,
474 893 554 923 sicut
577 893 692 923 dicitur
708 894 719 909 ²³
736 902 743 923 z
767 893 898 923 Musach

129 955 255 986 quoque
270 946 390 976 sabbati
402 946 556 976 convertit
565 946 599 976 in
608 946 764 985 templum
773 945 897 976 Domini

128 1002 256 1039 propter
270 1008 381 1038 regem
392 1000 608 1039 Assyriorum.
621 1010 634 1027 1)
648 999 686 1030 Et
701 999 759 1029 1100
769 998 830 1029 alio
845 1008 898 1029 no-

128 1052 216 1082 mine
230 1052 391 1082 dicebatur
399 1052 545 1089 corbona,
556 1052 636 1082 sicut
651 1052 683 1081 in
698 1051 848 1083 Matthaeo
863 1051 895 1080 ³:

132 1116 146 1133 (‹
159 1104 228 1134 Non
247 1104 319 1134 licet
340 1113 392 1134 eos
412 1105 536 1134 mittere
560 1105 593 1134 in
617 1104 798 1142 corbonam⁷
820 1105 895 1143 quia

127 1158 264 1197 pretium
278 1157 444 1196 sanguinis
457 1159 513 1187 est.
530 1169 544 1185 1)
565 1157 598 1187 10
618 1157 678 1187 1100
698 1159 804 1187 autem
827 1157 897 1187 mit-

127 1212 272 1242 tebantur
285 1210 457 1241 oblationes
470 1210 586 1249 duplici
603 1219 643 1240 ex
659 1218 752 1240 causa
769 1220 776 1239 :
792 1209 843 1240 vel
857 1210 896 1240 ad

127 1264 297 1294 luminaria
325 1263 555 1301 concinnanda,
588 1263 639 1292 vel
664 1263 703 1292 ad
731 1264 896 1292 sartatecta

128 1316 236 1355 templi
251 1316 436 1355 reparanda,
456 1315 630 1346 secundum
645 1315 723 1345 illud
737 1315 746 1330 ⁴
762 1323 769 1345 :
792 1327 805 1344 α
821 1315 894 1346 Om-

127 1377 201 1398 nem
216 1369 380 1407 pecuniam
397 1370 587 1405 sanctorum,
606 1377 678 1407 quae
693 1368 777 1397 illata
794 1368 895 1398 fuerat

127 1421 160 1451 in
176 1422 329 1460 templum
354 1421 488 1457 Domini,
506 1420 662 1459 accipiant
682 1421 720 1459 (a)
742 1420 829 1451 illam
844 1430 893 1450 sa-

126 1474 277 1504 cerdotes.
296 1485 310 1501 ))
332 1473 483 1512 Sequitur
500 1484 506 1504 :
526 1485 539 1501 α
554 1473 591 1504 Et
607 1473 784 1503 instaurent
798 1475 895 1504 sarta-

128 1528 209 1556 tecta
226 1527 349 1557 domus.
366 1537 380 1554 1)
399 1525 437 1556 Et
451 1528 521 1566 post
537 1537 565 1555 z«
579 1525 662 1556 Tulit
678 1526 786 1556 Joiada
798 1536 894 1566 gazo-

125 1579 307 1618 phylacium
322 1588 434 1617 unum,
452 1579 637 1619 aperuitque
651 1580 795 1610 foramen
805 1580 894 1611 (1050-

126 1640 193 1670 per,
208 1634 238 1662 et
253 1632 444 1671 posuitillud
455 1634 549 1672 Juxta
563 1632 671 1670 altare,
682 1633 721 1663 ad
732 1633 892 1664 dexteram

126 1684 372 1723 ingredientium
379 1685 511 1715 domum
518 1685 893 1726 Domini,mittebantque

126 1737 158 1766 in
173 1746 209 1767 eo
223 1738 409 1776 sacerdotes,
424 1738 479 1777 qui
495 1738 711 1768 custodiebant
724 1739 813 1776 ostia,
828 1748 893 1769 om-

125 1799 197 1820 nem
210 1791 377 1829 pecuniam
391 1799 461 1829 quae
472 1790 669 1819 deferebatur
683 1791 721 1820 ad
736 1791 892 1830 templum

124 1842 260 1872 Domini.
276 1853 290 1869 1)
316 1842 504 1881 Ilujusmodi
518 1845 625 1872 autem
645 1843 818 1874 oblationes
834 1845 890 1874 tri-

124 1894 196 1934 plici
211 1903 250 1924 ex
264 1904 357 1925 causa
373 1895 500 1932 fiebant,
517 1895 634 1926 scilicet
648 1899 674 1926 1.
692 1896 731 1927 ad
746 1906 892 1929 reveren-

124 1948 201 1977 tiam
215 1947 318 1979 cultus
335 1948 449 1986 divini,
472 1951 599 1988 propter
620 1950 703 1988 quod
726 1950 840 1982 dicitur
854 1955 863 1971 ⁵
881 1964 887 1983 :

129 2011 143 2028 (ι
155 2000 232 2030 Cum
247 2001 357 2031 civitas
372 2001 568 2031 habitaretur
579 2002 612 2032 in
626 2003 713 2032 omni
729 2012 814 2043 pace,
832 2005 889 2035 fie-

122 2053 175 2082 bat
190 2055 224 2082 ut
241 2053 299 2092 ipsi
314 2062 407 2092 reges
424 2056 454 2084 et
469 2054 624 2094 principes
642 2055 747 2086 locum
762 2066 888 2089 summo

121 2103 242 2133 honore
261 2104 396 2142 dignum
415 2105 452 2143 (h)
481 2105 648 2144 ducerent,
678 2108 707 2136 et
734 2108 888 2148 templum

122 2157 269 2186 maximis
297 2157 483 2187 muneribus
510 2158 715 2189 illustrarent.
745 2171 760 2188 ))
793 2163 822 2191 ⁶2.
850 2161 888 2192 Et

121 2212 247 2249 propter
263 2210 495 2248 indulgentiam
516 2211 632 2249 peccati
650 2212 659 2227 ⁶
685 2223 691 2241 :
713 2223 727 2241 «
746 2213 791 2243 Ob
806 2214 887 2245 hanc

121 2272 248 2293 causam
263 2263 426 2293 offerimus
437 2263 468 2293 in
483 2264 620 2294 donariis
635 2264 769 2304 Domini,
786 2268 821 2297 ut
837 2267 887 2298 de-

119 2315 255 2354 preceris
280 2324 337 2354 pro
352 2316 442 2345 nobis
456 2316 637 2347 Dominum.
654 2328 668 2345 »
691 2320 720 2347 sk.
738 2318 814 2349 Item
829 2329 886 2359 pro

119 2369 297 2407 gratiarum
316 2368 437 2399 actione
455 2369 465 2385 ⁷
489 2379 495 2398 :
518 2380 531 2397 (ι
551 2369 750 2410 Laetatusque
765 2375 812 2402 est
828 2382 883 2413 po-

119 2422 223 2460 pulus,
240 2430 313 2451 cum
328 2423 402 2452 vota
416 2424 525 2461 sponte
541 2423 774 2463 promitterent,
791 2437 805 2454 1)
824 2429 882 2458 etc.

159 2473 314 2511 Secundo,
335 2476 491 2513 quantum
511 2475 549 2505 ad
572 2475 763 2507 oblationem
778 2479 883 2511 viduae

150 2536 157 2551 ¹
173 2536 253 2565 dorm„
267 2538 373 2563 V111‚20.
388 2548 417 2553 —-
430 2537 440 2552 ²
454 2537 484 2559 lV
503 2536 569 2566 unq„
587 2539 743 2567 xv1,18.—-
760 2539 770 2554 ³
782 2540 883 2571 Matth.‚

120 2575 200 2599 xxvu,
211 2573 234 2594 6.
244 2583 272 2588 -
286 2571 296 2587 ⁴
308 2572 338 2595 lV
354 2571 421 2601 Req.,
438 2577 487 2601 xu,
499 2573 549 2602 4-5‚
564 2574 587 2595 9.
600 2584 630 2590 -
642 2574 650 2586 ‘⁴
662 2573 680 2596 ll
693 2574 783 2603 Much„
803 2581 842 2604 111,
859 2578 881 2600 2.

119 2618 149 2623 —-
164 2606 173 2621 θ
187 2605 272 2635 Num„
287 2612 358 2635 xxxi,
374 2608 412 2630 50.
428 2620 457 2624 —
473 2606 481 2622 ⁷
500 2608 506 2630 Ι
522 2607 617 2637 ΡιινιιΙ.,
635 2614 706 2639 xxtx,
720 2611 743 2633 9.
759 2623 789 2627 —-
803 2612 811 2625 ⁸
824 2611 882 2642 Isa.,

120 2646 189 2670 LXVI,
205 2642 228 2664 2.
243 2655 272 2660 -
283 2643 291 2655 ⁹
308 2640 374 2666 Psat.
389 2644 471 2672 c1,18.
485 2656 510 2660 -
529 2643 548 2660 ²⁰
563 2643 650 2674 Ecclz'.,
665 2649 743 2675 xxxV,
760 2646 839 2670 18-19.
853 2660 883 2665 —

1665 197 1720 226 151

956 259 1169 298 pauperculae,
1191 259 1298 289 subdit
1322 260 1362 298 (v.
1380 259 1407 298 2)
1432 268 1440 289 ε
1463 259 1546 291 Vidit
1570 265 1677 292 autem
1696 267 1727 293 et

955 313 1131 351 quamdam
1155 311 1287 342 viduam
1304 312 1535 352 pauperculam
1550 313 1725 345 mittentem

956 374 1022 394 cera
1037 365 1162 395 minuta
1183 365 1256 395 duo.
1283 364 1377 402 Vidit,
1399 365 1541 404 inquam,
1559 366 1650 396 oculo
1666 367 1724 397 he-

955 417 1133 454 nignitatis,
1152 426 1215 456 quo
1230 417 1269 447 ad
1284 426 1439 456 pauperes
1453 417 1591 456 respicit,
1609 427 1725 448 secun-

954 469 1031 499 dum
1044 469 1120 499 illud
1138 472 1148 488 ⁸
1166 480 1172 500 ε
1199 481 1213 498 (ι
1228 469 1275 500 Ad
1290 478 1383 509 quem
1405 470 1582 509 respiciam,
1606 471 1667 500 nisi
1682 471 1718 501 ad

953 522 1201 561 pauperculum,
1225 524 1256 552 et
1274 522 1444 552 contritum
1459 522 1587 561 spiritu,
1613 525 1644 553 et
1659 526 1719 554 tre-

954 578 1092 606 mentem
1108 585 1269 607 sermones
1279 577 1386 607 meos‘?
1396 587 1410 604 1)
1426 576 1549 607 Talium
1560 577 1647 608 audit
1661 577 1724 608 Do-

953 629 1061 659 minus
1072 639 1179 669 preces
1195 632 1205 648 ⁹
1218 639 1226 660 :
1243 640 1256 658 (1
1272 629 1419 669 Respexit
1429 630 1461 660 in
1473 631 1651 661 orationem
1666 632 1724 662 hu—

953 682 1096 719 milium,
1118 685 1149 712 et
1173 691 1238 713 000
1266 682 1386 721 sprevit
1412 692 1536 722 precem
1556 693 1678 715 eorum.
1704 696 1719 712 n

954 735 992 766 Et
1008 736 1029 754 ¹⁰
1043 746 1070 765 z«
1088 734 1199 765 Nonne
1215 735 1365 774 lacrymae
1384 735 1490 766 viduae
1506 737 1544 766 ad
1560 738 1723 768 maxillam

954 787 1167 818 descendunt?
1189 799 1203 815 »
1223 787 1376 818 Subditur
1393 797 1401 818 ε
1421 799 1435 817 ε(
1452 789 1480 818 Α
1494 789 1623 819 maxilla
1637 790 1723 820 enim

954 840 1126 870 ascendunt
1139 849 1240 880 usque
1255 840 1293 871 ad
1310 840 1437 871 coelum.
1454 852 1468 869 11
1488 841 1612 872 Talium
1629 843 1724 873 susci-

951 894 997 933 pit
1012 896 1306 934 quantumcumque
1316 903 1429 934 parvas
1440 895 1624 934 oblationes,
1635 897 1722 936 quia,

954 946 1036 976 sicut
1054 947 1128 977 dicit
1149 946 1256 977 Glossa
1274 948 1294 965 ¹¹
1316 958 1322 977 :
1344 958 1358 975 (ι
1370 947 1439 978 Νο0
1458 949 1623 987 perpendit
1642 949 1724 980 Deus

952 999 1151 1038 quantumin
1162 1000 1314 1030 sacrificio
1324 1000 1486 1038 offeratur,
1498 1001 1550 1031 sed
1557 1010 1596 1031 ex
1603 1004 1722 1041 quanto

951 1051 1067 1082 affectu
1081 1052 1184 1082 detur.
1201 1064 1215 1080 »
1234 1052 1321 1082 Unde
1338 1052 1451 1082 dicitur
1466 1053 1486 1069 ¹²
1503 1063 1510 1082 ε
1530 1065 1545 1082 α
1560 1053 1619 1090 Qui
1634 1054 1724 1084 dede-

953 1105 994 1135 rit
1008 1105 1063 1135 uni
1079 1114 1119 1135 ex
1139 1105 1281 1135 minimis
1296 1106 1364 1136 istis
1376 1105 1505 1136 calicem
1523 1116 1614 1146 aquae
1630 1108 1722 1146 frigi—

951 1159 1010 1196 dae,
1027 1168 1090 1189 non
1106 1160 1215 1198 perdet
1229 1159 1407 1190 mercedem
1418 1169 1520 1190 suam.
1534 1171 1549 1188 1)
1562 1160 1634 1191 Ideo
1649 1161 1723 1192 dicit

952 1209 1125 1248 Gregorius
1152 1219 1160 1240 :
1181 1221 1196 1239 «
1218 1210 1383 1241 Exteriora
1407 1213 1516 1241 nostra
1547 1212 1724 1251 quamlibet

950 1271 1051 1300 parva
1072 1262 1135 1293 Deo
1155 1263 1318 1293 sufficiunt
1338 1272 1345 1292 :
1367 1272 1421 1293 cor
1439 1272 1596 1303 namque,
1614 1266 1644 1294 et
1658 1273 1723 1295 1100

951 1315 1159 1345 substantiam
1168 1317 1310 1355 pensat.»
1322 1315 1361 1346 Et
1369 1317 1439 1355 post
1452 1326 1459 1346 ι
1477 1316 1650 1355 «Regnum
1665 1326 1723 1348 cce-

950 1367 1055 1398 lorum
1072 1370 1196 1398 tantum
1213 1368 1296 1399 valet
1319 1370 1475 1407 quantum
1493 1368 1601 1399 habes.
1618 1369 1723 1401 Valuit

950 1429 1089 1460 namque
1103 1421 1234 1451 Zachaeo
1245 1421 1413 1452 dimidium
1428 1422 1588 1452 bonorum
1601 1433 1608 1453 ε
1622 1423 1723 1453 valuit

949 1474 1086 1504 Andreae
1104 1476 1135 1504 et
1149 1474 1253 1511 Petro,
1277 1474 1414 1505 dimissis
1430 1472 1550 1505 retibus
1571 1477 1602 1505 et
1621 1476 1696 1506 navi
1712 1487 1718 1506 :

950 1526 1051 1557 valuit
1064 1527 1183 1563 viduae,
1207 1527 1332 1557 duobus
1346 1527 1478 1557 minutis
1496 1539 1502 1557 :
1520 1528 1621 1558 valuit
1630 1531 1660 1558 et
1675 1529 1720 1558 al-

951 1580 1022 1617 teri,
1035 1579 1161 1610 calicem
1172 1589 1265 1619 aquae
1274 1580 1411 1619 frigidae.
1425 1591 1438 1608 »
1454 1580 1603 1619 Regnum
1615 1582 1722 1621 itaque

949 1633 1103 1663 coelorum
1119 1634 1243 1663 tantum
1259 1633 1354 1671 valet,
1373 1635 1529 1673 quantum
1552 1634 1661 1664 habes.
1684 1634 1722 1665 Et

949 1688 1023 1716 nota
1038 1686 1123 1725 quod
1137 1686 1169 1715 in
1184 1686 1244 1716 hoc
1259 1686 1342 1725 quod
1358 1686 1445 1724 dicit,
1458 1686 1544 1725 quod
1558 1686 1643 1717 misit
1657 1687 1720 1718 duo

950 1748 1016 1770 aera
1029 1739 1164 1776 minuta,
1185 1739 1280 1769 simul
1302 1741 1519 1778 paupertatem
1535 1740 1675 1770 insinuat
1690 1743 1720 1770 et

948 1791 1168 1822 liberalitatem
1185 1802 1191 1821 :
1211 1794 1440 1831 paupertatem,
1454 1793 1529 1832 quia
1542 1802 1607 1823 non
1620 1793 1720 1824 habe-

949 1844 1003 1874 bat
1012 1844 1071 1875 nisi
1082 1844 1161 1875 duos
1171 1844 1280 1874 obolos
1290 1855 1298 1882 ;
1316 1845 1547 1883 liberalitatem,
1559 1846 1635 1886 quia
1646 1856 1719 1877 cum

946 1899 1051 1937 posset
1064 1897 1199 1928 alterum
1214 1898 1340 1936 oss'erre,
1357 1898 1470 1929 obtulit
1483 1901 1666 1939 utrumque,
1684 1903 1719 1930 ut

946 1951 1090 1991 impleret
1111 1950 1189 1981 illud
1205 1950 1225 1967 ¹³
1242 1962 1249 1981 ε
1273 1962 1287 1979 «
1306 1951 1339 1981 Si
1357 1952 1516 1991 exiguum
1535 1953 1592 1983 tibi
1610 1953 1715 1992 fuerit,

946 2002 1041 2033 etiam
1057 2002 1212 2041 exiguum
1227 2002 1361 2033 libenter
1376 2003 1532 2043 impartiri
1546 2005 1646 2036 stude.
1663 2016 1678 2034 1)

989 2055 1104 2093 Tertio,
1122 2056 1278 2094 quantum
1303 2055 1343 2085 ad
1360 2055 1487 2087 laudem
1511 2057 1677 2088 oblationis
1698 2068 1717 2089 a

946 2108 1042 2139 vidua
1055 2109 1155 2146 sactae,
1168 2108 1316 2147 adJungit
1329 2109 1370 2147 (v.
1387 2110 1413 2148 3)
1434 2120 1440 2139 :
1456 2110 1502 2141 Et
1515 2110 1617 2141 flixit:
1640 2112 1716 2143 Vere

945 2161 1014 2192 dico
1027 2162 1123 2199 vobis,
1139 2162 1216 2201 quia
1227 2161 1325 2191 vidua
1336 2161 1402 2192 lioec
1407 2171 1535 2202 pauper
1541 2163 1715 2203 plusquam

945 2221 1053 2243 omnes
1070 2212 1170 2249 misit,
1186 2212 1217 2242 id
1232 2216 1278 2242 est
1299 2212 1454 2252 copiosius
1478 2213 1572 2243 dedit.
1600 2214 1714 2254 Copio—

943 2265 1009 2295 sius
1024 2274 1163 2304 namque
1178 2265 1284 2302 donat,
1301 2265 1357 2304 qui
1373 2274 1412 2295 ex
1428 2267 1540 2305 maiori
1555 2268 1646 2298 corde
1661 2268 1713 2299 do-

945 2320 1011 2349 nat.
1024 2318 1111 2349 Unde
1134 2318 1307 2357 Gregorius
1324 2328 1331 2348 2
1353 2329 1367 2346 «
1383 2317 1453 2349 Non
1467 2321 1513 2349 est
1527 2329 1628 2351 vacua
1642 2331 1710 2352 ma-

940 2380 1001 2401 nus
1011 2380 1030 2401 a
1040 2380 1183 2408 munere,
1203 2379 1277 2400 cum
1292 2379 1364 2401 arca
1374 2371 1475 2401 cordis
1486 2372 1604 2412 repleta
1617 2374 1712 2405 fuerit

943 2424 1027 2454 bona
1040 2424 1215 2455 voluntate.
1235 2434 1250 2452 1)
1273 2423 1316 2453 De
1335 2432 1469 2455 numero
1483 2425 1568 2456 enim
1581 2426 1709 2458 illorum

942 2480 1008 2509 erat
1027 2478 1095 2508 haec
1117 2476 1226 2514 vidua,
1242 2477 1280 2507 de
1294 2477 1412 2516 quibus
1426 2478 1542 2509 dicitur
1557 2480 1579 2496 Ν
1596 2491 1602 2511 ;
1625 2492 1639 2510 α
1654 2480 1709 2512 Se-

940 2573 958 2589 11
977 2572 1058 2595 Gloss.
1080 2571 1190 2595 interlin.
1210 2571 1236 2595 in
1249 2571 1316 2595 bunc
1330 2571 1379 2595 loc.
1394 2584 1425 2589 —
1437 2572 1457 2589 ¹2
1470 2573 1568 2602 Maltlz„
1584 2580 1609 2604 x,
1623 2574 1661 2598 42.
1678 2587 1707 2592 —

939 2608 958 2625 1³
976 2607 1042 2638 Tob.‚
1058 2613 1091 2638 iv,
1103 2609 1125 2631 9.
1140 2606 1317 2637 -1511οον.,
1328 2612 1386 2638 viu,
1397 2610 1420 2632 3.

972 2648 1004 2678 (ιι)
1026 2648 1087 2672 coet.
1103 2647 1162 2672 edit.
1179 2646 1311 2679 accipient.
1326 2661 1357 2666 —
1373 2647 1407 2679 (b)
1425 2649 1485 2673 Item
1498 2648 1563 2673 deest
1578 2649 1690 2681 dignum,
