1987 3032
220 188 278 217 272

218 251 356 279 veniebat
388 252 487 284 JesuS,
520 252 548 278 et
576 249 735 285 respondet
765 258 772 277 :
803 260 817 276 α
843 251 986 286 quoniam

217 299 342 326 Joannes
365 305 433 325 eum
456 297 624 332 baptizavit.
642 306 655 321 ν
682 298 713 324 Et
727 296 757 323 in
768 297 825 324 boc
839 298 985 333 [10101110-

127 346 187 397 :ismi-
217 344 324 371 militas
348 343 470 371 Christi¹
489 352 495 369 ε
516 353 528 368 α
543 343 588 369 Sic
612 342 695 369 decet
713 350 767 369 nos
786 343 908 378 implere
925 352 986 371 om-

104 407 193 429 Christi.

217 398 285 417 nem
296 389 466 424 justitiam.»
482 388 573 422 vidit,
589 387 712 423 inquam
723 408 731 421 ,
746 390 906 423 venientem,
925 397 985 417 nou

216 436 312 463 solum
327 435 473 470 gressibus
498 434 647 469 corporis,
670 434 723 461 sed
742 435 891 469 gressibus
915 435 985 463 inte—

216 481 300 509 rioris
325 480 597 516 contemplationis,
619 481 688 516 quia
710 480 846 515 dignatus
872 484 914 509 est
935 490 985 510 co-

217 528 317 563 gnosci
332 536 349 554 a
362 530 490 561 100000,
506 528 538 553 ut
558 527 598 554 ait
615 527 725 555 Glossa.
743 529 774 554 Et
789 529 919 564 sequitur
934 531 985 556 tes-

215 574 328 602 timonii
343 573 500 609 perliihitio
516 581 522 600 ε
536 575 601 600 Ecce
616 581 700 607 aquus
718 575 775 600 Dei.
790 575 932 606 Quaeritur
947 574 983 601 (le

214 620 326 648 ratione
342 620 428 654 hujus
440 619 608 653 testimonii,
622 627 712 654 quare
723 619 985 655 scilicetperhibuit

214 666 270 693 tale
285 665 495 699 testimonium,
511 667 538 692 et
552 673 643 700 quare
664 665 711 692 1110
734 665 790 692 sub
814 666 863 693 tali
891 666 986 700 figura

215 712 262 738 vel
276 714 357 747 typo.
383 713 414 738 Et
437 711 476 738 ad
494 711 551 738 hoc
578 711 738 746 respondet
759 711 984 747 Chrysostomus

214 758 290 785 bene
306 767 312 785 :
335 758 477 794 quoniam
492 757 580 785 Filius
592 758 638 784 Dei
655 766 746 793 purus
761 759 823 786 erat
842 766 860 786 a
883 766 985 794 pecca-

215 804 265 839 tis,
291 804 331 831 ita
344 806 376 832 ut
395 804 522 831 aliorum
550 806 670 839 peccata
694 804 848 832 absolvere
877 807 984 839 posset,

214 850 282 877 ideo
296 850 481 878 manifestum
496 850 578 885 quod
600 850 648 885 (a),
671 857 732 877 non
757 852 788 877 ut
813 851 986 878 confiteatur

213 899 343 931 peccata,
360 896 480 924 accessit
494 898 524 923 ut
538 896 749 931 baptizaretur,
775 897 848 923 sieut
873 897 921 924 alii
937 905 985 924 ac-

214 943 359 970 cedebant
378 943 416 970 ad
437 944 580 969 Joannem
597 951 603 969 :
620 942 687 969 ideo
713 942 815 969 tollens
843 943 984 977 suspicio-

214 996 293 1024 nem,
309 989 367 1016 ait:
385 990 449 1016 Ecce
472 996 556 1022 aquus
578 990 637 1015 Dei.
662 988 815 1022 signanter
830 989 890 1015 ait:
908 990 982 1023 Ecce,

215 1034 419 1062 demonstrans
442 1036 614 1070 prcesentem
637 1043 643 1060 :
669 1034 764 1069 «quia
779 1034 863 1062 multi
887 1035 984 1070 inqui-

214 1080 318 1108 rebant
339 1083 365 1108 ct
389 1089 406 1108 a
429 1080 519 1114 longo
543 1082 690 1115 tempore,
720 1080 788 1108 ideo
814 1084 985 1115 prfflsentem

215 1126 351 1160 ostendit,
366 1137 378 1152 »
398 1126 437 1153 ait
451 1127 674 1161 Chrysostomus
702 1128 722 1152 ‘-¹.
754 1128 824 1153 ltem
846 1127 985 1161 quaeritur

215 1180 305 1207 quare
321 1172 502 1199 demonstrat
516 1180 584 1199 eum
598 1173 632 1206 (b)
645 1172 698 1199 sub
712 1172 774 1207 typi
788 1172 871 1206 agui;
888 1175 915 1199 et
927 1181 985 1200 res-

213 1218 325 1253 pondet
352 1218 575 1253 chrysostomus
597 1219 618 1252 ³,
635 1218 716 1253 quod
739 1221 917 1245 rememorat
936 1220 984 1246 Ju-

215 1264 306 1298 daeos,
322 1266 350 1291 et
363 1264 476 1291 umbrae
487 1264 590 1298 legalis
601 1285 609 1298 ,
626 1264 678 1290 ubi
693 1263 729 1290 de
748 1272 825 1298 agno
841 1265 983 1298 Paschali,

214 1311 242 1337 et
255 1312 433 1337 rememorat
460 1318 510 1337 eos
535 1310 573 1337 de
601 1309 757 1345 prophetia
783 1309 793 1324 ¹*
821 1319 827 1337 z
845 1320 858 1335 (ι
882 1310 983 1337 Emitte

214 1363 342 1390 agnum,
359 1356 490 1390 Domine,
504 1366 517 1381 11
535 1358 588 1383 etc.
599 1377 608 1390 ‚
624 1358 651 1382 et
664 1356 721 1383 1100
736 1358 767 1382 01
790 1356 918 1383 abducat
933 1364 984 1383 eos

213 1410 231 1429 a
245 1404 316 1438 typo
332 1402 371 1429 ad
385 1402 546 1429 veritatem.
561 1404 592 1429 Et
604 1401 704 1429 dehoc
719 1402 835 1430 Glossa:
852 1412 864 1427 (ι
875 1405 983 1437 AguuS,

213 1448 244 1475 id
259 1451 312 1481 est,
326 1448 467 1476 innocens
477 1468 486 1481 ,
500 1447 700 1475 immolandus
713 1468 720 1481 ‚
734 1448 937 1483 praefiguratus
953 1448 984 1475 in

213 1502 292 1529 agno
306 1494 447 1529 paschali.
470 1504 482 1519 »
499 1493 569 1521 Ideo
586 1493 717 1528 sequitur
735 1503 741 1520 :
758 1494 812 1526 Qui
835 1495 905 1520 tollit
924 1502 983 1527 pec-

213 1543 273 1567 cata
284 1542 387 1567 mundi.
404 1540 460 1567 Sed
484 1539 608 1575 qualiter
623 1539 700 1566 hoc?
715 1542 814 1573 Agnus
830 1541 872 1566 est
889 1539 984 1574 figura

212 1587 279 1613 Jesu
293 1586 395 1613 Christi
421 1586 451 1613 iu
484 1587 627 1621 quantum
644 1585 734 1612 homo
746 1606 756 1619 ,
771 1585 823 1612 sed
846 1586 875 1612 in
891 1594 984 1621 quan-

215 1634 276 1659 tum
296 1634 386 1665 DeuS,
411 1632 488 1659 delet
515 1634 669 1666 peccatum
695 1633 722 1658 et
743 1631 883 1665 justificat
901 1641 907 1658 :
924 1640 984 1659 11011

214 1687 283 1713 ergo
311 1679 342 1706 in
363 1681 506 1714 quantum
526 1686 630 1713 agnus,
653 1679 684 1705 Et
705 1678 743 1704 ad
767 1678 843 1705 istud
864 1686 984 1713 respon-

214 1725 356 1759 dendum,
373 1725 455 1760 quod
470 1724 556 1751 Filius
576 1724 625 1751 Dei
640 1726 682 1751 est
696 1732 782 1751 verus
802 1725 875 1751 Deus
893 1727 920 1751 ct
937 1732 983 1752 ve-

213 1779 262 1798 rus
277 1771 379 1805 homo,
393 1771 472 1798 idem
487 1771 516 1797 in
529 1778 656 1805 persona
672 1778 678 1797 :
695 1770 725 1797 in
740 1772 883 1805 quantum
899 1771 983 1801 Deus,

213 1817 289 1843 tollit
301 1819 420 1852 peecata
436 1817 566 1844 effective
572 1825 580 1850 3
596 1816 627 1843 in
648 1818 791 1851 quantum
804 1816 907 1849 homo,
921 1824 984 1844 me-

213 1862 311 1890 ritorie
330 1872 336 1890 :
355 1863 395 1889 sic
411 1863 489 1889 enim
517 1860 631 1889 11101011Ι
648 1862 736 1889 nobis
765 1862 900 1896 gratiam,
924 1870 984 1897 qua

211 1908 405 1943 justificamur
421 1911 448 1935 et
462 1916 625 1943 purgamur
639 1908 648 1924 ‘⁵
661 1918 669 1934 .-
689 1918 701 1932 «
716 1909 778 1943 lpse
798 1908 877 1935 enim
891 1907 983 1935 factus

214 1957 256 1982 051
268 1955 365 1988 nobis,
381 1956 409 1981 et
420 1954 625 1987 sanctificatio,
641 1956 668 1981 et
682 1954 856 1989 redemptio.
873 1964 886 1979 u
904 1954 984 1987 Quae-

213 2001 286 2028 ritur
312 2000 348 2027 de
368 2000 459 2027 modo
484 1999 644 2035 loquendi,
673 2000 797 2035 qualiter
823 2000 884 2027 ait:
903 2001 984 2027 Tollit

213 2047 343 2081 peccata?
358 2046 476 2073 Videtur
505 2045 664 2081 improprie
683 2045 767 2080 loqui
784 2055 790 2073 :
808 2046 889 2081 quod
904 2047 981 2073 enim

213 2093 333 2127 tollitur,
353 2092 389 2120 de
405 2092 471 2120 1000
486 2092 524 2120 ad
538 2092 639 2120 locum
660 2093 830 2120 transfertur
852 2093 981 2129 proprie.

213 2140 245 2166 Et
259 2139 298 2166 ad
316 2139 373 2166 hoc
396 2139 555 2175 respondet
579 2139 694 2173 (110550,
721 2139 804 2174 quod
831 2140 902 2166 tollit
924 2147 984 2174 pec-

213 2189 283 2219 cata,
298 2185 407 2213 scilicet
419 2188 451 2212 ut
472 2193 533 2212 non
551 2184 624 2218 sint;
648 2184 770 2219 qualiter
789 2187 886 2212 autem
910 2185 984 2213 tollit

212 2234 351 2266 peccata,
366 2232 396 2258 in
410 2231 566 2258 collatione
589 2230 772 2265 praedicabili
787 2232 806 2265 Β,
819 2234 847 2259 01
868 2232 905 2259 (10
926 2232 983 2260 1100

213 2279 345 2313 Magister
360 2279 390 2305 in
402 2279 543 2305 Historiis.

249 2326 293 2352 30.
305 2325 439 2360 Sequitur
447 2324 576 2352 secunda
587 2331 665 2359 parS,
676 2323 707 2351 in
721 2331 780 2358 qua
795 2324 983 2351 commenda-

214 2371 266 2404 tio,
276 2370 667 2406 sivetestimoniiperhibitio
682 2370 718 2397 de
732 2371 873 2405 potestate
888 2370 982 2405 bapti-

214 2417 311 2452 zandi,
329 2417 371 2444 ibi
388 2426 394 2444 :
411 2417 461 2444 Hic
475 2420 524 2450 est,
539 2419 592 2444 etc.
604 2425 613 2451 3
629 2418 656 2443 et
669 2415 712 2444 ibi
722 2416 797 2444 tria:
814 2416 911 2451 primo
925 2418 983 2445 tes·

245 2505 251 2521 ¹
269 2503 367 2530 Mami„
384 2508 426 2531 111,
445 2503 482 2525 15.
495 2513 525 2518 -
540 2502 551 2517 ²
565 2501 706 2531 Clirysost„
720 2501 764 2524 ubi
778 2507 834 2531 sup.
849 2514 880 2518 —
894 2500 902 2514 ²
918 2500 981 2524 ibid.

214 2554 241 2558 —
258 2540 268 2556 Β
282 2540 342 2569 Ista,
361 2543 419 2565 xvr,
442 2540 510 2561 1.-
527 2537 537 2552 ὅ
557 2537 564 2559 l
586 2537 652 2565 Com,
674 2542 696 2566 1,
713 2538 751 2559 30.
766 2549 797 2553 —-
817 2538 826 2550 ¹³
841 2536 909 2565 vm„
924 2538 982 2565 post

213 2575 280 2599 11000
304 2573 445 2605 postillam,
473 2571 555 2594 collat.
584 2576 640 2594 viu.
659 2583 689 2588 -
716 2571 723 2583 ⁷
749 2571 824 2601 Aug„
850 2571 875 2593 in
900 2571 980 2598 doun„

213 2612 284 2635 tract.
300 2615 339 2640 111,
356 2616 382 2632 n.
399 2609 422 2631 Ἰ.
436 2620 466 2624 -
480 2606 564 2635 ⁸1sa.,
582 2611 616 2635 1v,
635 2607 699 2628 1.-
715 2607 724 2619 ⁹
739 2606 758 2628 lt
775 2605 844 2636 Cor„
858 2610 895 2636 x1,
912 2607 937 2630 2.
951 2618 981 2623 —-

734 183 946 215 EVANGELH
970 184 1109 216 SANCTI
1131 183 1294 217 JOANNIS

1041 251 1155 279 timonii
1169 251 1327 287 perhibitio
1338 261 1346 287 3
1363 253 1494 280 secundo
1505 274 1514 287 ,
1536 252 1670 287 ejusdem
1683 253 1810 289 amplior

1041 297 1219 331 certificatiO,
1235 297 1276 325 ibi
1289 307 1295 325 :
1309 299 1343 325 Et
1358 301 1550 333 testimonium,
1564 300 1630 333 etc.;
1646 299 1741 334 tertio,
1754 301 1811 327 tes-

1040 343 1153 370 timonii
1169 343 1315 371 certificati
1339 345 1506 379 conclusio,
1526 345 1587 372 sive
1609 344 1809 381 amplificatio,

1040 389 1081 416 ibi
1095 399 1102 416 .·
1118 391 1151 416 Et
1170 398 1216 423 eya
1231 391 1298 421 vidi,
1315 392 1369 418 ete.
1387 392 1418 418 Et
1431 391 1489 419 1100
1504 394 1560 425 est,
1576 391 1659 427 quod
1682 391 1721 418 ait
1737 400 1743 418 :
1760 392 1811 419 Hic

1040 438 1088 468 est,
1103 435 1209 462 scilicet
1220 444 1363 470 1110350115,
1379 437 1502 464 visibilis
1518 447 1525 465 :
1541 437 1619 465 uude
1635 437 1812 465 determinat

1040 481 1106 516 quis
1121 484 1181 508 erat
1195 482 1321 515 medius,
1336 482 1373 509 de
1400 490 1460 518 quo
1477 491 1565 519 supra
1587 483 1659 511 dixit
1675 493 1681 509 :
1699 485 1737 510 De
1759 491 1810 518 quo

1040 528 1101 554 diri
1114 537 1121 554 :
1134 529 1195 554 Post
1217 535 1257 555 me
1276 530 1364 562 venit,
1381 529 1451 563 quia
1471 530 1615 564 posterior
1635 531 1736 562 natus,
1757 529 1811 562 Qui

1040 576 1102 600 ante
1112 581 1152 600 me
1166 576 1255 606 factus
1269 576 1317 608 est,
1333 574 1364 600 id
1383 576 1434 608 est,
1450 574 1522 602 mihi
1538 575 1685 610 praelatus,
1701 576 1741 603 ait
1755 578 1811 603 Au-

1040 619 1182 654 gustinus,
1199 621 1226 647 et
1237 620 1293 647 hoc
1309 629 1316 647 ι
1333 621 1403 653 Quia
1416 622 1492 655 prior
1510 624 1568 648 erat
1580 641 1589 655 ,
1612 621 1722 650 seilicet
1735 621 1811 649 divi-

1040 666 1138 699 nitate,
1156 667 1226 701 quia
1240 668 1269 693 in
1291 667 1428 701 principio
1446 667 1559 694 Verbum
1571 688 1580 701 ,
1604 667 1643 695 ait
1657 666 1737 695 idem
1751 669 1809 695 Au-

1041 712 1173 746 gustinus
1182 713 1202 739 ⁷.
1216 713 1247 738 Et
1261 713 1408 747 signanter
1421 712 1474 740 ait:
1486 713 1565 740 Venit
1575 714 1627 746 vir,
1639 720 1700 741 non
1714 712 1811 740 solum

1040 758 1133 785 dictus
1149 766 1167 785 a
1180 758 1297 792 virtute,
1310 758 1362 785 scd
1377 759 1407 785 in
1423 766 1482 794 quo
1493 758 1646 794 plenitudo
1659 759 1809 787 virtutum.

1041 804 1119 831 Unde
1134 806 1144 820 ⁸
1159 813 1165 830 :
1187 814 1199 829 u
1210 804 1436 840 Apprehendent
1449 806 1562 840 septem
1574 805 1710 833 mulieres
1718 813 1812 832 unum

1040 850 1152 884 virum,
1167 860 1180 875 »
1206 850 1237 877 id
1253 853 1295 878 cst
1305 870 1314 884 ‚
1337 851 1480 878 universae
1507 851 1640 878 Ecclesiae
1667 851 1811 879 Christum

1040 904 1182 931 sponsum
1197 897 1206 912 ⁹
1223 905 1229 924 :
1248 906 1262 922 «
1278 897 1422 932 Despondi
1436 905 1490 925 vos
1508 897 1646 925 univiro.
1663 907 1676 923 »
1695 899 1727 925 Et
1739 897 1810 931 hoc,

1041 942 1071 976 (c)
1090 942 1142 969 suit
1158 942 1202 969 vir
1217 943 1256 970 ab
1270 943 1385 970 instanti
1401 943 1600 978 conceptionis
1612 944 1633 961 ¹⁰
1644 952 1671 971 :a
1681 943 1812 971 Foemina

1041 988 1235 1016 circumdabit
1246 989 1375 1016 virum.»
1390 991 1422 1017 Et
1437 990 1581 1017 Zacharias
1591 990 1629 1017 ¹¹:
1645 999 1660 1015 <t
1670 991 1740 1018 Ecce
1755 989 1811 1024 vir,

1040 1036 1141 1064 Oriens
1161 1044 1271 1063 nomen
1288 1037 1350 1071 ejus
1377 1046 1391 1062 n

1075 1083 1119 1109 31.
1136 1083 1168 1109 Et
1182 1083 1313 1117 sequitur
1332 1092 1338 1109 :
1355 1084 1390 1109 Et
1413 1078 1473 1123 0190
1488 1083 1633 1110 nesciebam
1645 1090 1714 1110 eum.
1737 1082 1811 1115 Quia

1041 1128 1114 1155 dixit
1133 1137 1139 1155 2
1157 1129 1236 1155 Prior
1259 1137 1298 1155 me
1317 1131 1393 1163 erat,
1421 1128 1529 1155 scilieet
1553 1127 1723 1163 divinitate,
1742 1128 1809 1156 ideo

1040 1174 1191 1201 insinuans
1215 1174 1418 1209 eminentiam,
1443 1175 1483 1201 ait
1508 1183 1514 1201 :
1534 1175 1569 1201 Ec
1594 1182 1640 1208 eqo
1665 1175 1810 1202 nesciebam

1039 1228 1106 1247 eum.
1124 1222 1156 1247 Et
1171 1228 1206 1247 ex
1218 1220 1274 1247 hoc
1287 1221 1417 1254 videtur,
1433 1220 1517 1256 quod
1538 1220 1689 1247 temerarie
1713 1220 1810 1255 perhi-

1039 1266 1103 1292 buit
1112 1266 1312 1293 testimonium
1328 1266 1365 1293 de
1381 1274 1434 1300 eo,
1449 1268 1475 1294 et
1495 1266 1578 1302 quod
1591 1274 1652 1293 non
1666 1265 1720 1293 fuit
1733 1265 1811 1293 testis

1039 1320 1136 1338 verus.
1152 1312 1233 1339 Unde
1256 1312 1483 1347 chrysostomus
1503 1311 1522 1327 ¹²
1539 1321 1546 1338 :
1565 1321 1578 1337 «
1592 1311 1720 1344 Qualiter
1733 1311 1811 1338 testis

1040 1358 1098 1385 fide
1114 1358 1221 1392 dignus
1234 1360 1301 1385 tunc
1316 1366 1397 1391 eras,
1413 1360 1440 1385 et
1454 1357 1579 1393 qualiter
1593 1357 1666 1385 alios
1681 1357 1811 1385 docebas

1038 1404 1219 1438 ignorans?»
1237 1404 1324 1437 Quasi
1348 1404 1442 1438 dicat,
1469 1403 1551 1439 quod
1574 1406 1642 1430 tunc
1665 1411 1726 1430 non
1750 1405 1812 1431 erat

1039 1451 1116 1478 testis
1131 1450 1189 1477 fide
1210 1450 1328 1484 dignus
1354 1452 1425 1477 Item
1450 1449 1531 1477 novit
1554 1449 1713 1483 Christum,
1729 1451 1810 1476 ante-

1040 1504 1130 1531 quam
1146 1498 1219 1523 esset
1248 1498 1343 1529 natus,
1370 1495 1441 1530 quia
1469 1495 1607 1522 exultavit
1633 1495 1663 1522 in
1677 1497 1760 1522 utero
1773 1502 1810 1522 ex

1039 1542 1168 1569 adventu
1178 1542 1269 1569 beatae
1279 1541 1373 1569 Matris
1379 1541 1441 1568 Filii
1450 1541 1508 1568 Dei.
1521 1541 1592 1568 ltem
1599 1540 1640 1568 ait
1647 1542 1761 1568 Joannes
1771 1540 1807 1568 ¹³:

1042 1590 1122 1622 «Ego
1138 1588 1235 1615 debeo
1264 1595 1281 1615 a
1309 1590 1335 1614 te
1357 1587 1499 1622 baptizari
1515 1595 1547 1614 2»
1565 1594 1635 1621 ergo
1660 1588 1691 1613 ut
1716 1586 1806 1622 prius.

1037 1636 1106 1661 ltem
1116 1633 1305 1660 consimiliter
1313 1633 1438 1668 opponit
1453 1633 1640 1668 Augustinus,
1657 1632 1758 1659 dicens
1768 1632 1808 1659 ¹¹⁶:

1041 1690 1055 1705 (ι
1069 1680 1196 1712 Qualiter
1217 1679 1256 1706 ait
1272 1688 1278 1706 ι
1293 1680 1448 1707 Nesciebam
1462 1699 1471 1712 ‚
1498 1679 1549 1714 qui
1572 1679 1612 1706 ait
1633 1678 1669 1706 de
1684 1678 1809 1711 Christo,

1040 1725 1123 1761 quod
1138 1727 1198 1752 erat
1210 1725 1292 1760 prior
1305 1733 1340 1752 eo
1352 1746 1362 1758 ,
1373 1725 1483 1752 scilieet
1504 1725 1671 1759 divinitate,
1686 1727 1714 1752 et
1726 1724 1809 1760 quod

1040 1773 1101 1799 erat
1113 1774 1180 1807 post
1194 1779 1263 1799 eum
1274 1771 1367 1798 factus
1375 1771 1536 1798 secundum
1547 1770 1779 1798 humanitatem?
1791 1780 1805 1796 »

1040 1818 1158 1845 Videtur
1181 1825 1251 1852 ergo
1275 1825 1311 1844 ex
1326 1817 1388 1850 his,
1404 1817 1487 1852 quod
1511 1817 1622 1844 dictum
1641 1816 1761 1844 sciehat.
1777 1817 1810 1844 Et

1039 1864 1077 1891 ad
1093 1863 1171 1890 istud
1192 1863 1434 1898 respondendum
1459 1863 1623 1890 secundum
1639 1862 1810 1898 Chrysosto-

1039 1918 1139 1943 mum,
1155 1909 1208 1936 ubi
1231 1917 1334 1944 supra,
1358 1909 1442 1944 quod
1465 1919 1478 1934 ι(
1493 1917 1526 1936 ex
1547 1909 1619 1943 hoc,
1641 1908 1724 1945 quod
1744 1907 1807 1936 ait:

1038 1957 1201 1989 Nesciebam,
1220 1955 1428 1990 insuspicabile
1443 1955 1644 1982 testimonium
1659 1956 1808 1990 operatur,

1039 2004 1205 2029 monstrans
1218 2001 1251 2028 id
1275 2009 1336 2028 non
1360 2001 1496 2028 humanae
1512 2009 1574 2028 esse
1589 2000 1742 2035 amicitiae,
1756 2000 1809 2028 sed

1039 2056 1056 2075 a
1070 2047 1248 2075 revelatione
1276 2047 1378 2074 divina
1399 2047 1518 2075 factum.
1541 2058 1554 2073 υ
1573 2048 1636 2074 llaec
1663 2046 1724 2074 ille.
1745 2047 1809 2074 Non

1039 2102 1110 2128 ergo
1131 2096 1219 2128 negat
1241 2101 1271 2120 se
1295 2093 1431 2127 scivisse,
1454 2093 1507 2120 sed
1531 2093 1663 2128 implicat
1677 2100 1713 2120 ex
1726 2099 1810 2120 reve-

1039 2140 1147 2167 latione
1162 2148 1192 2167 se
1207 2139 1391 2174 cognovisse.
1413 2139 1500 2166 Aliter
1517 2138 1677 2173 respondet
1695 2140 1808 2172 Augus-

1039 2186 1151 2220 tinus¹⁵,
1161 2185 1343 2220 distinguens
1352 2186 1526 2220 potestatem
1536 2183 1716 2219 baptizandi,
1725 2183 1809 2218 quod

1038 2234 1164 2260 Joannes
1191 2231 1348 2259 Dominum
1371 2232 1509 2264 noverat,
1528 2230 1580 2258 sed
1603 2238 1664 2257 non
1686 2231 1809 2257 noverat

1038 2280 1210 2313 potestatem
1221 2276 1408 2312 baptizandi:
1429 2276 1491 2303 sive
1515 2276 1655 2304 dominici
1668 2275 1808 2312 baptismi

1038 2325 1069 2351 in
1086 2324 1202 2351 nullum
1216 2322 1368 2351 hominem
1387 2322 1598 2356 transmisisse,
1611 2321 1664 2349 sed
1678 2321 1808 2349 ministe-

1038 2370 1116 2398 rium
1130 2369 1228 2398 solum
1241 2368 1432 2397 transiturum
1448 2377 1454 2395 :
1472 2368 1529 2396 sibi
1544 2368 1623 2395 00101
1632 2367 1721 2395 tenuit
1734 2367 1807 2402 bap-

1039 2452 1058 2468 ¹⁰
1070 2451 1171 2479 levem„
1182 2456 1255 2480 xxxr,
1267 2451 1305 2473 22.
1314 2463 1344 2467 —
1356 2451 1374 2466 ¹¹
1390 2449 1476 2478 Zaelz„
1491 2454 1526 2479 vr,
1541 2449 1579 2472 12.
1590 2461 1619 2466 —
1635 2449 1654 2465 ¹²
1665 2448 1806 2480 Chrysost„

1039 2486 1080 2509 ubi
1100 2492 1167 2516 sup„
1186 2492 1211 2509 n.
1232 2487 1255 2509 2.
1274 2497 1304 2502 —-
1324 2485 1344 2500 ¹³
1360 2484 1462 2509 matth..
1482 2489 1526 2513 111,
1547 2485 1585 2506 14.
1602 2496 1634 2501 -
1653 2484 1670 2499 ¹⁴
1686 2486 1759 2514 Aug„
1780 2485 1807 2507 in

1037 2521 1117 2551 Joan„
1131 2522 1204 2544 tract.
1222 2526 1245 2549 ν,
1260 2526 1287 2543 0.
1303 2522 1325 2543 l.
1341 2533 1367 2536 —
1386 2520 1404 2535 ¹⁵
1420 2519 1493 2549 thid„
1506 2525 1532 2542 11.
1548 2520 1561 2541 G
1577 2520 1670 2549 etseq.

1069 2569 1100 2598 (a)
1123 2568 1184 2592 Caee.
1204 2567 1268 2592 edit.
1293 2567 1403 2599 quando.
1426 2579 1453 2584 —
1476 2565 1508 2596 (ὁ)
1531 2565 1592 2590 Coet.
1614 2565 1673 2589 edit.
1694 2568 1757 2591 tum.
1776 2579 1807 2584 —

1039 2604 1069 2634 (0)
1085 2603 1174 2634 Ξαρμί.
1188 2603 1256 2634 quia.
