1987 3032
188 187 246 217 380

186 252 295 280 scilicet
313 251 352 280 ad
367 252 580 280 ostendendam
599 251 752 279 victoriam
771 251 808 278 de
832 253 958 287 potesta-

187 298 263 326 tibus
278 298 366 333 hujus
388 299 463 326 aeris
479 299 487 315 ¹
506 307 512 325 :
530 298 629 325 «Tulit
646 298 682 325 de
698 297 816 332 medio,
833 298 957 333 affigens

186 344 261 371 illud
276 344 369 379 cruci,
381 344 533 380 expolians
547 344 744 380 principatus,
754 354 767 369 »
784 345 837 371 etc.
850 345 957 372 Omnes

189 393 287 419 autem
296 393 520 426 cognoscentes,
534 391 564 417 id
578 392 633 424 est,
644 390 794 417 credentes
808 390 837 417 in
851 390 956 418 Filium

187 437 255 471 Dei,
271 438 312 464 sic
326 437 434 472 passim
450 436 695 463 illuminabuntur
711 439 738 463 ct
751 436 956 472 salvabuntur,

186 485 218 511 ut
229 483 362 512 habitum
375 485 416 510 est
430 490 519 518 supra
533 484 543 499 2
560 490 577 510 a
593 483 811 518 Chrysostomo.

221 531 265 557 30.
282 532 314 557 Et
328 529 463 556 subditur
483 529 519 556 dc
534 529 722 557 multitudine
748 529 930 557 credentium
948 539 954 557 :

186 578 247 604 Hoec
262 578 310 603 illo
326 577 464 611 loquente,
478 577 559 603 multi
575 576 762 611 crediderunt,
778 584 839 604 non
854 579 954 604 tamen

185 630 287 651 omnes
302 622 336 658 (a)
349 643 357 657 ,
378 623 417 650 ait
438 622 547 650 Glossa.
569 622 625 650 Sed
646 623 770 658 qualiter
788 623 865 650 hoc‘?
887 623 957 658 quia

184 668 260 696 infra
270 668 376 697 eodem
386 668 501 703 legitur,
514 671 542 696 et
552 669 798 704 blasphemabant
811 669 937 696 dicendo
949 678 955 696 z

184 716 348 742 Doemonium
375 715 462 742 habes.
495 717 527 742 Et
550 715 588 742 ad
613 715 691 742 istud
714 715 956 750 respondendum

184 761 348 788 secundum
362 761 604 796 Chrysostomum
619 762 640 795 ³,
660 761 742 797 quod
757 761 956 795 crediderunt,

184 807 236 834 sed
252 809 348 834 tamen
367 815 428 834 non
444 809 475 834 ut
492 807 657 843 oportebat.
676 807 756 835 Unde
772 808 904 843 sequitur
920 808 956 835 de

183 853 305 887 iisdem,
323 853 373 889 qui
393 853 593 885 crediderunt,
611 854 693 889 quod
718 854 864 881 dixerint:
890 855 958 881 Filii

183 899 298 926 Abrahae
311 907 411 927 sumus.
429 902 492 927 Non
508 908 577 934 ergo
593 900 744 934 intellexit,
757 900 879 935 quando
896 900 956 927 ait:

183 946 377 979 Crediderunt,
398 946 434 973 de
456 945 584 982 perfecta
605 946 682 979 fide,
704 946 757 974 sed
777 946 813 974 de
834 946 956 982 aliquali

185 993 212 1018 et
226 991 406 1027 imperfecta.

219 1039 262 1065 31.
272 1040 304 1065 Et
318 1038 450 1074 sequitur
461 1046 539 1074 pars,
555 1038 586 1065 in
596 1046 656 1074 qua
672 1038 707 1066 de
718 1038 852 1066 doctrina
860 1039 956 1066 Salva-

183 1084 264 1119 toris,
274 1093 326 1120 per
338 1092 429 1120 quam
438 1085 564 1112 ostendit
574 1093 604 1112 se
614 1093 676 1112 esse
687 1085 877 1113 liberatorem
887 1093 956 1121 pec-

185 1131 240 1158 cati
255 1133 282 1158 et
297 1131 402 1158 erroris
411 1141 419 1166 3
435 1131 566 1159 secundo
581 1131 707 1159 ostendit
721 1140 751 1158 se
767 1140 828 1159 esse
848 1131 956 1159 libera-

184 1178 278 1204 torem
293 1185 310 1204 a
331 1177 520 1204 damnatione
535 1177 648 1211 mortis,
663 1177 705 1204 ibi
719 1176 729 1192 '⁴
742 1186 747 1204 :
765 1179 862 1212 Amen,
880 1186 955 1205 amen

184 1223 243 1250 dico
266 1224 359 1252 vobis:
385 1224 416 1250 Si
436 1225 497 1257 quis
518 1232 661 1250 sermonem
689 1231 774 1251 meum
798 1226 953 1251 servaverit.

184 1269 280 1296 Prima
302 1269 332 1296 in
358 1271 414 1297 tres
431 1279 436 1296 :
454 1270 568 1305 primo,
593 1270 754 1305 praemissio
774 1270 956 1297 liberationis

184 1323 287 1342 eorum
298 1336 307 1350 ,
331 1315 382 1350 qui
404 1315 527 1343 credunt
546 1324 604 1343 suae
621 1316 780 1350 doctrinae3
802 1316 933 1344 secundo
946 1337 954 1351 ‚

184 1361 254 1396 quia
267 1361 359 1389 Judaei
373 1361 587 1396 gloriabantur,
601 1362 683 1397 quod
698 1365 780 1389 erant
796 1362 832 1389 de
848 1370 954 1397 genere

183 1407 321 1441 Abrahae,
338 1410 365 1435 et
379 1408 420 1435 sio
435 1408 520 1435 liberi
533 1430 540 1442 ,
556 1408 657 1443 gloria:
672 1416 776 1436 eorum
791 1409 955 1442 evacuatio,

183 1453 225 1480 ibi
238 1454 247 1469 ⁵
263 1463 269 1481 z
284 1454 344 1480 Scio
358 1456 423 1489 quia
436 1455 490 1488 filii
504 1455 619 1482 Abrahae
634 1457 709 1488 estis,
728 1457 798 1489 etc.;
811 1455 906 1489 tertio,
918 1455 955 1483 de

182 1499 239 1527 hoc
253 1508 358 1527 eorum
372 1500 568 1527 murmuratio
584 1503 610 1527 et
626 1500 790 1535 indignatio
802 1522 810 1534 ‚
834 1503 861 1528 et
877 1501 954 1528 indi-

184 1546 331 1581 gnationis
341 1546 511 1580 confutatio,
520 1546 561 1573 ibi
572 1547 581 1562 θ
593 1555 599 1573 :
609 1548 743 1574 Diirerunt
752 1549 844 1582 itaque
855 1550 889 1581 ei,
900 1549 953 1575 etc.

184 1594 215 1620 ln
230 1592 337 1628 prima,
348 1592 403 1620 tria
419 1602 424 1619 :
437 1592 545 1628 primo,
555 1592 736 1620 liberationis
750 1594 906 1628 promissio
919 1594 955 1629 (b)

183 1638 368 1666 erodentibus
389 1639 420 1665 in
444 1646 530 1673 eum3
555 1639 702 1672 secundo,
723 1639 892 1666 Judaeorum
912 1648 956 1667 re-

183 1684 303 1720 sponsio
319 1686 346 1711 et
360 1684 495 1719 gloriatio
506 1705 515 1718 ‚
536 1685 577 1712 ibi
591 1687 601 1702 ⁷
620 1695 626 1712 :
643 1686 864 1720 Responderunt,
881 1687 954 1719 etc..-

183 1731 283 1764 tertio,
300 1730 474 1758 eorumdem
490 1730 650 1759 confutatio
661 1752 670 1764 ,
692 1731 734 1759 ibi
748 1733 758 1749 Β
780 1741 786 1759 1
808 1733 956 1767 Respondit

183 1778 221 1804 eis
237 1777 311 1804 lesus
323 1798 330 1811 ‚
346 1778 398 1804 eto.

217 1823 262 1850 Ait
275 1830 346 1857 ergo
360 1831 366 1849 :
380 1824 492 1850 Dicebat
505 1824 542 1850 ad
556 1832 607 1857 eos,
623 1826 670 1858 qui
685 1824 855 1851 crediderunt
872 1826 907 1852 ei.
924 1827 956 1852 Ut

183 1868 222 1896 ait
236 1868 460 1904 chrysostomus
473 1870 482 1886 ⁹
499 1879 506 1895 ι
527 1879 540 1894 «
552 1870 709 1897 Audientes
731 1872 759 1898 et
783 1871 954 1906 credentes,

182 1922 282 1941 rursus
306 1915 399 1942 eversi
420 1918 487 1942 sunt
515 1925 521 1941 :
548 1916 652 1943 volens
680 1924 751 1951 ergo
773 1917 955 1952 profundare

183 1960 274 1987 fidem
292 1968 353 1987 non
373 1961 403 1988 in
427 1961 598 1996 superficie,
623 1961 697 1989 fodit
716 1962 828 1990 animas
853 1971 955 1990 eorum

182 2006 451 2041 redargutionibus.
462 2017 475 2032 >³
486 2009 518 2034 Et
527 2007 609 2042 ponit
619 2009 789 2044 exemplum
801 2009 837 2036 de
849 2010 955 2037 arbore

182 2052 322 2080 radicata.
339 2054 371 2080 Et
386 2053 473 2080 debet
486 2054 553 2088 plus
565 2054 739 2089 profundari
756 2064 762 2082 z
779 2055 810 2082 Si
826 2058 955 2082 manseri-

184 2099 220 2125 tis
236 2100 264 2125 z'n
285 2107 403 2126 sermone
426 2108 489 2127 meo.
506 2100 550 2127 Sic
566 2101 715 2128 manendo
727 2122 735 2135 ,
763 2101 802 2128 ait
821 2102 955 2136 Augusti-

183 2152 237 2171 nus
252 2144 282 2178 ¹⁰,
297 2147 373 2172 eritis
383 2154 441 2173 vere
456 2147 587 2181 discipuli
600 2148 651 2174 mei
667 2155 676 2173 .·
691 2147 761 2182 quia
772 2149 789 2164 ²¹
805 2158 817 2172 (ι
830 2148 880 2183 qui
893 2155 957 2182 per-

183 2191 361 2223 servaverit,
387 2192 485 2219 salvus
502 2193 591 2219 erit.»
617 2193 654 2228 (v.
677 2193 721 2228 302)
742 2194 776 2219 Et
797 2196 956 2227 coqnoscetis

183 2238 334 2265 veritatem.
355 2238 517 2265 «Manendo
532 2239 610 2266 enim
627 2239 760 2266 videntes
774 2239 852 2267 eritis
863 2261 871 2274 ,
888 2251 901 2266 n
918 2241 957 2268 ait

184 2283 362 2317 Augustinus
377 2285 407 2309 ¹2.
425 2285 459 2310 Et
475 2286 575 2311 veritas
595 2285 722 2312 liberabit
735 2294 793 2319 eos,
808 2286 839 2313 id
856 2289 910 2320 est,
925 2287 957 2314 li-

183 2327 272 2355 beros
294 2329 393 2363 faciet,
418 2338 483 2365 quae
501 2331 578 2357 modo
600 2330 713 2358 salvat:
736 2332 816 2359 «Ubi
838 2333 916 2359 enim
935 2333 955 2350 ¹³

186 2374 313 2409 spiritus,
330 2375 371 2402 ibi
386 2376 515 2403 libertas
531 2386 544 2402 ι)
559 2376 611 2404 Ubi
627 2377 665 2404 ait
681 2377 905 2413 Chrysostomus
918 2378 954 2406 ¹⁶:

217 2435 222 2448 ¹
239 2434 340 2464 coloss.,
353 2441 383 2466 11,
398 2437 469 2459 24.—
483 2436 491 2450 '³
502 2438 574 2467 Sup.‚
586 2444 610 2467 p.
623 2438 677 2468 300,
688 2438 713 2461 in
728 2445 782 2468 cap.
793 2444 831 2468 111,
846 2445 870 2462 v.
888 2440 954 2462 14.—

185 2469 196 2485 ⁸
214 2470 354 2501 Chrysost.,
381 2471 406 2494 in
430 2472 510 2501 lourz„
535 2472 606 2495 hom.
629 2479 679 2503 Lu,
700 2473 732 2496 al.
753 2479 813 2504 L111,
833 2481 857 2498 n.
883 2475 905 2497 2.
926 2487 957 2491 —

184 2505 193 2520 δ
215 2505 270 2535 inf„
285 2507 324 2530 51.
340 2518 370 2522 —
391 2506 471 2535 ⁵1nf.,
485 2508 524 2530 37.
541 2520 571 2524 —
585 2508 595 2523 ⁶
613 2508 670 2538 lnf.,
685 2510 761 2532 52.—
784 2510 792 2523 ⁷
812 2509 868 2539 inf„
887 2510 957 2532 33.—

186 2541 194 2553 ⁸
211 2540 266 2568 inf„
282 2542 321 2564 34.
342 2555 367 2558 -
382 2542 391 2555 ⁹
403 2541 546 2572 Chrysost.,
562 2543 587 2564 in
602 2543 680 2572 Joan„
696 2544 766 2568 hom.
784 2550 840 2572 Lm,
857 2544 888 2567 al.
905 2549 956 2574 mv,

184 2582 210 2599 u.
228 2579 286 2599 1.-
303 2577 319 2590 ¹⁰
334 2578 407 2607 Aug,
420 2577 443 2599 in
457 2578 537 2606 domi„
551 2579 624 2601 tract.
637 2584 689 2606 xm,
704 2586 728 2603 n.
748 2582 807 2602 t.—
821 2580 841 2595 ¹¹
854 2579 956 2609 mmm,

185 2617 212 2641 x,
228 2611 268 2635 22.
282 2624 311 2629 —
329 2612 346 2628 ¹²
361 2615 435 2643 Aug,
450 2612 493 2635 ubi
508 2619 563 2642 sup.
581 2619 654 2642 prox.
668 2626 692 2630 —
711 2614 731 2630 ¹⁹
746 2615 765 2637 ΙΙ
781 2616 848 2644 Cor„
861 2620 901 2644 111,
919 2616 955 2638 ΓΙ.

703 184 913 216 EVANGELll
937 184 1076 217 SANCTI
1098 186 1113 217 J
1117 184 1260 217 OANNis

1013 262 1027 278 ι(
1039 252 1111 280 Sunt
1125 252 1216 280 verba
1231 252 1408 280 ostendentis
1427 260 1493 288 quae
1517 253 1547 280 in
1569 254 1712 282 cordibus
1733 262 1782 282 eo-

1010 306 1092 332 rum,
1105 301 1133 326 et
1147 298 1262 326 scientis
1277 299 1419 334 quoniam
1436 299 1559 334 quidam
1575 300 1780 334 crediderunt,

1010 345 1062 372 sed
1078 352 1138 372 non
1151 347 1336 378 manserunt,
1347 346 1374 372 et
1386 345 1560 372 insinuantis
1575 354 1625 373 eos
1641 346 1692 382 qui
1703 348 1781 374 retro

1011 391 1145 419 abierunt
1156 392 1254 426 (supra
1268 391 1306 423 ¹⁵).
1320 392 1350 418 Et
1362 398 1422 417 non
1436 391 1475 418 ait
1489 400 1494 418 :
1512 394 1571 426 Ego
1587 400 1699 425 eruam,
1709 391 1760 419 sed
1773 401 1779 419 :

1014 438 1119 464 Veritas
1135 438 1262 464 liberabit
1282 445 1337 464 vos.
1353 437 1496 464 veraciter
1512 447 1518 464 :
1535 438 1642 473 legalia
1659 438 1737 465 enim
1755 440 1783 466 et

1008 484 1127 519 judaica
1142 484 1238 519 typica
1252 485 1344 511 erant.
1361 494 1373 508 ι)
1392 484 1521 512 Haecille.
1537 487 1631 521 Supra
1642 485 1661 501 ¹⁸
1679 494 1685 512 z
1701 496 1714 510 α
1725 487 1780 513 Lex

1010 538 1062 566 per
1086 532 1203 566 Moysen
1230 530 1298 557 data
1322 532 1379 564 est,
1400 530 1494 565 gratia
1512 539 1566 566 per
1585 532 1681 559 Jesum
1702 531 1782 559 Chri-

1010 578 1096 604 stum.
1107 587 1119 603 »
1138 578 1169 604 Et
1184 576 1220 604 de
1235 576 1290 604 hac
1305 575 1437 604 libertate
1453 576 1483 603 in
1498 577 1660 605 Collatione
1675 578 1780 614 praedi-

1011 622 1098 650 oabili
1115 623 1143 649 ¹⁷.

1046 670 1090 696 33.
1101 669 1131 696 Et
1143 668 1274 704 sequitur
1285 676 1386 696 eorum
1398 668 1551 704 responsio
1564 678 1570 696 :
1584 669 1783 704 Responderunt

1011 717 1036 742 ei
1057 724 1067 742 :
1081 716 1172 743 Semen
1191 716 1305 742 Abrahae
1325 723 1424 742 snmus.
1448 716 1480 742 Ut
1494 715 1573 742 enim
1591 715 1631 742 ait
1651 716 1782 750 Augusti-

1012 770 1067 789 nus
1084 762 1104 779 ’Β
1120 771 1126 789 z
1145 772 1157 787 «
1172 763 1235 789 Non
1250 762 1289 789 ait
1304 762 1442 789 Dominus
1457 770 1464 788 :
1482 761 1577 789 Liberi
1593 762 1688 796 eritis;
1705 762 1757 790 sed
1773 771 1780 789 :

1011 809 1121 836 Veritas
1135 808 1272 835 liberabit
1286 816 1348 835 vos.
1362 818 1374 833 n
1390 809 1419 834 Et
1435 810 1532 835 tamen
1553 808 1717 835 extulerunt
1734 816 1782 843 se,

1012 856 1039 882 et
1055 854 1191 882 dixerunt
1205 863 1212 881 ε
1229 855 1320 882 Semen
1339 854 1460 881 Abrahoe
1472 862 1570 881 sumus.
1592 853 1660 881 Ideo
1676 854 1783 881 clamat

1010 901 1187 936 Augustinus
1204 901 1222 918 ¹⁹
1236 909 1262 927 2«
1275 901 1296 928 O
1311 899 1396 936 pellis
1410 899 1442 935 (c)
1458 900 1577 927 inflata!
1594 907 1654 927 non
1669 902 1711 927 est
1722 908 1784 928 ma-

1011 946 1150 981 gnitudo,
1172 946 1222 973 sed
1242 949 1340 973 tumor
1357 946 1408 981 (d).
1421 956 1433 971 n
1452 947 1520 973 {tem
1533 946 1555 962 ²⁰
1576 954 1582 972 ε
1600 945 1783 979 «Quomodo

1010 1000 1115 1020 verum
1131 992 1244 1020 dixistis
1255 992 1395 1027 jactando
1414 1001 1419 1019 :
1436 993 1548 1019 Nemini
1561 993 1718 1019 servivimus
1733 1000 1782 1019 un-

1011 1041 1112 1073 quam?
1126 1050 1138 1065 »
1158 1039 1228 1074 quia
1243 1038 1350 1074 Joseph
1365 1037 1566 1072 venundatus,
1589 1040 1616 1065 et
1630 1038 1781 1073 prophetae

1011 1085 1090 1112 ducti
1104 1085 1134 1112 in
1150 1085 1357 1120 captivitatem.
1374 1086 1404 1112 Et
1418 1084 1548 1119 populus
1562 1084 1680 1111 servivit
1694 1084 1724 1111 in
1739 1086 1782 1111 ΑΞ-

1010 1135 1120 1167 gypto,
1143 1134 1170 1158 et
1191 1131 1237 1158 isti
1260 1130 1455 1158 reddiderunt
1469 1130 1612 1157 tributum
1633 1130 1747 1158 Caesari.
1765 1141 1778 1155 ι)

1010 1179 1079 1206 ltem
1095 1178 1198 1213 quaerit
1211 1178 1389 1212 Augustinus
1403 1177 1434 1211 ²¹,
1451 1185 1516 1204 cum
1537 1179 1631 1205 essent
1651 1177 1780 1211 mentiti,

1011 1232 1102 1259 quare
1116 1232 1177 1251 non
1200 1224 1351 1258 redarguit
1367 1225 1436 1251 eos?
1453 1226 1485 1251 Et
1506 1223 1545 1251 ad
1568 1223 1642 1251 illud
1661 1231 1783 1258 respon-

1011 1270 1060 1297 det
1069 1270 1101 1303 22,
1115 1269 1199 1305 quod
1212 1270 1251 1297 ad
1264 1270 1389 1297 salutem
1401 1277 1504 1297 eorum
1518 1270 1682 1297 festinabat.
1697 1272 1729 1298 Et
1743 1269 1782 1297 ad

1010 1316 1067 1343 hoc
1089 1316 1244 1343 festinabat
1267 1324 1329 1343 non
1355 1316 1509 1343 ostendere
1531 1324 1582 1344 eos
1602 1324 1663 1344 esse
1683 1324 1783 1343 servos

1010 1362 1165 1390 hominum
1180 1384 1189 1397 ,
1210 1363 1262 1390 sed
1283 1362 1394 1398 peccati
1417 1371 1423 1389 :
1448 1370 1515 1398 quae
1542 1365 1584 1390 est
1609 1362 1783 1390 difficillima

1010 1408 1145 1442 servitus,
1167 1410 1195 1436 et
1218 1416 1235 1436 a
1254 1416 1314 1444 qua
1337 1408 1418 1436 solus
1439 1410 1512 1436 Deus
1534 1408 1646 1444 eripere
1666 1410 1781 1444 potest,

1010 1455 1093 1489 cujus
1108 1455 1199 1482 solius
1211 1457 1253 1482 est
1268 1455 1411 1482 dimittere
1426 1458 1589 1490 peecatum.

1046 1503 1088 1528 34.
1110 1503 1142 1528 Et
1156 1501 1222 1528 ideo
1238 1502 1368 1537 sequitur
1382 1502 1465 1528 tertia
1488 1501 1649 1536 particula,
1671 1501 1702 1528 in
1721 1509 1782 1537 qua

1011 1556 1114 1575 eorum
1127 1547 1286 1574 confutatio
1298 1568 1306 1581 ,
1321 1547 1363 1574 ibi
1377 1548 1542 1582 :Respondit
1554 1549 1592 1574 eis
1605 1549 1682 1575 Jesus
1694 1557 1701 1573 :
1721 1548 1782 1575 Om-

1013 1596 1055 1620 nis
1071 1595 1198 1628 quifacit
1212 1597 1360 1628 peccatum,
1373 1601 1463 1620 servus
1479 1596 1516 1620 est
1530 1595 1641 1628 peccati.
1658 1593 1711 1621 Ubi
1723 1595 1782 1622 Au-

1010 1640 1142 1674 gustinus
1150 1640 1171 1656 ⁴³³
1186 1649 1212 1666 ει(
1223 1640 1335 1667 Utinam
1349 1640 1423 1667 servi
1439 1640 1583 1673 hominis,
1599 1642 1626 1667 et
1640 1648 1699 1667 non
1714 1648 1783 1676 pec-

1011 1687 1081 1714 cati!
1097 1688 1118 1714 O
1142 1686 1318 1713 miserabilis
1343 1686 1484 1714 servitus!
1502 1688 1607 1714 Servus
1630 1687 1709 1714 enim
1732 1688 1783 1715 ho-

1010 1733 1098 1760 minis
1112 1733 1192 1759 duris
1206 1732 1337 1767 imperiis
1351 1732 1487 1767 fatigatus
1497 1733 1654 1768 requiescit
1661 1743 1669 1768 ;
1682 1742 1783 1765 servus

1010 1778 1122 1815 peccati
1137 1786 1197 1814 quo
1217 1778 1310 1813 fugit?
1325 1779 1429 1806 Secum
1449 1779 1537 1806 trahit
1550 1787 1580 1807 se
1595 1788 1784 1816 quocumque

1010 1825 1124 1860 fugerit.
1148 1827 1210 1853 Non
1237 1826 1311 1861 fugit
1333 1827 1460 1862 seipsam
1481 1826 1659 1854 conscientia
1681 1827 1783 1862 mala;

1011 1880 1072 1899 non
1087 1874 1129 1899 est
1143 1880 1202 1907 quo
1221 1874 1266 1899 eat
1282 1881 1288 1899 :
1305 1873 1436 1908 sequitur
1455 1881 1570 1908 semper
1586 1874 1614 1908 (e)
1628 1894 1636 1907 ,
1657 1881 1718 1900 non
1737 1881 1784 1901 re-

1012 1919 1088 1946 cedit
1102 1927 1120 1946 a
1135 1927 1174 1946 se.
1188 1930 1200 1943 »
1218 1920 1282 1946 Haec
1297 1919 1357 1947 ille.
1375 1921 1407 1946 Et
1422 1919 1462 1946 ibi
1476 1920 1552 1947 bene
1569 1919 1605 1946 de
1619 1920 1688 1947 hoc.
1704 1919 1785 1947 Cala-

1011 1965 1117 1992 mitosa
1131 1973 1202 1999 ergo
1224 1965 1347 1992 servitus
1368 1966 1500 2000 peccati,
1523 1968 1550 1992 et
1574 1966 1698 2000 misera,
1729 1968 1782 1993 etc.

1011 2011 1053 2038 lbi
1067 2010 1193 2038 multum
1205 2011 1241 2038 de
1257 2011 1323 2038 hoc.
1343 2013 1379 2038 De
1394 2012 1449 2039 hac
1462 2011 1567 2039 eadem
1578 2012 1715 2039 servitute
1730 2015 1786 2039 An-

1011 2057 1120 2084 selmus
1135 2057 1246 2084 ibidem
1263 2066 1269 2084 :
1287 2067 1300 2082 ιι
1313 2057 1438 2084 Praeterit
1451 2058 1588 2093 voluptas
1605 2066 1670 2093 quae
1688 2058 1784 2086 delec-

1011 2105 1066 2137 tat,
1081 2105 1180 2131 manet
1195 2103 1276 2138 quod
1291 2103 1414 2138 pungit,
1430 2105 1529 2130 manet
1543 2103 1653 2131 vindex
1670 2104 1699 2131 in
1714 2111 1783 2131 con-

1012 2149 1132 2177 scientia
1145 2170 1154 2183 ,
1184 2152 1282 2176 manet
1310 2149 1474 2176 recordatio
1501 2151 1689 2184 peccatorum
1718 2157 1784 2185 quae

1012 2198 1137 2231 torquet.
1154 2205 1168 2220 a
1185 2197 1248 2223 neec
1264 2195 1348 2222 illefl‘
1359 2205 1372 2220 «
1387 2195 1466 2222 Servi
1481 2195 1546 2222 estis
1561 2196 1639 2229 ejuS,
1655 2195 1784 2223 cuivobe-

1013 2242 1123 2268 divistis
1135 2262 1144 2274 ,
1160 2241 1220 2268 sive
1234 2241 1345 2276 peccati
1360 2241 1398 2268 ad
1413 2243 1555 2275 mortem,
1567 2251 1580 2266 η
1599 2244 1653 2268 etc.
1675 2242 1707 2268 Et
1720 2241 1785 2269 talis

1012 2288 1051 2324 (v.
1069 2287 1113 2323 35)
1128 2295 1219 2315 servus
1234 2295 1286 2314 non
1300 2290 1387 2314 manet
1403 2289 1432 2314 in
1447 2287 1523 2314 domo
1543 2288 1573 2314 in
1593 2290 1737 2319 oeternum,
1754 2287 1784 2315 id

1013 2336 1064 2368 est,
1081 2333 1111 2360 in
1123 2333 1260 2368 Ecclesia,
1277 2333 1502 2368 aitAugustinus
1517 2334 1548 2360 ²⁵.
1561 2335 1633 2361 Nam
1649 2333 1700 2361 etsi
1713 2333 1784 2361 mali

1012 2410 1043 2414 —
1060 2397 1079 2414 Η
1097 2397 1236 2428 Chrysost„
1249 2397 1292 2420 ubi
1304 2404 1361 2427 sup.
1374 2409 1399 2413 —
1418 2397 1437 2413 ¹⁵
1452 2397 1524 2427 Sup.‚
1538 2402 1572 2426 νι,
1586 2397 1625 2421 67.
1635 2409 1666 2414 —-
1680 2397 1700 2413 ¹⁶
1712 2397 1783 2428 Sup.,

1013 2438 1036 2462 1,
1059 2433 1096 2456 17.
1118 2444 1147 2449 -
1168 2433 1188 2449 ¹⁷
1208 2432 1265 2456 Vid.
1287 2432 1379 2456 Collat.
1404 2438 1468 2456 x1.11.
1485 2445 1516 2449 —
1533 2431 1553 2448 ¹⁸
1570 2433 1644 2462 Aug.,
1660 2432 1702 2455 ubi
1716 2439 1782 2462 sup⁸¹

1012 2474 1039 2492 n.
1055 2470 1077 2492 2.
1092 2482 1119 2485 —
1137 2469 1153 2482 ¹⁹
1171 2468 1234 2492 ibid.
1249 2481 1279 2485 —
1293 2468 1311 2482 ²⁰
1328 2467 1390 2491 lbid.
1401 2480 1432 2485 --
1445 2468 1463 2483 ²¹
1479 2467 1552 2497 thid„
1565 2474 1590 2490 n.
1603 2469 1626 2490 3.
1637 2480 1667 2484 -—
1679 2467 1696 2481 ²²
1711 2468 1783 2498 ibid„

1012 2509 1040 2527 n.
1056 2504 1077 2526 4.
1093 2517 1123 2521 -
1136 2503 1158 2519 ι’
1176 2503 1238 2527 ibid.
1255 2516 1285 2520 -
1299 2503 1318 2519 ²⁴
1335 2503 1413 2532 nom,
1429 2509 1467 2532 vi,
1486 2504 1521 2526 ιε.
1538 2515 1569 2519 -
1583 2502 1602 2518 ²⁸
1622 2502 1783 2534 Aug.‚·1bid.,

1014 2545 1040 2562 n.
1057 2540 1080 2561 s.

1046 2580 1078 2610 (a)
1103 2579 1162 2603 Coet.
1188 2580 1248 2603 edit.
1273 2579 1364 2603 omnis.
1390 2592 1414 2595 —
1443 2578 1476 2608 (b)
1500 2578 1558 2601 Hem
1581 2579 1732 2608 prmiuissio.
1754 2592 1784 2596 —

1014 2616 1043 2644 (c)
1060 2615 1119 2639 Coet.
1136 2615 1195 2638 ΗΜ.
1212 2615 1299 2645 pestis.
1314 2627 1344 2631 —
1363 2614 1400 2643 (tl)
1416 2614 1476 2636 Item
1494 2613 1578 2637 timor.
1594 2626 1625 2631 -
1643 2616 1673 2644 (e)
1690 2614 1731 2639 Al.
1747 2622 1783 2640 se.
