1987 3032
742 176 945 209 EXPOSITIO
968 177 1006 209 IN
1029 179 1114 210 CAP.
1137 179 1199 210 XX.

176 247 287 272 minum.
303 246 335 272 ln
355 253 416 280 quo
432 246 566 272 narratur
580 243 791 279 discipulorum
806 243 940 277 charitas,

176 291 338 319 retulerunt
351 291 428 318 enim
438 290 550 317 absenti
567 290 708 317 visionem
721 299 726 316 :
748 300 760 315 «
774 289 827 322 Qui
842 289 921 316 enim
933 291 939 305 ¹

176 338 267 371 audit,
284 337 361 364 dicat
377 345 383 363 ε
399 336 478 362 Veni.
495 345 508 360 n
526 336 618 370 Supra
632 337 641 352 Ξ
660 345 665 362 :
687 345 698 360 «
712 336 823 362 Invenit
835 334 942 369 Philip-

175 391 231 418 pus
245 381 413 415 Nathanael,
428 391 441 406 u
459 383 510 408 etc.
527 382 576 408 Ille
594 385 681 408 autem
695 383 735 408 ait
752 390 758 408 :
774 382 838 409 Nisi
850 381 941 408 videro

176 431 205 456 in
219 429 341 456 manibus
355 430 472 462 staturam
486 429 629 461 clauorum,
645 430 710 461 etc„
726 430 752 454 et
766 427 797 454 in
810 427 867 454 hoc
881 427 941 454 exi-

176 475 264 509 gebat
287 473 495 509 experientiam
520 481 621 500 sensus
645 473 722 499 visus
746 482 752 499 :
777 474 811 499 Et
834 475 942 499 mittam

176 521 291 554 diqz'tum
305 527 398 553 meum,
420 521 485 552 etc„
501 522 528 546 et
541 519 571 545 in
585 519 642 546 hoc
657 518 865 554 experientiam
880 527 942 546 sen-

175 573 223 592 sus
238 567 340 592 tactus.
358 567 390 592 Ut
408 565 447 592 ait
467 566 689 600 Chrysostomus
709 565 718 581 ³
739 574 745 591 ;
769 575 783 590 ιι
800 565 941 591 Nimirum

175 611 238 638 aliis
251 611 390 645 grossior,
403 611 513 638 idcirco
524 619 588 638 eam
603 611 752 646 quaerebat
763 610 864 644 fidem,
877 619 942 645 quae

174 665 227 692 per
241 665 359 684 sensum
379 660 436 692 est,
453 659 504 693 qui
524 658 723 692 grossissimus
734 678 742 691 ,
758 658 866 685 scilicet
886 660 943 685 tac-

175 704 247 730 tum.
264 705 361 739 Neque
377 704 455 730 enim
476 704 567 730 oculis
582 703 736 736 credebat,
751 703 806 730 nisi
822 703 942 730 rimatus

176 752 258 777 esset.
274 760 287 774 n
306 751 336 776 Et
348 751 380 776 ut
394 750 433 776 ait
445 749 599 783 Gregorius
612 750 621 765 ⁶
634 759 639 776 :
657 759 670 774 «
684 751 782 784 Neque
794 750 850 776 hoo
862 757 942 783 casu,

175 796 228 823 sed
242 795 343 822 divina
362 795 577 831 dispensatione
592 796 716 828 factum,
731 797 763 822 ut
781 795 942 830 discipulus

176 842 323 874 dubitans,
338 841 410 868 dum
424 842 547 868 vulnera
560 841 691 876 palparet
702 841 806 875 carnis,
817 841 847 868 in
857 842 943 868 nobis

176 889 291 914 sanaret
309 887 433 914 vulnera
453 887 639 914 infidelitatis.
661 898 673 911 »
699 889 730 914 Et
752 887 791 913 ibi
811 887 886 914 hene
907 887 943 914 dc

151 943 154 944 ⁷
176 934 242 961 hoc.
258 933 326 960 Mira
342 941 411 968 ergo
427 933 604 968 dispensatio
619 933 726 959 divinae
742 933 901 960 clementiae
913 933 943 960 in

175 979 232 1007 hoc
246 979 331 1006 facto.

211 1027 254 1052 26.
271 1027 303 1052 Et
317 1025 447 1060 sequitur
459 1025 509 1052 illa
525 1033 602 1060 pars,
618 1025 647 1051 in
664 1032 723 1060 qua
739 1025 839 1052 iterata
854 1031 943 1061 appa-

176 1071 252 1105 ritio,
263 1071 311 1098 vel
324 1070 517 1098 manifestatio
528 1071 590 1098 Filii
606 1071 665 1103 Dei,
679 1071 717 1097 ad
732 1071 944 1098 removendam

175 1117 376 1144 infidelitatem
395 1116 545 1151 discipuli;
563 1119 589 1143 et
607 1116 648 1143 ihi
664 1117 716 1142 tria
733 1125 739 1142 ;
756 1117 864 1151 primo,
880 1117 944 1152 ipsa

175 1163 369 1190 manifestatio
381 1184 389 1193 ,
406 1165 432 1189 et
454 1162 599 1197 generalis
622 1162 777 1197 allocuti03
794 1163 941 1197 secundo,

175 1208 308 1244 specialis
328 1208 491 1235 admonitio
513 1208 664 1243 discipuli,
682 1210 708 1234 et
726 1208 805 1235 illius
824 1216 943 1244 respon-

175 1255 228 1289 sio,
246 1255 286 1282 ibi
300 1255 309 1270 ⁵
326 1264 332 1281 :
350 1255 451 1282 Deinde
465 1256 531 1281 dicit
553 1256 664 1288 leomae,
681 1256 749 1289 etc.;
768 1256 860 1287 tertio,
876 1256 943 1282 sub-

173 1302 284 1335 junctio
299 1302 434 1335 rationis,
458 1302 496 1329 ob
519 1309 609 1336 quam
630 1302 735 1336 scripta
755 1305 821 1329 sunt
841 1302 943 1336 signa,

175 1356 240 1383 quae
255 1348 386 1376 Salvator
400 1348 475 1381 feeit,
492 1348 532 1375 ibi
547 1348 556 1363 θ
573 1357 578 1374 :
598 1349 684 1374 Multa
703 1348 819 1382 quidem,
835 1350 888 1375 etc.

209 1394 254 1421 Ait
274 1402 343 1428 ergo
359 1403 365 1421 ς
382 1395 414 1420 Ec
429 1397 488 1428 post
504 1394 560 1420 dies
579 1397 635 1420 octo
650 1396 747 1420 iterum
759 1415 766 1426 ,
784 1396 836 1420 etc.
859 1396 889 1421 Ut
904 1395 944 1422 ait

174 1440 397 1475 Chrysostomus
417 1441 426 1456 ⁷
449 1449 455 1467 ς
481 1450 493 1465 ι(
515 1440 651 1473 Excogita
671 1440 865 1467 Dominatoris
886 1441 942 1468 cle-

174 1486 324 1519 mentiam,
340 1486 464 1520 qualiter
478 1493 532 1520 pro
548 1493 607 1512 una
619 1486 718 1512 anima
729 1486 853 1513 ostendit
868 1487 942 1522 seip-

173 1539 238 1558 sum
260 1531 384 1558 vulnera
406 1531 580 1564 habentem,
606 1533 633 1558 ct
653 1532 773 1558 accessit
800 1534 830 1558 ut
852 1532 943 1560 salvet

174 1585 275 1604 unum.
288 1587 301 1602 n
318 1579 397 1604 Venit
405 1578 479 1604 Iesus
486 1577 580 1611 januis
590 1579 698 1604 clausis.
712 1579 743 1604 Ut
759 1579 798 1605 ait
811 1579 943 1612 Augusti-

173 1631 228 1650 nus
242 1624 252 1639 ⁶³
266 1632 272 1649 :
292 1633 305 1647 ιι
321 1623 384 1650 Moli
400 1623 542 1658 corporis,
558 1623 609 1650 ubi
625 1623 761 1650 divinitas
780 1626 851 1656 erat,
869 1624 942 1651 ostia

173 1669 272 1696 clausa
288 1677 347 1695 non
363 1668 544 1695 obstiterunt.
562 1678 574 1693 n
598 1670 633 1695 Et
652 1672 728 1695 stetit
748 1671 775 1695 in
798 1670 884 1695 medio
896 1691 904 1703 ,
918 1673 941 1696 et

172 1715 245 1741 dicm'l
261 1723 270 1741 :
286 1714 348 1741 Pam
367 1714 441 1741 vobis
453 1735 460 1747 ,
477 1716 507 1741 ut
526 1714 607 1748 prius
627 1717 668 1741 est
689 1715 863 1749 expositum.
886 1715 941 1742 Sed

170 1760 308 1796 quaeritur
323 1760 360 1786 de
372 1760 439 1793 hoc,
456 1760 539 1794 quod
554 1760 593 1786 ait
608 1769 613 1786 2
634 1761 714 1787 Venit
722 1761 816 1794 januis
830 1762 941 1795 clausis,

170 1806 253 1841 quod
273 1806 403 1833 attribuit
425 1806 600 1840 Augustinus
621 1808 631 1821 ⁹
651 1806 706 1840 ipsi
731 1806 885 1833 divinitati.
911 1809 942 1834 Et

170 1851 248 1879 idem
263 1851 439 1885 Augustinus
454 1852 474 1868 ¹⁰
491 1861 497 1878 :
518 1861 531 1876 a
545 1852 650 1878 Contra
665 1853 811 1886 naturam,
828 1853 939 1888 inquit,

170 1899 302 1934 corporis
329 1899 464 1926 videmus
490 1907 551 1926 esse
579 1899 685 1926 clausis
715 1900 795 1927 ostiis
821 1900 939 1927 intrare.

170 1945 276 1973 Omnia
290 1947 386 1972 autem
402 1945 556 1980 possibilia
570 1947 637 1972 sunt
653 1947 710 1972 Deo
721 1966 729 1979 ‚
746 1946 818 1973 sicut
836 1947 942 1973 ambu-

170 1991 231 2018 lare
251 1999 339 2026 super
357 1998 458 2025 aquas.
477 2000 489 2015 n
512 1991 555 2017 Ad
576 1991 758 2018 contrarium
780 1992 916 2026 objicitur
933 2001 938 2019 :

170 2037 269 2065 Omnis
290 2037 344 2063 dos
363 2037 452 2063 habet
471 2039 566 2063 actum
589 2037 745 2071 specialem
768 2038 798 2064 in
817 2046 940 2073 corpore

171 2082 351 2117 glorificato,
375 2082 449 2109 sicut
470 2082 687 2117 impassibilitas
712 2083 744 2117 (α’)
769 2091 828 2110 non
854 2083 940 2111 alicui

170 2128 250 2163 cedi3
267 2128 396 2162 claritas,
413 2136 430 2155 a
447 2128 529 2155 nullo
553 2128 689 2155 offuscari
705 2129 754 2163 (b);
777 2129 908 2163 agilitas,
923 2138 941 2157 a

170 2174 252 2201 nullo
264 2174 404 2201 retardari
419 2183 424 2200 :
437 2182 507 2209 ergo
523 2177 550 2201 et
565 2174 719 2207 subtilitas,
733 2182 749 2201 a
760 2174 842 2201 nullo
856 2183 940 2210 posse

170 2220 271 2247 resisti.
289 2222 363 2255 Ergo
386 2220 464 2247 venit
482 2220 580 2254 januis
601 2220 706 2247 clausis
730 2221 842 2248 ratione
864 2221 941 2249 dotis

170 2265 302 2300 corporis
317 2265 480 2300 glorificati.
498 2267 569 2293 Item
583 2266 708 2300 videtur,
725 2269 755 2293 ut
771 2267 809 2293 ait
832 2268 939 2302 Grego-

169 2311 229 2338 rius
246 2311 273 2345 ¹¹,
290 2311 371 2346 quod
396 2321 409 2336 «
425 2311 499 2338 illud
517 2320 624 2347 corpus
642 2313 756 2339 Domini
770 2313 888 2340 intravit
902 2315 939 2341 ad

170 2356 330 2392 discipulos
343 2357 441 2391 Januis
458 2357 578 2391 clausis,
594 2358 675 2393 quod
697 2366 748 2393 per
763 2359 940 2387 nativitatem

202 2418 207 2430 ¹
224 2417 308 2446 Asson„
326 2422 394 2446 xxii,
416 2418 452 2441 Π.
470 2430 500 2434 -
518 2417 526 2431 ²
542 2419 613 2448 Sup„
638 2424 659 2446 1,
679 2419 714 2440 45.
729 2431 759 2434 —
774 2419 783 2432 ³
800 2418 939 2451 muys-ost„

170 2451 213 2475 ubi
233 2458 288 2482 sup.
305 2464 335 2468 —
351 2452 357 2465 ⁵
373 2452 458 2482 siren„
480 2453 504 2475 in
525 2453 632 2482 Euanfsq
651 2453 721 2476 hom.
739 2459 814 2483 xxvi,
831 2461 855 2478 n.
871 2456 892 2479 ῑ,
909 2469 938 2472 -

171 2487 178 2500 ³
193 2486 251 2517 inf„
269 2488 308 2510 27.
327 2499 359 2504 ——
381 2488 389 2499 Β
409 2487 465 2517 lut„
483 2488 521 2511 30.
541 2500 570 2504 —
592 2488 599 2503 '¹
621 2488 760 2518 Chrysost„
781 2489 822 2511 uhi
839 2496 893 2520 supi
909 2504 939 2508 —-

171 2520 181 2536 ⁸
193 2522 268 2552 Aug„
282 2524 353 2546 tract.
370 2528 440 2553 cxx1,
455 2529 480 2546 n.
497 2523 519 2546 4.
533 2535 563 2540 —
577 2523 587 2539 ⁹
601 2523 662 2546 ibid.
676 2535 705 2540 —
720 2524 739 2539 ¹⁰
755 2523 800 2551 1d.,
816 2523 845 2547 dv
858 2525 937 2555 Asson.

172 2556 276 2586 Christ„
296 2564 318 2581 c.
343 2563 415 2588 xxm,
439 2564 463 2581 n.
489 2559 528 2581 26.
554 2571 579 2575 -
607 2559 623 2573 ¹¹
648 2559 764 2589 Gregor„
784 2560 808 2581 in
833 2559 937 2590 Evam..

172 2590 242 2614 hom.
260 2597 333 2620 xxvi,
348 2599 375 2616 n.
392 2594 412 2616 I.
432 2605 462 2610 —
477 2593 498 2609 ¹²
517 2594 524 2616 I
544 2592 614 2622 Τιήι.,
630 2599 663 2622 11,
681 2595 703 2617 5,
719 2607 747 2611 -
767 2594 783 2607 ¹³
799 2594 881 2623 Prov.,
899 2602 937 2626 m,

1707 187 1763 216 517

997 252 1080 272 suam
1095 245 1194 273 clauso
1209 246 1297 274 exivit
1312 247 1435 281 Virginis
1448 249 1530 276 utero
1547 257 1552 274 :
1568 259 1580 273 »
1598 258 1651 277 nec
1667 252 1764 278 tamen

998 292 1065 318 tuno
1086 294 1146 318 erat
1167 296 1273 327 corpus
1295 293 1491 327 glorificatum
1514 304 1519 320 :
1540 295 1651 323 ratione
1672 297 1763 331 dotis,

997 337 1090 370 potuit
1109 340 1176 364 tunc
1196 338 1304 365 intrare
1322 339 1419 373 januis
1438 339 1552 367 clausis.
1576 343 1607 368 Et
1626 342 1664 368 ad
1686 343 1762 369 istud

997 383 1237 417 respondendum
1265 384 1326 411 sine
1360 385 1530 419 praeJudicio
1541 407 1550 419 ‚
1582 388 1663 422 quod
1697 388 1764 416 licet

997 429 1086 462 possit
1104 429 1209 456 intrare
1228 430 1325 464 januis
1344 431 1449 458 clausis
1469 431 1581 459 ratione
1602 433 1678 460 dotis
1702 443 1763 462 cor-

997 474 1077 508 poris
1100 475 1269 509 glorificati,
1292 479 1389 504 tamen
1412 477 1468 504 hoc
1491 479 1651 506 attribuunt
1674 481 1763 508 sancti

998 520 1155 554 divinitati,
1173 521 1212 548 ad
1232 523 1465 550 confirmandam
1479 524 1585 558 fidem,
1602 526 1683 561 quod
1699 535 1763 553 cot·-

997 573 1052 600 pus
1066 574 1151 593 suum
1166 570 1348 602 resumptum
1364 571 1390 595 et
1406 569 1601 603 glorificatum
1616 572 1670 599 fuit
1689 573 1763 600 divi-

997 611 1078 638 nitati
1101 612 1224 639 unitum.
1249 614 1328 640 Unde
1355 615 1476 649 quando
1502 617 1616 652 aliquid
1642 618 1765 646 debetur

998 656 1083 683 alicui
1112 658 1224 685 ratione
1254 659 1436 687 diversarum
1465 662 1602 689 virtutum
1614 684 1623 696 ,
1648 664 1677 691 in
1700 664 1764 699 ipso

998 703 1162 730 attribuitur
1177 705 1354 732 virtuosiori.
1371 706 1445 733 Licet
1463 715 1533 741 ergo
1549 711 1647 743 posset
1665 711 1765 738 venire

999 748 1104 775 clausis
1123 749 1221 783 januis
1236 751 1348 778 ratione
1369 752 1481 779 virtutis
1502 755 1632 789 corporis
1655 756 1766 790 gloriti-

999 796 1067 829 cati,
1085 798 1182 823 tamen
1204 797 1260 824 hoc
1283 798 1448 826 attribuitur
1468 799 1626 835 divinitati,
1642 803 1686 829 cui
1707 806 1768 830 erat

999 841 1122 868 unitum.
1140 844 1170 869 Et
1184 846 1253 870 nota
1268 844 1349 878 quod
1365 845 1421 872 ait:
1437 847 1518 872 Stetit
1534 847 1564 882 (c)
1581 850 1609 874 z'n
1622 849 1718 882 mcde'o,
1730 850 1767 876 ad

999 888 1226 922 significandum
1242 898 1303 917 esse
1317 892 1335 907 ⁴²
1347 892 1544 920 mediatorem
1561 895 1607 921 Dei
1627 898 1654 922 et
1668 896 1765 924 homi-

998 943 1079 962 num.
1096 937 1157 970 lpse
1174 937 1251 963 enim
1273 937 1302 963 in
1318 938 1434 969 medio,
1452 939 1525 966 sicut
1544 949 1594 968 cor
1613 942 1767 971 vivificans

998 980 1028 1006 111
1042 981 1141 1008 medio
1157 983 1285 1017 corporis
1300 983 1339 1010 ad
1358 984 1435 1011 illius
1450 985 1686 1015 vivificationem.
1705 991 1766 1023 lpse

999 1027 1077 1053 enim
1092 1027 1222 1061 signatus
1237 1036 1289 1063 per
1303 1029 1417 1063 lignum
1433 1031 1497 1057 vitae
1513 1032 1542 1058 in
1565 1033 1663 1060 medio
1684 1042 1767 1069 pura-

999 1072 1063 1099 disi.
1081 1074 1141 1100 Et¹³
1157 1083 1185 1100 ια
1202 1075 1323 1109 Lignum
1340 1077 1404 1104 vitae
1419 1080 1460 1104 est
1474 1078 1528 1112 his5
1544 1080 1594 1113 qui
1607 1081 1767 1115 apprehen-

999 1119 1094 1146 derint
1109 1128 1183 1147 eam.
1200 1131 1212 1146 n
1232 1122 1251 1137 Η
1267 1132 1280 1146 a
1295 1122 1347 1155 Qui
1362 1124 1459 1157 posuit
1473 1123 1501 1150 iu
1517 1125 1615 1152 medio
1631 1127 1693 1160 ejus
1708 1128 1767 1162 spi-

999 1165 1085 1192 ritum
1105 1167 1196 1193 sancti
1217 1167 1271 1194 sui.
1292 1178 1304 1191 n
1329 1170 1397 1195 Item
1419 1169 1481 1204 ipse
1503 1170 1531 1197 in
1554 1172 1668 1206 medio,
1693 1173 1767 1201 sicut

998 1211 1158 1246 imperator
1173 1213 1202 1239 in
1218 1213 1317 1240 medio
1332 1215 1467 1248 militum,
1484 1216 1530 1242 vel
1546 1225 1676 1244 summus
1691 1227 1766 1253 pon-

998 1258 1064 1284 tifex
1080 1258 1109 1284 in
1126 1259 1224 1286 medio
1240 1260 1433 1288 cardinalium
1449 1262 1486 1288 ad
1508 1263 1641 1290 omnium
1659 1266 1766 1299 guber-

999 1304 1154 1331 nationem.
1181 1306 1200 1322 ¹⁵
1222 1316 1234 1330 «
1253 1306 1316 1333 Vidi
1336 1307 1365 1333 in
1384 1308 1481 1335 medio
1496 1312 1605 1344 septem
1629 1312 1766 1339 candela-

998 1350 1119 1377 brorum
1142 1351 1268 1378 similem
1286 1353 1356 1380 Filio
1376 1354 1512 1381 hominis.
1535 1366 1548 1380 »
1571 1358 1639 1383 Item
1660 1358 1765 1392 ipsein

998 1396 1108 1428 medio,
1124 1397 1196 1424 sicut
1208 1398 1353 1426 luminare
1369 1400 1398 1426 in
1413 1401 1512 1427 medio
1528 1401 1593 1428 coeli
1609 1403 1647 1429 ad
1662 1405 1765 1431 mundi

997 1442 1288 1470 111111111110110110111.16
1314 1455 1327 1469 «
1350 1446 1437 1478 Quasi
1465 1447 1547 1474 stella
1571 1449 1712 1476 matutina
1736 1450 1766 1476 in

998 1488 1096 1515 medio
1112 1489 1238 1516 nebulae.
1254 1500 1266 1513 n
1285 1491 1353 1517 Item
1369 1491 1429 1526 ipse
1445 1492 1474 1518 in
1490 1493 1588 1520 medio
1608 1494 1766 1530 discipulo-

997 1542 1082 1567 rum,
1098 1535 1177 1561 velut
1196 1535 1391 1569 scholarium,
1412 1537 1451 1564 ad
1475 1539 1608 1566 omnium
1629 1541 1767 1569 eruditio-

997 1589 1064 1608 nem
1085 1582 1105 1597 ¹⁷
1121 1590 1127 1607 ε
1148 1592 1160 1606 (ι
1176 1583 1205 1609 ln
1225 1582 1323 1609 medio
1345 1583 1473 1610 ecclesiae
1490 1586 1601 1619 aperuit
1617 1594 1649 1613 os
1664 1588 1735 1621 ejus.
1752 1599 1764 1612 n

1032 1630 1074 1654 27.
1092 1630 1123 1654 Et
1142 1628 1272 1663 sequitur
1297 1637 1382 1664 pars,
1403 1630 1431 1656 in
1453 1639 1511 1665 qua
1527 1632 1664 1659 allocutio
1681 1634 1767 1660 disci-

997 1674 1055 1708 puli
1067 1675 1215 1709 specialis;
1232 1676 1259 1701 et
1274 1676 1315 1702 ibi
1328 1676 1381 1702 tria
1398 1685 1404 1702 :
1422 1676 1534 1710 primo,
1555 1678 1646 1712 ipsius
1666 1679 1766 1716 adino·

997 1720 1084 1754 niti03
1100 1721 1240 1755 secundo,
1255 1722 1332 1748 illins
1344 1722 1506 1756 responsio,
1516 1723 1557 1750 ihi
1567 1722 1586 1738 ¹⁸
1601 1732 1607 1750 ε
1620 1726 1766 1759 Respondit

998 1770 1118 1803 leomus,
1135 1771 1203 1803 cto.;
1220 1770 1313 1803 tertio,
1325 1770 1425 1796 Christi
1443 1771 1628 1799 credentibus
1642 1774 1766 1807 promis-

995 1815 1038 1841 sio
1055 1815 1073 1831 ¹9
1090 1824 1096 1841 :
1114 1817 1187 1841 Dicit
1202 1817 1227 1842 ei
1241 1817 1327 1849 Jesus,
1345 1817 1398 1842 etc.

1032 1861 1075 1888 Ait
1085 1869 1154 1895 ergo
1170 1870 1175 1888 :
1188 1862 1259 1887 Dicit
1274 1862 1376 1887 Thomoe
1385 1870 1393 1888 .·
1402 1863 1476 1894 Iveser
1488 1863 1604 1897 diqz'tum
1617 1867 1701 1899 tuum,
1712 1867 1764 1893 etc.

995 1908 1027 1933 Ut
1043 1907 1082 1933 alt
1097 1907 1320 1942 Chrysostomus
1332 1907 1352 1923 ²⁰
1369 1918 1375 1933 ε
1396 1919 1407 1932 ιι
1428 1910 1489 1935 Non
1506 1911 1638 1944 expectat
1657 1911 1694 1937 ab
1716 1911 1766 1939 illo

995 1953 1109 1987 rogari,
1125 1961 1221 1988 neque
1238 1953 1340 1980 audire
1362 1953 1433 1988 quid
1449 1954 1523 1989 tale3
1545 1955 1609 1986 sed,
1632 1956 1704 1983 nihil
1721 1958 1766 1983 di-

995 2001 1076 2025 cente
1092 1998 1157 2031 illo,
1175 1998 1302 2033 complet
1317 2007 1381 2033 quae
1396 2000 1596 2034 desiderabat,
1613 2003 1640 2028 et
1655 2002 1765 2030 eisdem

996 2044 1103 2077 verbis,
1121 2044 1229 2079 quibus
1244 2045 1324 2080 prius
1340 2045 1378 2071 ad
1389 2045 1547 2080 discipulos
1566 2055 1572 2072 t
1592 2047 1659 2073 Vide
1671 2056 1764 2074 manus

996 2099 1077 2124 meas,
1087 2094 1110 2117 ec
1121 2092 1189 2123 infer
1199 2099 1317 2122 manum,
1329 2094 1352 2117 et
1365 2093 1442 2117 mitte
1452 2093 1480 2117 2'71
1494 2093 1565 2118 latus
1576 2101 1670 2127 meum,
1684 2104 1695 2118 n
1710 2095 1762 2121 etc.

996 2138 1027 2163 Ut
1042 2137 1119 2163 enini
1136 2137 1174 2164 ait
1188 2136 1393 2171 Augustinus²¹
1412 2146 1437 2164 :a
1448 2138 1521 2170 Quia
1534 2139 1563 2165 in
1579 2139 1667 2167 corde
1682 2139 1766 2167 disci-

994 2183 1133 2218 pulorum
1149 2183 1269 2210 vulnera
1285 2186 1380 2216 crant,
1396 2186 1516 2218 propter
1535 2193 1599 2219 quae
1615 2186 1763 2219 sananda,

995 2229 1142 2256 cicatrices
1157 2229 1185 2255 in
1204 2237 1326 2263 corpore
1342 2238 1395 2255 suo
1411 2230 1546 2256 servavit.
1561 2240 1573 2255 »
1591 2231 1671 2258 Unde
1686 2239 1764 2266 quae-

994 2275 1065 2302 ritur
1081 2275 1117 2301 (le
1133 2275 1204 2305 1100,
1222 2275 1304 2310 quod
1320 2275 1359 2301 ait
1375 2283 1381 2301 :
1397 2276 1470 2307 lnfer
1484 2276 1601 2310 diqt'tum
1617 2279 1689 2303 tuum
1705 2278 1762 2305 Ιιιιο,

995 2322 1034 2348 Ex
1050 2321 1105 2347 1100
1126 2321 1250 2354 videtur,
1266 2320 1347 2356 quod
1370 2329 1476 2356 corpus
1490 2330 1574 2348 suum
1591 2322 1643 2349 tuit
1657 2323 1763 2358 palpa-

996 2411 1072 2432 1112-
1090 2410 1106 2425 ¹⁵
1122 2409 1180 2437 lm„
1198 2415 1273 2438 Lxm,
1290 2410 1314 2432 11
1339 2422 1368 2426 -—
1382 2410 1402 2425 ¹⁶
1416 2410 1500 2439 Alma,
1516 2415 1534 2440 1,
1550 2411 1628 2433 1³.—
1645 2412 1660 2427 ¹0
1675 2412 1761 2441 eccle„

994 2450 1013 2474 1,
1029 2446 1050 2468 fl.
1068 2457 1094 2461 —-
1114 2445 1128 2458 ¹⁷
1145 2444 1217 2472 ibid„
1234 2450 1275 2474 xv,
1291 2444 1510 2472 5.-¹⁸I11s.,28.
1526 2459 1555 2462 —
1570 2446 1590 2462 ¹³
1609 2446 1663 2476 tuf„
1679 2449 1716 2470 29.
1734 2461 1760 2464 -ή

994 2480 1014 2495 ²⁰
1029 2480 1169 2510 Chrysost„
1189 2479 1230 2503 ulii
1248 2486 1302 2509 sup.
1325 2492 1354 2496 —
1377 2480 1395 2495 ‘²¹
1416 2481 1530 2511 August„
1545 2480 1575 2503 (Ie
1594 2482 1659 2504 vei-la.
1682 2482 1760 2511 Hom„

993 2522 1069 2538 senui.
1086 2521 1159 2544 xviii,
1175 2515 1207 2538 211.
1223 2520 1350 2545 Lxxxxm,
1365 2521 1391 2538 n.
1404 2516 1426 2538 ·.¹.

1025 2563 1057 2591 (a)
1074 2564 1134 2585 (ῥιΡΙ.
1149 2563 1208 2585 edel.
1225 2562 1420 2593 impossibilitas.
1434 2577 1460 2581 -
1478 2564 1580 2593 (b)1lem
1596 2565 1718 2588 suscitari.
1730 2578 1760 2583 -

994 2598 1023 2626 (c)
1042 2599 1102 2621 Item
1117 2598 1182 2620 Stat.
