1987 3032
703 227 743 258 ΙΝ
765 227 850 258 CAP.
873 227 899 258 X
918 227 1052 258 SANCT1
1075 228 1246 259 JOANNIS.

177 296 227 323 bet
239 295 334 322 facere
346 294 527 322 voluntatem
537 294 596 328 Dei,
608 293 856 329 concupiscentias
867 301 944 321 mor-

178 341 327 375 tificando,
342 343 369 368 et
382 340 511 375 seipsum
532 341 591 367 Deo
614 340 765 367 offerendo
782 342 789 357 ¹
807 349 813 367 :
832 350 845 366 «
860 340 945 367 Exhi-

178 387 270 414 beatis
293 394 418 422 corpora
431 388 526 413 vestra
549 386 674 413 hostiam
695 387 852 413 viventem.
873 396 887 412 »
914 388 945 413 Et

177 434 308 469 sequitur
331 441 337 459 ε
364 442 377 457 (ι
395 433 428 458 Ut
450 432 580 467 probetis
602 440 667 467 quae
684 432 719 459 sit
737 433 873 460 voluntas
896 434 944 460 Dei

177 479 266 507 bona.
282 489 295 504 »
313 471 383 506 Item
398 478 485 505 debet
498 478 593 505 facere
607 478 787 506 voluntatem
803 480 861 512 Dei,
879 487 945 514 pro-

176 526 272 560 priam
293 524 472 552 voluntatem
494 524 600 551 divinae
622 524 651 551 in
672 525 810 552 omnibus
827 525 944 552 confor-

176 570 298 604 mando,
315 578 403 605 supra
415 571 426 587 2
443 579 449 597 z
468 579 481 596 α
496 571 636 598 Descendi
661 571 697 597 de
720 571 805 605 coelo,
828 579 888 598 non
914 573 945 598 ut

176 616 283 643 faciam
300 616 481 643 voluntatem
499 624 607 650 meam,
628 617 681 644 sed
695 616 876 644 voluntatem
891 619 945 644 Pa-

177 662 227 689 tris
243 670 249 688 2
266 673 278 686 »
297 662 379 697 quod
393 662 432 689 ait
445 670 499 697 pro
517 670 557 695 se,
571 664 598 689 et
611 662 641 689 in
656 670 784 698 persona
800 663 946 690 membro-

176 716 243 735 rum
258 716 388 736 suorum.
402 709 472 736 Item
482 708 570 736 debet
583 708 679 736 faeere
687 709 869 736 voluntatem
886 709 946 743 Dei,

178 762 268 789 opera
278 754 392 789 justitiae
407 754 582 788 exercendo,
597 756 623 782 et
637 755 677 781 sic
693 754 896 782 fructificando
913 756 922 772 ³
938 763 943 781 :

180 810 193 826 «
208 803 271 828 Non
288 801 388 827 'omnis
403 801 453 836 qui
475 801 542 827 dicit
564 801 719 834 :Domine,
741 801 827 828 intrat
850 801 880 828 in
903 809 946 828 re-

177 855 269 881 gnum
281 846 422 874 coelorum
433 856 441 880 3
458 846 509 873 sed
523 846 573 882 qui
583 847 651 874 facit
660 847 842 873 voluntatem
857 847 946 874 Patris

177 892 244 919 mei.
262 902 275 917 n
293 893 323 919 Et
335 891 423 919 talem
437 892 540 920 merito
557 892 676 920 exaudit
692 893 840 926 Dominus,
858 895 889 920 ut
904 893 945 919 di-

178 938 251 965 citur
264 938 323 965 hie.
338 940 369 965 Et
390 938 446 965 hoc
460 938 576 972 merito,
593 939 663 974 quia
682 941 723 965 est
742 939 947 966 immaculatus

179 986 205 1011 et
228 992 319 1019 purus
333 984 481 1011 sanctitate
496 985 505 1001 ⁶
522 993 529 1010 ε
548 994 560 1009 ι(
576 985 603 1011 Si
622 985 806 1020 iniquitatem
825 993 890 1020 quae
906 988 948 1012 est

179 1030 209 1057 in
223 1038 314 1057 manu
334 1032 383 1057 tua
403 1030 554 1057 abstuleris
569 1038 587 1057 a
601 1032 638 1064 te,
658 1041 670 1054 u
689 1033 762 1062 etc.‚·
791 1031 922 1066 sequitur
939 1039 944 1056 :

181 1086 194 1101 (ι
209 1078 286 1103 Tunc
300 1076 398 1103 levare
419 1076 528 1111 poteris
548 1076 652 1103 faeiem
672 1079 761 1104 tuam.
778 1086 790 1101 >i
816 1077 856 1104 lbi
881 1078 947 1104 Gre-

178 1123 278 1157 gorius
292 1124 312 1156 5,
332 1123 413 1158 quod
429 1123 574 1151 orationes
598 1124 712 1157 talium,
728 1124 779 1159 qui
800 1127 865 1151 sunt
880 1125 946 1160 puri

175 1169 334 1201 sanctitate,
350 1169 470 1196 exaudit
498 1171 581 1196 Deus.
610 1171 681 1197 Item
709 1170 798 1197 talem
826 1171 947 1198 exaudit

175 1216 259 1249 Deus,
280 1214 350 1250 quia
364 1217 405 1242 est
418 1215 682 1250 irreprehensibilis
697 1216 879 1243 eonscientiae
894 1225 947 1252 pu-

174 1261 256 1288 ritate
268 1262 294 1287 ῦς
305 1261 354 1289 «Si
366 1268 416 1287 cor
430 1264 630 1288 nostrumnon
646 1262 865 1296 reprehenderit
880 1270 943 1296 nos,

175 1307 316 1334 fiduciam
340 1307 484 1333 habemus
500 1307 538 1334 ad
566 1309 667 1339 Deum,
692 1310 719 1334 et
741 1308 776 1342 (a)
799 1308 945 1343 quidquid

175 1353 355 1388 petierimus,
377 1353 563 1388 accipiemus
586 1363 600 1378 >›
623 1354 693 1380 Item
714 1354 801 1381 talem
826 1354 946 1382 exaudit

176 1401 261 1433 DeuS,
272 1399 340 1434 quia
352 1401 394 1426 est
405 1402 498 1426 rectus
507 1400 621 1434 Justiti=e
632 1401 766 1434 {equitate
777 1401 786 1416 ⁷
801 1409 806 1426 :
823 1410 836 1425 «
848 1402 945 1436 Neque

176 1445 362 1480 reprehendit
376 1453 423 1472 me
438 1453 488 1472 eor
503 1453 603 1472 meum
621 1445 651 1472 in
667 1446 747 1472 omni
764 1447 822 1473 vita
837 1454 913 1473 mea.
930 1457 942 1472 »

177 1492 218 1519 lbi
233 1492 407 1527 Gregorius³
423 1501 429 1518 :
448 1501 460 1517 «
481 1492 508 1519 Si
521 1492 552 1519 id
567 1492 649 1527 quod
661 1493 791 1527 praecipit
807 1494 889 1527 Deus,
905 1493 946 1520 fa-

177 1539 298 1572 ciamus,
320 1538 352 1565 id
372 1538 454 1573 quod
475 1538 600 1573 petimus
620 1538 796 1573 accipiemus
813 1539 860 1574 (b).
877 1549 890 1564 »
916 1541 946 1566 Et

177 1585 219 1612 ibi
232 1585 308 1612 bene
321 1584 357 1611 de
372 1584 437 1611 hoc.
453 1585 463 1600 ⁹
478 1594 492 1609 α
504 1585 644 1611 Levemus
659 1585 750 1612 corda
764 1587 863 1612 nostra
876 1594 944 1612 cum

176 1631 324 1658 manibus.
340 1641 353 1656 >1
370 1630 413 1657 lbi
427 1630 582 1665 Gregorius
600 1639 606 1657 ς
629 1641 643 1655 (ι
657 1631 752 1658 Corda
771 1640 839 1658 eum
855 1632 947 1658 mani-

177 1677 233 1704 bus
247 1677 334 1709 levat,
350 1676 400 1711 qui
414 1676 578 1703 orationem
592 1684 677 1703 suam
699 1677 838 1712 operibus
858 1678 947 1705 robo-

177 1725 230 1751 rat.
244 1735 257 1748 »
275 1723 373 1751 Merito
389 1730 458 1757 ergo
473 1723 513 1750 ait
529 1732 535 1750 :
552 1723 582 1749 Si
596 1725 655 1757 quis
666 1726 703 1749 est
719 1725 803 1750 cultor
820 1724 876 1758 Dei,
891 1726 944 1751 etc.

285 1825 397 1851 collatio
418 1824 733 1858 quadragesimaoctava,
753 1833 789 1857 x,
808 1826 832 1851 9.

214 1911 268 1943 1390
282 1917 340 1936 sum
356 1909 468 1941 ostium;
483 1915 531 1942 per
542 1915 581 1934 me
592 1909 617 1934 si
628 1909 687 1942 quis
698 1909 843 1942 introierit,
859 1909 946 1935 salva-

179 1957 264 1989 bitur,
280 1958 305 1982 et
324 1955 498 1988 inqredietur,
514 1957 538 1981 et
557 1955 721 1987 effredietur,
744 1957 767 1981 et
790 1962 891 1989 pascua
906 1957 947 1982 in-

178 2004 275 2029 veniet.
293 2002 323 2028 ln
336 2000 380 2027 his
392 2000 489 2027 verbis
505 2001 632 2035 quatuor
646 1999 829 2027 insinuantur
846 2009 852 2027 z
870 2009 945 2036 quo-

178 2055 244 2075 rum
259 2047 386 2082 primum
401 2048 443 2073 est
457 2045 519 2072 Filii
535 2045 583 2072 Dei
599 2045 637 2072 ad
651 2045 899 2073 introducendum
914 2048 946 2073 fi-

179 2094 259 2121 deles
273 2093 303 2120 in
317 2092 457 2119 unitatem
472 2092 603 2126 corporis
617 2091 675 2118 suis
696 2091 846 2126 dignativa
862 2093 945 2119 boni-

179 2142 232 2173 tas,
244 2139 285 2167 ibi
305 2147 311 2165 z
331 2140 387 2173 1390
401 2146 459 2165 sum
473 2140 585 2171 ostium;
600 2138 763 2164 secundum
782 2140 823 2165 est
840 2138 946 2166 intran-

179 2186 252 2214 tium
264 2193 316 2221 per
330 2185 427 2220 ipsum
442 2183 631 2216 salvabilitas,
648 2184 687 2210 ibi
703 2192 709 2210 :
726 2184 755 2210 Si
770 2186 829 2218 quis
844 2193 890 2218 per
906 2193 946 2212 me

178 2233 326 2264 introierit,
344 2231 510 2262 salvabitur,·
538 2230 653 2257 tertium
680 2232 722 2257 est
742 2231 824 2257 modi
846 2239 946 2266 perve-

178 2278 279 2306 niendi
300 2277 338 2304 ad
359 2276 482 2304 salutem
503 2276 638 2311 qualium,
656 2276 696 2303 ibi
712 2284 718 2302 t
737 2277 906 2311 Inyreclietur
920 2281 943 2304 et

179 2324 344 2358 eqrecltetur3
361 2324 499 2358 quartum
513 2325 554 2350 est
575 2322 643 2349 boni
658 2322 791 2357 promissi
807 2323 946 2351 salvantis

180 2370 303 2398 affluens
316 2368 501 2402 deliciositas,
516 2368 557 2395 ibi
574 2376 580 2394 :
596 2370 697 2395 Pascua
711 2370 837 2396 inveniet.

211 2442 219 2457 ¹
236 2441 312 2470 Rom„
332 2445 382 2470 xn,
400 2442 419 2462 ι.
439 2451 466 2456 —-·
478 2439 486 2452 ²
506 2439 585 2468 Joan„
603 2445 635 2468 vi,
656 2441 694 2462 38.
712 2452 742 2456 -
762 2439 887 2471 ³Mltlll1„
901 2446 946 2471 vu,

180 2478 219 2500 21.
234 2489 264 2494 —
284 2476 293 2492 ⁴
309 2475 362 2504 Job,
383 2480 424 2504 XI,
445 2475 486 2504 14,
504 2476 540 2497 151¹.
556 2487 586 2492 —
605 2474 614 2489 ⁶
629 2476 715 2505 Gress„
734 2475 835 2503 Μοναί.ι
851 2475 894 2498 lib.
916 2477 945 2505 Χ,

180 2519 202 2535 c.
219 2517 260 2541 xi,
275 2511 306 2535 al.
323 2517 364 2539 xv,
380 2518 406 2534 n.
422 2512 464 2539 30,
482 2510 565 2540 quoad
580 2516 693 2533 sensum.
710 2523 738 2527 —
757 2511 765 2523 ⁸³
783 2510 788 2532 Ι
807 2511 887 2541 donn„
906 2517 946 2541 ιιι,

181 2548 224 2577 21,
248 2548 287 2570 22.
306 2559 336 2563 -
360 2546 367 2555 ’
387 2545 447 2572 Joh.
469 2550 556 2573 xxvi,
579 2547 601 2569 6.
622 2557 652 2562 —
673 2544 683 2560 Β
707 2546 822 2575 (ἁνοιςοικ,
847 2546 946 2576 Μοιῃῐ.,

180 2581 224 2605 lib.
240 2582 329 2611 xvm,
345 2588 368 2605 c.
385 2586 409 2611 v,
424 2587 449 2603 n.
465 2581 488 2603 9.
503 2592 532 2597 —
546 2580 556 2595 ⁹
573 2580 668 2608 Thra-n„
686 2581 858 2610 111,›'›1.-¹⁰
873 2582 947 2611 Aug„

182 2616 206 2639 in
223 2617 304 2647 loun„
325 2618 396 2641 tract.
417 2621 475 2640 xm
487 2634 493 2645 ,
509 2621 533 2638 n.
554 2616 585 2643 3;
605 2616 675 2639 tract.
693 2621 776 2645 ηνιι,
798 2622 823 2639 n.
839 2617 862 2646 5,
880 2618 902 2639 6.
918 2629 948 2633 -

182 2651 198 2666 ¹¹
219 2651 276 2680 Im„
295 2656 360 2681 xxii,
375 2652 412 2675 22.
430 2663 460 2667 —
479 2651 500 2666 ¹¹
515 2650 597 2681 Apoe,
615 2656 658 2680 ιιι,
673 2651 695 2674 8.
712 2663 740 2667 —
758 2650 775 2667 ¹³
790 2651 872 2680 Prata,
894 2657 949 2679 vui,

1706 231 1763 260 567

1034 295 1078 322 Ait
1092 302 1162 329 ergo
1180 302 1185 320 :
1201 296 1256 328 qu
1269 302 1328 321 sum
1342 295 1450 321 ostium.
1462 295 1494 321 Ut
1508 294 1586 321 enim
1601 295 1641 321 ait
1654 298 1765 330 Augus-

1000 340 1075 367 tinus
1090 340 1120 374 10,
1137 340 1263 367 Christus
1278 339 1382 367 dicitur
1401 339 1508 367 ostium
1522 341 1548 367 et
1569 342 1677 376 pastor,
1693 341 1766 369 sicut

999 389 1025 413 et
1040 386 1112 421 lapis
1130 388 1157 413 et
1170 388 1252 421 petra
1266 394 1318 420 per
1333 385 1552 413 similitudinem
1569 395 1575 413 2
1592 387 1664 414 nihil
1685 387 1764 414 enim

997 432 1102 459 horum
1118 432 1223 459 dicitur
1247 432 1289 467 (c).
1305 432 1432 459 Christus
1452 440 1522 466 ergo
1541 432 1647 459 ostium
1670 433 1708 459 ad
1731 433 1766 460 si-

998 478 1193 505 militudinem
1208 478 1272 505 ostii
1287 487 1292 504 :
1307 478 1377 513 quia
1390 478 1462 505 siout
1476 486 1528 513 per
1543 478 1649 505 ostium
1669 478 1702 505 fit
1723 479 1766 505 in-

999 524 1108 558 gressio
1123 524 1153 550 in
1176 524 1309 557 domum,
1325 524 1406 550 etsie
1425 531 1538 557 eorum,
1560 531 1625 559 quae
1648 526 1715 551 sunt
1736 524 1766 551 in

999 569 1100 602 domo,
1113 569 1281 605 patefacti03
1298 569 1338 596 sic
1353 578 1406 604 per
1421 569 1564 597 Christum
1578 569 1609 597 fit
1629 570 1766 604 spiritua-

997 615 1072 642 liter.
1088 615 1167 642 Unde
1181 615 1305 643 Christus
1316 617 1358 642 est
1373 615 1487 646 ostium,
1504 623 1557 651 per
1573 615 1655 651 quod
1669 616 1701 643 fit
1725 616 1767 643 in-

999 661 1108 695 gressio
1134 661 1164 688 in
1182 661 1322 688 unitatem
1347 661 1478 696 eorporis
1501 661 1562 695 sui,
1587 661 1647 688 sive
1670 661 1765 689 Eccle-

999 708 1047 734 siae
1064 707 1082 723 ¹¹
1100 716 1126 734 2«
1142 707 1221 734 Dabo
1242 707 1355 734 clavem
1371 707 1477 734 domus
1502 707 1593 734 David
1611 715 1698 743 super
1712 707 1767 734 hu-

999 761 1097 780 meros
1112 754 1183 788 ejus,
1195 756 1221 780 et
1236 754 1356 789 aperiet,
1367 763 1379 779 i)
1393 754 1490 780 ete.¹²«
1501 755 1571 780 Eece
1584 753 1652 780 dedi
1667 761 1767 781 coram

999 801 1025 826 te
1044 800 1150 826 ostium
1178 802 1321 835 apertum,
1347 799 1429 834 quod
1455 807 1542 826 nemo
1567 801 1662 834 potest
1689 799 1767 826 clau-

1001 845 1080 872 dere.
1092 855 1105 870 »
1122 846 1192 872 Item
1212 848 1253 872 est
1268 845 1374 872 ostium
1392 853 1444 880 per
1463 845 1546 880 quod
1567 845 1599 872 fit
1620 845 1767 880 ingressus

1000 891 1031 918 in
1054 891 1154 918 abdita
1175 894 1201 918 et
1223 899 1329 918 arcena
1351 891 1563 926 Scripturarum
1577 891 1618 917 ¹³:
1638 893 1768 918 «Beatus

999 938 1090 964 homo
1107 937 1158 972 qui
1173 937 1253 964 audit
1267 945 1313 964 ine
1331 947 1363 964 ς»
1381 939 1408 964 et
1423 937 1552 972 sequitur
1570 946 1576 963 z
1595 946 1609 962 κ
1625 938 1655 963 Et
1669 936 1766 964 ohser-

1000 987 1048 1011 vat
1063 983 1102 1010 ad
1116 986 1212 1018 postes
1227 983 1291 1010 ostii
1306 983 1374 1010 mei.
1391 994 1403 1007 ι»
1423 985 1484 1018 Ipse
1500 982 1577 1009 enim
1598 985 1639 1010 est
1653 983 1672 998 ¹⁵
1690 993 1703 1008 «
1713 984 1768 1010 Leo

1001 1029 1052 1064 qui
1078 1029 1145 1056 vicit
1165 1029 1201 1056 de
1220 1029 1297 1056 tribu
1317 1029 1400 1063 Iuda,
1424 1031 1451 1055 et
1478 1029 1592 1063 aperuit
1618 1028 1766 1055 librum.»

1003 1075 1113 1109 edidi,
1128 1077 1154 1102 et
1168 1083 1232 1102 eece
1244 1075 1349 1102 ostium
1358 1076 1501 1110 apertum.
1512 1085 1524 1099 »
1535 1074 1703 1109 Ingrediens
1717 1082 1770 1110 per

1000 1122 1128 1156 primum
1144 1122 1265 1154 ostium,
1277 1121 1347 1148 fidei
1363 1121 1454 1156 gratia
1470 1121 1658 1155 justificatum
1674 1121 1769 1155 ingre—

1001 1167 1084 1194 diens
1098 1175 1151 1202 per
1164 1167 1269 1194 ostium
1282 1167 1412 1194 secundo
1427 1167 1517 1194 modo
1534 1167 1653 1200 dietum,
1667 1167 1770 1194 verita-

999 1214 1034 1240 tis
1048 1213 1188 1248 sapientia
1203 1213 1375 1245 illustratum
1400 1213 1567 1247 ingrediens
1588 1221 1640 1248 per
1663 1213 1769 1239 ostium

1001 1260 1082 1286 tertio
1098 1259 1189 1286 modo
1205 1259 1326 1292 dietum,
1342 1259 1442 1294 gloriae
1458 1259 1608 1286 affluentia
1621 1258 1770 1286 beatifica-

1001 1307 1055 1332 tur.
1070 1305 1125 1331 Sed
1140 1305 1250 1332 intraus
1266 1305 1310 1332 his
1326 1305 1422 1332 modis
1438 1305 1526 1332 debet
1548 1313 1578 1332 se
1602 1305 1676 1332 ostio
1699 1313 1769 1332 con-

999 1351 1126 1378 formare
1155 1353 1182 1378 et
1206 1351 1260 1378 eito
1289 1351 1403 1385 subjici.
1432 1351 1511 1378 Unde
1535 1351 1711 1386 Augustinus
1727 1352 1744 1367 ’ὃ
1760 1359 1766 1377 :

1002 1409 1014 1421 «
1031 1397 1151 1425 Humilis
1165 1400 1207 1424 est
1230 1397 1307 1424 enim
1329 1397 1420 1431 janua
1451 1397 1577 1424 christus
1605 1397 1767 1424 Dominus:

1001 1444 1051 1479 qui
1066 1444 1152 1471 intrat
1167 1452 1218 1478 per
1238 1443 1314 1470 hane
1330 1443 1462 1478 januam,
1479 1445 1592 1478 oportet
1613 1443 1695 1478 quod
1713 1443 1768 1470 hu-

999 1491 1092 1518 miliet
1106 1498 1146 1522 se,
1163 1492 1194 1517 ut
1208 1498 1279 1517 sano
1296 1490 1388 1524 capite
1401 1489 1491 1524 possit
1506 1490 1622 1517 intrare.
1637 1500 1650 1515 »
1663 1489 1697 1515 ¹⁷«
1708 1491 1767 1524 Ego

1000 1546 1066 1564 sum
1092 1537 1169 1564 mitis
1195 1539 1222 1564 et
1246 1537 1365 1563 humilis
1388 1537 1492 1569 eorde,
1522 1546 1534 1561 n
1560 1539 1587 1563 et
1610 1536 1739 1571 sequitur
1760 1545 1766 1563 z

1003 1594 1016 1608 «
1030 1583 1127 1610 Venite
1141 1583 1178 1610 ad
1193 1591 1251 1616 me,
1268 1593 1280 1608 »
1298 1582 1404 1610 seilicet
1419 1582 1461 1617 (d)
1477 1582 1672 1614 humiliando,
1688 1584 1715 1609 et
1729 1582 1769 1609 sic

1000 1637 1052 1664 per
1065 1637 1112 1656 me
1128 1629 1274 1656 intrando.
1291 1630 1323 1656 Et
1338 1629 1432 1656 omnis
1452 1628 1492 1655 sic
1513 1628 1624 1655 intrans
1639 1628 1768 1655 salvabi-

1000 1678 1056 1708 tur,
1070 1675 1140 1710 quia
1154 1675 1218 1701 talis
1232 1676 1274 1701 est
1288 1674 1318 1701 in
1331 1682 1421 1701 manu
1436 1674 1514 1707 Filii,
1531 1674 1568 1700 de
1590 1681 1649 1709 qua
1670 1673 1768 1701 nullus

1000 1721 1111 1756 rapiet,
1126 1721 1200 1748 infra
1214 1721 1330 1748 eodem.
1346 1730 1359 1745 «
1374 1720 1455 1747 Salus
1470 1720 1549 1747 enim
1562 1719 1583 1736 ¹⁸
1603 1720 1709 1747 animae
1728 1722 1769 1747 est

1000 1767 1030 1793 in
1043 1767 1191 1794 sanctitate
1206 1766 1330 1801 justitiae.
1345 1775 1358 1791 ›>
1376 1766 1556 1799 Salvabitur,
1568 1766 1708 1801 inquam,
1722 1773 1768 1793 sa—

1000 1812 1060 1840 lute
1080 1812 1233 1840 velocitate
1252 1812 1356 1839 festina
1368 1812 1388 1831 ¹⁹
1405 1821 1411 1838 ;
1428 1821 1441 1837 (ι
1455 1813 1541 1839 Juxta
1555 1813 1596 1839 est
1609 1811 1687 1838 salus
1702 1819 1768 1839 mea

1000 1860 1032 1885 ut
1044 1858 1155 1885 nuntiet
1163 1858 1223 1893 (e).)›
1233 1860 1264 1885 Et
1275 1858 1294 1874 ²⁰
1305 1867 1331 1885 z«
1339 1857 1420 1885 Salus
1428 1865 1493 1885 mea
1501 1865 1562 1884 non
1572 1857 1765 1884 morabitur.»

999 1906 1069 1932 Item
1084 1904 1244 1931 salvabitur
1259 1904 1351 1931 salute
1363 1903 1455 1930 multa
1468 1903 1686 1937 numerositate,
1697 1903 1768 1938 quia

1000 1953 1027 1978 et
1042 1951 1070 1977 in
1086 1951 1185 1977 anima
1200 1952 1227 1977 et
1241 1951 1270 1977 in
1285 1958 1425 1985 corpore,
1442 1952 1469 1976 et
1483 1949 1513 1976 in
1534 1949 1683 1984 utriusque
1703 1957 1768 1976 sen-

1000 1997 1080 2024 sibus
1097 1997 1132 2024 ι21
1147 2007 1159 2021 ι(
1174 1996 1334 2032 Oeeupabit
1347 1996 1425 2023 salus
1439 2003 1541 2022 muros
1556 1997 1631 2022 tuos
1650 2007 1661 2019 υ
1683 1995 1768 2028 Quod

1000 2043 1078 2070 enim
1094 2045 1264 2077 occupatur,
1279 2042 1316 2069 ab
1333 2042 1392 2069 alio
1407 2041 1615 2068 circumdatur.
1630 2042 1699 2068 Item
1715 2041 1768 2068 sal-

1000 2089 1116 2116 vabitur
1132 2089 1224 2116 salute
1233 2088 1365 2123 jucunda
1374 2087 1563 2115 deliciositate
1571 2087 1591 2103 Ἠ
1602 2096 1628 2114 :«
1638 2087 1768 2114 Adducet

999 2135 1084 2162 vobis
1100 2135 1133 2169 (f)
1148 2135 1354 2169 sempiternam
1367 2133 1579 2168 jucunditatem
1592 2141 1658 2160 cum
1674 2132 1766 2160 salute

999 2183 1104 2208 vestra.
1122 2192 1134 2206 »
1152 2182 1221 2208 Item
1237 2180 1396 2207 salvabitur
1415 2179 1506 2206 salute
1524 2180 1668 2214 perpetua
1686 2181 1767 2205 aeter-

999 2227 1087 2254 nitate
1103 2226 1122 2243 ²³
1138 2235 1144 2253 ε
1163 2236 1175 2251 «
1189 2226 1320 2254 Salvatus
1335 2228 1378 2253 est
1392 2225 1479 2253 lsrael
1494 2225 1524 2252 in
1538 2225 1661 2252 Domino
1675 2224 1767 2251 salute

999 2276 1116 2300 aeterna.
1131 2284 1142 2296 »
1155 2271 1173 2287 ²⁴
1186 2274 1282 2299 «Tunc
1295 2272 1348 2299 erit
1362 2280 1420 2299 vox
1433 2271 1532 2298 salutis
1547 2273 1574 2298 et
1585 2270 1768 2298 exultationis

1001 2320 1036 2355 (q)
1052 2320 1082 2346 in
1096 2319 1292 2347 tabernaculis
1299 2319 1454 2353 justorum.
1467 2328 1480 2343 »
1491 2317 1547 2345 Sed
1557 2317 1667 2345 intrans
1677 2317 1767 2345 modo

1000 2396 1040 2418 32.
1054 2407 1084 2411 —
1101 2395 1116 2408 ¹¹
1129 2395 1214 2424 Apum,
1233 2399 1257 2423 v,
1274 2395 1295 2417 5.
1313 2406 1342 2410 ——
1359 2393 1378 2409 ¹⁵
1393 2393 1446 2416 ibid
1459 2411 1468 2422 ,
1485 2399 1518 2422 lv,
1537 2395 1558 2416 1.
1574 2406 1600 2409 —
1619 2393 1638 2409 ¹⁶
1653 2395 1727 2423 Aug„
1743 2393 1767 2415 ιή

999 2432 1079 2457 doum,
1105 2432 1177 2452 tract.
1201 2435 1258 2458 ην,
1277 2436 1303 2451 n.
1325 2431 1348 2452 5.
1368 2442 1392 2445 -
1412 2429 1431 2444 ⁴⁷
1448 2428 1547 2457 Manh„
1567 2434 1608 2457 xi,
1632 2429 1670 2457 29,
1686 2429 1723 2451 2¹8.
1739 2441 1768 2444 —

1001 2466 1022 2481 1⁸
1039 2464 1127 2493 Eceli.y
1145 2470 1207 2493 xxx,
1223 2466 1257 2487 15.
1273 2464 1409 2493 -1“»Ἰς(ι.,
1425 2469 1475 2493 nvi,
1493 2465 1514 2486 ι.
1529 2475 1559 2481 -
1574 2463 1594 2479 ἳῡ
1611 2463 1683 2492 ibid„
1700 2468 1769 2490 xisti,

1004 2502 1040 2524 13.
1056 2513 1086 2516 —
1100 2499 1118 2515 ²¹
1136 2499 1206 2528 ibid„
1224 2505 1271 2529 Lx,
1293 2500 1328 2522 1⁵3.
1346 2511 1375 2516 -
1387 2499 1408 2516 ²²
1432 2499 1501 2527 Bar..
1518 2505 1551 2529 ιν,
1568 2500 1606 2522 29.
1623 2511 1654 2515 -
1672 2498 1691 2513 ²⁶
1708 2499 1766 2525 Isa„
1804 2523 1809 2528 ¹

1002 2541 1060 2565 XLV,
1080 2537 1115 2558 Π.
1131 2548 1154 2551 -
1173 2535 1192 2550 ²⁸
1205 2535 1365 2564 Psal.cxv11,
1383 2536 1419 2558 15.

1033 2580 1064 2607 (α)
1081 2579 1139 2602 Coet.
1155 2578 1215 2602 edit.
1230 2578 1286 2602 add.
1303 2578 1379 2609 quod.
1395 2591 1424 2595 —
1440 2578 1472 2608 (b)
1486 2578 1526 2602 Al.
1544 2576 1722 2601 obtinebimus.
1738 2589 1767 2593 —

1003 2614 1033 2644 (e)
1053 2614 1139 2645 Suppl.
1160 2614 1271 2644 proprie.
1291 2627 1321 2631 ——
1342 2614 1381 2644 (d)
1400 2614 1487 2644 Suppl.
1509 2620 1564 2637 voe.
1584 2625 1615 2630 —
1637 2613 1668 2642 (e)
1694 2611 1764 2641 γαίῃ.

1003 2649 1094 2673 veniat.
1113 2663 1135 2666 ψ
1155 2650 1190 2680 (s)
1206 2651 1265 2673 t'ael.
1282 2649 1341 2673 etlil-
1358 2649 1440 2673 nobis.
1454 2662 1483 2667 -
1499 2649 1534 2679 (q)
1553 2648 1680 2672 exultabo.
