1987 3032
72 1522 131 1542 Deus

63 1551 142 1573 dieitur

63 1587 110 1603 esse
120 1583 142 1603 in

69 1613 136 1634 rebus

56 1644 149 1670 quadru-

50 1675 142 1701 pliciter.

751 250 954 282 EXPOSITIO
976 250 1015 282 IN
1036 251 1120 283 CAP.
1147 252 1170 282 1.

168 316 276 344 tizandi
299 318 484 352 potestatem,
514 316 707 344 ministerium
737 316 818 344 dedit
832 317 932 344 servis.

168 363 201 389 Et
224 362 260 390 de
281 362 335 390 hac
357 364 496 397 potestate
517 362 693 397 Augustinus
715 362 722 378 ¹
744 363 869 390 multum
886 364 932 398 (a).

169 408 219 434 Vel
227 408 319 441 aliter,
331 408 521 443 Hieronymus
532 408 711 435 ostendithic
718 410 860 436 loannem
873 417 934 436 non

168 454 240 481 scire
260 461 312 488 per
331 453 509 488 baptismum
532 454 633 482 Christi
648 455 793 482 mundum
810 463 872 482 esse
892 463 935 482 re-

169 500 320 534 demptum
326 509 333 533 ;
346 499 456 526 sciebat
466 500 669 535 tamenipsum
679 509 741 529 esse
755 501 859 529 Filium
874 501 932 528 Dei.

168 545 200 571 Et
214 544 250 571 de
269 544 325 572 hoc
342 545 372 572 in
395 545 503 573 Glossa.
521 546 590 574 Ideo
611 547 649 574 ait
664 556 671 574 :
687 548 838 575 Nescz‘ebam
860 555 933 581 eum,

167 591 221 618 nisi
236 599 270 618 ex
285 592 480 627 revelatione,
495 594 526 620 ut
541 593 652 620 dictum
667 596 724 627 est;
739 593 790 620 Sed
802 596 833 620 ut
847 595 934 620 mani-

166 639 310 670 festaretur
320 658 328 672 ,
342 638 465 673 scilicet,
482 639 547 674 quis
555 649 563 674 3
580 641 649 667 Vem'
662 641 801 674 baptizans
816 649 823 667 ε
839 647 935 675 neque

167 683 254 711 aliam
271 692 389 712 causam
404 684 533 712 habebat
545 686 606 720 eius
616 686 788 721 baptismus,
800 686 838 713 ait
848 686 937 721 Chry-

168 732 313 758 sostomus
323 731 343 758 2.
357 731 412 758 Sed
424 733 493 758 tunc
505 732 653 766 quaeritur,
665 739 703 759 an
712 732 774 759 sine
790 732 852 766 ejus
862 732 935 767 bap-

168 776 281 804 tismate
308 777 448 812 potuisset
469 785 531 805 esse
553 777 722 813 praedicatio
749 778 786 805 de
814 778 935 805 Christo.

170 823 337 858 Respondet
351 823 434 858 quod
451 823 502 858 sic,
520 824 572 850 sed
586 824 699 851 facilius
717 824 769 851 illo
785 824 886 852 modo.

206 870 250 896 32.
276 870 308 896 Et
335 869 465 904 sequitur
488 869 617 897 secunda
642 869 801 905 particula,
830 870 938 898 scilicet

171 916 337 943 certificatio
359 916 486 952 amplior
507 916 598 952 ipsius
625 917 800 951 testimonii,
822 917 864 945 ibi
879 926 886 945 :
902 918 937 945 Et

172 963 362 995 testimonium,
379 963 432 990 etc.
449 962 521 995 Quia
537 962 643 997 aliquis
664 965 762 998 posset
781 971 910 998 quaerere
921 972 939 992 a

171 1009 281 1035 Ioanne
295 1017 301 1034 :
318 1008 445 1041 Qualiter
460 1008 646 1043 cognovisti?
661 1009 711 1042 ait,
724 1009 806 1044 quod
813 1017 866 1045 per
878 1010 938 1045 Spi-

171 1054 243 1081 ritus
257 1055 348 1082 sancti
364 1054 548 1088 descensum,
564 1055 940 1091 sicutcontinuatChrysos-

171 1101 276 1127 tomus.
295 1100 373 1128 Unde
394 1101 546 1136 sequitur:
563 1102 633 1134 Quia
649 1101 709 1128 vidi
728 1102 861 1135 Spiritum
884 1102 939 1129 des-

170 1148 320 1174 cendentem
334 1149 414 1181 quasi
427 1148 583 1174 columbam.
607 1147 662 1175 Sed
687 1148 824 1183 quaeritur
846 1149 940 1184 quali-

170 1195 213 1220 ter
221 1193 288 1227 hoc,
305 1193 375 1229 quia
402 1193 523 1229 Spiritus
545 1196 661 1221 sanctus
689 1202 756 1222 cum
784 1195 820 1222 sit
846 1195 937 1228 Deus,

169 1247 230 1267 non
245 1239 415 1274 descendit,
438 1247 536 1275 neque
552 1240 681 1267 ascendit
697 1249 702 1267 :
720 1248 790 1275 ergo
804 1241 881 1268 male
901 1242 940 1268 ait

170 1286 307 1321 Spiritum
330 1286 566 1313 descendentem.
584 1287 610 1314 Si
625 1287 837 1322 respondeatur
853 1287 939 1322 Spiri-

171 1334 233 1359 tum
243 1332 422 1359 descendere
437 1332 494 1359 dici
510 1334 653 1367 quantum
672 1333 710 1360 ad
725 1333 860 1360 effectum
871 1353 880 1366 ,
893 1333 940 1360 vel

172 1378 313 1405 collatum
336 1378 468 1412 donum,
486 1381 587 1406 contra
605 1379 662 1407 hoc
686 1379 840 1414 objicitur,
857 1380 940 1414 quod

171 1424 202 1450 in
217 1424 328 1451 Christo
353 1426 414 1451 erat
435 1424 586 1459 plenitudo
609 1424 757 1452 donorum
781 1425 819 1452 ab
832 1425 913 1453 initio
931 1435 937 1453 :

172 1480 243 1507 ergo
258 1472 374 1504 nullum
389 1472 524 1499 effectum
536 1472 573 1499 de
588 1479 666 1499 novo
681 1472 774 1507 potuit
799 1472 896 1500 dicere
909 1473 939 1500 in

171 1519 292 1546 Christo.
308 1519 353 1546 Ad
366 1518 422 1547 hoc
437 1518 679 1553 respondendum
694 1521 752 1553 est,
769 1519 851 1554 quod
865 1521 939 1547 Deus

171 1565 278 1592 dicitur
291 1573 352 1592 esse
364 1565 394 1591 in
407 1564 497 1592 rebus
509 1564 752 1600 quadrupliciter,
767 1565 812 1592 vel
826 1566 938 1594 ratione

169 1611 298 1644 unionis,
313 1611 361 1638 vel
375 1610 598 1646 assumptionis,
615 1613 642 1638 et
656 1611 696 1638 sic
711 1611 818 1638 dicitur
832 1619 893 1640 esse
907 1612 938 1639 in

170 1657 280 1686 Christo
292 1657 429 1691 homine,
444 1657 475 1684 in
489 1664 548 1692 quo
564 1657 707 1684 habitavit
721 1657 876 1692 plenitudo
897 1658 939 1685 di-

169 1704 313 1738 vinitatis,
334 1705 366 1731 ut
389 1703 499 1730 dictum
520 1705 562 1730 est
583 1711 681 1738 supra.
694 1703 745 1730 Vel
758 1704 863 1731 dicitur
877 1712 938 1733 esse

169 1750 201 1778 in
214 1750 302 1778 rebus
315 1757 367 1785 per
389 1749 514 1777 modum
543 1749 780 1784 gratificationis,
801 1750 882 1777 etsie
896 1750 938 1777 di-

171 1796 244 1824 citur
258 1796 390 1824 habitare
405 1796 435 1823 in
457 1795 550 1830 justis.
575 1795 626 1822 Vel
651 1795 757 1823 dicitur
772 1803 833 1824 esse
847 1796 878 1823 in
892 1804 938 1824 re-

168 1842 225 1870 bus
238 1850 291 1878 per
305 1841 429 1869 modum
448 1841 677 1868 conservationis
687 1863 694 1875 ,
711 1842 939 1877 sustentationis,

169 1897 203 1916 ac
219 1887 449 1923 gubernationis,
465 1890 493 1914 et
516 1887 556 1914 sic
572 1887 677 1914 dicitur
699 1895 759 1915 esse
787 1888 817 1915 in
845 1888 938 1915 omni-

169 1936 226 1963 bus
240 1935 330 1963 rebus
340 1934 540 1968 essentialiter,
553 1932 782 1969 praesentialiter,
797 1936 824 1962 et
835 1937 938 1970 poten—

168 1981 273 2009 tialiter
285 1981 447 2009 secundum
470 1980 662 2015 Augustinum
678 1980 698 2007 θ.
714 1980 821 2012 Quarto
844 1981 937 2010 modo

170 2028 274 2056 dicitur
295 2035 357 2055 esse
378 2027 408 2054 in
425 2026 514 2054 rebus
536 2033 590 2061 per
612 2025 737 2053 modum
752 2026 937 2062 ostensionis,

169 2074 243 2101 sicut
275 2073 380 2101 dicitur
403 2080 464 2100 esse
486 2072 517 2100 in
536 2072 594 2099 illis
614 2071 769 2105 creaturis,
784 2072 815 2100 in
829 2073 937 2108 quibus

169 2119 315 2155 apparuit,
327 2119 400 2146 sicut
414 2119 443 2146 in
456 2118 606 2152 columba,
620 2118 687 2145 etin
696 2118 771 2153 aliis,
784 2118 814 2146 in
829 2119 937 2154 quibus

170 2165 315 2201 apparuit.
331 2166 363 2193 Et
375 2164 446 2200 quia
459 2165 500 2192 ad
513 2164 570 2192 hoc
584 2164 637 2192 suit
651 2164 792 2193 columba
809 2165 938 2194 instituta

168 2211 216 2238 vel
234 2213 341 2244 creata,
367 2212 455 2247 prout
481 2210 522 2238 ait
540 2210 717 2245 Augustinus
732 2212 752 2245 ⁴,
767 2211 850 2247 quod
876 2219 938 2240 non

167 2257 222 2285 fuit
236 2256 355 2284 difficile
378 2258 436 2285 Deo
456 2264 559 2284 verum
580 2264 686 2292 corpus
707 2256 852 2285 columbae
866 2258 939 2292 figu-

169 2303 238 2337 rari,
254 2305 281 2330 et
295 2304 327 2330 ut
341 2303 371 2330 in
386 2302 486 2331 Glossa
505 2302 620 2336 dicitur,
635 2302 704 2330 ideo
719 2305 746 2330 ct
760 2303 790 2330 in
803 2303 855 2331 illa
869 2303 938 2331 dici-

171 2350 217 2376 tur
230 2349 351 2384 Spiritus
378 2348 571 2382 descendere,
594 2356 656 2376 non
678 2350 791 2376 ratione
815 2349 938 2388 alicujus

170 2395 240 2423 novi
253 2395 372 2423 effectus
386 2395 416 2422 in
431 2394 552 2422 Christo.
569 2395 625 2422 Sed
643 2396 782 2430 quaeritur
792 2416 801 2429 ,
814 2395 939 2431 qualiter

171 2442 211 2470 ait
224 2451 230 2469 :
249 2443 333 2475 Quasi
344 2443 505 2476 columbam3
519 2449 555 2469 ex
569 2442 627 2470 hoc
638 2442 765 2476 videtur,
782 2442 866 2477 quod
876 2449 938 2471 non

170 2487 225 2516 suit
235 2496 304 2517 vera
319 2488 459 2517 columba
467 2498 476 2524 3
495 2489 577 2524 cujus
592 2489 770 2516 contrarium
782 2489 813 2516 in
828 2489 938 2523 Glossa,

203 2574 211 2590 ¹
226 2574 295 2605 Vid.,
316 2575 347 2599 lv
369 2575 450 2604 Sent„
470 2574 528 2598 dist.
548 2580 572 2604 v,
587 2574 641 2605 huj.
660 2575 726 2598 nost.
745 2573 804 2598 edit.
824 2575 887 2598 tom.
907 2575 938 2604 V,

172 2615 231 2640 pag.
247 2610 301 2634 355.
313 2623 343 2628 —
358 2610 366 2624 ²
381 2610 521 2641 Chrysost„
536 2609 579 2633 ubi
593 2616 649 2640 sup.
662 2616 736 2639 prox.
750 2621 777 2627 —
793 2609 802 2626 ³
817 2610 892 2640 Aug,
907 2609 941 2633 ad

174 2644 296 2675 Dar-dan„
313 2645 385 2675 epist.
406 2650 472 2675 Lvu,
494 2645 526 2669 al.
546 2650 683 2674 cmxxvii,
704 2651 730 2669 n.
750 2646 777 2668 ’.4
793 2646 818 2668 ct
836 2651 890 2675 seq.
911 2658 937 2662 -

172 2680 180 2692 ⁴
197 2679 243 2709 1d.‚
257 2679 286 2703 de
298 2680 378 2711 Ayon.
396 2680 500 2709 Christ„
517 2687 540 2705 c.
557 2685 627 2709 xxn,
641 2686 667 2704 n.
686 2680 725 2703 24.
742 2692 769 2697 -
787 2680 798 2697 ὓ
811 2679 898 2711 Greg.‚
912 2680 938 2703 in

290 2733 364 2755 Tou.
387 2733 432 2754 11.

1698 259 1755 288 273

991 325 1056 352 quae
1070 318 1119 352 ait,
1136 318 1218 354 quod
1225 318 1280 346 fuit
1292 327 1362 347 vera
1376 320 1524 348 columba.
1535 322 1620 354 Quod
1635 324 1677 349 est
1688 330 1756 350 con-

991 364 1174 399 cedendum3
1191 373 1257 400 quse
1269 366 1355 393 etiam
1376 367 1491 401 expleto
1511 367 1671 395 ministerio
1695 376 1756 395 esse

991 411 1112 437 cessavit
1129 419 1135 438 ε
1152 413 1179 438 et
1193 411 1260 439 ideo
1275 411 1314 439 ait
1327 421 1332 438 :
1347 412 1439 446 Quasi,
1452 412 1522 447 quia
1536 413 1757 441 similitudinem

990 455 1093 482 habuit
1105 464 1172 483 cum
1187 457 1250 484 aliis
1269 457 1414 485 columbis
1436 458 1604 486 naturaliter
1624 467 1758 495 procrea-

992 501 1038 534 tis,
1054 510 1120 529 cum
1142 505 1241 530 tamen
1269 512 1330 531 non
1346 506 1418 531 esset
1441 504 1564 538 exiliis,
1595 505 1646 532 sed
1668 513 1685 533 a
1700 507 1758 533 Deo

991 546 1126 582 figurata,
1141 549 1303 576 secundum
1318 550 1459 578 Glossam.
1480 550 1536 578 Sed
1551 551 1691 586 quaeritur
1705 552 1759 579 ad·-

991 592 1049 619 huc
1077 601 1167 628 quare
1194 595 1315 630 Spiritus
1343 598 1458 623 sanctus
1491 597 1627 632 apparuit
1653 597 1684 624 in
1711 605 1760 625 co-

991 638 1110 674 lumba3
1136 640 1252 669 videtur
1276 643 1355 669 enim
1385 643 1468 679 quod
1493 643 1641 671 debuisset
1669 652 1761 680 appa-

992 686 1083 713 ruisse
1097 687 1127 713 in
1143 689 1274 715 creatura
1288 689 1424 716 rationali
1433 709 1441 722 ,
1457 689 1530 716 sicut
1543 692 1570 717 et
1581 690 1678 717 Filius.
1691 692 1761 718 Item

993 733 1130 767 quaeritur
1155 733 1239 768 juxta
1266 734 1387 762 beatum
1413 735 1585 769 Gregorium
1607 737 1616 753 ⁵
1639 744 1646 763 :
1675 746 1688 761 ι(
1706 738 1762 764 Cur

993 786 1082 813 supra
1096 778 1282 814 unigenitum
1311 780 1414 807 Filium
1439 781 1574 816 apparuit
1597 782 1718 817 Spiritus
1732 783 1762 810 in

994 824 1139 852 columbae
1171 825 1284 860 specie,
1313 833 1401 861 super
1426 826 1585 862 discipulos
1611 828 1640 854 in
1667 829 1762 863 specie

993 871 1091 905 ignis?
1106 881 1119 897 »
1137 873 1169 898 Et
1181 871 1219 899 ad
1240 871 1315 899 illud
1336 873 1577 908 respondendum
1597 876 1639 901 est
1651 894 1660 908 ,
1681 875 1763 909 quod

994 917 1082 945 Filius
1096 918 1218 945 venitin
1232 918 1378 946 mundum
1393 921 1425 946 ut
1445 919 1591 947 mediator
1606 923 1633 948 et
1646 920 1762 948 redem-

994 965 1071 999 ptor,
1087 965 1113 991 et
1126 964 1194 992 ideo
1209 965 1345 1000 apparuit
1358 965 1388 993 in
1402 967 1506 993 natura
1519 966 1659 1000 humana,
1673 975 1764 1002 quam

995 1010 1161 1045 assumpsit,
1177 1019 1264 1038 verus
1285 1011 1376 1039 homo
1397 1011 1542 1047 existens3
1568 1013 1621 1040 sed
1643 1014 1764 1048 Spiritus

995 1057 1111 1083 sanctus
1126 1057 1259 1091 apparuit
1274 1057 1305 1083 in
1321 1057 1470 1091 columba,
1483 1058 1522 1085 ad
1533 1058 1764 1086 testificationem

995 1102 1185 1137 plenitudinis
1213 1102 1331 1137 spiritus
1354 1103 1385 1130 in
1412 1103 1538 1138 Christo,
1563 1106 1591 1132 et
1615 1105 1654 1132 ad
1669 1107 1764 1133 osten-

995 1148 1108 1175 sionem
1138 1148 1294 1176 descensus
1320 1149 1441 1185 Spiritus
1467 1151 1557 1178 sancti
1585 1152 1615 1178 in
1638 1152 1708 1188 ipsis
1722 1161 1765 1180 re-

995 1194 1140 1228 generatis
1171 1203 1224 1230 per
1250 1195 1431 1230 baptismum
1442 1218 1450 1231 ,
1481 1200 1508 1224 et
1537 1197 1576 1225 ad
1606 1198 1764 1226 confirma-

995 1240 1104 1267 tionem
1133 1241 1290 1268 testimonii
1318 1243 1453 1276 Joannis,
1481 1245 1569 1278 prout
1605 1244 1644 1271 ait
1675 1245 1765 1281 Chry-

995 1289 1142 1314 sostomus
1167 1287 1266 1314 dicens
1293 1289 1302 1304 ⁶
1326 1297 1332 1315 :
1358 1299 1370 1313 ι(
1385 1289 1512 1324 Ideoque
1534 1289 1685 1318 descensio
1705 1292 1766 1327 Spi-

995 1333 1066 1359 ritus
1089 1333 1179 1360 sancti
1202 1333 1277 1361 facta
1300 1336 1352 1368 est,
1374 1337 1405 1361 ut
1426 1336 1545 1363 Joannis
1567 1337 1766 1365 testimonium

996 1387 1056 1406 non
1069 1382 1313 1415 contemneretur,
1330 1383 1358 1408 et
1374 1383 1516 1417 quoniam
1530 1383 1559 1410 in
1574 1384 1675 1419 spiritu
1694 1384 1766 1420 bap-

996 1425 1072 1458 tizat,
1086 1425 1193 1452 scilicet
1208 1426 1345 1460 Christus,
1360 1429 1387 1454 et
1401 1428 1542 1462 quoniam
1554 1429 1700 1463 judicabit
1718 1438 1765 1457 or—

995 1470 1063 1498 bem
1078 1472 1232 1505 terrarum,
1244 1472 1322 1499 unde
1332 1475 1360 1500 et
1370 1474 1450 1501 Pater
1459 1482 1560 1502 vocem
1570 1475 1681 1510 emittit,
1691 1483 1765 1510 prae-

995 1524 1106 1545 conans
1118 1517 1222 1550 filium,
1238 1520 1265 1545 et
1279 1518 1399 1554 Spiritus
1413 1521 1580 1555 supervenit
1593 1529 1695 1549 vocem
1709 1524 1765 1550 tra-

994 1563 1067 1591 hens
1089 1571 1178 1599 super
1198 1566 1285 1600 caput
1304 1565 1406 1592 Christi
1423 1566 1454 1592 ⁷:
1475 1568 1527 1593 Ηίο
1546 1569 1585 1594 est
1601 1569 1675 1602 filius
1693 1577 1765 1596 meus

995 1610 1117 1638 dilectus.
1130 1621 1142 1637 »
1161 1612 1227 1638 Haec
1240 1611 1298 1638 ille.
1314 1613 1376 1639 Non
1391 1619 1461 1647 ergo
1476 1612 1620 1647 figuratur
1633 1622 1686 1650 per
1701 1615 1765 1643 des-

995 1664 1115 1684 censum
1132 1657 1253 1692 Spiritus
1268 1657 1298 1684 in
1319 1657 1458 1686 columba
1473 1659 1604 1694 aliquam
1618 1660 1706 1688 fuisse
1722 1661 1766 1689 in-

994 1703 1146 1731 fluentiam
1159 1703 1280 1738 Spiritus
1293 1703 1330 1731 de
1343 1711 1423 1731 novo
1438 1704 1468 1731 in
1490 1705 1554 1740 ipso
1575 1706 1696 1741 Christo,
1712 1707 1765 1734 sed

994 1749 1088 1783 magis
1112 1749 1142 1776 in
1160 1750 1371 1784 regenerandis
1386 1758 1440 1778 suo
1459 1751 1618 1786 baptismo,
1633 1755 1664 1780 ut
1685 1755 1765 1788 patet

994 1803 1029 1822 ex
1046 1795 1139 1822 dictis.
1156 1797 1187 1822 Et
1202 1795 1244 1822 ibi
1259 1796 1483 1831 chrysostomus
1500 1797 1576 1824 bene
1592 1798 1625 1833 (b)
1641 1798 1707 1826 hoc.
1721 1799 1765 1827 Ad

994 1841 1075 1868 aliud
1089 1841 1234 1876 repondet
1249 1843 1403 1877 Gregorius
1418 1843 1530 1870 ibidem
1544 1844 1564 1878 ⁸,
1587 1844 1669 1879 quod
1695 1845 1765 1880 quia

993 1887 1171 1921 unigenitus,
1186 1887 1277 1916 homo
1300 1896 1354 1923 pro
1372 1889 1543 1916 hominibus
1565 1889 1669 1925 factus,
1683 1891 1765 1926 prius

992 1933 1087 1961 voluit
1094 1935 1244 1961 mansuete
1253 1933 1391 1969 colligere
1400 1935 1443 1970 (c),
1454 1937 1486 1962 ut
1495 1935 1616 1963 haberet
1624 1944 1699 1972 quos
1707 1937 1765 1965 sal-

993 1982 1084 2014 varet,
1098 1980 1166 2008 ideo
1180 1981 1210 2007 in
1227 1980 1367 2008 columba
1381 1989 1468 2017 super
1487 1990 1555 2010 eum
1571 1984 1609 2018 (d)
1621 1991 1763 2019 apparere

994 2026 1096 2054 debuit
1106 2026 1237 2062 Spiritus,
1250 2027 1301 2062 qui
1314 2035 1376 2055 non
1387 2028 1523 2056 veniebat
1536 2031 1568 2056 ut
1577 2031 1698 2064 peccata
1711 2038 1764 2065 per

993 2072 1087 2100 zelum
1103 2072 1134 2107 (e)
1149 2075 1321 2108 percuteret,
1332 2074 1384 2101 sed
1397 2077 1429 2102 ut
1441 2082 1494 2110 per
1507 2077 1763 2104 mansuetudinem

991 2118 1130 2146 toleraret
1137 2128 1145 2153 ,-
1171 2119 1201 2146 in
1222 2119 1290 2154 igne
1311 2128 1383 2148 vero
1398 2128 1486 2156 super
1500 2121 1671 2157 discipulos,
1693 2123 1764 2158 quia

992 2172 1046 2200 per
1065 2164 1161 2193 zelum
1175 2165 1356 2193 rectitudinis
1376 2166 1518 2194 debemus
1537 2169 1620 2195 caute
1640 2168 1763 2196 circum-

993 2211 1114 2248 spicere,
1136 2212 1164 2239 et
1182 2212 1288 2240 ardore
1302 2213 1478 2248 poenitentiae
1499 2222 1640 2249 cremare,
1655 2215 1764 2243 scilicet

993 2259 1123 2293 peccata.
1134 2268 1146 2284 »z
1162 2258 1229 2286 Ideo
1242 2258 1318 2286 bene
1329 2259 1365 2287 de
1375 2259 1432 2287 hoc
1444 2269 1450 2286 2
1466 2260 1544 2287 unde
1556 2260 1595 2288 ait
1609 2261 1722 2288 ibidem
1731 2261 1741 2276 ⁹
1755 2271 1762 2290 :

996 2313 1010 2330 α
1024 2304 1157 2339 Spiritus,
1173 2304 1256 2339 quod
1270 2304 1394 2340 replevit
1408 2305 1562 2340 loquentes
1577 2308 1604 2334 et
1617 2307 1764 2342 ardentes,

995 2349 1028 2385 (f)
1037 2349 1114 2383 facit,
1122 2350 1190 2377 ideo
1199 2350 1229 2376 in
1239 2350 1346 2385 linguis
1359 2351 1451 2385 igneis
1458 2352 1602 2387 apparuit.
1615 2361 1629 2379 »
1642 2354 1723 2388 Item,
1733 2355 1765 2381 ut

994 2395 1033 2423 ait
1044 2396 1203 2430 Gregorius
1216 2396 1245 2430 ²⁰,
1261 2406 1274 2422 «
1291 2396 1435 2425 Columba
1449 2398 1560 2437 animal
1569 2398 1706 2434 simplex,
1722 2402 1763 2427 at-

995 2449 1053 2477 que
1068 2449 1086 2469 a
1100 2441 1213 2470 malitia
1235 2441 1312 2470 sellis
1326 2442 1474 2478 alienum,-
1491 2453 1504 2469 »
1519 2446 1547 2472 et
1561 2444 1630 2480 quia
1643 2445 1765 2480 Spiritus

995 2502 1102 2532 Evanq„
1124 2502 1195 2526 hom.
1217 2508 1283 2533 xxx,
1303 2510 1329 2527 n.
1350 2505 1374 2528 5.
1398 2517 1424 2521 —
1449 2505 1459 2521 ⁶
1481 2504 1622 2536 Chrysost„
1641 2506 1667 2529 in
1684 2506 1763 2535 loen„

994 2537 1065 2561 hom.
1090 2543 1133 2567 xv,
1155 2537 1188 2560 ul.
1211 2543 1277 2568 xvii,
1301 2544 1327 2562 n.
1351 2540 1373 2563 2.
1398 2552 1429 2557 —
1452 2539 1460 2553 ⁷
1486 2540 1588 2569 Mutth„
1614 2546 1654 2571 111,
1679 2542 1716 2565 Π.
1736 2553 1765 2558 -—

995 2572 1005 2588 ⁸
1021 2574 1107 2602 Greg.,
1123 2573 1148 2595 in
1164 2573 1272 2603 Evanq..
1286 2573 1357 2597 hom.
1374 2579 1435 2605 xxx,
1450 2581 1476 2598 n.
1493 2576 1549 2599 6.-
1562 2576 1572 2592 ⁹
1584 2575 1659 2604 ibid„
1671 2582 1696 2598 n.
1710 2577 1766 2599 5.—

996 2608 1016 2625 ¹⁰
1033 2608 1079 2637 1d.‚
1095 2607 1164 2631 hom.
1178 2613 1202 2637 v,
1217 2614 1243 2631 n.
1258 2609 1281 2632 4.
1297 2622 1326 2626 —
1339 2610 1372 2639 (ιι)
1390 2609 1450 2634 Coet.
1467 2610 1529 2634 edit.
1545 2610 1602 2634 add.
1619 2612 1654 2635 De
1670 2610 1710 2634 illa
1724 2618 1766 2641 po-

996 2645 1093 2667 testate.
1107 2655 1136 2660 —
1150 2643 1184 2673 (b)
1201 2644 1287 2674 Suppl.
1305 2645 1344 2669 de.
1359 2658 1386 2663 --
1400 2645 1428 2675 (c)
1445 2645 1505 2669 th.
1520 2646 1581 2669 edit.
1596 2646 1764 2677 corrigere.—

998 2678 1036 2709 (d)
1055 2685 1122 2702 eain.
1137 2690 1167 2695 —-
1184 2678 1213 2708 (e)
1228 2679 1322 2703 Jesum.
1341 2693 1370 2698 —
1391 2681 1425 2711 (f)
1441 2681 1568 2711 ardentes,
1587 2683 1612 2705 et
1625 2681 1766 2711 loquentes.

1611 2728 1648 2756 18
