1987 3032
193 281 252 310 132

190 344 330 385 phetam.
346 354 360 373 n
382 343 468 374 Unde
487 343 604 382 supra¹
623 352 630 372 z
649 352 663 369 «
680 339 886 371 Existimante
901 346 958 368 au-

189 400 254 428 tem
276 397 392 437 populo
413 396 451 426 (le
472 396 602 431 Joanne,
626 403 664 423 ne
688 394 766 423 forte
790 392 855 431 ipse
880 392 960 421 essct

190 449 342 488 Christus,
355 448 515 489 respondit
527 448 661 478 Joannes
672 446 778 475 dicens
789 443 955 473 omnibus:

189 502 258 541 Ego
276 503 405 542 quidem
427 510 509 540 aqua
530 499 651 539 baptizo
674 507 747 535 vos·,
773 497 876 528 veniet
899 506 957 526 au-

187 557 251 585 tem
270 555 378 586 fortior
393 564 453 591 me,
472 554 562 592 eujus
576 562 639 583 nou
659 561 731 581 sum
756 551 874 589 dignus
893 550 955 580 sol-

186 617 262 639 vere
283 608 455 647 corrigiam
475 607 758 637 calceamentorum
778 605 858 643 ejus.
880 615 894 631 »
919 603 956 633 Et

185 662 260 701 quia
278 662 385 692 odium
401 660 543 691 veritatis
557 669 597 690 ex
616 668 681 689 una
699 661 787 698 parte
805 657 952 696 urgebat,

183 717 267 745 etex
282 715 344 745 alia
370 715 465 744 timor
488 713 698 753 lapidationis,
723 712 793 742 ideo
815 712 952 750 praetcn·

182 767 261 798 dunt
276 767 491 806 ignorantiam
511 765 736 805 responsionis,
755 773 828 794 cum
844 763 953 793 subdi-

180 821 234 850 tur
252 824 293 860 tv.
311 822 337 859 7)
358 832 364 851 :
383 821 427 852 Et
445 820 675 860 responderunt
689 829 720 849 se
735 819 853 848 nescire
869 817 952 847 unde

180 878 269 904 esset.
292 874 397 904 Glossa
423 875 434 890 ²
461 883 469 904 :
496 886 509 901 (ι
532 873 690 903 Timentes
712 868 949 911 lapidationem,

181 927 233 957 sed
249 928 354 966 magis
368 928 514 957 timentes
527 926 669 957 veritatis
684 926 922 955 cont'cssioncm.
933 934 946 951 2>

180 978 283 1018 Hujus
300 982 408 1010 autem
425 980 576 1010 consessio
596 979 788 1017 ignorantia}
814 978 951 1017 superba

177 1035 243 1063 erat
267 1035 297 1063 et
320 1033 443 1069 dolosa,
466 1033 541 1072 quia
569 1032 645 1062 tales
672 1032 818 1062 dicebaut
841 1033 950 1061 contra

178 1086 401 1116 conscientiam
418 1110 427 1123 ,
458 1088 495 1116 ut
525 1086 661 1116 vitarent
690 1084 949 1123 redargutionem

177 1141 330 1178 apertam.
350 1139 437 1169 Unde
462 1138 703 1178 Chrysostomus
720 1148 726 1166 :
747 1150 761 1166 «
776 1138 946 1175 Mendacia,

177 1192 233 1222 etsi
249 1200 312 1221 non
327 1192 444 1222 habent
459 1200 554 1231 quem
574 1191 741 1230 decipiant,
760 1193 865 1221 tamen
882 1191 948 1230 ipsa

177 1245 235 1275 sibi
258 1246 494 1276 mentiuntur.»
519 1249 528 1264 ³
556 1257 569 1274 (ι
584 1245 713 1275 Mentita
735 1246 781 1275 est
799 1245 949 1284 iniquitas

174 1298 245 1328 sibi.
267 1310 281 1327 »
308 1298 345 1328 Et
370 1299 486 1329 iterum
509 1299 545 1337 (cl)
573 1298 582 1313 Β
605 1309 611 1328 :
644 1310 658 1325 «
683 1298 751 1328 Filii
781 1299 830 1328 isti
853 1298 947 1328 alicui

174 1351 297 1381 mentiti
311 1353 385 1381 sunt
400 1351 489 1381 mihi.
507 1362 521 1379 »
541 1350 578 1381 Et
594 1351 663 1381 ideo
677 1351 709 1380 in
723 1351 846 1381 domme
860 1351 896 1390 (b)
913 1351 922 1367 ⁵
938 1360 944 1379 :

179 1415 193 1431 «
213 1402 245 1433 Si
260 1403 380 1442 dixero,
397 1404 472 1443 quia
486 1413 551 1435 non
571 1404 636 1433 scio
653 1413 740 1441 eum,
757 1413 811 1434 ero
836 1403 946 1434 similis

175 1456 277 1494 vobis,
290 1457 440 1487 mendax.
455 1468 468 1484 n

213 1508 336 1545 Tertio,
360 1511 516 1548 quantum
541 1509 579 1539 ad
604 1509 719 1540 Christi
742 1510 945 1540 veracitatem

172 1562 204 1592 in
220 1562 401 1600 refellendo,
419 1562 586 1601 subjungit
611 1567 652 1601 (v.
669 1563 695 1601 8]
715 1572 721 1591 t
739 1563 785 1593 Et
797 1563 886 1593 Jeszts
901 1563 947 1592 ait

172 1614 234 1644 illis
250 1615 382 1654 :Neque
398 1624 454 1654 eqo
470 1614 539 1645 clleo
556 1615 650 1652 vobl's,
667 1615 699 1644 [n
715 1625 779 1654 quo
790 1619 946 1655 potestate

171 1667 238 1697 lzaec
263 1669 349 1707 facio
368 1679 374 1697 :
396 1668 471 1707 quia
489 1678 562 1698 cum
585 1668 750 1699 veritatem
774 1669 942 1707 denegant,

172 1720 263 1759 digni
287 1723 370 1758 suut,
388 1723 424 1751 ut
441 1721 484 1751 eis
499 1730 517 1751 a
536 1721 668 1751 veritate
692 1722 812 1752 notitiae
829 1722 944 1753 veritas

171 1774 358 1813 denegetur,
385 1775 558 1805 secundum
580 1775 655 1804 illud
673 1775 683 1791 ⁶
705 1784 712 1805 :
733 1787 746 1803 «
772 1775 858 1806 Sicut
880 1785 944 1805 non

171 1829 389 1868 probaverunt
404 1829 502 1859 Deum
518 1829 637 1859 habere
658 1829 690 1858 in
710 1830 830 1867 notitia,
845 1829 942 1859 tradi-

171 1881 216 1911 dit
240 1882 310 1911 illos
333 1882 415 1912 Deus
438 1882 472 1912 in
496 1883 668 1921 reprobum
694 1891 835 1912 sensum.
864 1893 877 1910 n
906 1882 945 1912 Et

171 1936 246 1964 nota
262 1935 346 1973 quod
363 1934 513 1965 Dominus
528 1935 573 1964 eis
590 1935 755 1965 veritatem
773 1935 943 1964 occultavit

172 1989 289 2028 duplici
299 1989 336 2019 de
351 1999 456 2019 causa.
468 1989 554 2020 Unde
564 1989 671 2019 Glossa
681 2001 687 2019 z
697 2001 709 2017 «
722 1989 853 2029 Propter
863 1990 943 2019 duas

172 2051 283 2072 causas
303 2042 420 2072 veritas
434 2042 652 2081 quaerentibus
673 2044 719 2071 est
747 2042 943 2073 absconden-

171 2094 211 2124 da
228 2105 234 2124 :
252 2094 303 2125 vel
318 2094 394 2133 quia
407 2095 514 2125 minus
529 2104 657 2134 capaces
673 2097 747 2124 sunt
761 2095 800 2125 ad
815 2095 943 2125 audien-

171 2147 260 2185 dum,
274 2159 288 2175 >³
305 2147 390 2177 unde
404 2147 519 2178 dicitur
533 2148 543 2164 ⁷
562 2158 568 2177 :
591 2160 604 2176 «
620 2147 718 2178 Multa
736 2148 837 2178 habeo
852 2147 942 2178 vobis

171 2200 291 2238 dicere,
315 2200 368 2230 sed
392 2209 455 2230 non
477 2200 607 2239 potestis
631 2202 756 2239 portare
785 2201 897 2238 modo;
923 2212 937 2229 »

176 2263 189 2281 «
201 2253 252 2283 vel
266 2253 341 2292 quia
351 2262 391 2283 ex
406 2252 477 2283 odio
487 2252 536 2283 vel
552 2254 736 2292 contemptu
750 2255 937 2292 quaeru11t,›>

171 2305 255 2335 unde
270 2306 383 2335 dicitur
398 2308 408 2324 ⁸
426 2316 431 2335 :
455 2317 468 2333 α
483 2304 583 2336 Nolite
598 2305 672 2336 dare
687 2308 830 2336 sanctum
855 2307 941 2336 cani-

171 2357 243 2388 bus.
255 2369 269 2385 »
287 2357 367 2387 Hinc
380 2358 623 2398 Chrysostomus
637 2359 711 2389 dicit
730 2370 735 2389 :
752 2370 766 2387 α
782 2359 861 2396 Quia
876 2360 941 2399 ipse

171 2410 262 2447 dixit,
282 2411 387 2443 Nolite
402 2415 549 2441 sanetum
565 2411 642 2442 clare
656 2412 797 2449 canibus,
814 2422 877 2442 non
892 2413 940 2443 di-

171 2464 270 2502 cebat,
298 2474 338 2494 ne
363 2464 428 2503 ipse
450 2465 727 2502 transgrederetur
747 2468 941 2505 praeceptum

171 2517 255 2556 quod
274 2517 388 2556 posuit,
410 2519 441 2547 et
462 2526 526 2547 non
548 2519 731 2556 praeteribit.
748 2529 762 2546 »
788 2519 941 2549 Informa-

172 2579 246 2601 mur
255 2570 287 2610 (c)
297 2579 375 2609 ergo
386 2579 426 2601 ex
436 2570 495 2600 hoc
511 2570 549 2600 ad
560 2571 689 2601 celanda
697 2572 846 2611 mysteria
854 2582 941 2603 sacra

202 2632 209 2647 ¹
231 2633 304 2662 Sup.,
320 2638 358 2660 111,
376 2634 413 2662 15,
429 2635 465 2656 10.
477 2645 506 2649 —
517 2633 526 2648 2
539 2632 620 2656 olcas.
638 2633 748 2657 interlin.
764 2634 789 2658 in
806 2635 873 2658 huuc
891 2635 938 2659 loc.

171 2679 201 2684 —
215 2667 225 2682 ³
239 2667 306 2690 Psal.
326 2673 396 2695 xxvi,
422 2669 457 2690 ¹2.
476 2680 507 2684 —
527 2667 537 2682 ⁴
560 2668 626 2691 Psal.
646 2674 709 2698 xvii,
730 2671 768 2692 46.
787 2683 818 2687 -
838 2671 847 2686 ⁵
860 2671 940 2700 loun„

172 2708 229 2729 vm.
253 2704 291 2727 55.
316 2716 345 2720 —
365 2704 375 2719 θ
403 2704 480 2731 Rom.,
503 2709 520 2732 1,
542 2704 580 2727 28.
605 2716 633 2720 -
656 2704 663 2717 ⁷
681 2705 762 2734 lomi„
785 2712 838 2736 xvt,
858 2708 894 2729 1-2,
909 2719 941 2724 -

173 2734 181 2746 ”
197 2733 297 2762 Metili„
308 2739 354 2764 vlt,
370 2736 392 2758 (i.
408 2748 438 2752 —
449 2735 528 2762 ⁰1sa.,
544 2741 614 2763 XMV,
631 2735 666 2757 16.
681 2747 711 2752 -—-
727 2737 745 2751 ¹⁰
760 2738 840 2765 Proin,
857 2743 937 2766 xxvii,

739 270 952 304 EVANGELII
975 270 1115 302 SANCTI
1139 271 1251 303 LUCAE

1018 338 1182 368 malevolis
1195 340 1205 354 ⁹
1223 349 1230 369 :
1247 350 1261 367 (ι
1273 338 1437 370 Secretum
1455 348 1562 370 meum
1579 339 1668 377 mihi,
1685 348 1786 370 secre-

1017 392 1084 421 tum
1099 400 1207 422 meum
1223 391 1299 422 mihi
1312 403 1319 429 ;
1336 402 1350 419 1)
1374 394 1404 422 et
1420 392 1458 422 ad
1480 392 1701 422 occultandum
1726 401 1788 423 no-

1016 446 1114 473 stram
1125 444 1352 481 excellentiam,
1370 444 1409 483 [dt
1424 445 1538 475 dicitur
1549 447 1568 461 ¹⁰
1582 456 1588 475 2
1601 457 1614 472 «
1626 444 1744 475 Laudet
1757 447 1787 475 tc

1015 496 1149 533 alienus,
1165 500 1195 527 et
1209 506 1273 527 nou
1288 506 1323 526 os
1340 500 1432 527 tuum
1447 509 1454 535 3
1477 501 1658 536 extraneus,
1678 501 1707 528 et
1723 506 1786 528 nou

1013 548 1096 579 labia
1111 552 1176 579 tua.
1196 561 1209 577 »

1053 604 1083 631 9.
1117 603 1215 642 Cupit
1236 608 1342 634 autem
1366 604 1468 634 dicere
1486 604 1530 634 acl
1553 604 1695 644 plebem,
1723 607 1782 635 etc.

1013 654 1184 695 Postquam
1199 657 1315 696 repulit
1329 657 1561 688 Pharisaeorum
1578 658 1782 696 calumniam,

1010 708 1063 738 hic
1088 713 1317 749 consequenter
1332 712 1437 750 tangit
1456 713 1487 741 ct
1500 711 1608 749 arguit
1627 710 1783 741 occultam

1011 761 1154 801 ipsorum
1174 763 1337 802 perfidiam
1368 773 1422 803 per
1444 764 1627 803 parabolam
1652 763 1691 794 ad
1714 763 1781 803 ple·

1010 815 1082 845 bem
1104 816 1308 855 propositam.
1338 816 1373 846 In
1401 817 1459 846 hac
1486 819 1593 847 autem
1616 815 1780 856 parabola,

1009 868 1069 897 tria
1084 868 1290 898 insinuantur
1309 880 1315 899 :
1333 869 1471 908 primum
1489 872 1535 900 est
1552 869 1732 908 benignitas
1746 868 1782 898 li-

1008 921 1178 951 beralitatis
1194 922 1326 959 divim-³33
1345 923 1518 953 secundum
1535 925 1581 953 est
1596 922 1780 961 malignitas

1008 975 1220 1014 perversitatis
1239 976 1387 1014 ‚iudaiczm
1406 977 1447 1007 ibi
1464 978 1481 993 ¹¹
1501 986 1508 1005 ι
1526 977 1566 1007 Et
1583 977 1615 1006 m
1640 980 1780 1016 tempore

1007 1029 1103 1066 misit,
1119 1031 1194 1066 etc.;
1212 1030 1342 1060 tertium
1357 1033 1403 1060 est
1417 1030 1568 1060 severitas
1581 1030 1711 1060 ultionis
1723 1030 1779 1068 ju-

1006 1082 1155 1121 diciariae,
1172 1083 1209 1113 de
1224 1093 1287 1123 qua
1302 1084 1343 1113 ibi
1359 1084 1378 1100 ¹²
1396 1095 1402 1113 :
1420 1084 1507 1122 Quill
1516 1093 1590 1123 erqo
1603 1083 1703 1122 faciet
1717 1082 1779 1113 illis

1005 1135 1153 1165 ‹lome'nus
1180 1137 1298 1174 vinem,
1330 1139 1389 1167 etc.
1413 1136 1647 1175 Benignitatem
1671 1138 1778 1166 autem

1005 1188 1200 1219 liberalitatis
1213 1190 1331 1220 divium
1353 1190 1435 1219 circa
1450 1198 1654 1229 synagogam
1672 1192 1778 1219 osten-

1005 1242 1049 1271 dit
1066 1242 1238 1281 tripliciter,
1259 1243 1374 1273 scilicet
1390 1243 1421 1272 in
1444 1243 1608 1273 invitando
1632 1251 1774 1282 synago-

1005 1303 1081 1332 gam
1103 1295 1141 1324 ad
1168 1295 1214 1325 sui
1242 1295 1418 1332 culturan13
1448 1295 1480 1325 in
1509 1296 1612 1326 dando
1638 1296 1774 1326 debitam

1004 1347 1177 1377 custodiam
1191 1359 1198 1384 3
1225 1349 1255 1378 et
1287 1348 1319 1377 in
1347 1349 1572 1379 committendo
1598 1348 1775 1379 libertatem

1004 1399 1228 1431 voluntariam.

1044 1452 1151 1483 Primo
1179 1463 1258 1492 ergo
1271 1478 1278 1491 ,
1309 1456 1468 1494 quantum
1496 1455 1535 1485 ad
1564 1454 1775 1494 parabolicam

1002 1508 1238 1546 expressionem
1255 1509 1427 1539 vocationis
1452 1517 1629 1548 synagogae
1644 1508 1682 1538 ad
1698 1507 1776 1538 divi-

1002 1569 1076 1589 nam
1098 1560 1271 1595 culturam,
1299 1562 1396 1591 ‹lieitz
1417 1562 1517 1601 prit
1540 1565 1648 1591 aulem
1672 1560 1775 1591 (licere

1001 1612 1046 1642 arl
1070 1614 1193 1653 plebem
1217 1614 1410 1653 pmabolam
1435 1614 1528 1651 lame,
1556 1614 1631 1653 quia
1658 1614 1776 1644 scilicet

1002 1667 1138 1705 majores
1153 1676 1218 1696 non
1233 1669 1324 1697 erant
1339 1667 1428 1705 (ligni
1442 1667 1562 1697 audire.
1584 1667 1689 1697 Homo
1704 1666 1775 1706 qui—

1001 1719 1076 1749 dam
1086 1720 1248 1759 plantavi]
1261 1723 1400 1750 vilicum.
1419 1719 1477 1750 Per
1495 1720 1660 1750 hominem
1676 1720 1772 1750 istum

1000 1772 1083 1802 Deus
1099 1773 1299 1811 intelligitur,
1321 1773 1359 1803 ad
1375 1774 1468 1812 cujus
1484 1773 1661 1811 imaginem
1676 1773 1774 1803 homo

999 1828 1045 1854 est
1069 1826 1223 1856 formatus
1247 1826 1266 1841 ¹⁸
1293 1836 1300 1856 :
1323 1825 1519 1856 «Faciamus
1543 1825 1707 1856 homiuem
1732 1825 1773 1856 ad

1000 1878 1186 1917 imaginem,
1202 1890 1215 1906 n
1235 1882 1293 1909 etc.
1311 1879 1409 1909 vinea
1424 1881 1530 1909 autem
1547 1879 1606 1909 ista
1621 1881 1666 1909 est
1681 1887 1774 1918 syna-

1000 1940 1085 1970 goga
1099 1932 1118 1948 ¹⁵
1132 1942 1138 1961 ε
1155 1932 1277 1965 «Vinea
1294 1933 1419 1963 Domini
1434 1933 1646 1970 exercituum,
1659 1932 1774 1963 domus

1000 1984 1093 2015 Israel
1108 1987 1164 2015 est.
1183 1996 1196 2013 ι)
1222 1986 1308 2015 Hanc
1329 1986 1456 2016 vineam
1481 1986 1633 2016 Dominus
1650 1985 1772 2024 planta-

999 2038 1054 2073 vit,
1071 2038 1197 2077 quando
1212 2038 1246 2068 in
1262 2039 1448 2078 patriarchis
1473 2047 1526 2068 eos
1551 2039 1591 2068 ad
1613 2038 1772 2068 culturam

998 2100 1090 2121 suam
1098 2091 1193 2130 elegit
1201 2094 1231 2122 et
1238 2093 1370 2122 vocavit.
1382 2092 1511 2131 Propter
1518 2092 1601 2131 quod
1610 2091 1694 2131 apud
1701 2092 1773 2123 Hie-

998 2145 1133 2175 remicmz
1149 2146 1184 2183 (e)
1196 2146 1216 2161 ¹¹³
1227 2156 1233 2175 z
1243 2157 1256 2173 «
1269 2145 1338 2184 Ego
1353 2145 1493 2185 plantavi
1509 2148 1538 2176 te
1551 2145 1677 2176 vincam
1687 2146 1771 2176 elec-

998 2199 1075 2235 tam,
1097 2207 1191 2228 omne
1205 2207 1314 2228 semen
1329 2207 1453 2228 verum.
1470 2208 1483 2225 ))
1504 2198 1545 2228 De
1561 2198 1652 2228 istius
1666 2198 1769 2229 vineae

999 2250 1203 2289 plantatione,
1215 2251 1317 2281 [salas
1328 2251 1350 2267 ¹⁶
1367 2249 1496 2281 :uviuca
1509 2251 1588 2280 facta
1600 2254 1647 2281 est
1657 2251 1771 2282 dilecto

999 2311 1081 2341 meo,
1106 2304 1138 2333 in
1159 2313 1258 2334 cornu
1278 2303 1344 2333 filio
1365 2303 1436 2334 olei.
1458 2303 1495 2333 Et
1511 2303 1624 2343 sepivit
1638 2313 1720 2342 eam,
1741 2306 1772 2334 et

998 2356 1116 2395 lapides
1143 2357 1237 2395 elegit
1261 2366 1301 2386 ex
1328 2366 1382 2394 ea,
1409 2359 1440 2387 et
1468 2356 1620 2396 plantavit
1642 2357 1769 2388 vineam

999 2408 1142 2446 electam,
1153 2412 1183 2439 et
1193 2409 1363 2440 aedificavit
1373 2410 1487 2440 turrim
1499 2410 1532 2439 in
1545 2410 1648 2441 medio
1658 2411 1766 2449 ejus.»

999 2461 1059 2491 Per
1073 2472 1180 2501 sepem
1196 2465 1302 2492 auti-m
1314 2463 1416 2493 vineae
1432 2463 1621 2501 intelligitur
1634 2464 1768 2502 angelo-

998 2524 1070 2545 rum
1087 2516 1228 2546 custodia
1244 2517 1264 2533 ¹⁷
1283 2527 1312 2547 :a
1324 2516 1458 2554 Angelis
1473 2515 1538 2546 suis
1554 2516 1717 2547 mandavit
1731 2517 1769 2548 de

997 2601 1021 2623 2.
1039 2613 1068 2617 -—-
1086 2601 1106 2616 ¹¹
1121 2601 1177 2630 inf„
1190 2608 1214 2623 v.
1235 2603 1268 2624 to.
1283 2601 1422 2631 -121nf.‚
1438 2609 1462 2624 v.
1481 2602 1517 2624 15.
1532 2614 1563 2618 —
1578 2602 1597 2617 ¹³
1612 2602 1716 2633 Gen.,1,
1729 2604 1767 2627 26.

998 2648 1025 2651 —
1040 2635 1058 2650 ¹²
1072 2636 1130 2663 lxm,
1149 2641 1173 2663 V,
1186 2637 1240 2658 7-8.
1256 2650 1286 2654 —
1300 2637 1320 2652 ¹³
1333 2636 1434 2665 Jerem„
1446 2642 1474 2664 11,
1487 2637 1524 2659 24.
1541 2649 1570 2653 —
1594 2637 1612 2652 ¹¹³
1626 2637 1684 2667 ls:1.‚
1699 2644 1723 2668 v,
1746 2640 1766 2661 l.

997 2679 1024 2683 -
1036 2666 1053 2681 ¹⁷
1071 2666 1137 2688 Μαί.
1151 2673 1192 2696 xc,
1209 2669 1281 2690 11,—
1295 2668 1327 2697 (a)
1343 2667 1426 2696 Suppl.
1440 2667 1574 2697 legitur.—
1587 2667 1619 2696 (b)
1637 2668 1696 2692 Coet.
1709 2668 1767 2692 edil.

998 2701 1057 2725 Ideo
1067 2702 1182 2724 loannes.
1192 2714 1221 2718 --
1239 2702 1267 2731 (c)
1283 2703 1343 2725 Item
1358 2702 1569 2726 int'ormautu1·.-
1583 2703 1618 2733 (tl)
1628 2703 1715 2734 Suppl.
1732 2705 1767 2727 ut.

996 2749 1026 2754 —
1043 2737 1074 2767 (e)
1091 2737 1152 2760 Coet.
1167 2737 1226 2760 edit.
1241 2737 1388 2761 Hieremias.
