1987 3032
725 223 931 255 EXPOSITIO
953 223 993 253 IN
1016 223 1101 254 CAP.
1122 223 1228 254 XXIII.

184 294 310 332 peccata
324 292 499 323 multorum
514 291 602 329 tulit,
618 293 649 322 et
664 300 721 330 pro
736 293 950 329 transgresso-

184 346 273 376 ribus
296 345 432 384 rogavit.
459 355 474 373 1)
503 344 607 375 Oratio
635 346 741 375 autem
765 342 952 383 huiusmodi

185 397 244 427 fuit
257 398 291 427 in
305 397 493 435 remedium,
510 397 584 436 quia
599 397 694 427 etiam
709 396 774 426 suis
789 395 951 425 crucifixo-

184 450 272 480 ribus
281 450 398 488 profuit
411 450 515 488 passio
530 459 586 489 per
601 449 775 480 orationem
790 456 886 487 quam
901 448 952 477 fu—

184 501 239 532 dit.
254 501 342 532 Unde
361 502 481 541 legitur
496 502 505 518 ¹
519 502 605 541 quod
627 501 770 532 conversi
794 502 868 531 sunt
886 507 951 530 uno

182 553 232 584 die
254 554 316 584 tria
329 554 446 593 millia,
470 556 501 585 et
522 554 584 585 alio
602 555 652 584 die
672 554 814 594 quinque
833 552 950 582 millia:

182 606 269 645 quia,
280 608 317 637 ut
331 606 444 637 dicitur
456 610 466 625 '³
481 616 489 637 ε
509 619 522 635 α
532 606 591 643 Qui
606 616 680 637 cum
695 606 831 636 clamore
846 604 951 635 valido

182 660 214 689 et
231 659 382 698 lacrymis
405 660 539 690 offerens
559 660 726 690 exauditus
748 661 794 689 est
814 667 871 698 pro
895 667 952 688 sua

181 713 370 743 reverentia.
394 723 408 740 11
440 712 527 744 Unde
548 714 642 743 etiam
666 713 700 742 in
722 713 783 743 hoc
805 711 952 750 apparuit

183 765 267 804 quod
291 765 350 795 fuit
371 765 513 804 pontifex
530 766 602 805 pius
622 768 651 796 et
667 765 855 802 misericors,
873 766 951 795 oss‘e-

181 817 279 847 rendo
299 826 331 847 se
349 819 380 847 et
398 818 626 857 interpellando
644 827 700 858 pro
715 817 823 857 populi
839 817 949 848 salute.

182 868 220 898 Et
241 872 369 909 propter
389 870 449 900 hoc
471 870 571 901 Lucas
595 871 691 907 solus,
710 871 764 910 qui
779 870 951 910 specialiter

182 920 249 959 agit
270 921 308 951 de
331 921 445 952 Christi
464 923 648 960 sacerdotio,
673 923 754 953 hanc
775 923 951 953 orationem

182 971 330 1003 describit
339 976 369 1004 et
378 977 498 1006 narrat.
509 975 597 1006 Unde
605 975 704 1006 Beda³
715 986 722 1006 :
737 987 750 1004 «
763 975 842 1012 Quia
852 975 950 1006 Lucas

181 1027 391 1058 sacerdotium
408 1029 445 1067 (a)
467 1029 581 1060 Christi
595 1029 769 1059 describere
785 1029 949 1068 disposuit,

181 1081 265 1110 recte
281 1079 434 1111 Dominus
447 1082 532 1120 apud
542 1091 617 1112 eum
628 1091 686 1120 pro
696 1083 949 1122 persecutoribus

178 1132 252 1170 jure
269 1133 439 1164 sacerdotis
453 1134 649 1165 intercedit.»
667 1134 705 1164 Et
718 1135 777 1165 1100
789 1136 950 1174 figuratur

180 1186 213 1216 in
237 1187 344 1218 Aaron
367 1188 377 1204 ⁴
399 1191 509 1220 orante
534 1199 592 1229 pro
618 1191 734 1230 populo
762 1191 949 1229 insurgente

181 1241 289 1270 contra
303 1241 427 1280 ipsum,
445 1242 483 1272 de
504 1252 568 1282 quo
590 1243 707 1273 ibidem
722 1243 846 1281 dicitur,
865 1245 949 1283 quod

183 1303 198 1320 (ι
213 1294 298 1322 510115
311 1293 417 1324 Aaron
432 1294 515 1325 inter
528 1298 668 1326 mortuos
678 1305 713 1326 ac
723 1296 875 1334 viventes,
892 1306 949 1336 pro

178 1345 295 1383 populo
317 1346 502 1385 deprecatus
526 1350 589 1386 est,
611 1351 641 1378 et
659 1348 756 1387 plaga
773 1349 914 1380 cessavit.
929 1360 944 1377 1)

179 1397 266 1428 Unde
292 1398 386 1429 etiam
408 1399 539 1438 Sapiens
561 1401 569 1417 ⁵
595 1411 603 1431 :
629 1413 644 1429 «
666 1401 840 1440 Properans
862 1403 948 1433 enim

177 1450 275 1481 homo
299 1451 366 1487 sine
389 1453 517 1491 querela
543 1454 702 1493 deprecari
727 1465 784 1494 pro
812 1457 946 1496 populis,

176 1503 340 1541 proferens
359 1505 520 1535 servitutis
535 1515 603 1537 511εο
618 1509 743 1538 scutum
759 1510 946 1546 orationem,

177 1557 208 1585 et
222 1564 278 1595 per
289 1556 454 1588 incensum
470 1558 721 1598 deprecationem
735 1561 877 1600 allegans
894 1563 945 1601 (b),

177 1608 292 1639 restitit
305 1609 373 1640 irae.
384 1621 398 1638 »
412 1610 450 1641 Et
459 1620 515 1650 per
524 1612 584 1642 hoc
597 1613 737 1644 Christus
745 1614 828 1645 dedit
838 1624 945 1646 exem-

175 1661 266 1700 plum
286 1663 434 1693 omnibus
454 1665 669 1703 pontificibus,
687 1668 718 1697 et
732 1668 826 1697 etiam
843 1669 944 1698 omni-

175 1713 237 1744 bus
259 1714 452 1754 Christianis,
477 1718 532 1756 qui
551 1720 625 1748 sunt
644 1719 654 1735 ‘³
677 1720 782 1759 reqale
801 1721 947 1751 sacerdo-

176 1762 268 1800 tium,
282 1765 314 1794 et
328 1765 468 1795 maxime
485 1767 642 1804 perfectis,
658 1776 749 1798 orare
765 1778 823 1808 pro
837 1778 943 1808 perse-

175 1815 357 1853 quentibuS,
382 1817 556 1848 secundum
578 1819 655 1849 illud
678 1823 687 1838 ⁷
711 1831 717 1849 :
745 1832 759 1849 «
780 1820 871 1852 Orate
889 1831 946 1861 pro

175 1868 436 1906 persequentibus
453 1871 482 1899 01
497 1870 764 1903 calumniantibus
779 1883 836 1904 vos
852 1885 859 1904 :
875 1885 889 1902 »
909 1875 947 1905 si-

175 1920 229 1948 cut
251 1919 322 1950 fecit
348 1920 489 1952 Christus
518 1925 548 1953 et
576 1925 789 1964 protomartyr
812 1926 945 1966 Stepha-

174 1979 234 2001 nus
254 1973 264 1989 ⁸
288 1983 294 2002 :
315 1984 329 2001 (1
347 1972 391 2004 Νο
410 1975 529 2005 51011105
552 1975 614 2006 illis
633 1977 694 2008 1100
716 1981 889 2018 peccatum.
907 1980 945 2011 Et

174 2032 248 2054 cum
259 2024 319 2055 hoc
331 2025 478 2064 dixisset,
497 2027 699 2061 obdormivit.
715 2041 729 2059 »

214 2077 342 2115 Quarto,
360 2082 515 2118 quantum
531 2081 569 2112 ad
584 2083 787 2122 rapacitatem
803 2086 944 2119 militum

173 2130 442 2169 crucifigentium,
460 2132 665 2172 adiungitur:
680 2137 861 2169 Dz'vz'demes
870 2149 943 2171 vero

171 2182 357 2213 vestimenta
371 2184 450 2223 ejus,
468 2186 623 2218 miserunt
642 2193 754 2228 sortes,
780 2192 864 2230 quod
885 2202 941 2224 ex-

172 2235 313 2273 pressius
329 2236 442 2267 dicitur
456 2238 490 2268 in
503 2239 626 2271 Ioanne
641 2242 651 2257 ⁹
668 2252 675 2272 z
699 2243 836 2274 «Milites
850 2254 941 2286 ergo,

172 2294 246 2316 cum
267 2289 497 2320 crucifixissent
520 2301 611 2331 eum,
635 2298 822 2334 acceperunt
846 2298 940 2328 vesti-

174 2340 282 2369 menta
298 2341 378 2379 ejus,
391 2343 421 2371 et
431 2342 572 2374 fecerunt
581 2348 717 2384 quatuor
727 2350 830 2387 partes
848 2357 856 2378 ε
871 2351 942 2380 11111-

172 2391 288 2431 0111(1110
308 2393 402 2424 11111111
425 2398 559 2434 partem.
575 2407 589 2425 1)
614 2398 654 2428 Ε1
674 2402 781 2438 postea
796 2401 942 2434 subditur

171 2442 210 2473 de
226 2445 332 2476 tunica
354 2446 547 2486 inconsutili,
573 2451 657 2489 quod
675 2462 689 2480 a
708 2455 824 2484 sortem
845 2455 941 2487 mise-

173 2498 258 2535 runt,
278 2499 370 2537 eujus
384 2502 476 2531 esset.
493 2512 508 2529 »
527 2501 593 2533 Hoc
614 2506 720 2535 autem
742 2506 860 2539 factum
880 2511 938 2547 est,

204 2593 211 2607 ¹
225 2593 290 2623 Act„
305 2601 333 2625 11,
348 2597 386 2626 41;
400 2602 433 2624 1v,
445 2599 607 2629 4.—²Ileb1*.‚
621 2602 703 2629 ν’,7.-
719 2602 729 2618 ³
744 2604 814 2635 ned„
832 2606 856 2629 in
871 2607 938 2636 Luc„

173 2625 264 2656 lib-Vl,
278 2635 300 2653 c.
315 2636 413 2654 xcxv.-—
430 2632 534 2663 ⁸szz„
545 2640 597 2662 xvi,
614 2637 652 2665 47,
668 2638 705 2660 48.
724 2651 748 2655 -
762 2639 772 2655 ⁵
782 2641 851 2670 Sap„
865 2647 938 2671 xvm,

173 2661 212 2684 2¹.
227 2674 253 2679 —
270 2663 280 2677 ‘
296 2664 305 2687 1
324 2665 401 2695 Petra,
422 2672 450 2696 11,
471 2669 494 2691 9.
511 2681 542 2686 ——
556 2669 564 2684 ⁷
581 2671 681 2700 Mami„
702 2678 730 2702 v,
749 2674 787 2698 44.
803 2687 833 2693 —-
847 2675 857 2691 ⁸
872 2677 937 2706 Act„

1717 231 1772 258 211

1008 292 1043 320 ut
1064 290 1138 320 dicit
1151 290 1288 321 Joannes
1307 291 1339 328 ¹⁰,
1358 290 1397 320 ad
1411 291 1679 330 complementum
1700 302 1773 333 pro-

1006 341 1123 381 phetiae
1142 352 1149 373 :
1170 352 1245 374 nam
1260 342 1413 383 propheta
1423 343 1520 375 David
1534 344 1568 374 in
1582 345 1713 376 Psalmo
1726 346 1776 376 di-

1007 395 1048 425 cit
1064 396 1081 411 ¹¹
1101 407 1107 426 z
1133 408 1148 424 «
1163 396 1342 427 Divisernut
1357 397 1416 427 sibi
1431 397 1617 428 vestimenta
1635 407 1707 429 mea
1723 409 1730 430 ε
1746 402 1777 430 01

1007 456 1102 486 super
1116 451 1236 479 vestem
1258 457 1360 480 meam
1385 450 1539 481 miserunt
1554 452 1681 482 sortem.
1704 462 1719 481 1)
1738 451 1776 482 Ε1

1006 499 1039 529 in
1050 500 1109 530 1100
1124 502 1270 541 apparuit
1283 502 1438 541 rapacitas
1453 503 1602 542 militum,
1620 504 1676 544 qui
1691 504 1777 535 Chri-

1007 555 1091 583 stum
1107 563 1164 593 pro
1176 564 1233 585 sua
1245 555 1414 594 rapacitate
1427 557 1639 588 nudaverunt.
1657 557 1696 588 Et
1707 558 1776 588 ideo

1007 606 1110 644 passio
1121 606 1235 637 Christi
1249 608 1415 646 signanter
1425 609 1625 648 significatur
1634 619 1691 650 per
1698 610 1774 649 Noe,
1806 608 1809 610 “

1006 658 1043 688 de
1067 668 1130 698 quo
1144 660 1257 690 dicitur
1273 661 1294 677 ¹²
1309 662 1394 700 quod
1413 673 1427 690 «
1449 662 1561 693 bibens
1581 663 1693 694 viuum
1707 664 1774 695 1110-

1006 711 1127 742 111101115
1142 715 1198 750 est,
1215 715 1245 743 et
1261 714 1399 744 nudatus
1411 715 1446 744 in
1460 716 1662 748 tabernaculo
1678 727 1772 748 suo.»

1007 762 1067 793 Per
1078 764 1160 794 hanc
1175 766 1281 795 autem
1297 766 1483 797 divisionem
1498 769 1635 799 vestium
1650 770 1684 800 iu
1697 779 1777 810 qua-

1813 783 1897 804 Divisio

1006 817 1078 846 tuor
1100 819 1216 856 partes,
1236 818 1424 857 intelligitur
1438 820 1566 852 diffusio
1583 821 1729 854 Ecclesiae
1744 824 1777 854 in
1797 815 1891 834 ''essim''

1006 870 1141 908 quatuor
1156 872 1259 909 partes
1274 872 1395 902 mundi.
1412 872 1498 904 Unde
1510 874 1593 905 Beda
1606 876 1626 892 ¹³
1643 886 1650 906 :
1665 887 1679 905 «
1692 876 1776 913 Qua-

1006 921 1170 961 dripartita
1183 925 1280 954 vestis
1292 924 1417 955 Domini
1429 927 1693 967 quadripartitam
1707 931 1777 969 ejus

1006 975 1125 1014 figurat
1138 976 1319 1016 Ecclesiam,
1338 980 1402 1009 toto
1417 979 1544 1018 scilicet,
1565 981 1620 1020 qui
1640 984 1776 1021 quatuor

1006 1028 1147 1066 partibus
1158 1032 1289 1068 constat,
1308 1032 1467 1062 terrarum
1483 1033 1560 1063 orbe
1573 1034 1731 1072 diffusam,
1746 1039 1776 1067 et

1005 1082 1153 1112 omnibus
1171 1083 1287 1113 eisdem
1312 1085 1455 1123 partibus
1478 1087 1653 1126 aequaliter,
1670 1089 1701 1119 id
1716 1092 1774 1128 051,

1005 1135 1200 1166 concorditer
1222 1136 1433 1168 distributam.
1453 1149 1468 1167 »
1487 1139 1607 1171 Tunica
1627 1151 1703 1173 vero
1723 1143 1776 1174 illa

1004 1187 1127 1224 sortita,
1162 1189 1306 1220 omnium
1339 1192 1477 1230 partium
1510 1194 1667 1233 siguificat
1701 1197 1774 1227 uni-

1004 1241 1099 1269 tatem
1109 1264 1117 1278 ,
1142 1250 1214 1280 quae
1242 1242 1402 1274 charitatis
1424 1245 1553 1277 vinculo
1581 1249 1773 1280 continetur.

1004 1290 1064 1321 Per
1078 1293 1261 1324 missionem
1278 1297 1386 1326 autem
1401 1298 1493 1328 sortis
1506 1299 1696 1339 intelligitur
1711 1303 1775 1333 col-

1003 1344 1078 1374 latio
1095 1346 1220 1383 gratiae,
1235 1356 1308 1386 quae
1321 1357 1386 1379 11011
1399 1358 1456 1388 pro
1470 1350 1611 1383 humana
1624 1354 1775 1386 distribu-

979 1415 983 1418 -
1004 1397 1097 1435 tione,
1116 1399 1170 1429 sed
1187 1400 1290 1438 potius
1304 1410 1361 1440 pro
1376 1401 1484 1433 divina
1501 1404 1702 1444 dispositione
1716 1408 1773 1439 da-

1002 1451 1066 1487 tur,
1083 1451 1159 1489 quia
1174 1451 1193 1467 ¹¹
1209 1463 1223 1480 «
1238 1454 1337 1483 sortes
1351 1454 1522 1486 mittuntur
1532 1457 1564 1487 in
1579 1459 1684 1490 sinum
1694 1483 1702 1498 ‚
1719 1462 1774 1492 sed

1002 1501 1163 1533 aDomino
1175 1505 1403 1544 temperantur.
1420 1518 1434 1536 ›>
1451 1508 1489 1538 Et
1500 1510 1520 1526 ¹⁵
1536 1519 1544 1540 :
1563 1521 1577 1540 «
1592 1511 1650 1550 Tu,
1667 1512 1774 1544 Domi—

1001 1562 1053 1592 ne,
1074 1555 1128 1594 qui
1148 1557 1242 1587 corda
1257 1559 1339 1588 nosti
1355 1561 1517 1600 omnium,
1534 1564 1662 1595 ostende
1676 1574 1774 1605 quem

1001 1607 1145 1647 elegeris.
1167 1620 1182 1637 ›)
1208 1610 1359 1650 Sequitur
1388 1624 1394 1643 z
1416 1614 1483 1645 «Et
1500 1615 1654 1648 dederunt
1674 1621 1773 1651 sortes

1001 1660 1056 1697 015,
1072 1663 1103 1691 01
1117 1663 1226 1693 0001(111
1241 1673 1310 1694 sors
1326 1675 1421 1706 super
1435 1667 1610 1701 Matthiam.
1627 1682 1641 1699 »

1041 1712 1167 1752 Quinto,
1183 1719 1339 1754 quantum
1354 1718 1394 1748 ad
1407 1720 1639 1759 malignitatem
1654 1724 1772 1763 princi-

1001 1773 1077 1803 pum
1088 1766 1322 1807 insultantium,
1337 1771 1504 1811 subjungit
1516 1773 1558 1812 (v.
1575 1776 1623 1814 35)
1638 1786 1645 1806 :
1660 1776 1772 1808 Etsta-

1001 1816 1055 1846 bat
1068 1819 1209 1858 populus
1231 1825 1414 1861 eoepectcms,
1441 1828 1470 1854 et
1492 1825 1679 1858 deridebant
1697 1838 1771 1860 eum

996 1871 1157 1911 principes
1181 1881 1253 1904 cum
1275 1875 1336 1913 eis;
1360 1878 1390 1906 et
1412 1876 1456 1907 sic
1479 1878 1646 1918 impletum
1667 1884 1714 1912 est
1731 1882 1772 1912 il-

999 1922 1054 1953 lud
1074 1925 1093 1943 16
1110 1935 1138 1954 :a
1150 1924 1265 1956 Omnes
1278 1927 1422 1959 videntes
1432 1938 1494 1968 me,
1507 1931 1685 1964 deriserunt
1697 1943 1768 1966 me:

998 1974 1095 2006 locuti
1115 1979 1188 2007 sunt
1209 1977 1315 2016 labiis,
1336 1982 1368 2010 et
1388 1987 1558 2015 moverunt
1575 1989 1680 2026 caput.
1699 1997 1715 2016 11
1730 1987 1770 2018 Ε1

998 2028 1056 2058 Job
1076 2028 1095 2044 ¹⁷
1119 2037 1130 2058 .·
1160 2040 1173 2058 α
1186 2029 1350 2062 Deridetur
1370 2034 1455 2064 enim
1471 2037 1562 2075 justi·
1572 2039 1767 2079 simplicitas

998 2079 1133 2120 Lampas
1153 2086 1334 2124 contempta
1355 2088 1439 2126 apud
1460 2090 1667 2128 cogitationes
1691 2094 1769 2125 divi-

997 2135 1078 2173 tum,
1090 2146 1104 2163 »
1119 2136 1236 2167 scilicet
1246 2138 1427 2178 principum
1439 2143 1649 2176 sacerdotum.
1665 2145 1769 2186 Hujus

998 2186 1102 2225 figura
1116 2190 1274 2227 praecessit
1289 2191 1322 2221 in
1335 2191 1432 2223 Cham
1451 2194 1471 2210 ¹⁸
1488 2205 1495 2225 :
1518 2205 1532 2224 α
1546 2196 1625 2227 Cum
1640 2198 1769 2230 vidisset

998 2238 1093 2269 Cham
1113 2243 1201 2280 pater
1216 2242 1375 2281 Chanaan,
1389 2247 1527 2277 verenda
1540 2248 1656 2280 scilicet
1670 2252 1768 2290 patris

997 2292 1046 2322 sui
1062 2301 1130 2323 esse
1145 2295 1279 2333 nudata,
1296 2298 1455 2329 nuntiavit
1475 2300 1601 2332 duobus
1617 2303 1767 2336 fratribus

996 2345 1062 2374 suis
1077 2345 1196 2377 foras.»
1211 2347 1262 2378 Sic
1274 2351 1304 2378 et
1317 2350 1379 2388 isti,
1394 2350 1535 2384 videntes
1550 2354 1663 2387 Christi
1678 2357 1766 2388 infir-

996 2396 1156 2436 mitatem,
1181 2400 1386 2432 insultabant.
1415 2403 1501 2435 Unde
1525 2408 1556 2437 et
1581 2408 1728 2441 subditur
1754 2422 1762 2442 t

996 2449 1140 2481 De’cenles
1158 2462 1170 2482 .·
1191 2452 1278 2483 Alios
1293 2454 1395 2486 salvos
1410 2457 1487 2495 fecit
1499 2468 1510 2489 .·
1525 2468 1557 2490 se
1572 2461 1697 2493 salvum
1712 2464 1763 2501 sa-

996 2536 1040 2560 vn,
1057 2532 1096 2554 59.
1109 2544 1138 2548 —
1156 2534 1163 2543 '¹
1181 2532 1261 2563 dorm„
1279 2540 1333 2564 rix,
1353 2537 1391 2559 23.
1405 2549 1434 2554 —
1446 2538 1466 2554 ¹⁰
1482 2538 1555 2570 ibid„
1570 2542 1608 2564 24.
1624 2554 1654 2559 ——
1669 2544 1685 2559 ¹¹
1698 2544 1762 2568 Psal.

995 2571 1050 2594 ni,
1068 2567 1103 2589 19,
1116 2578 1147 2583 —
1163 2567 1181 2582 ¹³
1195 2569 1265 2599 Gen„
1280 2575 1317 2600 111,
1328 2571 1366 2594 21.
1377 2584 1408 2589 —
1420 2572 1441 2588 ¹³
1455 2574 1527 2604 Betl„
1542 2575 1584 2599 ubi
1599 2583 1666 2607 sup„
1680 2580 1765 2608 quoad

996 2606 1105 2624 sensum.
1123 2613 1152 2618 —
1167 2602 1185 2617 ¹¹
1201 2603 1284 2634 Pron„
1301 2611 1354 2635 xvi,
1373 2608 1411 2630 33.
1426 2621 1457 2625 —
1471 2609 1491 2625 ¹5
1505 2610 1570 2640 Act„
1590 2617 1607 2640 1,
1628 2614 1666 2643 24,
1680 2614 1718 2637 26.
1734 2627 1765 2631 —

996 2635 1015 2649 ¹¹¹
1028 2635 1098 2658 Psul.
1119 2642 1178 2667 1111,
1191 2638 1214 2660 8.
1229 2651 1259 2655 -
1274 2639 1292 2655 ¹⁷
1307 2640 1364 2671 Job,
1379 2647 1429 2673 xu,
1445 2643 1495 2667 4-5.
1506 2657 1536 2662 -
1554 2646 1570 2659 ¹⁸
1587 2646 1657 2677 Gen„
1673 2653 1708 2678 ix,
1725 2650 1762 2672 22.

1028 2679 1058 2707 (α)
1076 2679 1137 2703 Caet.
1152 2680 1211 2705 edil.
1228 2684 1371 2709 sacerdotii.
1386 2699 1416 2703 —
1431 2686 1465 2717 (b)
1480 2688 1595 2719 alligans.

1800 845 1859 871 quid.
