1987 3032
187 208 244 237 328

187 271 269 308 quod
286 282 299 297 (ι
317 273 397 300 ,lesus
411 272 568 300 declinavit
586 273 705 308 propter
723 271 786 305 tria,
803 270 912 298 scilicet
925 273 957 299 ut

187 326 222 346 eo
251 319 385 352 absente,
408 319 606 346 testimonium
628 318 707 346 fieret
731 317 954 354 insuspicabile3

187 364 266 399 item,
281 367 312 392 ut
330 373 391 392 non
408 366 474 401 plus
493 365 623 392 furorem
638 372 742 392 eorum
761 364 933 391 accenderet
948 373 954 391 ι

187 411 267 438 solus
286 411 365 439 enim
383 412 462 439 visus
481 412 552 446 ejus,
573 411 624 447 qui
644 411 768 438 habetur
783 410 812 437 in
832 409 955 444 invidia,

187 465 248 485 non
264 466 387 494 parvam
405 458 560 485 scintillam
580 458 707 486 immittit
723 458 751 485 in
771 457 941 484 videntibus
948 466 955 491 ;

187 504 267 537 item,
282 507 313 531 ut
327 512 387 532 non
401 504 497 531 adhuc
510 504 546 531 de
560 512 590 531 se
606 504 669 539 ipso
685 503 756 539 quid
772 503 860 537 dicat,
875 503 957 539 quod

188 551 227 578 ad
241 550 360 578 laudem
379 551 544 585 pertineret.
561 560 574 576 »
591 551 653 577 Hoec
669 550 728 577 1116.
745 549 833 577 Aliter
846 552 958 584 Augus-

188 596 265 623 tinus
283 598 303 630 1,
317 596 401 631 quod
421 596 477 623 hoc
498 598 540 624 est
560 603 702 630 magnum
717 596 933 623 sacramentum
950 604 955 621 :

191 651 204 667 «
218 643 249 669 ln
264 649 332 669 eum
347 642 425 669 enim
440 642 597 676 credimus,
613 650 702 678 quem
713 649 774 669 non
786 641 954 668 videmus.»

188 687 264 715 Infra
278 689 288 705 ¹
304 696 310 715 :
329 697 342 713 «
362 688 438 716 Beati
461 688 511 724 qui
535 696 595 715 non
621 688 757 715 viderunt
775 690 802 715 et
823 686 957 714 credide-

188 735 265 761 runt.
282 744 295 760 »

224 782 268 808 14.
281 781 375 808 Postea
389 782 492 808 invenit
507 789 565 808 eum
580 783 609 807 z'n
624 781 730 815 templo.
742 782 773 807 Et
785 780 813 807 in
826 780 881 807 1106
896 779 960 807 reli-

190 826 286 861 gionis
305 827 422 861 signum
439 836 444 854 :
468 835 529 854 non
552 827 629 854 enim
649 829 805 854 secesserat
825 826 864 854 ad
886 833 961 853 nun-

191 872 286 906 dinas,
300 880 354 900 1160
372 873 517 909 voluptati
532 875 559 900 et
578 873 742 900 remissioni
760 872 840 900 dedit
855 875 960 899 semet-

191 919 304 954 ipsum,
321 919 372 946 sed
388 919 418 946 in
436 919 546 954 templo
562 919 801 952 conversabatur,
818 919 856 945 ait
871 918 960 954 Chry-

191 967 336 992 sostomus
356 966 376 991 ³.
397 966 432 991 Et
449 965 523 992 dimit
543 966 587 992 illi
608 974 614 991 :
636 966 700 992 Ecce
718 973 800 992 sanus
817 966 905 998 factus
923 972 959 992 es.

192 1012 224 1038 Et
245 1011 275 1038 in
298 1011 353 1038 hoc
375 1014 464 1047 patet,
480 1011 563 1047 quod
582 1019 617 1038 ex
636 1011 762 1047 pcccatis
783 1012 881 1045 genita
901 1014 962 1039 erat

192 1057 242 1084 illa
251 1065 319 1092 pars
333 1057 380 1092 (a),
395 1057 467 1084 sicut
483 1057 522 1085 ait
536 1058 759 1093 Chrysostomus
769 1058 789 1090 ”,
799 1060 825 1085 et
840 1057 919 1085 idem
932 1058 962 1084 in

192 1103 294 1130 Glossa
313 1112 319 1130 :
337 1105 364 1130 et
381 1103 449 1131 ideo
468 1104 507 1131 ait
527 1113 533 1131 :
553 1105 617 1132 Noli
634 1112 752 1139 peecare,
772 1104 810 1132 ad
831 1105 963 1132 cavenda

193 1151 307 1184 majora
329 1151 482 1186 supplicia.
507 1151 575 1179 ldeo
597 1152 728 1187 sequitur
753 1160 759 1178 ε
782 1153 822 1180 Ne
847 1152 963 1179 deterius

194 1197 246 1223 tem*
267 1198 411 1231 contz'nqat.
441 1200 471 1225 Et
498 1200 577 1232 patet
604 1206 752 1232 congruus
783 1198 891 1225 modus
919 1199 963 1226 10-

194 1242 315 1277 quendi.
331 1244 393 1270 Non
414 1244 493 1271 enim
512 1244 551 1270 ait
572 1244 597 1271 ei
619 1244 746 1272 Christus
771 1254 777 1271 ε
805 1246 913 1272 Sanum
936 1247 963 1272 te

194 1288 262 1323 seci3
280 1289 330 1316 sed
351 1298 357 1316 :
381 1291 467 1317 Sanus
486 1291 574 1322 factus
593 1298 628 1317 es.
648 1292 703 1317 Nec
723 1290 762 1317 ait
784 1299 790 1317 :
808 1292 840 1317 Ut
858 1299 918 1318 non
938 1294 964 1318 te

194 1337 361 1370 torqueam3
373 1336 443 1363 sed:
456 1337 496 1364 Ne
512 1337 561 1362 tibi
571 1337 687 1363 [leterius
702 1339 847 1371 contz'nqat.
865 1338 964 1364 Osten-

195 1381 236 1408 dit
259 1382 337 1409 enim
362 1382 504 1417 quoniam
533 1382 686 1410 clementia
710 1383 837 1410 salvatus
863 1385 915 1416 est,
938 1385 966 1411 et

194 1428 336 1463 quoniam
350 1429 476 1463 peccatis
491 1428 613 1456 debetur
627 1429 765 1462 vindicta,
775 1430 813 1456 ait
827 1429 965 1464 Chrysos-

195 1476 291 1502 tomus
304 1475 324 1501 ⁵.
340 1476 371 1502 Et
386 1475 422 1502 de
437 1475 493 1502 hoc
508 1475 684 1510 Augustinus
698 1476 708 1492 ‘³
724 1484 730 1501 ε
750 1486 763 1501 «
779 1478 853 1503 Bene
867 1478 964 1503 Jcsum

195 1521 225 1547 in
239 1521 326 1548 turba
340 1529 401 1548 non
414 1522 497 1555 vidit,
514 1522 543 1548 in
559 1522 668 1557 templo
684 1524 786 1557 postea
800 1522 873 1550 vidit
890 1531 896 1549 ε
913 1523 966 1549 dif-

195 1566 271 1594 ficile
286 1569 328 1594 est
342 1568 420 1594 enim
439 1568 469 1594 in
488 1568 574 1595 turba
592 1570 689 1595 Jcsum
706 1568 817 1595 videre.
832 1568 964 1596 Solitudo

196 1614 331 1649 quaedam
358 1615 446 1642 menti
469 1615 632 1642 necessaria
653 1617 694 1642 est
715 1623 721 1641 :
747 1614 832 1642 turba
863 1615 965 1650 strepi-

196 1663 257 1688 tum
276 1661 380 1696 habet,
399 1661 472 1689 visio
496 1664 648 1689 secretum.
673 1672 685 1687 >³
710 1662 741 1688 Et
765 1661 806 1688 ibi
828 1661 903 1688 bene
928 1662 965 1688 de

195 1707 262 1735 hoo.

235 1757 276 1783 15.
294 1757 327 1782 Et
341 1755 472 1790 sequitur
487 1756 625 1790 quartum
645 1764 651 1782 :
673 1755 749 1782 Abiit
763 1756 809 1782 ille
822 1755 896 1782 homo
913 1763 919 1781 :
936 1755 966 1782 in

197 1810 256 1837 quo
275 1804 393 1830 notatur
411 1804 559 1837 quartum,
576 1801 695 1834 scilicet,
715 1801 895 1829 denuntiatio
916 1810 966 1829 cu-

196 1848 285 1876 rantis
299 1858 305 1875 :
322 1850 357 1875 Et
371 1850 545 1876 annuntiavit
559 1850 624 1883 quta
637 1850 712 1875 Jesus
726 1850 800 1875 esset.
816 1848 896 1876 Unde
912 1851 967 1876 Au-

197 1895 328 1930 gustinus
341 1896 351 1911 ⁷
368 1905 374 1923 :
398 1905 411 1921 α
427 1897 584 1930 Postquam
606 1895 755 1930 cognovit,
771 1903 831 1922 non
849 1896 902 1923 fuit
920 1897 966 1931 pi-

198 1949 249 1976 ger
262 1941 292 1968 in
312 1941 553 1976 evangelizando.
569 1941 619 1968 llle
638 1942 831 1969 annuntiabat
847 1951 852 1968 :
870 1942 910 1969 illi
926 1943 968 1970 in-

197 1987 358 2014 saniebant.
382 1998 394 2013 1)
420 1987 488 2014 ldeo
510 1988 642 2022 sequitur
662 1988 700 2023 (r.
726 1990 767 2020 16)
795 1996 801 2015 :
827 1989 967 2022 Propterea

195 2034 430 2068 persequebantur,
450 2036 516 2067 quta
538 2034 591 2060 hoec
616 2035 645 2060 in
669 2035 775 2060 sabbalo
793 2035 919 2066 faciebat.
936 2036 967 2061 Et

197 2081 275 2114 patet
289 2079 407 2106 devotio
422 2079 499 2106 illius
514 2079 619 2113 curati;
639 2079 678 2106 ait
692 2079 770 2106 enim
786 2088 792 2106 :
810 2080 864 2112 Qui
876 2088 916 2107 me
926 2082 968 2112 se-

197 2126 234 2152 cz't
255 2133 359 2159 sanum,
381 2125 530 2152 medicum
553 2125 740 2152 manifestum
758 2125 878 2159 faciens,
893 2126 967 2153 alios

197 2171 339 2199 attrahere
355 2171 482 2199 studens.
498 2171 540 2199 1111
555 2179 626 2198 vero
639 2171 773 2198 dixerant
785 2171 882 2207 prius:
901 2172 967 2204 Quis

198 2221 235 2244 est
250 2219 297 2244 ille
311 2218 384 2244 homo
399 2219 446 2252 qui
458 2218 542 2249 dixit,
554 2219 619 2251 etc„
633 2217 703 2252 quia
716 2217 798 2252 quod
811 2217 968 2244 videbatur

198 2263 323 2298 crimen,
353 2263 523 2291 adferebant
533 2273 541 2298 ;
568 2263 620 2291 iste
649 2270 719 2290 vero
749 2263 967 2292 excusationem

198 2310 346 2345 praemittit
362 2320 369 2337 :
387 2311 441 2342 Qui
462 2318 501 2336 me
516 2318 609 2337 sanum
624 2311 702 2343 fecit,
716 2311 747 2337 ut
771 2310 810 2337 ait
830 2311 968 2346 Chrysos-

198 2359 295 2384 tomus
308 2357 327 2383 ⁸.
345 2356 400 2384 Sed
416 2357 554 2392 quaeritur
571 2365 577 2384 :
593 2356 709 2384 videtur
724 2357 801 2383 enim
818 2358 901 2392 quod
921 2359 933 2385 J
939 2366 968 2385 u-

199 2402 254 2430 daei
270 2403 346 2437 juste
361 2403 534 2437 arguebant,
548 2410 581 2430 ex
601 2410 660 2438 quo
676 2404 737 2430 erat
751 2403 919 2435 sabbatum,
937 2404 968 2431 in

199 2456 259 2484 quo
275 2455 335 2475 non
352 2448 459 2476 licebat
480 2456 570 2476 onera
583 2451 711 2484 portare.
728 2450 759 2476 Et
780 2450 818 2477 ad
832 2449 889 2477 hoe
906 2457 967 2477 res-

232 2533 240 2548 ¹
263 2534 337 2563 Aug..
361 2531 404 2555 ubi
426 2539 493 2562 sup,
519 2539 544 2555 11.
575 2535 611 2556 11.
634 2545 664 2550 -
689 2533 697 2546 ²
724 2533 780 2563 lns.‚
804 2539 850 2562 xx,
877 2535 915 2559 20,
939 2548 967 2552 -

201 2567 364 2598 SChrysost„
380 2568 405 2590 in
420 2568 500 2593 loon..
517 2567 586 2590 hom.
605 2573 708 2597 xxxvii,
725 2568 756 2591 al.
772 2574 886 2599 xxxvur,
902 2576 927 2594 n.
947 2572 967 2593 1.

200 2617 230 2622 —-
244 2605 251 2617 ¹
269 2603 341 2632 lbid.‚
357 2610 383 2626 n.
399 2605 422 2626 2.
440 2615 465 2619 —
482 2602 616 2626 15111111-
630 2603 639 2618 ⁶
655 2605 728 2633 Aug„
747 2604 789 2627 ubi
805 2612 872 2635 sup.,
887 2613 911 2629 n.
930 2608 966 2630 11.

201 2651 230 2656 --
245 2639 252 2652 ‘
270 2638 343 2668 ibid„
363 2644 389 2662 11.
413 2640 451 2662 12,
470 2651 499 2656 -
522 2638 530 2651 ⁸
549 2638 688 2669 Chr-vmstq
709 2639 750 2662 ubi
765 2646 832 2670 sup.‚
854 2647 879 2664 n.
900 2642 922 2665 2.
938 2654 968 2659 —

706 204 918 236 EVANGELII
940 204 1081 236 SANCTI
1104 205 1264 238 JOANNIS

1012 271 1218 307 pondendum,
1231 272 1313 308 quod
1326 273 1401 300 illud
1415 274 1456 300 est
1471 280 1575 301 verum
1591 273 1627 301 de
1642 273 1782 302 oneribus

1013 318 1242 353 impedientibus
1255 319 1438 346 vacationem
1451 319 1489 346 ad
1505 321 1605 354 Deum,
1620 321 1652 346 ut
1671 321 1750 356 patet
1760 319 1781 355 ⁹,

1013 366 1041 392 et
1052 365 1250 400 principaliter
1261 365 1296 393 de
1312 366 1451 401 operibus
1461 366 1625 399 servilibus,
1639 374 1704 402 quae
1717 367 1785 393 sunt

1013 413 1144 446 peccata,
1159 413 1191 438 ut
1205 411 1244 438 ait
1258 411 1434 445 Augustinus
1449 412 1470 429 ¹⁰
1483 421 1489 438 :
1511 422 1523 437 «
1536 412 1629 439 Judaei
1642 412 1785 440 serviliter

1014 456 1172 484 observant
1189 457 1268 484 diem
1283 457 1397 484 sabbati
1413 457 1451 484 ad
1462 458 1620 491 luxuriam,
1637 458 1675 485 ad
1690 457 1785 486 ebrie-

1014 504 1117 534 tatcm;
1144 504 1256 538 quanto
1275 502 1380 530 melius
1403 503 1528 532 soeminae
1556 512 1659 532 eorum
1683 504 1784 532 lanam

1013 549 1152 582 facerent,
1167 557 1257 584 quam
1276 549 1306 576 in
1326 550 1488 578 neomeniis
1506 551 1653 579 saltarent.
1670 562 1683 577 u
1699 551 1785 587 Spiri-

1015 595 1130 623 tualiter
1144 603 1215 623 vero
1235 595 1373 624 observat
1386 596 1575 631 Christianus,
1591 597 1739 626 abstinens
1754 606 1784 626 se

1015 641 1053 669 ab
1078 649 1166 677 opere
1185 642 1294 676 servili,
1312 642 1343 670 id
1367 644 1418 676 cst,
1438 650 1456 670 a
1474 645 1604 678 peccato.
1626 645 1659 671 Et
1677 645 1785 679 Grego-

1015 688 1074 715 rius
1091 697 1097 715 2
1122 698 1135 713 (ι
1154 688 1335 723 Regulariter
1352 696 1443 716 onera
1466 689 1496 716 in
1515 688 1630 717 sabbati
1653 689 1699 718 die
1718 697 1787 726 por-

1016 736 1075 762 tare
1094 734 1277 770 prohibitum
1291 736 1343 768 est,
1360 735 1389 762 id
1409 737 1460 770 cst,
1477 743 1513 763 ne
1536 736 1671 771 pondera
1684 743 1787 772 pecca-

1015 783 1113 808 torum
1128 781 1166 808 ad
1181 781 1310 809 animam
1323 790 1375 817 per
1391 790 1491 810 sensus
1507 783 1675 818 corporales
1689 782 1787 810 traha-

1017 836 1090 855 mus.
1108 838 1121 854 »
1139 829 1171 855 Et
1181 828 1250 863 quia
1260 830 1376 863 portare
1392 829 1547 863 grabatum
1559 837 1594 856 eo
1610 829 1713 864 modo,
1725 837 1786 865 quo

1014 873 1066 901 istc
1081 874 1217 909 portavit,
1233 882 1293 901 non
1312 874 1365 902 fuit
1384 874 1422 902 ad
1441 875 1686 910 impedimentum
1699 883 1786 904 vaca-

1017 921 1104 949 tionis
1125 930 1142 950 a
1163 924 1230 956 Deo,
1247 923 1306 949 imo
1327 922 1365 950 ad
1388 922 1530 957 templum
1552 922 1613 957 ivit,
1629 926 1657 950 et
1678 922 1788 950 benefi-

1018 969 1096 996 cium
1123 969 1279 996 curationis
1308 969 1347 996 ad
1370 969 1496 1003 gloriam
1521 969 1570 997 Dei
1595 969 1788 1003 annuntiavit,

1017 1015 1100 1042 nulla
1114 1014 1166 1042 suit
1182 1014 1302 1042 violatio
1317 1015 1442 1042 sabbati.
1459 1017 1598 1043 Praeterea
1611 1015 1787 1050 notandum,

1019 1061 1101 1096 quod
1114 1061 1144 1088 in
1155 1063 1301 1097 przecepto
1317 1061 1354 1088 de
1370 1062 1575 1090 observatione
1590 1062 1718 1096 sabbati,
1727 1063 1788 1090 erat

1018 1107 1132 1142 aliquid
1145 1108 1267 1141 morale,
1284 1107 1357 1134 sicut
1371 1108 1484 1136 vacatio
1501 1110 1557 1136 Deo
1573 1110 1600 1136 et
1621 1109 1744 1144 divinis;
1761 1111 1789 1136 et

1019 1156 1078 1181 crat
1092 1153 1203 1188 aliquid
1218 1154 1432 1187 caeremoniale,
1446 1154 1506 1181 sive
1518 1155 1626 1182 taxatio
1639 1155 1699 1183 sive
1713 1154 1788 1183 desi-

1018 1199 1117 1234 gnatio
1130 1200 1187 1227 diei
1200 1200 1340 1235 septimae,
1355 1203 1381 1227 et
1391 1201 1512 1228 cessatio
1525 1201 1563 1229 ab
1578 1201 1718 1237 operibus
1732 1209 1789 1230 ser-

1019 1245 1136 1273 vilibus.
1160 1247 1306 1278 Quantum
1328 1247 1366 1274 ad
1389 1247 1519 1282 primum
1544 1250 1722 1283 praeceptum
1751 1247 1789 1275 de

1019 1292 1154 1325 sabbato,
1176 1292 1294 1326 ponitur
1322 1292 1394 1319 inter
1421 1293 1546 1321 moralia
1570 1296 1733 1329 praecepta,
1763 1296 1790 1321 et

1020 1346 1134 1373 semper
1157 1340 1197 1365 est
1225 1338 1445 1366 observandum
1451 1349 1459 1373 3
1493 1342 1638 1375 quantum
1665 1339 1704 1368 ad
1731 1339 1790 1368 alia

1021 1384 1154 1418 du0,suit
1165 1384 1358 1420 implendum.
1373 1378 1453 1412 Unde
1467 1386 1642 1421 Augustinus
1653 1387 1672 1403 ¹¹
1685 1386 1791 1414 :«Sab-

1020 1430 1080 1458 bati
1096 1433 1272 1466 praeceptum
1289 1431 1390 1459 datum
1410 1440 1471 1459 esse
1491 1432 1529 1460 ad
1551 1434 1666 1468 tempus
1683 1433 1791 1460 Judaeis

1020 1477 1138 1511 indicat,
1158 1477 1359 1512 impletionem
1382 1486 1452 1505 vero
1472 1478 1587 1506 sabbati
1607 1479 1636 1505 in
1658 1479 1722 1514 ipso
1742 1487 1790 1506 ve-

1019 1522 1106 1556 nisse,
1121 1523 1242 1558 quando
1258 1523 1297 1550 ait
1316 1523 1392 1551 infra
1411 1533 1417 1550 :
1437 1525 1491 1558 Ego
1515 1532 1616 1559 operor.
1633 1535 1646 1549 n
1663 1526 1701 1552 De
1717 1532 1789 1561 ope-

1019 1569 1132 1596 ratione
1153 1577 1225 1596 vero
1250 1569 1377 1603 sabbati,
1402 1572 1428 1597 et
1453 1570 1517 1605 ipso
1543 1570 1667 1598 sabbato
1691 1571 1789 1599 multi-

1018 1616 1098 1651 plici,
1113 1616 1198 1644 infra.

1056 1663 1099 1689 17.
1124 1664 1154 1689 Et
1173 1663 1304 1698 sequitur
1327 1663 1378 1690 illa
1398 1671 1476 1699 pars,
1492 1664 1523 1691 in
1545 1672 1606 1700 qua
1629 1664 1789 1693 confutatio

1020 1708 1174 1736 eaiumniae
1197 1712 1224 1736 et
1245 1709 1496 1743 calumniantium,
1515 1709 1558 1737 ibi
1576 1719 1583 1737 z
1605 1712 1682 1738 Jesus
1702 1713 1790 1738 autem

1020 1755 1168 1789 respondit,
1184 1757 1236 1782 etc.
1258 1757 1289 1782 Et
1311 1754 1363 1782 illa
1386 1755 1416 1782 in
1441 1755 1514 1782 duas
1537 1765 1543 1783 ι
1566 1756 1674 1792 primo,
1690 1756 1790 1785 consu-

1020 1801 1090 1828 tatio
1112 1801 1175 1836 ipsa
1198 1801 1229 1828 in
1251 1801 1395 1836 generali3
1415 1802 1564 1835 secundo,
1587 1802 1617 1829 in
1639 1802 1759 1838 speciali
1781 1812 1788 1830 :

1020 1849 1115 1881 Amen,
1130 1855 1205 1874 amen
1221 1848 1278 1874 dico
1292 1849 1374 1875 vobis.
1391 1849 1421 1875 111
1430 1848 1526 1883 prima
1537 1850 1664 1884 quatuor
1675 1858 1682 1876 :
1693 1849 1790 1884 primo

1021 1894 1147 1922 ostensio
1158 1894 1278 1930 oequalis
1289 1895 1424 1930 potentiae
1436 1895 1465 1921 in
1476 1895 1628 1930 operando
1633 1904 1642 1929 ς
1659 1894 1790 1922 secundo

1021 1941 1129 1968 amoris
1140 1941 1227 1975 hujus
1242 1940 1411 1972 declaratio,
1422 1941 1463 1968 ibi
1476 1950 1482 1968 ε
1494 1941 1641 1976 Respondit
1653 1943 1692 1968 eis
1701 1942 1790 1975 Jesus3

1022 1986 1116 2020 tertio,
1131 1995 1168 2014 ne
1185 1989 1361 2021 crederetur,
1378 1995 1414 2014 ex
1428 1987 1484 2014 hoc
1500 1987 1580 2022 quod
1597 1987 1681 2022 dixit,
1697 1988 1791 2016 mino·

1021 2040 1083 2060 rem
1102 2040 1163 2060 esse
1178 2033 1340 2068 potentiam
1359 2033 1420 2060 Filii
1439 2033 1569 2068 potentia
1584 2033 1690 2067 Patris,
1704 2034 1791 2069 hujus

1021 2079 1194 2114 suspicionis
1202 2079 1326 2106 remotio
1334 2079 1374 2105 ibi
1383 2087 1390 2105 z
1400 2079 1573 2114 Quaecumque
1581 2081 1651 2107 enim
1658 2081 1715 2113 ille,
1724 2082 1777 2108 616.
1781 2090 1790 2115 ;

1022 2127 1126 2161 quarto
1140 2125 1169 2152 in
1184 2125 1266 2152 terris
1282 2125 1368 2159 hujus
1383 2125 1558 2160 exemplaris
1572 2126 1709 2160 ostensio,
1724 2126 1765 2154 ibi
1782 2135 1789 2153 :

1024 2173 1102 2199 Pater
1120 2173 1213 2206 diligit
1227 2173 1325 2206 filium.

1057 2218 1102 2245 Ait
1123 2226 1194 2253 ergo
1215 2227 1222 2245 ε
1244 2218 1389 2253 Respondit
1409 2220 1457 2252 ets,
1477 2220 1508 2246 ut
1529 2220 1603 2246 esset
1621 2219 1696 2247 ratio
1715 2218 1791 2253 talis,

1024 2264 1188 2291 secundum
1212 2264 1452 2300 Chrysostomum
1466 2264 1486 2281 ¹²
1502 2273 1508 2291 :
1524 2265 1600 2292 Licet
1624 2265 1735 2293 dictum
1756 2265 1792 2293 sit

1023 2310 1059 2337 de
1075 2312 1132 2338 Deo
1148 2311 1170 2328 ¹³
1185 2311 1267 2346 quod
1283 2310 1329 2338 die
1344 2311 1467 2346 septima
1479 2311 1600 2346 quievit,
1610 2314 1707 2340 tamen
1721 2319 1791 2340 con-

1023 2357 1100 2384 tinue
1117 2359 1255 2392 operatur
1269 2367 1275 2384 :
1292 2357 1427 2393 providet
1447 2358 1525 2385 enim
1542 2361 1568 2386 et
1586 2359 1714 2386 continet
1730 2366 1791 2386 om-

1022 2403 1081 2437 nia,
1102 2411 1167 2438 quae
1187 2404 1262 2431 faeta
1283 2406 1359 2437 sunt,
1376 2404 1449 2431 sicut
1471 2406 1549 2439 patet
1564 2404 1594 2431 in
1614 2404 1789 2439 coelestibus,

1022 2450 1053 2476 ut
1068 2449 1098 2476 in
1112 2450 1178 2477 Sole
1193 2449 1314 2483 oriente,
1331 2452 1358 2477 et
1372 2451 1452 2478 Luna
1467 2453 1609 2482 currente,
1626 2452 1653 2479 et
1667 2452 1699 2478 ut
1712 2452 1792 2486 patet

1022 2526 1032 2541 ⁹
1046 2525 1146 2553 eremq
1169 2531 1237 2556 xvn,
1256 2526 1299 2555 273
1319 2525 1411 2554 Emod.,
1431 2531 1478 2555 xx,
1497 2527 1560 2549 8-10.
1581 2539 1612 2543 —
1631 2526 1650 2539 '⁰
1670 2526 1744 2556 Aug„
1765 2527 1791 2550 in

1021 2561 1101 2590 Joon.,
1124 2562 1196 2584 tract.
1216 2566 1258 2591 111,
1281 2568 1306 2584 11.
1328 2562 1365 2585 19.
1385 2575 1415 2579 -
1435 2561 1453 2577 ¹¹
1477 2561 1522 2590 111,
1543 2560 1614 2591 ibid„
1635 2562 1707 2585 tract.
1725 2567 1791 2592 xvii,

1022 2604 1048 2620 n.
1067 2599 1102 2620 13.
1114 2609 1143 2614 —
1158 2597 1178 2612 ¹²
1191 2597 1333 2627 Chrysost.,
1345 2597 1388 2621 ubi
1400 2603 1466 2627 sup„
1480 2603 1506 2619 11.
1522 2598 1544 2620 2.
1557 2609 1587 2613 --
1603 2597 1621 2613 ¹³
1634 2597 1705 2626 Gen„
1721 2603 1750 2627 11,
1765 2599 1789 2622 2.

1054 2641 1085 2671 (a)
1102 2641 1157 2671 Leq.
1174 2640 1314 2665 infirmitas.
1331 2653 1359 2658 —
1376 2639 1407 2671 (b)
1421 2641 1480 2665 caet.
1499 2640 1557 2665 edit.
1575 2641 1667 2672 utique.

1827 1660 1910 1682 Divisio

1826 1691 1893 1717 huju·

1819 1721 1896 1748 partin.
