1987 3032
99 858 161 884 Steg-

78 893 132 908 num
142 889 183 908 Ge-

80 919 182 940 nezareth

85 1091 181 1111 Tiberia-

86 2334 187 2355 Solitudo

80 2366 131 2390 apin
159 2365 186 2385 ad

203 237 262 266 340
719 223 932 256 EVANGELII
957 221 1095 255 SANCTI
1117 220 1281 252 JOANNIS

200 300 242 328 ibi
260 299 393 333 :Accepit
414 297 489 324 Jesus
509 300 625 330 panem,
646 294 720 325 etc.;
743 291 847 324 tertio,
871 297 973 318 conse-

201 345 354 381 quentium
366 340 550 376 subjunctio,
561 338 602 365 ibi
616 347 622 365 :
634 339 680 364 Illi
694 345 754 371 erqo
767 338 900 368 homines,
916 338 970 363 etc.

200 393 231 420 ln
245 391 341 427 prima
360 391 487 425 quatuor
512 395 518 413 ;
542 385 653 421 primo,
669 383 712 410 sui
729 383 864 411 transitus
885 384 913 409 et
928 390 972 410 as-

201 445 304 465 census
319 437 348 463 in
372 436 502 462 montem
525 430 717 466 speciticati03
735 429 882 462 secundo,
897 428 971 455 mul-

199 483 332 511 titudinis
354 478 502 516 sequentis
526 476 720 512 deprehensio
737 496 744 509 ‚
767 477 795 502 et
816 474 971 501 Salvatoris

199 528 349 564 inquisitio
366 548 374 561 ,
400 526 442 553 ibi
465 534 471 551 :
495 524 559 551 Cum
584 523 761 554 sublevasset,
781 523 852 553 ete.;
870 520 970 552 tertio,

200 574 413 610 discipulorum
427 569 594 606 responsio,
612 568 652 595 ibi
669 577 675 594 :
691 567 837 601 Respondit
860 568 885 593 ei
905 566 970 592 Phi-

200 622 306 656 lippus,
319 622 390 653 etc.;
407 619 523 653 quarto,
535 614 694 643 Salvatoris
705 613 741 640 de
755 611 970 639 discumbendo

198 665 395 702 praescriptio,
410 664 452 691 ibi
470 673 476 690 :
494 663 565 689 Dicit
581 669 641 695 erqo
655 661 729 687 Jesus
740 681 746 691 ‚
766 660 820 686 etc.

234 712 279 740 Ait
291 718 361 746 ergo
374 720 380 738 ε
398 711 459 737 Post
472 710 535 741 haec,
552 710 604 735 etc.
616 706 769 734 AitGlossa
780 715 807 732 z«
821 704 970 732 Interfecto

198 760 326 791 Ioanne,
342 755 436 784 voluit
457 754 629 789 dignitatem
651 760 734 779 suam
754 758 806 786 per
828 749 971 777 miracula

198 803 362 832 ostendere.
377 812 391 828 »
408 802 486 828 Abiit
503 804 578 827 trans
594 807 686 830 marc,
703 797 785 833 quod
804 803 883 823 mare
901 795 971 822 dici-

198 852 244 878 tur
270 852 406 884 stagnum
428 845 623 879 Genczareth,
648 844 739 871 modo
762 843 970 874 Hebraeorum,

198 896 249 932 qui
274 894 460 923 collectiones
483 899 629 928 aquarum
652 891 758 917 vocant
782 888 884 915 maria.
905 888 971 915 Erat

199 942 277 970 enim
292 948 401 975 magna
415 939 552 975 quaedam
567 937 666 964 fluctio
680 935 815 963 Jordanis
825 955 834 968 ,
849 935 876 961 et
891 933 971 960 dice-

197 989 284 1017 batur
311 986 487 1019 Tiberiadis,
515 984 586 1020 quia
611 983 742 1010 vicinum
770 981 813 1008 illi
843 978 969 1012 civitati,

199 1043 265 1070 quae
280 1033 432 1061 dicebatur
446 1031 589 1064 Tiberias,
606 1037 671 1064 quse
692 1028 786 1055 fuerat
806 1026 971 1054 constructa

198 1081 229 1109 in
243 1081 389 1108 honorem
401 1077 507 1106 Tiberii
522 1075 650 1104 C:esaris.

234 1130 260 1154 2.
288 1127 322 1153 Et
349 1125 506 1159 sequebatur
530 1131 588 1150 eum
610 1119 756 1147 multitudo
776 1126 889 1153 magua,
909 1124 971 1144 non

198 1173 287 1209 plena
308 1171 383 1204 fide,
405 1170 457 1198 sed
482 1170 547 1204 quia
569 1167 696 1195 videbant
720 1167 814 1199 signa,
832 1172 866 1191 eo
888 1162 970 1198 quod

199 1219 307 1248 multos
322 1218 490 1249 sanaverat,
507 1215 546 1242 ait
561 1214 670 1241 Glossa.
687 1213 719 1239 Ut
735 1212 813 1238 enim
827 1211 866 1238 ait
880 1210 970 1244 Chry-

199 1267 345 1293 sostomus
359 1264 376 1290 ¹:
398 1273 410 1288 α
425 1264 487 1290 Non
503 1261 538 1297 (a)
554 1260 645 1287 firmae
660 1258 764 1285 mentis
780 1259 841 1284 erat
856 1263 970 1284 assecu-

199 1312 239 1339 tio
261 1311 296 1347 (b)
314 1318 406 1337 :nam
429 1308 461 1343 (c)
486 1308 606 1342 propter
628 1305 712 1339 signa
726 1325 734 1337 ‚
758 1303 828 1338 quia
852 1304 863 1319 ‘³
887 1302 971 1336 signa

200 1357 268 1385 data
290 1358 357 1384 sunt
382 1354 561 1382 infidelibus.
581 1363 594 1378 »
616 1351 673 1379 Sed
697 1350 854 1385 quaeritur,
880 1355 970 1384 quare

199 1411 260 1431 non
274 1402 423 1438 specificat
440 1400 487 1427 hic
509 1399 613 1433 signa?
630 1399 661 1424 Et
675 1397 713 1424 ad
731 1397 788 1423 hoc
803 1395 971 1430 Chrysosto-

199 1450 293 1483 mus³,
315 1448 395 1484 quod
411 1457 424 1473 «
441 1447 507 1482 plus
531 1445 618 1479 hujus
640 1443 724 1476 libri,
747 1442 778 1469 id
800 1444 856 1475 est,
875 1441 971 1474 major

199 1503 267 1530 pars
280 1496 322 1522 est
337 1495 367 1521 in
379 1491 564 1520 sermonibus
582 1490 620 1517 ad
635 1489 769 1524 plebem,
785 1487 814 1514 id
826 1489 881 1520 est,
897 1494 970 1521 prae-

200 1540 407 1568 dicationibus.
426 1537 500 1565 Nihil
516 1536 593 1563 enim
608 1535 675 1571 plus
691 1533 808 1561 edocuit
826 1533 861 1559 de
883 1532 969 1558 mira-

199 1586 273 1614 culis
293 1586 323 1613 in
344 1584 496 1616 paschate,
510 1582 565 1609 nisi
580 1581 663 1616 quod
677 1579 874 1616 paralyticum
890 1585 970 1604 cura-

198 1634 258 1667 ret3
273 1639 327 1659 nec
342 1631 372 1658 in
388 1638 465 1657 anno
487 1629 600 1662 integro
612 1647 619 1660 ,
640 1626 695 1653 nisi
718 1625 868 1661 praemissa
882 1624 971 1650 mira-

199 1679 266 1706 cula
281 1687 288 1705 :
302 1685 363 1704 non
381 1676 459 1703 enim
470 1674 606 1702 studebat
622 1672 659 1707 (cl)
675 1672 813 1699 universa
827 1670 971 1697 miracula

199 1723 388 1756 annuntiare,
400 1722 470 1757 quia
484 1728 545 1747 non
559 1720 619 1746 erat
633 1717 784 1753 possibile.
801 1727 814 1741 »
830 1717 892 1742 Haec
908 1715 968 1742 ille.

199 1772 231 1798 Et
246 1778 282 1797 ex
295 1769 340 1796 his
354 1769 448 1804 patet,
465 1765 548 1802 quod
567 1767 693 1792 Ioannes
707 1762 891 1797 Evangelista
905 1761 971 1796 plus

199 1816 310 1844 studuit
321 1821 457 1843 enarrare
468 1812 619 1840 veritatem
631 1810 771 1838 doctrinae
781 1811 848 1836 Jesu
857 1808 971 1841 Christi,

200 1870 291 1898 quam
303 1860 447 1888 miracula
461 1858 606 1886 nuntiare.

236 1911 262 1936 3.
278 1908 369 1935 Subiit
387 1906 417 1940 (e)
434 1913 494 1939 erqo
509 1906 538 1930 in
554 1905 668 1930 montem
681 1903 766 1929 JcsuS.
788 1900 845 1929 Sed
864 1908 971 1936 quare,

200 1962 268 1982 cum
283 1952 418 1980 doctrina
437 1951 525 1978 debet
546 1957 608 1976 esse
629 1948 810 1981 communis,
827 1949 854 1974 et
869 1946 972 1973 doctor

199 2001 236 2028 sit
253 2001 262 2017 ἢ
285 1999 401 2026 debitor
426 1996 607 2032 sapientibus
631 1996 659 2022 et
682 1993 910 2029 insipientibus?
931 1994 971 2019 Ex

200 2054 260 2082 quo
281 2044 459 2080 sequebatur
478 2041 636 2069 multitudo
648 2062 656 2075 ,
677 2040 794 2067 videtur
813 2038 896 2074 quod
910 2045 971 2064 non

200 2091 349 2120 debuisset
378 2090 408 2117 in
431 2091 559 2116 montem
582 2086 765 2119 ascendisse,
797 2083 971 2112 dimittendo

199 2137 426 2166 multitudinem.
438 2137 470 2162 Et
482 2135 520 2162 ad
534 2134 591 2160 hoc
607 2132 767 2168 respondet
779 2133 804 2165 ⁵,
817 2130 899 2165 quod
910 2130 971 2156 haec

199 2184 253 2211 fuit
267 2182 414 2211 accusatio
430 2179 624 2207 multitudinis
641 2186 709 2205 eum
728 2185 789 2204 non
804 2175 949 2211 sequentis
961 2184 969 2209 ς

200 2237 262 2258 non
276 2231 374 2257 tamen
388 2227 476 2261 hujus
491 2225 583 2261 gratia.
596 2225 653 2251 hoc
668 2223 751 2256 fecit,
766 2222 818 2249 sed
835 2221 972 2249 erudiens

200 2283 255 2302 nos
266 2283 283 2302 a
294 2273 467 2302 tumultibus
478 2274 531 2299 eta
541 2269 707 2298 turbatione
730 2276 796 2304 quae
811 2269 853 2295 est
865 2267 895 2294 in
908 2274 972 2294 me-

202 2321 252 2348 dio
276 2320 384 2347 scilicet
406 2317 526 2354 populi,
549 2316 698 2352 quiescere
719 2324 727 2341 :
753 2315 822 2348 apta
839 2313 918 2340 enim
932 2312 971 2339 ad

201 2366 420 2402 philosophiam
441 2363 579 2392 solitudo.
595 2361 676 2389 Unde
691 2363 719 2389 et
740 2367 816 2395 saepe
840 2358 971 2387 ascendit

234 2429 242 2445 ¹
255 2428 398 2458 Chrysost„
415 2427 440 2450 in
456 2427 536 2454 Joan„
553 2425 622 2448 hom.
640 2429 698 2453 xm,
716 2422 748 2446 al.
767 2427 834 2451 xm,
855 2427 882 2445 n.
903 2422 923 2444 ¹.
942 2433 968 2437 -

200 2465 212 2482 ¹
227 2465 235 2488 I
252 2464 320 2492 Corn,
338 2468 392 2489 mv,
410 2463 448 2485 22.
464 2474 493 2478 --
508 2461 518 2476 ³
532 2461 674 2491 Chrysost„
690 2458 733 2482 ubi
750 2464 807 2487 sup.
822 2469 852 2474 —
868 2456 878 2472 ⁴
891 2456 968 2483 Rom„

199 2507 218 2531 1,
239 2501 276 2524 ¹4.
291 2511 322 2516 —
339 2498 350 2514 Β
368 2497 509 2526 chrysost„
530 2496 572 2518 ubi
593 2502 648 2525 sup.
665 2506 694 2511 -
714 2494 722 2507 ⁶
739 2491 840 2520 Mutila,
859 2497 913 2520 niv,
929 2492 966 2514 23.

198 2548 227 2553 —
241 2535 250 2551 ⁷
267 2534 341 2563 thid„
357 2537 381 2562 v,
398 2533 420 2561 1,
435 2534 457 2554 2.
472 2543 503 2548 —
518 2532 526 2543 ¹³
543 2530 683 2560 chrysost,
698 2528 741 2552 ubi
752 2534 808 2557 sup.
821 2539 851 2544 —
865 2526 876 2542 ⁹
890 2525 967 2549 Hebr.

198 2570 242 2600 0²,
257 2571 322 2599 iam,
337 2573 416 2591 mare.
434 2578 461 2583 —
478 2565 498 2582 ¹⁰
514 2565 591 2588 Hebr.
604 2565 685 2593 ΐΊΟΠ,
701 2562 808 2592 Hamah,
820 2560 967 2585 Tumultua-

195 2617 236 2639 tus
252 2613 307 2638 ruit.
324 2626 354 2630 -
372 2612 390 2628 ¹1
409 2611 486 2635 flehr.
501 2595 573 2639 L7¹72,
593 2608 674 2638 enini,
698 2607 793 2631 v01v1t.
812 2618 838 2623 -
858 2605 879 2621 ¹¹
895 2603 966 2628 rme.

195 2656 257 2680 cui,
276 2651 314 2672 25.
334 2661 364 2665 -—
385 2646 404 2663 ¹¹
424 2645 484 2673 Job.
502 2649 616 2673 xxvvrn,
633 2645 656 2667 8.
677 2655 708 2661 -
728 2642 750 2658 ²⁸
767 2641 853 2671 Greg.,
873 2639 966 2670 Moral,

1028 289 1058 316 in
1072 289 1212 315 montem.
1228 287 1239 303 ⁶
1256 295 1270 312 α
1283 287 1420 314 Ascendit
1439 286 1470 314 in
1485 287 1617 314 montem
1636 286 1716 314 solus
1731 294 1796 315 ora·
1822 297 1922 324 philo-o-

1027 342 1069 362 re.
1086 344 1099 359 >1
1116 334 1151 360 Et
1164 332 1269 360 sedebat
1289 340 1349 359 cum
1363 333 1514 367 discipulis.
1535 334 1598 359 Non
1612 332 1796 368 simpliciter,
1812 329 1895 355 paim.

1027 380 1059 408 id
1074 382 1131 414 est,
1148 379 1272 406 inaniter
1287 378 1422 412 sedebat,
1439 379 1491 406 scd
1506 378 1626 406 fortasse
1643 379 1798 413 diligenter

1027 425 1154 461 loquens
1170 425 1208 452 ad
1225 432 1292 458 eos,
1308 424 1417 451 docens
1432 427 1481 452 aut
1498 427 1670 452 convertens
1692 432 1743 452 eos
1759 424 1799 452 ad

1027 480 1057 499 se
1079 472 1193 507 ipsum,
1215 471 1254 498 ait
1277 470 1510 506 Clirysostomus.
1526 472 1536 488 ⁷
1553 481 1567 496 α
1582 471 1747 498 Ascendcns
1768 470 1799 499 in

1027 520 1160 545 montem
1183 517 1310 544 docebat
1334 525 1384 544 eos
1401 537 1411 551 ,
1430 527 1443 543 ι)
1461 518 1514 544 etc.
1530 519 1562 545 Et
1585 518 1609 544 si
1632 520 1798 553 quaeratur,

1028 571 1088 599 quo
1104 563 1208 591 ordine
1223 562 1379 596 sedebant,
1394 562 1441 590 vel
1461 570 1522 598 quo
1544 563 1653 598 modo,
1675 571 1798 599 respon-

1028 609 1077 637 det
1095 610 1333 645 Chrysostomus,
1351 609 1433 644 quod
1452 609 1579 636 maxime
1601 611 1643 636 est
1657 609 1724 637 binc
1739 610 1798 637 dis-

1027 663 1092 683 cere
1107 656 1300 682 humilitatem
1313 657 1340 682 et
1352 655 1649 689 condescensionem,
1661 663 1726 690 quae
1739 658 1799 683 erat

1027 702 1066 730 ad
1080 701 1156 729 illos.
1173 701 1374 729 consederant
1389 701 1428 736 (f)
1439 701 1518 728 enim
1539 709 1606 728 cum
1619 708 1655 728 eo
1670 700 1800 729 fortassis

1027 747 1066 775 ad
1087 747 1213 775 invicem
1236 747 1385 781 videntes,
1403 747 1511 774 seilicet
1535 747 1714 775 circulariter
1738 746 1799 774 sive

1026 793 1057 821 in
1072 801 1193 821 corona.

1063 842 1088 866 5.
1104 840 1172 866 Erat
1181 842 1270 866 autem
1282 841 1437 874 promimum
1446 840 1558 866 Pascha.
1572 839 1629 867 Sed
1640 838 1795 874 quaeritur:

1027 894 1095 913 cum
1110 888 1183 913 esset
1197 888 1373 921 praeceptum
1388 885 1460 919 legis
1481 885 1638 913 ascendere
1653 886 1683 912 in
1699 886 1798 913 Hiero-

1026 932 1174 967 solymam
1186 932 1217 959 in
1231 932 1384 967 paschate,
1400 940 1491 967 quare
1504 932 1562 959 huc
1576 932 1610 967 (9)
1625 940 1685 960 non
1699 939 1800 959 ascen-

1027 977 1089 1005 dit?
1104 980 1134 1005 Et
1149 978 1188 1004 ad
1202 978 1258 1005 hoc
1272 978 1430 1013 respondet
1444 978 1668 1013 Chrysostomus
1683 979 1705 1012 ⁸,
1716 977 1799 1013 quod

1027 1024 1235 1059 quiescibiliter
1261 1024 1414 1051 exolvehat
1439 1024 1549 1059 legem,
1575 1031 1693 1051 sumens
1717 1031 1800 1051 occa-

1025 1070 1141 1097 sionem
1159 1078 1177 1097 a
1195 1071 1326 1106 nequitia
1342 1071 1473 1105 judaica.
1497 1072 1536 1098 Ex
1554 1070 1611 1098 hoc
1635 1078 1706 1105 ergo
1728 1070 1797 1097 insi-

1026 1116 1136 1143 nuabat
1150 1116 1326 1144 solutionem
1341 1117 1427 1151 legis,
1452 1119 1594 1152 quantum
1609 1116 1648 1143 ad
1663 1123 1797 1144 caeremo-

1026 1162 1099 1189 nias,
1117 1163 1148 1189 Et
1161 1165 1239 1197 patet
1254 1170 1289 1190 ex
1307 1162 1407 1189 Glossa
1421 1162 1604 1198 mysterium.
1623 1164 1675 1189 Per
1691 1169 1771 1189 mare
1787 1162 1798 1178 ⁹
1836 1168 1896 1188 Mare

1027 1210 1106 1235 enim
1128 1208 1255 1235 turbatio
1272 1208 1291 1224 ¹⁰
1309 1208 1407 1235 saeculi
1429 1208 1623 1243 significatum
1646 1216 1699 1244 per
1721 1207 1797 1236 Gali·
1812 1198 1916 1250 qssz‘gcjti‘

1026 1253 1110 1281 laeam
1125 1253 1154 1287 ¹¹,
1178 1262 1243 1288 quae
1267 1256 1331 1281 rota
1344 1255 1558 1289 interpretatur,
1573 1254 1620 1281 vel
1642 1254 1797 1287 volubilis,
1812 1236 1912 1289 80⁸1„aess

1026 1300 1158 1334 signatur
1171 1299 1319 1334 voluptas.
1336 1301 1373 1326 De
1392 1300 1449 1326 hoc
1465 1300 1539 1326 mari
1554 1300 1593 1327 ait
1607 1300 1797 1335 Propheta¹²z
1812 1299 1864 1334 quid
1889 1298 1916 1318 si·

1030 1355 1043 1371 «
1058 1347 1116 1373 Hoc
1132 1354 1212 1373 mare
1227 1354 1370 1380 magnum
1389 1348 1417 1373 et
1436 1346 1606 1381 spatiosum.
1624 1356 1637 1371 »
1655 1346 1676 1363 ¹³
1702 1355 1715 1370 «
1731 1345 1800 1380 Quis
1813 1330 1908 1357 gnificat.

1027 1392 1169 1419 conclusit
1184 1392 1263 1419 ostiis
1276 1392 1378 1418 mare?
1390 1402 1402 1417 »
1421 1391 1463 1419 lbi
1477 1391 1632 1426 Gregorius
1647 1392 1666 1408 ¹⁵
1679 1401 1685 1419 :
1696 1401 1709 1418 α
1723 1391 1799 1425 Quid

1027 1440 1069 1465 est
1082 1446 1179 1470 mare,
1204 1438 1259 1464 nisi
1281 1446 1332 1465 cor
1351 1440 1484 1465 nostrum
1505 1438 1603 1465 furore
1630 1437 1799 1472 turbidum,

1026 1484 1096 1511 rixis
1125 1492 1260 1511 amarum
1270 1505 1278 1517 ‚
1310 1483 1436 1511 elatione
1463 1484 1607 1519 superbiae
1633 1484 1778 1511 tumidum
1788 1504 1798 1518 ,

1025 1529 1128 1557 fraude
1143 1529 1260 1556 malitiae
1282 1530 1465 1556 obscurum?
1481 1540 1494 1555 »
1511 1531 1599 1556 Trans
1619 1529 1698 1556 istud
1716 1537 1797 1557 mare

1026 1576 1127 1603 transit
1143 1576 1296 1609 Dominus,
1308 1575 1384 1602 illud
1397 1576 1528 1608 calcans,
1540 1575 1642 1602 nonin
1654 1583 1689 1602 eo
1701 1575 1798 1611 quies-

1026 1630 1094 1649 cens
1110 1622 1129 1638 ¹⁵
1144 1631 1150 1648 :
1170 1632 1184 1647 α
1199 1621 1361 1649 Ambulans
1375 1630 1463 1656 super
1476 1630 1568 1655 mare,
1580 1632 1594 1647 »
1612 1621 1643 1648 id
1658 1623 1710 1655 est,
1722 1624 1798 1649 tran-

1025 1668 1113 1702 siens,
1126 1668 1228 1694 nonin
1243 1675 1278 1694 co
1295 1667 1455 1702 quiescens.
1472 1667 1577 1702 «Impii
1588 1668 1667 1694 enim
1684 1667 1704 1684 ¹⁶
1713 1667 1798 1702 quasi

1025 1722 1107 1742 mare
1131 1714 1255 1740 fervens.
1272 1723 1285 1738 n
1306 1715 1336 1741 In
1358 1713 1415 1740 hoc
1438 1713 1517 1740 enim
1538 1721 1619 1740 mare
1641 1721 1702 1740 non
1717 1713 1798 1741 sedet

1026 1759 1184 1792 Dominus,
1200 1759 1253 1786 sed
1272 1759 1381 1786 transit.
1404 1760 1424 1776 ¹⁷
1443 1768 1456 1784 (ι
1471 1760 1546 1786 Mare
1566 1759 1635 1786 dicit
1653 1768 1660 1786 ε
1677 1760 1741 1786 Non
1756 1760 1799 1786 est

1026 1813 1144 1832 mecum
1157 1805 1206 1841 (h),
1222 1816 1234 1829 υ
1257 1805 1366 1832 scilicet
1385 1805 1528 1840 sapientia
1542 1805 1658 1839 divina,
1677 1813 1742 1840 quae
1757 1807 1799 1832 est

1027 1852 1114 1879 Filius
1137 1851 1196 1878 bei.
1222 1852 1298 1878 Mare
1323 1851 1402 1878 enim
1426 1852 1467 1878 est
1486 1851 1616 1886 inquieta
1632 1851 1797 1878 amaritudo

1026 1897 1209 1924 saecularium
1234 1897 1391 1931 mentium,
1417 1897 1456 1924 ait
1479 1896 1634 1931 Gregorius
1654 1897 1684 1924 ¹⁸.
1713 1896 1799 1930 Quod

1025 1951 1097 1970 vero
1112 1943 1184 1970 abiit
1198 1943 1228 1969 in
1250 1945 1382 1969 montem
1397 1950 1465 1969 cum
1479 1942 1644 1978 discipulis,
1660 1942 1756 1977 figura
1771 1944 1799 1970 et

1026 1989 1147 2017 moralis
1163 1989 1313 2016 instructio
1330 1988 1389 2016 suis
1403 1988 1544 2016 membris
1556 1990 1583 2015 et
1593 1988 1706 2022 electiS,
1716 1989 1799 2024 quod

1027 2035 1136 2062 debent
1151 2035 1308 2062 ascendere
1324 2034 1362 2061 ab
1377 2034 1564 2061 inferioribus
1577 2034 1616 2061 ad
1628 2034 1796 2070 superiora,

1026 2081 1190 2108 secundum
1211 2080 1353 2108 Glossam.
1378 2080 1459 2107 Unde
1487 2080 1711 2115 Chrysostomus
1738 2079 1758 2097 ¹⁹
1787 2089 1794 2107 :

1029 2137 1043 2153 a
1057 2129 1182 2155 Montem
1201 2126 1332 2154 ascendit
1344 2126 1424 2153 solus
1439 2125 1600 2161 aliquando
1607 2146 1617 2160 ,
1633 2128 1660 2153 et
1674 2133 1797 2160 pernoc-

1026 2175 1067 2201 tat
1087 2175 1114 2200 et
1133 2174 1206 2206 orat,
1230 2172 1339 2199 docens
1363 2171 1505 2206 quoniam
1530 2171 1581 2206 qui
1604 2171 1733 2199 maxime
1757 2171 1796 2199 ad

1027 2228 1095 2247 eum
1109 2218 1205 2252 vadit,
1217 2218 1254 2245 ab
1270 2218 1352 2244 omni
1364 2217 1436 2252 eripi
1449 2219 1563 2252 oportet
1576 2217 1758 2251 turbatione,
1769 2220 1797 2245 et

1026 2266 1126 2293 locum
1145 2273 1163 2293 a
1178 2263 1306 2291 tumultu
1322 2271 1432 2298 purum
1451 2263 1609 2298 inquirere.
1624 2273 1638 2289 »
1657 2263 1733 2291 Intra
1744 2263 1766 2280 ²⁰
1787 2272 1794 2290 :

1029 2322 1042 2337 u
1058 2311 1184 2340 Perrexit
1203 2310 1233 2338 in
1251 2311 1383 2337 montem
1402 2309 1523 2343 Oliveti,
1543 2312 1570 2337 et
1593 2309 1724 2338 diluculo
1743 2309 1796 2337 ite·

1025 2383 1068 2408 lib.
1089 2383 1203 2413 XXVIII,
1222 2389 1244 2406 c.
1262 2388 1299 2411 ix,
1317 2382 1350 2405 aI.
1368 2388 1430 2412 xix,
1445 2389 1473 2405 u.
1487 2384 1526 2406 43.
1541 2395 1572 2400 —
1590 2383 1608 2399 ¹⁵
1624 2382 1724 2410 Manli„
1741 2388 1794 2413 ΧΠ,

1025 2419 1064 2442 25.
1085 2431 1116 2436 --
1138 2418 1158 2434 ¹⁶
1181 2419 1241 2446 Isti„
1267 2422 1334 2446 LVII,
1358 2418 1395 2440 20.
1420 2429 1450 2434 —
1473 2418 1492 2433 ¹⁷
1513 2416 1572 2445 λοῦ,
1590 2422 1687 2446 xxviii,
1710 2418 1746 2440 Ν.
1765 2429 1795 2434 -

1027 2454 1044 2467 ”
1061 2454 1148 2483 Grcg„
1168 2452 1271 2482 Mai-al„
1285 2451 1328 2475 lib.
1344 2452 1435 2480 xviii,
1455 2459 1477 2475 c.
1496 2457 1555 2480 XXV,
1573 2451 1604 2475 aI.
1621 2457 1699 2481 ηιμ,
1713 2458 1738 2476 u.
1755 2453 1793 2475 68.

1024 2501 1054 2506 —
1070 2490 1089 2504 ¹⁹
1104 2489 1244 2518 chrysost„
1259 2487 1301 2510 ubi
1317 2494 1372 2516 sup.
1386 2499 1416 2504 ——
1429 2487 1449 2502 ²⁰
1461 2487 1518 2516 Inl'.‚
1534 2492 1590 2515 vni,
1608 2488 1629 2516 ¹,
1645 2488 1668 2509 2.

1057 2533 1090 2562 (ιι)
1106 2532 1166 2555 Coet.
1188 2531 1249 2554 edit.
1267 2530 1325 2553 add.
1344 2530 1421 2554 enim.
1433 2543 1464 2548 —
1480 2530 1512 2560 (b)
1527 2530 1582 2560 Leq.
1595 2530 1749 2560 prosecutio.
1764 2542 1795 2548 —

1025 2568 1056 2599 (c)
1073 2568 1133 2591 Czet.
1149 2566 1210 2590 edit.
1224 2566 1289 2589 deest
1307 2572 1374 2589 nam.
1389 2578 1420 2583 -—
1436 2565 1475 2595 (d)
1491 2566 1552 2589 Coet.
1567 2565 1627 2588 edit.
1642 2566 1752 2590 student.
1764 2577 1794 2583 -—

1025 2603 1054 2632 (e)
1071 2604 1132 2626 Item
1147 2602 1226 2626 Abiit.
1243 2613 1272 2618 —
1288 2601 1321 2631 (f)
1340 2602 1401 2624 Item
1416 2599 1624 2625 considerabant.
1639 2613 1669 2619 -·
1682 2601 1717 2631 (9)
1734 2601 1793 2625 Item

1022 2638 1092 2661 hinc.
1105 2649 1133 2655 —
1151 2637 1185 2667 (li)
1200 2637 1262 2660 Item
1277 2642 1373 2660 meum.
