1987 3032
60 984 151 1006 Divisio.

744 179 947 212 EXPOSITIO
970 180 1009 212 ΙΝ
1031 181 1116 212 CAP.
1140 181 1218 212 XXI.

184 253 310 282 cumque
333 246 440 282 scripta
462 249 545 281 sunt,
571 246 610 274 ad
636 249 766 274 nostram
791 246 954 274 doctrinam

183 292 290 327 scripta
303 295 385 326 sunt,
400 304 414 318 »
439 295 508 327 etc.;
524 294 623 320 tamen
637 293 771 320 doctrina
785 292 954 327 evangelica

183 338 267 374 quasi
294 339 490 366 immediatius
519 339 600 367 ducit
630 340 669 367 ad
698 340 788 367 vitam
817 342 954 367 aeternam

182 384 375 420 adimplentes
399 387 426 412 et
448 385 629 420 perficientes
645 386 822 413 documenta
836 388 863 412 et
877 393 952 420 prze-

182 432 266 465 cepta.
280 430 469 464 evangelica¹
490 440 496 458 z
522 441 535 456 ι(
551 432 605 464 Qui
627 432 705 458 enim
724 431 837 464 fecerit,
859 433 886 458 et
901 431 952 457 do-

182 476 290 508 cuerit,
309 476 356 503 hic
381 484 507 511 magnus
526 478 680 505 vocabitur
701 477 732 504 in
751 485 844 511 regno
865 477 952 504 coelo-

181 529 258 548 rum.
274 531 287 547 »
304 521 314 536 ²
330 531 344 547 «
358 523 458 549 Beatus
472 523 563 550 homo
585 523 636 558 qui
651 523 732 550 audit
752 530 809 550 me.
828 533 840 547 »
860 524 891 549 Et
905 531 951 549 se-

181 567 279 602 quitur
293 577 299 595 ι
320 578 333 593 ιι
349 569 402 601 Qui
419 576 466 595 me
479 569 637 602 invenerit,
651 569 780 595 inveniet
792 569 892 596 vitam.
909 579 923 594 ι)

412 668 570 700 CAPUT
599 668 696 700 XXI.

216 754 240 779 1.
252 753 345 779 Postea
357 754 544 785 manifestavit
559 760 585 779 se
600 754 696 779 iterum
709 754 801 785 Jesus,
815 755 868 779 etc.
883 754 951 779 Nar-

179 798 246 826 ratis
259 797 376 824 duabus
389 798 674 825 manifestationibus
684 798 746 826 Filii
758 798 804 825 Dei
820 798 890 833 ipsis
906 798 950 825 di-

179 843 298 878 scipulis
321 846 387 878 post
402 844 659 877 resurrectionem,
677 844 723 870 hic
741 847 876 871 narratur
896 846 949 871 ter-

180 889 219 916 tia
233 889 269 916 ad
287 889 557 923 confirmationem,
581 891 609 916 et
631 890 851 917 instructionem
871 890 950 917 beati

182 935 274 968 Petri,
288 937 315 962 et
328 938 542 971 consequenter
557 937 690 963 omnium
710 937 740 963 in
754 936 828 971 ipso.
845 938 876 963 Et
893 937 950 964 hoc

180 982 211 1009 in
226 983 304 1009 tres:
329 982 425 1017 primo
445 985 580 1009 narratur
598 982 661 1017 ipsa
680 982 873 1009 manifestatio
882 992 890 1016 3
907 990 951 1009 se-

182 1029 296 1062 cundo,
320 1029 392 1056 Petri
414 1029 444 1056 in
468 1029 623 1056 dilectione
644 1029 845 1062 confirmatio,
860 1029 901 1056 ibi
915 1030 925 1046 ³
941 1039 947 1056 :

181 1075 246 1101 Cum
258 1083 319 1108 (εν-90
334 1075 515 1109 prandissent,
531 1077 599 1105 etc.;
617 1075 713 1109 tertio,
738 1075 883 1102 dictorum
898 1083 950 1110 per

178 1120 378 1148 testimonium
395 1120 567 1153 affirmatio,
583 1121 624 1147 ibi
642 1122 651 1137 '⁴
665 1130 670 1147 :
684 1122 733 1147 Hic
748 1125 786 1148 est
801 1121 950 1156 discipulus

178 1167 232 1193 ille.
249 1166 362 1199 Prima,
385 1166 483 1193 adhuc
503 1167 533 1193 in
557 1169 630 1194 tres:
650 1167 762 1202 primo,
779 1167 950 1194 anteceden-

178 1211 251 1239 tium
265 1211 506 1239 manifestationis
527 1212 702 1248 descriptio;
722 1213 866 1246 secundo,
885 1212 949 1247 ipsa

176 1257 370 1285 manifestatio
381 1278 388 1291 ‚
405 1258 446 1285 ibi
457 1259 466 1274 ⁵
483 1267 488 1285 :
506 1260 586 1285 Mane
605 1261 691 1286 autem
708 1260 793 1290 facto,
809 1261 878 1292 etc.;
896 1261 949 1285 ter-

176 1304 232 1337 tio,
249 1304 468 1339 recapitulatio,
492 1304 533 1331 ibi
549 1305 559 1319 Β
579 1313 586 1330 :
609 1305 664 1330 Hoc
673 1305 731 1338 jam
748 1307 841 1338 tertio,
859 1307 911 1331 etc.

211 1352 254 1378 Ait
268 1359 338 1385 ergo
355 1359 361 1377 :
378 1352 473 1378 Postea
492 1353 691 1384 manifestavit,
707 1354 760 1378 etc.
783 1351 861 1378 [nde
877 1359 948 1378 enu-

175 1399 324 1424 merantur
338 1397 392 1424 tria
411 1396 629 1430 antecedentia,
653 1397 761 1424 scilicet
776 1397 834 1424 loci
850 1397 946 1424 deter-

175 1443 307 1477 minatio,
322 1451 515 1478 personarum
531 1443 703 1478 descriptio,
720 1445 747 1470 et
769 1443 948 1478 operationis

175 1488 363 1524 specificatio,
375 1491 407 1515 ut
417 1490 495 1524 patet
510 1488 539 1515 in
555 1489 658 1515 littera.
671 1489 783 1521 Postea,
799 1496 864 1523 quse
877 1497 948 1524 prze-

174 1534 263 1562 missa
274 1536 355 1567 sunt,
371 1536 558 1567 manifestavit
578 1542 604 1561 se
623 1534 659 1560 ar]
680 1542 752 1561 mare
776 1535 944 1569 Tiberiadis,

175 1579 258 1615 quod
272 1579 376 1607 dicitur
390 1582 525 1613 stagnum
540 1580 726 1613 Genezareth,
740 1579 852 1607 dictum
863 1581 946 1615 quasi

174 1633 301 1659 qenerans
318 1633 423 1652 aarum.
439 1625 496 1652 Sed
509 1625 662 1660 quaeritur,
684 1633 774 1660 quare
789 1626 948 1665 interponit

175 1671 259 1706 quasi
290 1670 561 1706 recapitulationem
574 1690 582 1703 ,
617 1670 738 1705 quando
775 1671 913 1706 praemisit
938 1681 944 1698 :

177 1718 265 1744 Multa
277 1718 356 1751 siqua
370 1717 436 1749 fecit
447 1717 532 1749 JesuS,
547 1716 622 1743 inter
638 1716 723 1743 istam
737 1717 946 1750 narrationem,

176 1765 203 1790 et
217 1762 303 1796 alias,
319 1764 346 1789 et
357 1770 418 1789 non
432 1762 613 1789 enumeravit
626 1762 762 1789 continue
772 1763 786 1788 ἶ)
799 1764 829 1789 Et
841 1763 879 1789 ad
891 1763 946 1790 hoc

174 1807 334 1844 respondet
360 1807 536 1842 Augustinus
561 1808 570 1824 ⁷
581 1828 589 1841 ,
625 1807 707 1842 quod
736 1808 789 1835 ista
818 1809 946 1836 narratio

178 1863 191 1879 a
205 1853 392 1881 commendat
405 1853 537 1880 Ecclesiae
551 1856 766 1891 sacramentum
781 1854 834 1889 (a),
852 1854 947 1889 qualis

175 1900 272 1927 sutura
287 1902 328 1927 est
341 1899 372 1926 in
387 1899 488 1926 ultima
503 1899 712 1926 resurrectione
723 1902 917 1927 mortuorum.
930 1910 943 1925 ι)

176 1947 208 1972 Et
219 1945 255 1972 de
265 1945 322 1972 hoc
331 1945 360 1972 in
369 1945 478 1972 Glossa.
489 1945 682 1977 Manifestavit
695 1948 783 1971 autem
795 1948 842 1972 sic.
856 1949 895 1977 (v.
908 1947 945 1981 2.)

176 1993 262 2019 Erant
276 1991 358 2018 simul
373 1991 464 2017 Simon
479 1992 585 2023 Petrus,
601 1992 654 2017 etc.
670 1992 701 2017 Et
715 1990 745 2017 in
756 1991 813 2018 hoc
828 2000 946 2019 enume-

176 2037 249 2064 ratio
264 2044 467 2072 personarum,
485 2036 593 2071 quibus
608 2037 755 2071 apparuit.
774 2038 810 2064 De
827 2038 908 2065 Petro
919 2040 947 2065 et

177 2082 365 2115 Nathanaele,
375 2090 463 2117 supra
471 2082 490 2108 Β.
500 2083 538 2108 De
550 2081 671 2115 Thema,
681 2090 770 2117 supra
777 2083 912 2117 proximo
924 2085 944 2110 ⁹.

176 2130 211 2156 Et
225 2130 279 2162 filii
293 2129 419 2162 Zebedaei,
435 2128 543 2156 scilicet
556 2130 692 2162 Joannes,
709 2131 737 2156 et
752 2129 876 2157 Jacobus
891 2132 947 2158 Ma-

174 2175 232 2210 jor,
248 2175 285 2202 de
300 2175 408 2210 quibus
423 2175 572 2202 Matthaeus
589 2175 618 2201 ¹0.
635 2175 669 2201 Et
684 2176 735 2201 alii
753 2175 824 2209 duo,
843 2186 856 2201 ιι
869 2184 945 2211 quo-

176 2229 242 2248 rum
257 2221 378 2248 nomina
389 2221 553 2254 reticentur,
568 2230 581 2246 »
598 2220 636 2248 ait
651 2220 760 2247 Glossa.

221 2268 247 2294 3.
278 2267 350 2293 Dicit
381 2268 418 2293 eis
443 2267 535 2294 Simon
556 2268 649 2293 Petrus
679 2274 686 2291 ε
720 2267 794 2293 Vada
819 2269 923 2302 piscari
936 2277 946 2302 3

179 2314 206 2340 et
225 2312 254 2339 in
274 2312 330 2339 hoc
350 2311 460 2346 negotii
484 2311 533 2339 vel
557 2312 734 2347 operationis
755 2313 944 2347 specificatio.

180 2358 281 2385 Dicunt
306 2359 332 2385 ei
354 2366 364 2385 .·
388 2358 513 2384 Venimus
537 2360 561 2385 et
583 2365 630 2384 nos
654 2360 761 2392 tecum3
784 2360 812 2385 et
834 2358 863 2386 in
890 2359 946 2387 hoc

210 2454 216 2469 ¹
233 2452 335 2477 Manli..
355 2458 382 2482 ν,
402 2453 438 2475 19.
452 2464 484 2469 -
496 2451 506 2467 ²
521 2452 603 2480 Pron„
620 2457 678 2480 vm,
699 2454 743 2482 ΣΗ,
761 2453 800 2476 35.
817 2465 847 2470 —
864 2454 872 2467 ³
891 2455 946 2485 lun,

182 2489 219 2511 ιε..
232 2500 264 2505 -
278 2488 285 2501 ⁸
303 2487 360 2516 int,
376 2487 413 2510 24.
431 2499 460 2504 -
475 2486 554 2516 ⁵1nf.,
571 2488 593 2510 4.
610 2487 662 2503 -02
679 2487 735 2517 int,
752 2489 788 2511 14.
804 2501 835 2505 —-
850 2489 857 2502 ⁷
871 2490 945 2520 Aug„

181 2524 252 2546 tract.
267 2528 352 2551 cxxii,
368 2529 394 2545 n.
412 2525 434 2544 1.
449 2534 479 2539 —
492 2521 503 2537 ⁸
518 2522 621 2552 sup.,1,
637 2523 675 2551 40,
695 2523 729 2551 15,
747 2523 796 2546 etc.
807 2535 836 2540 —
850 2525 859 2537 ‘-·
873 2525 946 2555 sup„

181 2563 225 2586 xx,
239 2558 268 2582 24
283 2559 308 2581 et
322 2564 342 2581 s.
355 2570 381 2574 —
399 2558 417 2573 ¹⁰
432 2556 534 2586 Matth.,
551 2562 584 2585 ιν,
600 2559 622 2580 21
640 2559 665 2580 et
677 2564 728 2580 s.—
743 2557 761 2573 ¹¹
775 2558 889 2589 August.,
905 2560 948 2583 ubi

182 2599 248 2622 sup„
260 2598 285 2615 n.
303 2593 326 2615 t.
340 2605 371 2609 —
388 2592 405 2607 ¹²
417 2591 558 2621 Clirysost.,
572 2591 613 2615 ubi
628 2598 693 2621 sup„
711 2598 735 2615 ιι.
751 2593 773 2616 2.
787 2605 813 2610 -
831 2593 848 2607 ¹³
861 2594 946 2625 Greg.‚

1718 187 1776 215 519

1008 255 1111 274 eorum
1132 247 1310 275 unanimitas
1324 268 1332 281 ,
1357 247 1418 275 sive
1448 249 1648 284 occupationis
1672 249 1775 276 identi-

1008 296 1060 327 tas,
1071 293 1131 320 sive
1143 293 1224 320 unio.
1237 295 1271 320 Et
1281 294 1352 320 nihil
1364 294 1559 328 prendiderunt
1571 295 1622 330 (b);
1635 297 1661 322 et
1675 295 1706 322 in
1720 296 1776 323 hoc

1006 338 1079 366 forte
1107 339 1207 366 divina
1232 339 1420 374 dispensatio.
1447 341 1479 366 L't
1506 340 1584 366 enim
1608 340 1647 367 ait
1667 343 1776 375 Augus-

1007 384 1083 411 tinus
1099 385 1137 412 ¹¹:
1157 395 1170 410 «
1186 385 1326 412 Divinitus
1346 385 1455 412 factum
1476 388 1531 419 est,
1548 387 1579 412 ut
1599 386 1775 413 miraculum

1005 430 1073 466 plus
1093 433 1257 466 appareret.
1274 441 1286 456 n
1300 433 1332 458 Ut
1352 431 1431 458 enim
1443 431 1482 458 ait
1499 431 1722 467 Chrysostomus
1734 432 1773 459 ¹²:

1008 485 1021 501 «
1044 478 1142 511 Neque
1170 477 1242 511 quid
1267 484 1352 511 agere
1375 477 1533 510 habentes,
1555 479 1647 504 artem
1667 477 1775 505 scilicet

1006 522 1174 557 piscationis
1186 525 1352 557 tractarunt,
1364 522 1437 550 nihil
1448 523 1526 550 enim
1536 522 1677 550 habentes
1688 531 1774 558 agere

1005 569 1044 596 ad
1067 569 1258 604 piscationem
1282 570 1397 597 iverunt
1419 579 1425 596 :
1450 571 1476 597 et
1497 570 1554 597 hoc
1577 572 1682 605 nocte,
1705 571 1775 606 quia

1004 615 1190 643 formidolosi
1204 618 1294 643 erant.
1311 626 1325 641 ν)
1341 616 1422 643 Unde
1437 617 1542 651 quaerit
1558 617 1713 652 Gregorius
1730 618 1750 634 ¹³
1766 627 1772 645 ε

1008 671 1021 686 «
1035 662 1092 688 Cur
1107 663 1207 688 Petrus
1228 664 1295 697 post
1314 662 1537 690 conversionem
1559 663 1645 690 rediit
1659 663 1698 691 ad
1712 664 1773 699 pis-

1003 707 1158 741 cationem,
1171 715 1238 734 cum
1254 708 1366 735 dicatur
1381 708 1401 724 ¹⁵
1415 717 1421 734 ι
1438 709 1518 735 Nemo
1535 711 1644 736 mittens
1664 718 1773 736 manum

1005 753 1041 780 ad
1067 756 1203 785 aratrum,
1225 756 1250 779 et
1272 755 1405 788 aspiciens
1428 757 1498 780 ret-ro
1516 775 1524 787 ,
1549 758 1629 788 aptus
1644 758 1683 782 est
1694 763 1773 789 rayno

1004 801 1074 827 Dei?
1087 801 1157 827 Item
1172 801 1316 828 Matthaeus
1332 809 1393 828 non
1410 801 1497 828 rediit
1511 801 1550 827 ad
1569 801 1667 828 telonii
1681 810 1773 836 nego-

1004 846 1076 872 tium
1091 848 1157 881 post
1172 846 1404 873 conversionem.
1417 856 1429 871 »
1443 849 1474 874 Et
1483 847 1521 874 ad
1535 847 1591 874 hoc
1602 848 1770 882 respondet,

1004 891 1086 926 quod
1105 901 1117 916 «
1132 895 1198 919 sunt
1212 892 1350 927 quaedam
1365 893 1499 927 negotia,
1515 901 1581 927 quae
1593 893 1654 920 sine
1669 901 1772 928 pecca-

1005 937 1038 964 tis
1051 937 1182 964 exhiberi
1196 939 1246 964 aut
1259 938 1322 971 vix,
1338 940 1388 965 aut
1402 938 1569 965 nullatenus
1584 942 1716 973 possunt,
1733 939 1771 966 ad

1004 991 1069 1018 quae
1089 991 1149 1010 non
1173 985 1215 1011 est
1236 984 1422 1011 redeundum
1442 987 1509 1020 post
1529 985 1770 1019 conversionem,

1004 1029 1090 1064 quale
1106 1030 1159 1056 fuit
1173 1030 1324 1064 negotium
1340 1030 1456 1064 telonii;
1475 1031 1557 1058 aliud
1575 1039 1645 1058 vero
1663 1033 1705 1058 est
1723 1039 1772 1058 ne-

1003 1075 1130 1109 gotium,
1147 1076 1229 1110 quod
1242 1076 1304 1103 sine
1318 1078 1438 1111 peccato
1453 1076 1557 1110 extitit,
1575 1078 1602 1103 et
1620 1077 1676 1103 hoc
1689 1085 1772 1112 repe-

1002 1122 1062 1147 tere
1082 1123 1149 1156 post
1175 1121 1397 1148 conversionem
1412 1142 1421 1155 ‚
1443 1124 1596 1157 peccatum
1618 1129 1679 1149 non
1699 1122 1771 1155 fuit,

1003 1167 1090 1201 quale
1110 1169 1152 1193 est
1174 1167 1306 1202 piscatio.
1328 1177 1341 1192 »
1360 1167 1447 1200 Quasi
1473 1167 1577 1194 eadem
1599 1168 1700 1203 quaerit
1715 1170 1770 1195 Au-

1003 1212 1135 1246 gustinus
1157 1212 1178 1229 ¹5
1195 1221 1201 1238 :
1218 1212 1256 1239 ad
1280 1212 1362 1247 quod
1383 1213 1554 1247 respondet,
1575 1222 1588 1237 «
1603 1221 1663 1240 non
1683 1212 1771 1240 fuisse

1003 1265 1053 1284 eos
1074 1258 1236 1292 prohibitos
1260 1266 1313 1285 sua
1336 1260 1395 1285 arte
1416 1258 1494 1285 licita
1509 1259 1618 1285 victum
1639 1267 1771 1286 necessa-

1003 1303 1079 1330 rium
1101 1311 1244 1338 quaerere,
1261 1304 1305 1330 sui
1326 1304 1505 1339 apostolatus
1527 1304 1688 1339 integritate
1712 1312 1770 1332 ser-

1003 1350 1082 1382 vata,
1098 1349 1122 1376 si
1143 1349 1279 1384 quando,
1294 1349 1374 1377 unde
1389 1350 1536 1384 viverent,
1552 1350 1632 1377 aliud
1656 1350 1688 1385 (c)
1711 1358 1771 1377 non

1001 1395 1153 1422 haberent.
1169 1406 1182 1421 ν)
1208 1397 1269 1422 Haec
1294 1395 1352 1422 ille.
1378 1395 1434 1422 Sed
1453 1390 1646 1423 nihilominus
1671 1396 1771 1430 objici-

1003 1443 1048 1468 tur
1062 1450 1068 1468 :
1084 1441 1127 1468 Ait
1142 1442 1275 1468 Salvator
1288 1443 1371 1468 Petro
1386 1441 1406 1457 ¹⁵
1422 1450 1428 1468 ε
1448 1450 1461 1466 «
1475 1443 1515 1468 Ex
1532 1441 1589 1468 hoc
1604 1441 1659 1468 eris
1673 1441 1770 1468 homi-

1001 1494 1054 1513 nes
1068 1487 1195 1522 capiens.
1212 1497 1226 1512 »
1243 1489 1317 1521 Ergo
1333 1495 1369 1514 ex
1387 1489 1456 1514 tunc
1476 1494 1538 1514 non
1553 1487 1656 1514 debuit
1675 1488 1716 1515 ire
1732 1487 1771 1514 ad

1002 1533 1162 1568 capiendos
1177 1533 1286 1568 piscem,
1303 1533 1356 1560 sed
1371 1533 1410 1560 ad
1424 1533 1661 1568 praedicandum,
1677 1535 1704 1560 et
1721 1541 1769 1561 ca-

1001 1578 1144 1614 piendum
1166 1579 1311 1606 homines.
1334 1580 1404 1605 Item
1429 1578 1468 1605 ait
1491 1578 1578 1605 Filius
1598 1579 1646 1605 Dei
1660 1579 1770 1606 volenti

1002 1624 1043 1651 ire
1059 1624 1098 1651 ad
1117 1624 1320 1659 sepeliendum
1334 1626 1448 1659 patrem
1463 1624 1484 1640 ¹⁷
1500 1634 1506 1649 :
1526 1634 1539 1649 a
1559 1624 1672 1651 Dimitte
1694 1632 1771 1651 mor-

1002 1672 1066 1697 tuos
1081 1670 1203 1705 sepelire
1218 1672 1350 1697 mortuos
1365 1678 1441 1697 suos.
1458 1681 1470 1695 n
1490 1672 1564 1705 Ergo
1580 1678 1633 1698 nec
1651 1671 1690 1698 ad
1704 1679 1769 1698 mo-

1002 1716 1100 1742 dicum
1127 1717 1242 1751 tempus
1263 1716 1394 1751 permisit
1418 1724 1486 1743 eum
1515 1716 1665 1744 intendere
1688 1717 1770 1752 operi

1001 1762 1123 1797 pietatis.
1155 1761 1243 1789 Multo
1273 1762 1367 1797 magis
1396 1769 1456 1789 non
1487 1762 1589 1789 debuit
1614 1763 1771 1797 Apostolus

1002 1807 1150 1835 intendere
1165 1807 1210 1834 his
1228 1808 1368 1843 operibus
1388 1808 1574 1843 piscationis,
1595 1816 1661 1835 cum
1681 1816 1772 1843 opera

1001 1853 1153 1881 manualia
1163 1853 1325 1888 aliquando
1337 1853 1501 1888 impediant
1511 1854 1695 1882 vocationem
1706 1863 1771 1890 quae

1001 1900 1039 1926 ad
1055 1901 1145 1926 Deum
1159 1901 1218 1932 est,
1231 1901 1259 1926 et
1275 1907 1365 1934 opera
1382 1900 1554 1935 spiritualia.
1570 1902 1640 1927 ltem
1655 1900 1694 1928 ait
1713 1900 1771 1928 Sal-

1002 1947 1085 1973 vator
1099 1945 1118 1961 ¹⁸
1141 1955 1149 1971 ε
1168 1955 1181 1970 κ
1196 1945 1325 1972 Primum
1352 1946 1474 1980 quaerite
1502 1953 1626 1980 regnum
1654 1946 1718 1978 Dei,
1744 1947 1772 1973 et

1002 1991 1102 2018 omnia
1124 1991 1185 2018 haec
1210 1991 1383 2025 adjicientur
1404 1991 1500 2019 vobis.
1523 2001 1536 2017 »
1555 1993 1630 2027 Ergo
1653 1992 1770 2020 debuis-

1001 2041 1064 2064 sent
1078 2037 1236 2064 intendisse
1252 2037 1453 2072 spiritualibus
1467 2038 1727 2073 occupationibus,
1744 2039 1772 2065 et

1003 2085 1074 2110 Deus
1097 2083 1266 2118 provideret
1283 2083 1323 2110 eis
1345 2083 1382 2110 de
1403 2083 1625 2118 temporalibus.
1645 2085 1715 2111 Item
1728 2084 1770 2111 ¹⁹:

1005 2139 1018 2154 «
1031 2129 1180 2157 ordinavit
1196 2131 1269 2156 Deus
1284 2129 1329 2156 his
1343 2129 1394 2164 qui
1409 2129 1620 2164 evangelizant,
1632 2129 1669 2157 de
1682 2131 1772 2158 Evan-

1001 2175 1078 2210 gelio
1097 2175 1205 2202 vivere.
1223 2184 1236 2200 »
1255 2174 1425 2202 chuissent
1445 2183 1514 2209 ergo
1536 2175 1688 2203 intendere
1709 2176 1771 2203 ani-

1001 2221 1108 2248 mabus
1138 2220 1286 2248 lucrandis
1302 2241 1312 2253 ‚
1338 2222 1365 2247 et
1384 2228 1445 2248 non
1468 2221 1608 2256 operibus
1628 2222 1772 2249 manuali-

1001 2267 1067 2294 bus.
1084 2268 1116 2294 Et
1131 2266 1169 2293 ad
1184 2266 1261 2293 istud
1275 2266 1517 2301 respondendum
1530 2269 1587 2301 est,
1603 2267 1676 2295 sicut
1688 2268 1772 2295 habi-

1001 2314 1063 2340 tum
1087 2313 1128 2339 est
1142 2312 1180 2339 ab
1205 2312 1364 2346 Augustino
1376 2312 1398 2328 ²⁰
1415 2321 1420 2339 :
1439 2322 1451 2337 α
1467 2313 1515 2340 Sui
1530 2313 1711 2348 apostolatus
1726 2314 1770 2340 in-

1002 2358 1132 2393 tegritate
1160 2360 1273 2385 servata
1284 2378 1293 2391 ,
1318 2365 1378 2385 non
1407 2357 1524 2386 fuerunt
1552 2359 1692 2394 prohibiti
1719 2367 1771 2387 sua

1004 2454 1029 2477 in
1052 2454 1147 2483 Evanq.
1169 2452 1239 2475 hom.
1261 2457 1332 2482 niv,
1354 2458 1380 2475 ιι.
1403 2454 1420 2475 1.
1443 2465 1473 2470 —
1496 2453 1514 2469 ¹⁴
1536 2453 1604 2483 Luc„
1624 2460 1665 2485 ix,
1685 2455 1724 2478 62.
1741 2466 1771 2472 -·

1005 2490 1023 2506 ¹⁵
1035 2490 1109 2520 Aug„
1124 2488 1167 2511 ubi
1180 2494 1247 2518 sup„
1262 2494 1288 2510 n.
1301 2488 1325 2512 3.
1339 2499 1366 2504 -
1383 2487 1403 2504 ¹⁶
1417 2488 1484 2518 Luc„
1499 2494 1522 2518 v,
1540 2491 1577 2513 10.
1590 2503 1620 2507 —
1635 2491 1653 2506 ¹⁷
1669 2489 1769 2519 natm,

1004 2531 1066 2554 v111,
1082 2526 1120 2548 22.
1138 2536 1163 2540 -
1189 2523 1208 2539 ’Β
1229 2522 1302 2552 thid„
1320 2528 1360 2552 vt,
1377 2523 1415 2547 33.
1430 2536 1461 2541 —-
1477 2525 1493 2538 ¹⁹
1511 2525 1519 2548 l
1540 2525 1607 2555 Catu,
1628 2531 1667 2555 ix,
1688 2526 1724 2549 ¹4.
1741 2538 1766 2541 —

1005 2560 1023 2575 ²⁰
1040 2561 1115 2590 Aug„
1136 2558 1178 2582 ubi
1200 2565 1256 2588 sup.
1279 2570 1308 2575 —
1330 2558 1363 2589 (a)
1391 2558 1452 2583 Coet.
1476 2559 1536 2583 ertit.
1559 2562 1769 2584 sacramenta.-

1008 2595 1041 2625 tb)
1057 2593 1245 2626 prehenderunt.
1260 2606 1290 2611 -
1308 2594 1336 2623 (c)
1352 2593 1460 2618 aliunde.
