1987 3032
106 300 196 322 Divisio·
224 295 281 326 filii
295 294 480 326 obedientis.
499 294 652 325 Dividitur
663 296 768 324 autem
783 294 851 323 haee
873 300 946 331 pars
959 291 992 321 iu

90 2461 197 2488 Sympho-

92 2494 195 2520 niaquid.

228 232 266 261 ⁶20

225 348 318 386 duas,
336 348 368 378 in
391 357 527 387 quarum
553 348 655 387 prima
676 347 866 386 exprimitur
889 345 990 383 impa-

224 401 333 432 tientia
354 400 410 431 filii
429 402 467 431 ad
478 401 729 439 indignationem
741 397 988 437 concipiendam;

223 454 370 491 secundo,
387 454 551 484 clementia
566 453 663 492 patris
685 453 723 483 ad
736 450 989 489 indignationem

222 506 418 545 placandam,
435 506 495 536 ibi¹
515 517 521 536 :
539 506 635 536 Pater
648 515 722 545 erqo
738 505 822 535 [llius
837 511 988 542 eqressus,

221 561 279 589 etc.
309 559 395 589 Circa
423 558 651 598 impatientiam
676 558 733 587 filii
754 555 910 594 indignati
930 555 990 584 tria

220 611 391 642 introducit
414 611 626 649 Evangelista,
644 620 683 640 ex
699 609 815 649 quihus
839 608 987 645 indigna-

219 663 262 693 tio
276 663 328 693 illa
342 664 502 701 originem
516 663 622 700 traxit,
640 662 756 692 scilicet
771 660 988 691 difficultatem

218 716 334 746 laboris
361 716 490 754 peracti,
507 714 737 745 solemnitatem
755 713 863 752 gaudii
878 712 987 749 auditi,

218 770 248 798 et
269 768 488 799 liberalitatem
517 768 639 807 paterni
668 767 812 797 beneficii
835 765 985 795 indicati:

217 829 257 850 ex
271 829 409 860 quorum
435 819 817 858 considerationessincidit
837 818 887 848 ille
902 817 987 847 tilius

216 874 319 912 major
333 874 368 904 in
383 874 648 912 indignationem.

256 926 363 957 Primo
388 926 497 965 igitur,
522 928 678 965 quantum
704 925 741 954 ad
771 924 986 953 difficultatem

214 977 330 1008 laboris
342 979 470 1018 peracti,
487 978 562 1008 dicit
580 989 586 1007 z
605 978 689 1009 Erat
703 976 905 1014 czztcemfilius
919 975 986 1013 ejus

214 1031 319 1060 senior
332 1031 365 1061 in
382 1040 472 1070 affro.
496 1030 593 1060 Filius
606 1030 664 1059 iste
680 1029 784 1059 senior
792 1029 907 1059 dicitur
922 1028 984 1065 ille,

214 1084 269 1122 qui
284 1084 427 1114 moribus
442 1083 598 1113 maturior
619 1084 682 1119 est,
700 1082 779 1121 patri
795 1081 985 1111 conformior

215 1137 246 1165 et
270 1137 477 1174 obedientior,
501 1136 577 1175 quia
597 1135 711 1166 dicitur
726 1136 736 1150 ²
753 1144 760 1164 :
787 1134 889 1164 «Cani
913 1137 985 1164 sunt

213 1196 323 1218 sensus
338 1189 492 1226 hominis,
509 1192 540 1218 et
562 1190 638 1218 zetas
655 1187 825 1217 senectutis
841 1187 905 1216 vita
920 1187 982 1216 im-

213 1241 380 1271 maculata.
396 1252 410 1270 1)
430 1241 467 1271 Et
485 1241 560 1280 quia
573 1241 655 1271 bona
675 1240 741 1270 vita
755 1248 920 1278 uunquam
936 1241 983 1269 est

212 1293 322 1331 otiosa,
338 1294 407 1323 ideo
421 1293 508 1330 dicit,
525 1293 610 1332 quod
623 1295 690 1323 erat
712 1293 745 1322 in
759 1301 850 1331 (tyro,
867 1292 983 1321 scilicet

211 1346 250 1376 ad
273 1346 494 1382 laborandum,
526 1349 561 1376 ut
586 1348 689 1385 posset
720 1346 822 1376 dicere
851 1345 951 1375 illud³
973 1356 978 1374 :

215 1410 229 1427 «
261 1399 363 1429 Homo
391 1400 531 1438 agricola
563 1408 654 1436 sum,
689 1399 841 1438 quoniam
879 1398 980 1427 Adam

208 1452 391 1491 exemplum
420 1462 529 1482 meum
559 1452 598 1481 ab
624 1451 833 1482 adolescentia
863 1460 945 1481 mea.
963 1462 976 1478 n

209 1503 297 1534 Unde
311 1505 345 1534 in
357 1514 437 1544 agro
448 1505 610 1535 laborabat
633 1504 809 1534 secundum
825 1503 979 1542 Sapientis

208 1557 375 1587 consilium
391 1557 424 1588 ⁴:
447 1557 535 1593 «Qui
557 1559 706 1596 operatur
733 1558 851 1585 terram
875 1564 977 1591 suam,

207 1609 400 1639 saturabitur
415 1610 561 1649 panibus.
586 1609 622 1639 Et
638 1611 647 1627 ⁵
675 1620 681 1638 :
713 1620 726 1636 «
742 1608 888 1647 Praepara
903 1608 979 1637 soris

206 1670 287 1701 opus
315 1664 425 1700 tuum,
457 1664 488 1692 et
516 1662 686 1700 diligenter
719 1670 828 1691 exerce
863 1669 979 1699 agrum

206 1715 299 1744 tuum
313 1725 327 1742 >³
348 1725 354 1744 :
370 1714 446 1753 quia
459 1714 503 1744 sic
524 1714 643 1744 dictum
658 1716 704 1744 est
719 1713 843 1743 homini
859 1712 868 1727 ‘³
887 1724 893 1742 :
915 1724 928 1740 «
944 1712 979 1742 111

206 1766 321 1797 sudore
335 1767 444 1798 vultus
459 1767 506 1797 tui
521 1767 655 1797 vesceris
672 1775 751 1805 pane
769 1768 835 1795 tuo.
853 1777 867 1793 υ

247 1818 407 1856 Secundo,
424 1821 581 1858 quantum
597 1819 635 1849 ad
651 1818 883 1848 solemnitatem
903 1826 979 1856 gau-

206 1871 248 1901 dii
264 1871 378 1908 auditi,
395 1872 499 1901 subdit
512 1882 518 1900 :
536 1872 566 1901 E
569 1875 580 1900 t
594 1880 666 1900 cum
680 1871 800 1900 veniret
815 1874 844 1899 et
858 1878 977 1909 appro-

205 1912 378 1963 pinqtcczret
400 1923 530 1960 domui,
555 1923 679 1952 mallei!
701 1921 926 1961 symphoniam
951 1926 979 1951 el

207 1974 350 2005 chorum.
370 1975 430 2005 Per
445 1976 576 2004 domum
592 1975 683 2003 istam
699 1974 888 2011 intelligitur
903 1982 976 2003 con-

207 2028 353 2066 gregatio
373 2028 552 2066 justorum⁷
570 2038 576 2057 ε
596 2038 610 2055 c<
626 2026 707 2056 Deus
727 2027 759 2055 in
780 2026 847 2056 loco
871 2028 979 2056 sancto

207 2089 265 2110 suo
283 2090 289 2110 :
309 2080 390 2110 Deus
414 2080 590 2109 inhabitare
614 2079 685 2109 facit
707 2079 803 2108 unius
826 2079 923 2108 moris
946 2079 979 2108 in

209 2133 339 2163 domo.»
362 2132 420 2163 ΕἰΒ
436 2144 442 2162 :
461 2144 473 2159 α
487 2132 525 2162 Ut
539 2132 618 2162 scias
628 2131 786 2171 quomodo
797 2133 939 2170 oporteat
949 2133 979 2161 te

208 2186 243 2215 in
255 2185 349 2215 domo
362 2185 415 2215 Dei
430 2184 622 2221 conversari,
633 2192 707 2223 quae
715 2185 762 2213 est
776 2183 911 2213 Ecclesia
926 2183 979 2213 Dei

210 2238 294 2274 vivi,
311 2238 459 2267 columna
480 2240 511 2267 et
534 2238 771 2266 firmamentum
793 2235 974 2266 veritatis.»

210 2290 247 2319 ln
260 2290 320 2320 hac
334 2290 428 2320 domo
450 2290 579 2319 auditur
602 2288 791 2328 symphonia
810 2290 840 2317 et
863 2288 980 2318 chorus

210 2351 267 2382 per
281 2342 466 2372 concordem
484 2342 642 2378 laetitiam‚
666 2342 822 2379 quantum
843 2340 883 2370 ad
902 2350 979 2371 con-

210 2395 401 2425 formitatem
425 2394 605 2423 interiorem
630 2395 661 2423 et
683 2393 871 2423 exteriorem
886 2417 893 2430 ,
920 2393 979 2423 hoc

210 2450 273 2484 est,
291 2456 433 2483 morum,
453 2447 635 2476 animorum
655 2448 684 2475 et
706 2454 900 2475 sermonum.
926 2445 979 2475 Est

210 2500 295 2530 enim
311 2499 502 2538 symphonia
517 2498 682 2528 concordia
695 2500 726 2527 et
740 2498 880 2528 collectio
900 2508 977 2537 quo—

243 2562 248 2574 “
266 2560 323 2589 lns.‚
337 2567 362 2583 v.
376 2560 415 2583 28.
428 2572 458 2577 —
475 2560 485 2574 ²
499 2559 569 2589 Sup.‚
587 2565 622 2588 ιν,
635 2560 658 2581 9.
673 2572 702 2575 -
717 2558 725 2571 ³
736 2559 820 2587 Zaelz.y
837 2564 894 2589 xxu,
912 2561 935 2582 ὅ.
950 2571 979 2576 -—

210 2595 219 2610 δ
235 2595 316 2623 Ρνου.,
333 2600 384 2624 111,
408 2596 443 2617 ¹1.
463 2606 492 2611 -
513 2594 522 2609 ⁵
536 2594 610 2622 lbid.‚
627 2598 699 2622 xxm,
717 2594 754 2616 27.
775 2606 805 2610 —-
825 2594 833 2607 ¹⁵
849 2594 919 2623 Gen„
940 2599 979 2624 111,

212 2631 248 2653 19,
270 2643 299 2647 —
321 2631 327 2643 ⁷
352 2628 416 2653 I’sal.
441 2634 525 2657 van,
551 2629 575 2650 7.
598 2640 628 2644 ·--
655 2627 665 2643 ⁸
688 2628 693 2650 Ι
721 2627 793 2657 Tim„
822 2634 863 2657 ¹¹¹:
888 2630 924 2652 133,
949 2640 979 2644 —

210 2665 219 2676 ⁹
235 2664 362 2694 Ambros.,
381 2665 406 2687 in
427 2664 490 2691 Luc„
513 2663 555 2687 lib.
572 2663 630 2693 Vll,
651 2669 677 2686 11.
693 2664 747 2686 238.
765 2675 795 2679 —
819 2663 839 2678 ¹⁰
860 2664 924 2692 Act„
943 2668 981 2692 iv,

768 224 980 257 EVANGELII
1003 225 1143 257 SANCTI
1166 226 1278 258 LUCAE

1048 301 1257 332 rumcumque
1272 301 1445 330 sonorum;
1462 295 1492 324 et
1510 292 1657 332 designat
1675 293 1817 324 laetitiam

1047 354 1118 383 quai
1142 346 1230 375 venit
1252 355 1291 376 ex
1315 346 1480 376 concordia
1506 346 1699 376 animorum.
1729 345 1817 377 Unde

1046 396 1233 428 Ambrosius
1249 398 1259 414 ⁹
1280 409 1286 428 :
1306 410 1320 426 ι(
1340 398 1536 438 Symphonia
1553 401 1600 428 est
1618 398 1816 429 diversarum

1046 452 1176 480 aetatum
1191 453 1221 480 ct
1235 451 1391 481 virtutum
1406 451 1493 482 velut
1510 451 1673 481 variarum
1688 451 1818 482 chorda-

1046 509 1119 531 rum
1136 502 1302 533 indiscreta
1317 504 1500 540 concordia,
1512 515 1526 531 »
1546 503 1718 533 secundum
1731 504 1816 543 quod

1045 553 1160 584 dicitur
1171 555 1208 584 ¹⁰:
1225 555 1460 585 «Multitudinis
1476 555 1670 586 credentium
1684 558 1751 586 erat
1762 565 1817 587 cor

1045 614 1148 636 unuin
1164 609 1194 636 et
1209 608 1315 637 anima
1331 617 1406 638 una.
1419 619 1433 635 ι)
1453 607 1572 638 Chorus
1588 616 1664 638 vero
1682 610 1730 638 est
1749 608 1815 639 col-
1830 612 1924 632 Chora·-

1045 658 1135 689 lectio
1149 669 1275 698 vocum7
1293 663 1323 690 ct
1339 661 1497 700 significat
1510 660 1654 691 laetitiam
1670 669 1743 700 quae
1758 670 1816 693 ve-

1045 711 1091 740 nit
1105 721 1145 741 ex
1160 712 1326 742 concordia
1338 722 1451 743 vocum
1462 715 1493 743 et
1508 713 1681 743 verborum
1691 713 1724 743 in
1738 723 1817 754 prae-

1044 763 1176 794 dicando
1193 766 1222 794 et
1237 765 1395 795 laudando
1411 765 1510 795 Deum
1521 789 1529 802 ‚
1545 766 1719 796 secundum
1739 766 1817 797 illud

1046 816 1210 855 l'rophetae
1222 818 1241 834 ¹¹
1262 829 1268 848 :
1290 830 1304 846 «
1319 818 1457 848 Laudate
1472 827 1546 849 eum
1567 819 1601 848 in
1620 821 1772 858 tympano
1787 821 1817 849 et

1043 869 1153 907 choro⁷
1169 881 1184 898 1>
1200 871 1260 901 hoc
1275 873 1321 901 est
1335 871 1366 900 in
1381 873 1489 901 sancta
1503 871 1648 901 Ecclesia.
1665 872 1685 888 ¹²
1696 883 1710 900 α
1720 871 1816 902 Obse-

1044 930 1097 951 cro
1122 925 1156 952 ut
1180 923 1319 961 idipsum
1344 923 1454 954 dicatis
1480 933 1601 954 omnes.
1617 935 1632 952 »
1660 924 1698 954 Et
1720 924 1758 955 de
1778 924 1818 954 iis

1043 973 1167 1004 duobus
1197 975 1366 1005 dicitur¹³z
1396 987 1411 1004 α
1435 975 1467 1006 Si
1493 985 1557 1014 qua
1586 976 1756 1007 consolatio
1783 977 1817 1006 111

1043 1027 1184 1063 Christo,
1202 1028 1229 1057 si
1245 1028 1329 1066 quod
1343 1028 1491 1058 solatium
1510 1028 1672 1058 charitatis
1683 1052 1690 1065 ‚
1707 1029 1733 1059 si
1754 1037 1818 1069 qua

1041 1079 1171 1109 societas
1181 1080 1322 1118 spiritus,
1334 1081 1359 1110 si
1371 1090 1433 1120 qua
1450 1080 1572 1110 viscera
1587 1080 1814 1111 miserationis:

1042 1132 1169 1170 implete
1183 1132 1338 1170 gaudium
1364 1141 1472 1162 meum
1484 1155 1492 1168 ‚
1513 1134 1548 1162 ut
1570 1132 1654 1162 idem
1669 1133 1812 1172 sapiatis,

1040 1185 1184 1215 camdem
1199 1185 1382 1214 charitalem
1398 1185 1559 1222 habentes,
1573 1185 1754 1222 unanimes,
1770 1185 1814 1215 id-

1040 1237 1145 1275 ipsum
1167 1237 1347 1267 sentientes
1365 1248 1379 1265 »
1399 1237 1486 1267 Hanc
1509 1246 1588 1276 crgo
1612 1238 1813 1269 harmoniam

1036 1290 1212 1327 jucundam
1236 1290 1268 1319 in
1289 1290 1348 1320 hac
1369 1290 1462 1320 domo
1486 1289 1538 1320 Dei
1563 1290 1670 1328 audit,
1695 1291 1751 1330 qui
1776 1290 1814 1321 ad

1039 1340 1126 1370 illam
1145 1342 1389 1381 appropinquat.
1414 1342 1684 1381 Appropinquatio
1705 1344 1814 1373 autem

1038 1393 1098 1423 ista
1112 1396 1157 1424 est
1172 1403 1228 1432 per
1250 1394 1534 1424 considerationem
1557 1403 1654 1425 sacrae
1670 1394 1813 1434 Scriptu-

1038 1453 1100 1483 raz,
1120 1454 1191 1484 quae
1206 1446 1296 1484 quasi
1313 1448 1359 1475 est
1375 1446 1534 1485 quoddam
1550 1446 1667 1477 ostium
1681 1447 1720 1477 ad
1736 1456 1811 1486 cog-

1037 1499 1235 1528 noscendum
1246 1508 1282 1528 ea
1293 1508 1365 1538 quae
1377 1501 1452 1529 sunt
1463 1499 1547 1529 intra
1560 1499 1715 1530 unitatem
1727 1508 1814 1530 sanc-

1037 1553 1077 1581 tae
1092 1550 1237 1581 Ecclesiae
1255 1554 1277 1569 ¹⁸
1291 1560 1298 1580 ε
1320 1562 1334 1579 «
1344 1551 1535 1590 Appropiate
1550 1551 1589 1581 ad
1604 1560 1666 1589 me,
1683 1552 1810 1590 indocti,

1037 1606 1067 1633 et
1089 1606 1286 1642 congregate
1308 1613 1364 1634 vos
1386 1604 1418 1633 in
1442 1604 1573 1634 domum
1595 1604 1779 1644 disciplinae.
1793 1616 1807 1633 »

1036 1656 1075 1686 Et
1098 1659 1175 1687 tunc
1199 1657 1327 1696 quando
1351 1657 1421 1695 quis
1443 1656 1577 1687 attendit
1599 1656 1810 1696 Scripturam,

1036 1709 1070 1738 in
1085 1709 1152 1748 ipsa
1172 1709 1258 1739 audit
1280 1709 1370 1739 istius
1394 1709 1542 1739 Ecclesiae
1564 1710 1766 1740 concordiam
1781 1713 1812 1741 et

1036 1762 1237 1792 harmoniam
1259 1762 1341 1792 intra
1363 1764 1433 1801 ejus
1457 1763 1624 1793 membra:
1649 1763 1724 1802 quia
1745 1765 1811 1794 tota

1037 1814 1199 1853 Scriptura
1215 1814 1295 1844 nihil
1310 1814 1397 1845 aliud
1419 1815 1508 1844 docet
1531 1824 1628 1854 quam
1651 1816 1812 1847 charitatis

1036 1868 1236 1897 concordiam
1262 1869 1292 1896 et
1318 1867 1519 1896 harmoniam
1534 1890 1542 1904 ,
1570 1867 1744 1898 secundum
1771 1868 1809 1898 il-

1035 1919 1091 1949 lud
1103 1920 1142 1948 ¹⁵:
1163 1931 1177 1947 «
1192 1919 1226 1948 ln
1241 1919 1291 1948 his
1302 1919 1427 1949 duobus
1440 1919 1607 1958 mandatis,
1620 1930 1634 1947 1)
1647 1922 1705 1950 etc.
1721 1919 1760 1950 Et
1770 1920 1807 1950 ¹⁸:

1040 1983 1054 2000 α
1069 1972 1127 2008 Qui
1147 1972 1253 2010 diligit
1274 1972 1472 2010 proximum,
1493 1972 1600 2010 legem
1622 1972 1775 2012 implevit.
1789 1984 1804 2001 »

1036 2023 1144 2053 Nam¹7
1159 2034 1166 2053 ε
1181 2023 1266 2053 Finis
1282 2023 1442 2062 praecepti,
1454 2025 1500 2053 est
1515 2023 1653 2054 charitas
1667 2024 1706 2055 de
1717 2025 1810 2056 corde

1036 2084 1133 2114 puro,
1150 2078 1208 2105 etc.

1076 2129 1197 2166 Tertio,
1214 2132 1370 2168 quantum
1387 2130 1425 2159 ad
1446 2129 1666 2160 liberalitatem
1685 2130 1809 2169 paterni

1037 2183 1181 2212 beneficii
1195 2182 1340 2219 indicati,
1353 2182 1458 2212 subdit
1473 2183 1520 2221 (v.
1534 2184 1589 2220 26)
1604 2191 1611 2212 :
1628 2183 1674 2213 Et
1687 2183 1811 2213 vocavit

1037 2244 1138 2265 unum
1162 2235 1199 2264 de
1222 2235 1334 2272 servis,
1360 2239 1390 2264 et
1416 2235 1625 2274 interroqavz't
1647 2235 1728 2275 quid
1744 2234 1809 2266 hoec

1037 2291 1146 2317 essent.
1177 2287 1236 2317 Iste
1260 2296 1347 2317 unus
1372 2296 1483 2317 servus
1506 2289 1638 2318 vocatus
1661 2290 1708 2318 est
1733 2287 1809 2318 ordo

1037 2340 1277 2380 praedicantium
1300 2342 1331 2369 et
1351 2339 1550 2377 docentium,
1573 2340 1611 2369 de.
1635 2349 1698 2378 quo
1716 2349 1809 2371 servo

1037 2401 1133 2431 supra
1146 2392 1165 2408 ¹⁸
1183 2403 1189 2422 2
1214 2403 1228 2420 (1
1245 2392 1329 2422 Misit
1352 2401 1481 2422 servum
1497 2401 1592 2422 suum
1610 2392 1691 2422 hora
1710 2401 1808 2423 eoenae

1037 2445 1138 2475 dicere
1153 2444 1303 2481 invitatis,
1319 2455 1332 2471 »
1347 2445 1403 2474 ubi
1419 2444 1524 2474 Glossa
1535 2444 1555 2460 ¹⁹
1570 2455 1576 2474 :
1597 2444 1739 2475 «Servus
1750 2445 1808 2475 iste

1037 2500 1083 2527 est
1099 2497 1175 2527 ordo
1200 2497 1452 2535 praedicantium.
1466 2508 1480 2524 »
1504 2497 1552 2526 Ab
1567 2497 1627 2526 hoc
1645 2505 1738 2527 servo
1755 2506 1806 2527 re-

1036 2560 1074 2582 32.
1092 2571 1118 2575 ——
1136 2557 1153 2573 ¹¹
1166 2558 1238 2581 Psal.
1253 2564 1292 2585 CL,
1309 2559 1331 2580 Δ1.
1348 2571 1374 2574 -
1390 2558 1408 2573 ¹¹
1423 2558 1431 2580 1
1449 2558 1514 2587 Cor„
1532 2563 1551 2586 Ι,
1568 2559 1603 2580 10.
1620 2569 1651 2574 --
1667 2556 1686 2572 '³
1699 2557 1804 2587 Philip„

1037 2599 1072 2622 11,
1089 2595 1126 2616 1⁴2.
1142 2606 1173 2611 —
1191 2594 1209 2609 ¹¹·
1224 2593 1312 2622 Ecca„
1328 2599 1368 2622 LI,
1386 2594 1423 2616 31.
1438 2605 1468 2609 -
1484 2593 1503 2608 ¹⁶
1517 2592 1617 2621 Μαίϋι,
1632 2597 1702 2621 xxii,
1721 2593 1758 2615 40.
1773 2605 1804 2610 —

1038 2628 1058 2643 ¹⁵
1073 2628 1148 2654 Rom..
1164 2634 1220 2657 xiii,
1235 2630 1257 2649 8.
1276 2640 1301 2643 —
1321 2628 1359 2650 ¹⁷1
1379 2627 1450 2653 Tim,
1466 2632 1483 2655 1,
1499 2628 1521 2649 5.
1536 2639 1566 2643 —
1580 2627 1596 2640 ¹³
1609 2628 1682 2657 Sup.‚
1697 2631 1750 2657 ΧΠ,
1767 2628 1802 2650 Π.

1035 2676 1065 2680 -
1083 2664 1101 2679 ¹⁹
1116 2663 1198 2687 Gloss.
1213 2663 1336 2692 intcrhn„
1350 2668 1426 2692 super
1439 2662 1499 2685 illud
1514 2671 1519 2683 ι
1535 2662 1615 2691 Misit,
1631 2663 1679 2685 etc.
