1987 3032
708 480 1003 516 PRAEFATIONIS
1033 480 1139 515 LOCO

420 599 456 622 Ex
479 598 621 622 Prodromo
644 598 674 621 ad
696 605 775 628 opera
793 598 878 621 omnia
900 598 926 622 S.
949 598 1135 621 Bonaventurffl
1158 599 1279 628 excerpta
1301 597 1427 627 quaedam.

415 875 548 900 EXPOSITlo
567 881 592 899 m
612 874 777 900 Evmcamum
798 874 825 899 S.
846 874 959 899 JOANNis.
982 872 1142 906 (Prodrom,
1164 872 1215 898 col.
1235 873 1286 898 712
1305 874 1331 898 et
1351 871 1434 906 seq).

172 967 370 1005 Quamquam
394 966 482 996 facile
505 966 707 1003 admiserim,
732 966 816 1005 quod
839 966 871 995 in
894 966 1095 1004 Argumento
1122 965 1263 995 Editores
1291 964 1423 994 Romani
1448 964 1716 1003 praeloquuntur:

138 1022 292 1052 «Constat
315 1022 379 1052 fere
401 1023 483 1052 inter
507 1031 618 1053 omnes
639 1022 839 1061 antiquitatis
862 1022 1085 1052 Ecclesiasticae
1106 1031 1167 1052 usu
1191 1021 1325 1061 peritos,
1340 1021 1372 1051 in
1388 1020 1601 1059 Evangelium
1617 1019 1722 1050 Sancti

132 1077 259 1108 Joannis
280 1078 434 1109 eximium
458 1078 602 1110 Ecclesiae
624 1079 788 1109 Doctorem
812 1078 1019 1118 Seraphieum
1041 1078 1315 1115 Bonaventuram,
1333 1078 1439 1108 virum
1460 1077 1493 1107 in
1512 1076 1625 1117 primis
1648 1076 1721 1107 vitae

133 1136 359 1174 sanctimonia,
379 1136 594 1175 doctrinaeque
617 1136 710 1166 laude
728 1137 960 1174 clarissimum,
982 1136 1158 1166 luculenter
1180 1135 1340 1175 scripsisse
1359 1134 1610 1171 Commentaria3
1627 1144 1641 1162 >³
1658 1143 1722 1164 non

132 1194 239 1222 tamen
264 1193 373 1223 eadem
396 1193 540 1222 facilitate
562 1193 787 1228 concesserim,
803 1202 840 1223 ea
864 1194 901 1224 in
916 1192 1064 1224 Postillas
1078 1216 1085 1229 ,
1105 1201 1243 1231 quarum
1265 1192 1457 1232 principium
1475 1192 1515 1221 sit
1533 1202 1540 1222 ι
1557 1190 1723 1230 Numquid

133 1249 176 1280 ad
189 1252 376 1289 proeceptum
391 1257 512 1288 meam,
527 1252 556 1280 et
581 1251 618 1281 in
641 1250 830 1282 collationes
853 1249 1070 1287 distribuisse,
1090 1250 1359 1289 quemadmodum
1381 1249 1450 1279 illas
1474 1249 1534 1279 sub
1558 1248 1721 1279 Bonaven-

132 1309 211 1336 turae
234 1307 362 1337 nomine
386 1307 507 1345 praefati
532 1307 675 1338 Editores
692 1307 882 1345 vulgarunt.
901 1306 938 1337 Ut
954 1307 1079 1337 easdem
1096 1306 1328 1337 Bonaventurae
1352 1310 1460 1337 nostro
1481 1306 1699 1345 abjudicemus
1713 1329 1721 1343 ‚

132 1363 204 1393 facit
219 1372 284 1394 non
297 1364 425 1403 quidem
440 1365 578 1395 verbalis
594 1364 709 1395 Oudini
720 1387 729 1401 ,
746 1373 782 1394 ac
796 1363 950 1394 Editionis
972 1364 1154 1394 novissimae
1179 1363 1369 1393 Curatorum
1395 1372 1527 1393 censura
1539 1386 1547 1400 ‚
1564 1362 1617 1392 sed
1639 1361 1724 1401 quod

132 1419 225 1449 aliam
248 1420 346 1458 longe
366 1420 541 1457 diversam,
566 1420 795 1459 certioremque
823 1420 983 1451 Postillam
1009 1421 1042 1450 in
1065 1420 1149 1450 idem
1171 1420 1299 1450 loannis
1320 1418 1533 1458 Evangelium
1548 1419 1607 1450 sub
1622 1419 1725 1450 Bona-

131 1478 275 1506 venturae
296 1477 397 1507 nostri
419 1477 548 1507 nomine
571 1477 732 1516 auspicato
754 1476 972 1507 invenerimus
989 1480 1010 1507 ¹.

172 1532 383 1563 Praesentium
398 1533 504 1573 itaque
519 1534 717 1564 Postillarum
731 1535 827 1572 atque
842 1533 1049 1564 Collationum
1065 1536 1227 1564 auctorem
1242 1541 1402 1572 negamus
1414 1532 1541 1572 quidem
1556 1531 1724 1564 Bonaven-

132 1591 249 1627 turam,
261 1589 314 1620 sed
329 1590 537 1621 nihilominus
554 1590 800 1620 Franciscanum
816 1590 915 1620 alium
929 1591 1099 1629 antiquum
1115 1590 1329 1629 agnoscimus.
1347 1589 1593 1620 Franciscanum
1609 1590 1725 1620 etenim

133 1655 200 1677 sese
215 1646 318 1686 prodit
333 1646 501 1678 Collatione
516 1656 609 1685 xxix,
627 1647 705 1678 dum
721 1647 829 1678 laudat
843 1651 991 1679 sanctum
1006 1648 1183 1680 Antonium
1198 1647 1237 1679 de
1255 1647 1373 1679 Ordine
1388 1647 1536 1679 Fratrum
1551 1648 1725 1685 Minorum,

134 1705 164 1733 et
178 1702 346 1734 Collatione
359 1703 471 1734 ultima
482 1728 490 1741 ,
507 1704 583 1735 dum
599 1704 684 1734 illam
700 1705 744 1735 sic
761 1705 877 1735 claudit
896 1716 901 1735 :
924 1717 937 1733 a
952 1704 1054 1735 Verus
1080 1714 1157 1743 ergo
1180 1704 1318 1735 imitator
1342 1705 1425 1735 beati
1441 1704 1524 1735 Petri
1538 1705 1597 1735 fuit
1617 1705 1727 1735 heatus

134 1757 319 1789 Frauciscus
334 1760 367 1790 in
381 1760 554 1799 praedictis,
572 1763 602 1791 et
616 1761 714 1800 ipsius
729 1761 846 1791 debent
867 1770 932 1791 esse
948 1762 1121 1791 imitatores
1142 1762 1332 1800 professores
1352 1770 1418 1792 suae
1439 1770 1536 1792 sacrae
1553 1762 1728 1801 Religionis

135 1816 168 1845 in
189 1815 317 1846 eisdem.
336 1827 350 1844 u
369 1816 430 1847 Sed
454 1817 622 1856 numquid,
635 1818 810 1847 censendus
835 1817 1019 1847 earumdem
1042 1819 1152 1847 auctor
1173 1818 1225 1848 Fr.
1243 1818 1422 1848 Alexander
1448 1819 1488 1848 ab
1511 1818 1727 1849 Alexandria?

136 1873 265 1903 Minime
279 1874 441 1912 gentium,
458 1874 533 1913 quia
548 1874 677 1906 Postilla
690 1882 784 1913 super
799 1873 1011 1913 Evangelium
1025 1874 1056 1904 S.
1073 1874 1208 1906 Joannis
1229 1876 1350 1914 scripta
1371 1883 1391 1906 a
1412 1875 1464 1906 Fr.
1490 1875 1674 1907 Alexandro
1689 1875 1727 1906 de

137 1929 337 1961 Alexandria
366 1930 440 1961 Ord.
467 1931 527 1961 FF.
552 1931 733 1969 Mineruia,
759 1932 844 1962 aliud
870 1932 996 1971 praefert
1020 1931 1145 1962 initium
1172 1932 1206 1962 in
1232 1934 1358 1963 vetusto
1387 1933 1592 1963 membraneo
1618 1933 1727 1963 Codice

136 1985 337 2018 Bibliothecae
352 1987 514 2019 Patavinae
529 1988 562 2018 S.
579 1989 709 2019 Antonii
729 1989 887 2020 Minorum
909 1989 1172 2020 Conventualium
1183 2012 1191 2025 ‚
1209 1989 1353 2020 videlicet
1371 2000 1377 2020 z
1395 1989 1547 2029 Proloqus
1564 1989 1595 2020 S.
1613 1990 1726 2021 Hiero-

137 2046 228 2084 nymi
252 2045 447 2084 Presbyteri,
474 2048 531 2076 etc.
562 2046 623 2077 Hic
645 2049 690 2078 est
711 2047 847 2079 Joannes
870 2046 1097 2086 Evangelista,
1123 2049 1180 2077 etc.
1207 2046 1283 2082 Quis
1304 2055 1381 2085 ergo
1406 2046 1516 2077 alius?
1538 2047 1727 2077 Crediderim

137 2102 241 2141 potius
265 2102 417 2133 Joannem
442 2102 640 2134 Guallensem
670 2103 792 2134 Ordinis
821 2103 1004 2141 Minorum,
1027 2112 1127 2142 quum
1153 2103 1233 2132 inter
1258 2104 1329 2142 eJus
1353 2103 1454 2143 Opera
1469 2103 1664 2142 Waddingus
1688 2103 1728 2133 ad

137 2159 232 2189 fidem
248 2159 365 2190 Codicis
383 2161 580 2191 Aracoelitani
594 2161 632 2192 de
647 2160 729 2192 Urbe
743 2162 903 2191 recenseat
915 2159 1081 2192 Postillam
1095 2161 1131 2191 in
1141 2159 1351 2199 Evanqelium
1360 2160 1494 2191 Joamzis
1502 2160 1705 2199 incipientem
1718 2170 1724 2190 :

138 2215 305 2255 Numquid
334 2216 378 2247 ad
408 2220 598 2256 praeceptum
626 2221 715 2249 taum
743 2217 915 2249 elevabitur
949 2217 1059 2257 aquila
1079 2218 1095 2247 ἱ)
1119 2217 1240 2248 Nostrae
1266 2217 1340 2248 huic
1370 2217 1510 2256 opinioni
1532 2217 1728 2256 suffragatur

140 2272 174 2302 P.
208 2272 294 2312 Mag.
333 2273 480 2304 Sbaralea
519 2275 665 2314 iuquiens
703 2287 709 2306 ι
745 2288 759 2304 «
783 2275 944 2315 Expositio
970 2275 1002 2305 in
1025 2274 1179 2305 loannem
1192 2298 1202 2312 ‚
1228 2277 1259 2305 et
1298 2274 1484 2305 Collationes
1518 2274 1552 2304 in
1580 2274 1728 2305 eumdem

139 2333 212 2361 sunt
238 2330 290 2361 Fr.
315 2331 443 2362 loannis
466 2331 650 2363 Guallensis.
676 2344 691 2361 »
716 2333 787 2364 Jam
808 2342 899 2371 vero,
917 2332 1065 2363 eumdem
1083 2332 1260 2362 Gallensem
1283 2333 1348 2363 sive
1364 2331 1563 2362 Guallensem
1579 2331 1728 2362 claruisse

140 2390 211 2419 ante
236 2397 291 2420 xiv
318 2389 490 2428 saeculum,
520 2390 653 2430 ideoque
677 2391 937 2430 distinguendum
964 2390 1004 2420 ab
1032 2389 1093 2420 alio
1116 2388 1234 2420 Joanne
1260 2389 1417 2419 Guallensi
1443 2389 1559 2428 pariter
1583 2388 1728 2419 Minorita

141 2446 180 2477 ad
208 2456 327 2479 annum
356 2449 449 2485 1368,
473 2456 513 2477 ex
537 2456 573 2478 eo
600 2448 802 2486 conjicimus,
821 2447 905 2487 quod
920 2446 1096 2485 Waddingo
1125 2448 1310 2483 attestante,
1343 2446 1376 2476 in
1405 2445 1530 2485 publica
1559 2446 1728 2476 Oxoniensi

175 2562 179 2577 ¹
196 2562 267 2585 Hanc
281 2562 385 2586 alteram
406 2563 544 2593 postillam,
558 2569 624 2587 anuo
647 2565 715 2594 1772,
733 2571 747 2588 a
767 2564 880 2588 Ministro
900 2564 1011 2594 generali
1032 2563 1133 2587 Ordinis
1156 2563 1271 2587 Fratrum
1295 2564 1421 2588 Minorum
1446 2564 1565 2589 Pas-:hale
1582 2572 1596 2589 a
1614 2565 1727 2596 Varisio,

143 2596 188 2619 suh
212 2597 348 2621 Clementis
374 2599 426 2621 XIV
452 2599 570 2628 auspiciis
589 2599 701 2622 Tridenti
724 2599 834 2629 primum
857 2599 962 2629 editam,
978 2599 1002 2622 in
1022 2599 1104 2622 lucem
1119 2598 1203 2622 denuo
1221 2599 1329 2628 prodere
1351 2600 1432 2623 serius
1447 2600 1529 2631 ocius,
1545 2600 1566 2623 si
1588 2601 1654 2623 Deus
1673 2600 1728 2630 det,

143 2631 235 2654 nostris
249 2632 362 2661 profecto
377 2633 402 2655 in
416 2633 481 2655 votis
496 2636 541 2656 est.
558 2633 607 2656 Sed
622 2633 694 2657 fateri
711 2634 826 2665 cogimur
843 2633 867 2657 id
882 2634 935 2657 fieri
950 2641 964 2657 a
978 2634 1051 2657 uobis
1066 2640 1117 2656 11011
1132 2640 1216 2663 poseo,
1232 2633 1279 2657 uisi
1298 2636 1355 2664 post
1368 2634 1519 2665 absolutam,
1535 2642 1590 2665 quae
1604 2637 1728 2665 superest,

144 2665 259 2689 editionis
277 2667 418 2695 Vaticana,
435 2668 475 2690 vel
490 2676 509 2690 si
527 2668 622 2697 mavis,
638 2669 741 2692 Venetae
758 2669 899 2692 materiam.

280 2719 355 2741 Tou.
379 2720 424 2741 Xl.
1571 2724 1591 2744 α
