1987 3032
722 218 927 251 EXPOSITIO
951 220 989 251 IN
1012 220 1098 251 CAP.
1122 221 1174 252 111.

154 294 227 328 fieri,
244 303 257 320 n
279 294 332 320 etc.
357 291 436 319 Unde
460 291 487 318 et
507 289 564 324 illi,
591 288 642 324 qui
661 295 722 316 non
737 287 921 322 exequuntur

154 349 240 368 suum
262 339 409 372 officium,
431 338 552 372 possunt
575 335 634 362 dici
650 333 781 369 magistri
800 332 922 360 menda-

155 395 202 414 ces
216 388 224 403 ¹
241 395 247 413 ε
264 395 277 411 «
293 386 381 412 Erunt
394 382 523 417 magistri
538 381 706 413 mendaces,
721 389 734 406 ι)
751 381 804 407 etc.

51 447 141 465 pame-
192 434 234 460 13.
248 433 279 459 Et
292 429 422 465 sequitur
440 436 523 464 pars,
540 428 571 454 in
596 435 655 462 qua
677 425 833 453 Salvatoris
852 424 922 452 doe-

47 476 126 510 00053·
156 478 270 507 trinatio
286 477 322 504 de
338 475 452 503 arcanis
463 473 608 509 mysteriis
618 481 677 500 suae
685 471 922 507 dispensationis,

39 508 196 557 ῃξέιῗέζιίὴί
222 533 228 552 :
249 525 284 550 Et
307 530 380 550 nemo
402 521 538 554 ascendit,
569 522 644 553 etc.‚
673 520 745 546 sicut
774 517 923 545 continuat

37 568 124 588 divisio.
155 571 256 599 Glossa
270 568 390 605 quando
406 568 445 595 ait
458 576 464 594 ε
479 577 492 593 «
508 569 665 602 Postquam
678 564 849 600 increpavit,
864 564 923 590 ins-

1688 229 1746 258 299

976 286 1037 314 imo
1049 287 1161 323 ubique
1176 288 1291 317 deitate.
1308 300 1322 315 n
1348 291 1413 318 Haec
1434 291 1494 318 ille.
1523 291 1580 318 Sed
1596 292 1665 319 tunc
1692 292 1746 320 ob-

974 333 1072 367 jicitur
1089 334 1134 361 :Si
1156 342 1244 363 nemo
1270 337 1401 364 ascendit
1418 337 1449 364 in
1469 337 1594 371 coelum,
1616 337 1671 364 nisi
1694 339 1746 373 qui

979 379 1139 414 descendit,
1154 381 1218 416 ipse
1232 384 1301 409 tunc
1315 383 1395 410 solus
1410 383 1551 417 ascendit,
1568 385 1595 411 et
1608 391 1669 411 non
1684 383 1745 418 alii,

979 426 1050 461 quia
1066 427 1145 454 solus
1166 428 1323 457 descendit.
1342 432 1374 457 Et
1387 431 1545 466 respondet
1560 431 1598 458 ad
1612 431 1668 458 hoc
1684 433 1744 458 Au-

979 473 1110 508 gustinus
1123 473 1144 508 ⁷,
1160 476 1242 509 quod
1257 484 1322 511 spes
1335 479 1375 504 est
1390 476 1508 511 caeteris,
1519 477 1589 512 quia
1599 477 1648 504 ille
1658 485 1746 513 prop-

978 520 1057 546 terea
1084 520 1248 554 descendit,
1275 525 1306 550 ut
1326 522 1357 550 in
1384 523 1435 550 illo
1458 525 1485 551 et
1510 531 1577 550 cum
1596 523 1647 551 illo
1670 531 1747 550 unus

979 567 1085 599 essent,
1111 567 1161 602 qui
1184 576 1236 602 per
1259 568 1342 596 illum
1370 569 1518 597 ascensuri
1544 572 1647 597 essent.
1677 569 1746 596 ideo

155 617 224 644 truit
250 623 318 643 eum
344 615 381 642 de
407 614 589 646 coelestibus,
604 623 617 638 n
639 615 692 640 ete.
714 613 746 639 Et
769 611 811 638 ibi
834 612 891 638 tres
915 619 922 637 ε

155 663 262 698 primo,
276 660 426 688 instructio
442 659 611 687 doctrinalis
627 659 664 686 de
679 665 731 685 sua
745 657 923 684 sublimitate

156 711 183 736 et
197 708 348 743 dignativa
360 706 496 742 passione
505 716 512 740 3
529 705 670 737 secundo,
683 704 720 731 de
735 703 859 738 gratuita
874 702 923 730 Dei

156 755 309 782 dilectione
320 775 329 788 ,
354 761 412 788 qua
430 752 508 779 misit
528 752 625 786 ipsum
642 751 748 778 Filium
762 750 800 777 ad
815 749 856 776 sic
870 757 924 784 pa-

155 800 287 828 tiendum
301 808 355 835 pro
366 798 546 831 hominibus,
562 797 604 824 ibi
621 807 627 824 :
644 797 687 823 Sic
707 798 776 823 enim
800 796 865 822 Deus
882 795 925 821 di-

117 843 121 847 *
156 848 223 874 leoeit
236 846 379 879 mundum,
396 846 461 879 etc.;
483 844 583 877 tertio,
610 843 646 870 de
667 842 876 877 ingratitudine
899 844 927 870 et

153 893 231 928 justa
245 891 434 920 damnatione
459 889 686 918 discredentium
697 909 706 923 ,
721 889 763 916 ibi
780 897 786 916 z
802 889 857 915 Hoc
871 896 922 915 au-

156 941 206 966 tem
222 941 259 966 est
269 939 414 973 judicium,
428 940 480 965 etc.

192 985 235 1012 Ait
255 992 324 1019 ergo
354 993 360 1011 :
390 985 472 1012 Nemo
500 983 636 1017 ascendit,
665 982 749 1018 quasi
771 981 848 1008 dicat
872 990 880 1008 ε
897 981 925 1008 Si

157 1031 259 1058 dixero
276 1030 413 1063 coelestia,
429 1029 581 1065 quomodo
593 1028 764 1056 credetis?et
777 1029 875 1054 tamen
884 1027 925 1054 di-

157 1085 222 1104 cam
236 1077 373 1104 coelestia.
389 1077 457 1104 Ideo
474 1076 573 1103 subdit
584 1084 648 1111 qum
663 1076 729 1102 sunt
739 1074 866 1102 coelestia
877 1073 926 1109 (a),

157 1124 198 1151 sic
209 1124 249 1151 ait
260 1124 370 1151 Glossa.
393 1124 475 1150 Nemo
492 1123 626 1155 ascendit,
647 1124 700 1149 etc.
718 1121 774 1148 Sed
789 1123 857 1147 tunc
872 1120 925 1147 ob-

154 1170 251 1205 jicitur
268 1179 273 1196 :
290 1171 331 1196 Ex
346 1177 405 1205 quo
426 1177 486 1196 non
501 1167 680 1201 credebant,
695 1167 726 1194 id
742 1167 926 1202 praemissum

158 1218 209 1249 est,
224 1224 294 1250 ergo
317 1224 378 1243 ΠοΠ
398 1215 500 1242 debuit
515 1215 620 1241 docere
645 1214 682 1241 de
704 1213 876 1241 coelestibus
894 1214 926 1240 Et

158 1263 196 1290 ad
211 1263 265 1290 hoc
284 1261 443 1297 respondet
469 1261 692 1296 Chrysostomus
707 1261 728 1293 2,
745 1259 828 1295 quod
854 1261 881 1286 et
904 1259 927 1285 si

159 1309 274 1336 illinon
290 1308 465 1340 credebant,
490 1309 589 1334 tamen
608 1307 657 1341 qui
672 1307 742 1341 post
761 1314 812 1333 eos
833 1308 926 1339 erant,

159 1355 320 1391 suscepturi
344 1356 426 1382 erant
449 1354 632 1388 doctrinam,
648 1353 755 1380 scilicet
781 1354 808 1380 et
831 1353 928 1381 lucem

158 1402 297 1429 habituri.
322 1400 377 1428 Sed
399 1400 536 1436 quaeritur
561 1408 625 1435 quae
653 1402 695 1427 est
720 1399 929 1434 consequentia

159 1449 240 1476 istius
253 1447 321 1485 dicti
335 1456 341 1473 z
358 1448 438 1475 Nemo
458 1446 596 1480 ascendit,
621 1448 672 1473 etc.
696 1448 729 1474 Et
747 1446 785 1473 ad
800 1446 856 1472 hoc
870 1453 929 1472 res-

158 1494 271 1530 pondet
292 1494 516 1528 Chrysostomus
532 1493 542 1509 ³
559 1501 565 1519 :
589 1502 601 1517 «
616 1492 688 1525 Quia
715 1492 764 1519 ille
793 1492 905 1519 dixerat
922 1501 927 1518 :

159 1541 261 1568 Scimus
274 1541 400 1574 quoniam
415 1547 431 1565 a
443 1540 494 1565 Deo
509 1540 625 1572 venisti,
642 1538 710 1566 ideo
727 1538 846 1573 corrigit
861 1546 929 1565 eum

159 1587 206 1614 hic
229 1586 316 1613 Filius
346 1585 411 1617 Dei,
427 1585 511 1620 quasi
527 1585 604 1612 dicat
620 1594 627 1611 :
644 1587 707 1612 Non
722 1584 868 1612 existimes
882 1593 928 1612 me

160 1633 200 1660 ita
214 1632 397 1667 magistrum,
413 1634 445 1658 ut
467 1631 575 1658 multos
594 1631 806 1666 prophetarum
821 1639 838 1658 a
854 1632 931 1658 terra

161 1680 314 1707 existentes
330 1686 336 1705 ε
354 1686 389 1705 ex
405 1677 478 1705 coelo
494 1677 572 1704 enim
593 1685 674 1711 sum,
690 1679 717 1704 et
730 1677 790 1704 illic
809 1685 931 1704 conver-

161 1734 209 1754 sor
232 1735 239 1753 2
263 1725 363 1752 nullus
384 1726 482 1751 autem
507 1732 572 1750 sum
600 1723 634 1758 (b)
668 1723 891 1758 prophetarum.
915 1733 928 1749 ι)

161 1773 218 1800 Sed
232 1774 300 1800 tunc
316 1771 452 1806 objicitur
469 1780 475 1797 :
492 1774 564 1799 Cum
578 1777 638 1796 non
653 1769 750 1796 solum
759 1769 795 1797 sit
806 1769 836 1796 in
845 1770 931 1804 coelo,

161 1819 213 1847 sed
220 1819 341 1854 ubique,
351 1819 378 1844 et
385 1817 485 1844 omnia
495 1816 605 1851 repleat
613 1816 656 1850 (c),
665 1823 725 1843 non
734 1818 810 1843 recte
819 1816 933 1843 instruit

162 1873 230 1893 eum
258 1865 294 1891 de
320 1863 399 1896 fide,
426 1862 552 1889 dicendo
570 1871 575 1888 :
593 1863 674 1890 Nemo
700 1863 828 1889 ascendit.
847 1864 877 1890 Et
893 1862 931 1890 ad

162 1913 218 1939 hoc
232 1910 390 1946 respondet
402 1910 636 1945 ChrysostomuS,
650 1909 749 1944 ⁴quod
761 1920 772 1933 «
786 1909 824 1936 ad
840 1909 932 1937 imbe-

163 1959 311 1986 cillitatem
326 1957 467 1985 auditoris
476 1957 621 1992 loquitur,
638 1956 782 1991 paulatim
802 1964 870 1984 eum
885 1965 928 1984 re-

163 2006 269 2033 ducere
283 2005 397 2038 volem,
416 2004 470 2030 hoe
486 2003 565 2031 enim
579 2003 667 2030 valde
688 2002 835 2030 excelsum
850 2003 932 2031 vide-

162 2053 249 2080 batur
264 2051 316 2085 illi,
340 2051 406 2077 licet
426 2050 581 2084 indignum
600 2057 658 2076 suae
679 2049 898 2084 magnitudinis.
915 2060 927 2075 n

164 2100 232 2126 Item
248 2097 396 2133 quaeritur,
413 2096 537 2131 qualiter
557 2097 643 2123 vocat
667 2095 715 2122 hic
737 2097 824 2129 filium
847 2096 931 2123 homi-

162 2146 223 2172 nis?
239 2146 270 2172 Et
285 2144 323 2171 ad
345 2144 401 2170 hoe
424 2142 583 2178 respondet
607 2142 687 2169 idem
701 2143 723 2176 ⁵,
736 2142 818 2177 quod
836 2151 849 2167 (ι
862 2150 931 2170 con-

163 2191 287 2219 suetudo
304 2190 330 2217 ei
344 2190 404 2217 haec
420 2191 481 2217 erat
497 2198 502 2215 :
519 2189 628 2216 scilicet
643 2189 790 2216 multoties
811 2189 932 2224 quidem

163 2247 181 2266 a
196 2238 311 2270 deitate,
324 2236 470 2264 multoties
486 2236 523 2263 ab
538 2236 718 2263 humanitate
731 2235 882 2263 hominem
893 2236 930 2271 (d)

162 2291 283 2316 vocare,
313 2283 344 2310 id
371 2283 468 2318 ipsum
497 2284 556 2315 est,
581 2282 651 2317 quia
676 2282 709 2317 (e)
733 2284 792 2309 erat
819 2284 892 2309 Deus
907 2285 934 2310 et

163 2331 293 2358 homo.»
319 2331 381 2356 Haec
396 2329 461 2362 ille;
484 2330 511 2356 et
526 2328 563 2355 de
586 2328 642 2355 hoc
665 2328 798 2355 similiter
821 2330 933 2363 Augus-

163 2379 257 2412 tinus,
274 2376 398 2404 homilia
420 2376 498 2404 dicta
512 2377 522 2392 *Ἰ
541 2385 547 2403 :
567 2386 580 2402 «
596 2378 666 2403 Ecce
685 2377 715 2403 in
731 2376 804 2403 coelo
820 2379 890 2411 erat,
906 2380 934 2405 et

163 2425 210 2452 hie
234 2426 294 2452 erat
310 2432 316 2450 :
332 2423 380 2450 hic
403 2425 464 2450 crat
479 2430 581 2457 carne,
602 2423 632 2450 in
658 2423 732 2450 ccelo
757 2422 930 2452 divinitate:

199 2523 206 2537 ¹
223 2522 241 2544 ΙΙ
258 2521 335 2549 Petra,
352 2526 384 2549 11,
402 2522 423 2543 1,
440 2531 469 2536 -
486 2520 495 2534 ¹-'
510 2519 651 2549 Chrysost„
669 2520 712 2543 ubi
730 2527 785 2550 sup.
804 2534 829 2537 —
845 2521 854 2534 ³
870 2521 931 2545 ibid.

166 2569 195 2573 -·
213 2556 223 2572 Β
244 2556 306 2579 ibid.
324 2568 354 2572 —
376 2556 384 2569 ⁵
406 2555 469 2579 lhid.
495 2567 522 2571 —-·
545 2555 554 2570 '⁵
576 2556 651 2584 Aug„
673 2556 715 2579 ubi
733 2562 799 2586 sup„
822 2564 846 2581 n.
868 2559 932 2581 8.-

165 2592 176 2608 ⁷
193 2591 253 2614 ibid.
269 2604 296 2608 —
313 2591 324 2607 8
339 2591 406 2615 Gal„
422 2596 465 2620 ιιι,
483 2592 518 2614 16.
534 2603 564 2608 -
578 2591 588 2606 ⁹
603 2590 707 2621 Philip„
726 2597 757 2619 ιι,
774 2594 828 2615 8.-
846 2593 931 2623 ¹⁰1us.‚

167 2632 202 2656 vi,
226 2627 263 2648 ΞΗ.
277 2639 306 2643 -
323 2627 339 2642 ¹¹
363 2625 462 2655 Ephesn,
487 2631 519 2655 ιν,
539 2628 574 2648 10.
588 2638 619 2643 —-·
639 2626 656 2639 '2
678 2626 779 2656 Mattlz„
804 2633 838 2658 VI,
866 2630 888 2652 9.
903 2640 933 2646 —

168 2661 187 2677 ¹³
201 2661 339 2691 Chrysost.‚
355 2661 397 2685 ubi
411 2667 467 2691 sup.
482 2674 510 2678 -
525 2661 542 2677 ¹⁴
558 2660 630 2691 ibid„
646 2668 670 2686 n.
688 2663 708 2686 2.

979 612 1134 647 Apostolus
1148 613 1206 640 ait⁸
1223 623 1229 641 z
1249 624 1262 639 t(
1276 616 1338 642 Non
1354 615 1423 642 dicit
1439 624 1445 642 :
1466 617 1498 644 Et
1516 616 1553 651 (f)
1575 615 1746 649 seminibus,

978 658 1121 693 tanquam
1135 659 1165 686 in
1180 660 1287 694 multis,
1300 661 1352 688 sed
1365 663 1508 697 tanquam
1520 662 1550 689 in
1565 669 1635 689 uno.
1651 672 1663 686 n
1678 662 1747 689 Om-

979 711 1030 731 nes
1045 712 1125 739 ergo,
1141 706 1191 740 qui
1206 708 1272 733 sunt
1286 708 1420 735 membra
1435 708 1508 742 ejus,
1516 708 1545 734 in
1560 707 1624 743 ipso
1640 709 1747 735 etcum

979 749 1043 785 ipso
1077 752 1244 779 ascendent.
1277 755 1309 780 Et
1336 753 1377 780 ibi
1412 754 1587 788 Augustinus
1611 754 1687 781 bene
1712 753 1749 781 de

979 796 1046 823 hoc.
1063 798 1095 824 Et
1106 805 1158 832 per
1180 798 1236 825 hoc
1255 800 1335 834 patet
1358 800 1465 827 solutio
1490 800 1674 834 objectionis,
1690 808 1750 835 qua

979 846 1077 877 posset
1106 843 1194 878 objici
1211 853 1216 871 :
1231 847 1285 872 Aut
1298 845 1429 881 loquitur
1451 846 1498 873 hic
1526 846 1690 873 secundum
1707 846 1749 873 di-

982 889 1081 916 vinam
1101 892 1256 925 naturam,
1271 899 1331 919 non
1351 893 1446 927 potest
1473 892 1555 928 quod
1577 900 1637 919 esse
1650 913 1658 927 ,
1681 892 1752 928 quia

981 936 1144 964 secundum
1164 938 1246 965 illam
1271 947 1326 966 neo
1350 939 1514 974 descendit,
1531 948 1585 967 nec
1600 941 1748 975 ascendit,

982 986 1031 1011 aut
1055 984 1186 1019 loquitur
1220 986 1383 1013 secundum
1414 987 1576 1014 humanam
1604 989 1750 1021 naturam,

982 1031 1065 1065 quod
1080 1030 1211 1058 similiter
1225 1040 1286 1059 non
1301 1034 1395 1067 potest
1415 1041 1494 1065 esse,
1522 1033 1592 1068 quia
1616 1033 1667 1060 illa
1689 1041 1752 1060 non

983 1076 1142 1103 descendit.
1160 1079 1191 1104 Et
1204 1078 1242 1105 ad
1253 1078 1331 1105 istud
1345 1079 1599 1114 respondendum,
1615 1079 1698 1114 quod
1706 1086 1752 1112 ea,

983 1130 1048 1157 quae
1063 1123 1199 1151 dicuntur
1213 1125 1269 1158 hic,
1286 1125 1465 1152 conveniunt
1488 1125 1559 1152 Filio
1586 1125 1635 1152 Dei
1659 1125 1753 1152 incar-

982 1170 1061 1195 nato.
1079 1170 1241 1197 Ascendere
1256 1171 1334 1198 enim
1355 1172 1381 1198 ei
1403 1172 1538 1199 convenit
1563 1171 1674 1199 ratione
1696 1171 1752 1198 hu-

982 1215 1144 1250 manitatis3
1161 1217 1337 1244 descendere
1349 1217 1455 1244 dicitur
1468 1217 1580 1245 ratione
1594 1217 1753 1252 dignativae

983 1263 1189 1297 assumptionis
1207 1265 1317 1290 naturae
1337 1264 1488 1297 humanae,
1506 1264 1579 1290 sicut
1598 1263 1704 1290 dicitur
1719 1263 1729 1279 ⁰
1745 1271 1752 1290 ε

987 1317 999 1332 «
1013 1308 1178 1335 Humiliavit
1201 1310 1406 1344 semetipsum3
1423 1320 1434 1335 n
1453 1311 1480 1337 et
1500 1309 1575 1337 infra
1590 1309 1610 1325 ¹⁰
1627 1318 1632 1336 :
1652 1318 1665 1335 «
1686 1311 1753 1336 Des-

984 1354 1081 1381 cendit
1095 1354 1130 1382 de
1147 1355 1231 1383 coelo.
1247 1366 1259 1381 »
1281 1358 1346 1383 Esse
1369 1364 1439 1383 vero
1459 1356 1489 1383 in
1504 1356 1579 1383 coelo
1595 1356 1700 1383 dicitur
1716 1355 1750 1382 de

985 1408 1017 1428 eo
1031 1401 1195 1428 secundum
1215 1402 1346 1429 divinam
1369 1404 1513 1430 naturam.
1530 1403 1593 1429 Haec
1607 1410 1678 1437 ergo
1692 1409 1754 1429 non

983 1446 1146 1473 reseruntur
1161 1447 1199 1474 ad
1215 1449 1351 1474 naturam
1368 1447 1531 1475 humanam
1542 1468 1550 1482 ,
1566 1447 1618 1474 sed
1641 1447 1679 1474 ad
1700 1447 1753 1481 hy-

983 1492 1134 1526 postasim.
1151 1493 1231 1520 Unde
1242 1493 1272 1520 in
1285 1493 1427 1520 descensu
1434 1502 1493 1521 non
1503 1493 1674 1528 intelligitur
1689 1501 1753 1520 mo-

984 1538 1024 1566 tio
1040 1538 1150 1572 localis,
1165 1539 1217 1566 sed
1231 1540 1337 1567 veritas
1347 1539 1570 1574 incarnationis3
1587 1539 1618 1566 in
1631 1547 1754 1566 ascensu

984 1586 1155 1621 intelligitur
1170 1587 1265 1614 unitas
1279 1587 1442 1623 personalis
1465 1589 1575 1614 naturae
1598 1588 1754 1622 assumptae

985 1641 1052 1660 cum
1067 1633 1163 1661 Verbo
1180 1635 1200 1651 ¹¹
1218 1642 1225 1661 ε
1250 1644 1261 1658 «
1276 1633 1330 1666 Qui
1349 1633 1516 1666 descendit,
1538 1634 1600 1669 ipse
1620 1635 1684 1667 est,
1701 1633 1753 1669 qui

985 1679 1127 1706 ascendit.
1144 1689 1156 1705 »
1181 1681 1212 1706 ln
1235 1680 1291 1707 hoe
1309 1680 1391 1715 quod
1408 1679 1470 1707 ait:
1487 1680 1540 1713 Qui
1569 1682 1605 1706 cst
1628 1680 1658 1705 in
1682 1681 1753 1714 coelo,

985 1725 1155 1760 intelligitur
1170 1725 1362 1753 immutabilis
1370 1726 1506 1760 majestas
1518 1734 1576 1753 suae
1587 1725 1753 1753 divinitatis.

986 1773 1105 1806 Propter
1120 1772 1203 1807 quod
1219 1772 1324 1800 dicitur
1336 1771 1355 1788 ¹²
1374 1781 1380 1799 ε
1397 1781 1410 1798 ιι
1426 1773 1507 1800 Pater
1527 1773 1644 1805 noster,
1660 1772 1711 1807 qui
1726 1779 1756 1799 es

987 1818 1016 1845 in
1032 1818 1123 1845 coelis.
1140 1828 1153 1844 »

1022 1866 1065 1892 14.
1082 1867 1113 1892 Et
1125 1865 1268 1900 quoniam
1286 1864 1347 1900 ipse
1374 1864 1544 1899 descendit,
1561 1866 1588 1892 et
1612 1866 1757 1898 mortuus,

986 1913 1016 1939 ut
1027 1913 1142 1938 amorte
1154 1911 1302 1944 liberaret,
1311 1913 1338 1938 et
1350 1913 1476 1939 mortem
1489 1911 1615 1946 suscepit
1623 1911 1651 1938 in
1660 1919 1757 1946 cruce,

986 1958 1068 1992 quod
1078 1957 1108 1984 in
1122 1958 1217 1992 figura
1231 1958 1340 1984 sactum
1354 1960 1396 1985 est
1410 1957 1492 1993 apud
1508 1958 1659 1992 antiquos,
1672 1959 1703 1985 ut
1721 1958 1753 1993 (9)

984 2004 1060 2030 illud
1075 2004 1157 2039 quod
1172 2006 1316 2032 memorat
1326 2004 1373 2031 hic
1390 2004 1490 2031 dicens
1505 2013 1512 2031 z
1528 2005 1639 2031 Etsicut
1652 2005 1755 2037 Moyses

986 2052 1130 2084 eoealtavz't,
1159 2052 1224 2083 etc„
1245 2050 1329 2086 quasi
1358 2050 1465 2078 eodem
1489 2051 1580 2078 modo
1606 2051 1756 2078 continuat

986 2098 1210 2132 Chrysostomus
1237 2097 1257 2114 ¹³
1288 2106 1294 2124 ε
1325 2106 1338 2122 «
1355 2097 1446 2131 Quia,
1475 2097 1570 2132 inquit
1581 2119 1587 2128 ,
1617 2097 1756 2132 praemisit

987 2144 1150 2171 maximum
1164 2143 1353 2177 beneficium,
1365 2143 1447 2179 quod
1459 2144 1490 2170 fit
1500 2151 1553 2179 per
1563 2143 1753 2179 baptismum,

986 2191 1094 2218 scilicet
1108 2189 1311 2217 remissionem
1325 2191 1528 2225 peccatorum,
1544 2189 1591 2216 hic
1606 2189 1757 2223 subjungit

986 2237 1067 2264 aliud
1088 2244 1148 2263 non
1162 2236 1258 2263 minus
1271 2257 1279 2270 ,
1300 2236 1382 2271 quod
1405 2236 1437 2263 fit
1459 2243 1511 2270 per
1539 2243 1665 2262 crucem.
1694 2236 1756 2262 Haec

987 2283 1065 2310 enim
1100 2283 1160 2310 duo
1189 2282 1369 2309 ineffabilem
1391 2281 1549 2309 ostendunt
1572 2289 1713 2309 amorem.
1740 2291 1754 2307 »

986 2329 1055 2357 ldeo
1070 2329 1220 2356 insinuans
1236 2328 1325 2362 illud,
1340 2328 1396 2355 ait:
1412 2329 1487 2355 Sicut
1501 2328 1614 2362 Moyses,
1630 2329 1682 2355 etc.
1699 2328 1756 2355 Sed

987 2376 1125 2412 quaeritur
1150 2383 1241 2410 quare
1269 2382 1329 2401 non
1356 2374 1538 2401 denuntiavit
1558 2374 1584 2401 ei
1608 2374 1696 2410 plane
1718 2374 1755 2402 de

987 2423 1126 2458 mysterio
1152 2422 1261 2456 crucis,
1282 2423 1312 2449 ut
1331 2421 1361 2448 in
1376 2429 1510 2448 amorem
1527 2421 1679 2448 induceret
1693 2429 1755 2448 am-

986 2470 1111 2505 pliorem
1122 2470 1135 2496 ?
1152 2468 1180 2495 Ei
1197 2468 1235 2495 ad
1252 2468 1307 2495 hoc
1321 2467 1481 2503 respondet
1495 2467 1719 2503 Chrysostomus
1735 2466 1755 2483 ¹⁶

1019 2554 1053 2585 (a)
1074 2554 1134 2577 Coet.
1154 2552 1213 2575 odit.
1238 2552 1296 2575 Ideo
1318 2551 1416 2581 subdit,
1439 2559 1495 2583 quoe
1517 2553 1574 2576 sunt
1592 2551 1711 2575 coelestia.
1725 2564 1756 2568 —

987 2590 1020 2619 (h)
1038 2590 1092 2620 Ley.
1108 2588 1194 2611 Nullus
1214 2589 1297 2611 autem
1318 2594 1348 2610 eo
1368 2587 1489 2611 aseendit.
1511 2601 1537 2604 -
1561 2588 1590 2617 (ι’)
1615 2587 1674 2610 Coet.
1696 2586 1755 2609 ΝΜ.

988 2625 1075 2656 replet.
1094 2637 1119 2641 —-
1139 2623 1179 2653 (al)
1196 2623 1251 2653 [ψῃ.
1268 2630 1294 2645 se
1311 2624 1401 2646 totuin.
1419 2636 1444 2639 ——
1462 2623 1491 2652 (e)
1509 2623 1567 2646 Coet.
1585 2622 1644 2645 ellat.
1661 2621 1712 2652 qui.
1727 2634 1756 2639 --

988 2675 1017 2679 —
1032 2662 1065 2691 (s)
1083 2660 1142 2685 Caet.
1159 2658 1217 2682 edit.
1234 2658 1268 2682 in.
1285 2670 1313 2676 —
1330 2658 1363 2688 (q)
1380 2658 1440 2681 Item
1456 2659 1489 2681 et.
