1987 3032
695 201 898 233 EXPOSITIO
918 201 958 232 IN
977 202 1061 233 CAP.
1087 202 1163 234 XIV.

136 270 260 304 utilitas,
276 269 336 297 sive
350 267 532 296 fructificatio
543 287 552 301 ,
568 267 627 294 ibi:
642 269 739 302 Amen,
755 276 830 296 amen
844 268 903 295 dico

136 318 209 344 vobis
219 337 228 350 ,
244 318 297 344 etc.

172 365 205 390 Et
226 363 284 390 hoc
307 363 348 389 est
366 360 448 396 quod
469 360 509 387 ait
532 369 538 387 :
562 362 622 388 Non
647 362 767 388 turbetur
788 369 831 388 cor
850 369 905 388 ves-

138 412 217 442 trum,
234 409 287 436 etc.
304 408 336 434 Ut
350 407 389 434 ait
402 407 578 441 Augustinus
594 408 601 424 ¹
614 416 639 435 z«
653 410 692 435 Ne
706 410 831 435 mortem
843 409 905 434 tan-

138 462 228 490 quam
243 454 377 481 homines
391 453 540 487 timerent,
566 456 593 481 et
616 454 684 481 ideo
709 454 905 487 turbarentur,

138 501 305 529 consolatur
317 508 367 527 eos
381 500 467 527 etiam
483 502 648 528 contestans
658 508 688 527 se
705 508 766 527 esse
778 501 878 527 Deum.
890 510 904 526 »

138 548 170 574 Ut
187 547 266 574 enim
280 546 320 574 ait
337 547 560 582 Chrysostomus
574 548 583 562 Ξ
600 555 606 573 :
627 547 677 574 «Si
693 549 793 574 vertex
804 567 812 580 ,
832 546 907 573 scili-

138 595 182 620 cet
196 594 304 625 Petrus,
321 593 372 628 qui
388 595 448 620 erat
463 595 564 628 caput,
582 593 692 627 timuit,
708 593 745 620 de
759 593 816 619 illis
832 592 906 628 quid

136 639 239 667 fieret?
252 648 265 663 n
284 639 352 666 Ideo
369 639 407 666 ait
420 648 426 666 z
441 641 501 666 Non
516 640 638 666 turbetur
653 647 696 666 cor
707 641 822 666 vestrum
832 659 840 672 ,
855 638 907 665 sci-

138 686 204 713 licet
229 685 393 712 diffidendo
417 695 423 711 ε
449 687 538 719 Neque
565 685 714 719 formidet,
742 685 851 712 scilicet
870 684 907 712 de

139 734 232 759 morte
253 731 396 758 timendo.
411 732 421 747 ³
435 740 449 755 ι(
463 731 554 758 Nolite
574 731 675 758 timere
696 739 745 758 eos
761 731 811 766 qui
831 730 907 758 occi-

140 778 213 805 dunt
229 785 368 813 corpusm
383 777 554 804 Dehortatur
570 785 641 811 ergo
656 777 767 804 turbari
782 777 812 803 in
827 777 909 804 intel-

140 824 232 857 lectu,
249 826 276 850 et
291 823 451 850 formidare
466 823 496 850 in
509 823 613 850 affectu
628 825 655 850 et
669 822 781 851 effectu.
796 824 827 850 Et
838 822 906 849 ideo

140 869 270 905 sequitur
286 878 292 896 t
311 870 428 896 Creditis
442 873 471 896 in
488 871 583 902 Deum,
598 872 623 896 et
643 871 672 896 in
691 877 741 901 me,
758 871 810 896 etc.
825 870 857 896 Ut
871 868 910 895 ait

141 916 316 950 Augustinus
336 916 344 931 '⁴
365 924 370 942 :
390 925 403 940 «
419 917 606 951 Consequens
627 918 678 950 est,
691 918 721 943 ut
736 916 759 943 si
775 916 804 942 in
819 917 910 942 Deum

141 961 276 995 creditis,
297 961 367 988 etin
382 969 428 988 me
451 962 569 989 eredere
591 962 723 989 debeatis
740 961 775 996 (a)
794 970 800 988 ε
827 961 909 996 quod

141 1016 201 1036 non
224 1010 298 1035 esset
324 1016 508 1043 consequens
521 1029 528 1042 ,
553 1009 577 1035 si
601 1009 729 1036 Christus
753 1016 814 1035 non
837 1010 911 1035 esset

141 1056 226 1081 Deus.
243 1056 304 1089 lpse
320 1054 398 1081 enim
410 1054 430 1087 ⁵,
446 1063 504 1081 cum
524 1056 553 1081 in
573 1056 663 1087 forma
678 1056 727 1081 Dei
744 1056 824 1089 esset,
838 1056 910 1088 seip-

140 1108 198 1127 sum
219 1102 380 1127 esrimznivit.
415 1102 535 1127 Mortem
558 1100 684 1127 metuitis
717 1101 784 1127 huie
809 1100 911 1127 formae

141 1146 216 1173 servi
233 1155 240 1172 :
255 1148 316 1174 Non
329 1147 449 1173 turbetur
464 1154 507 1172 cor
521 1149 647 1176 vestrum,
664 1146 813 1174 suscitabit
829 1146 911 1174 illam

141 1192 236 1219 forma
246 1192 327 1219 Dei.»
346 1193 408 1219 Haec
420 1192 607 1226 Augustinus.
620 1193 652 1219 Et
659 1191 678 1226 ⁶,
696 1202 709 1217 a
719 1192 742 1219 si
758 1192 912 1220 crucifixus

143 1240 183 1265 est
197 1247 233 1265 ex
247 1238 413 1265 infirmitate
424 1259 431 1272 ,
447 1238 519 1265 vivit
532 1240 630 1265 tamen
645 1247 679 1265 ex
694 1238 807 1265 virtute.
824 1249 837 1263 u

134 1308 143 1310 ,
177 1285 204 1311 9..
221 1286 253 1311 Et
267 1284 408 1319 quoniam
423 1285 554 1311 hortatus
569 1287 610 1311 est
633 1292 699 1318 eos,
722 1285 822 1312 subdit
843 1293 911 1312 cau-

143 1338 221 1364 sam,
237 1330 276 1357 ob
297 1338 387 1365 quam
403 1339 463 1357 non
478 1330 617 1357 deberent
632 1330 740 1357 turbari
760 1340 766 1358 :
783 1332 814 1357 In
837 1332 912 1358 (lertio

142 1378 231 1411 patris
250 1378 302 1403 mei
320 1378 470 1404 mansiones
480 1378 572 1403 rnuitoe
586 1379 656 1403 sunt.
674 1378 705 1403 Ut
716 1376 794 1403 enim
805 1377 844 1404 ait
856 1379 912 1404 Au-

143 1423 276 1456 gustinus
290 1423 299 1438 ⁷
317 1431 322 1449 :
334 1433 347 1447 α
358 1423 429 1449 Cum
443 1423 499 1450 hoc
514 1423 647 1456 audiunt,
663 1430 680 1449 a
694 1422 912 1458 perturbatione

143 1470 320 1502 recreantur,
334 1468 403 1495 certi
418 1476 451 1495 ac
466 1468 588 1495 fidentes
604 1468 691 1496 etiam
703 1471 769 1503 post
783 1468 913 1503 pericula

144 1514 353 1548 tentationum,
369 1522 399 1541 se
415 1514 495 1549 apud
513 1516 604 1542 Deum
625 1523 692 1542 cum
716 1515 827 1542 Christo
852 1522 912 1542 esse

144 1568 308 1588 mansuros.
320 1571 333 1586 n
344 1561 376 1587 Et
386 1560 422 1587 de
437 1560 490 1587 ista
506 1561 630 1588 domoss:
645 1571 658 1586 «
669 1562 690 1588 Ο
702 1561 805 1595 lsrael,
823 1568 912 1596 quam

145 1614 254 1641 magna
277 1609 319 1634 est
345 1606 452 1634 domus
476 1607 606 1634 Domini!
624 1617 636 1632 n
655 1609 687 1634 Et
707 1607 745 1634 ad
769 1607 912 1641 majorem

146 1652 383 1680 certificationem
399 1652 499 1679 subdit
516 1662 522 1679 ε
539 1653 570 1679 Si
589 1661 638 1687 quo
657 1655 761 1687 minus,
785 1655 914 1680 dt'oeissem

145 1700 229 1732 vobis,
240 1698 296 1726 etc.>
306 1699 333 1726 Si
345 1699 402 1725 illae
414 1698 550 1726 videlicet
561 1699 727 1726 mansiones
736 1707 797 1726 non
809 1701 913 1732 essent,

146 1744 193 1771 vel
207 1744 230 1771 si
246 1745 275 1771 in
298 1744 398 1779 aliquo
421 1745 518 1771 minus
542 1746 632 1777 esset,
658 1744 797 1771 dixissem
817 1745 911 1772 vobis.

146 1793 178 1818 Et
190 1791 246 1818 hoc
262 1790 330 1818 ideo
347 1799 352 1817 z
370 1791 440 1823 Quia
457 1791 524 1817 rado
539 1799 636 1824 parare
650 1792 723 1817 vobis
739 1792 840 1825 locum,
857 1791 913 1818 sci-

146 1836 228 1870 licet,
243 1836 316 1863 sicut
334 1838 420 1871 caput
442 1836 524 1871 quod
543 1836 651 1864 debent
665 1837 748 1872 sequi
768 1837 912 1864 membra.

147 1883 265 1917 Oportet
279 1882 357 1909 enim
372 1882 447 1909 mori
460 1903 466 1914 ‚
487 1890 655 1917 resurgere,
672 1884 699 1910 et
714 1883 870 1911 ascendere
885 1884 914 1910 in

147 1929 265 1963 caelum,
281 1930 312 1956 ut
326 1929 412 1956 nobis
427 1929 508 1956 locus
522 1931 638 1964 paretur
654 1930 684 1956 in
699 1931 827 1965 regno⁹:
842 1940 855 1955 (ι
869 1932 916 1957 Α5-

149 1975 246 2003 cendit
261 1975 338 2002 enim
354 1975 487 2010 pandens
502 1975 555 2002 iter
570 1978 635 2003 ante
650 1984 736 2003 eos.»

184 2023 209 2047 3.
226 2022 259 2048 Ec
274 2023 299 2048 si
313 2022 414 2055 abiero,
430 2029 483 2056 per
496 2022 590 2048 carnis
605 2022 770 2049 absentiam
789 2022 913 2050 morien-

149 2067 207 2101 do,
223 2067 283 2094 sive
299 2067 487 2094 ascendendo
502 2067 531 2094 in
547 2068 654 2095 coelum
664 2089 672 2102 ,
689 2069 748 2095 sive
764 2076 917 2103 resurgen-

149 2113 203 2147 do,
218 2115 322 2140 veniam
342 2115 454 2147 iterum,
467 2114 638 2149 apparendo
650 2116 716 2149 post
730 2114 915 2142 resurrestio-

148 2167 215 2187 nem
227 2179 234 2192 ,
256 2159 303 2186 vcl
320 2160 492 2195 apparendo
508 2160 539 2186 in
550 2160 664 2193 judicio
683 2160 703 2175 ¹0
717 2169 722 2186 :
742 2170 755 2185 ι(
770 2160 916 2188 Videbunt

148 2205 242 2233 filium
267 2205 396 2233 hominis
421 2206 598 2240 venientem,
610 2217 622 2231 »
642 2209 693 2234 etc.
723 2208 758 2233 Et
785 2208 916 2241 accipiam

146 2260 202 2285 υοε,
219 2253 297 2278 otc.¹¹
314 2252 391 2280 Beati
406 2252 456 2288 qui
471 2253 510 2280 ad
525 2261 639 2280 coenam
654 2253 824 2288 nuptiarum
844 2253 917 2288 Agni

149 2297 244 2325 vocati
259 2299 335 2325 sunt.
353 2309 364 2322 »ι
386 2299 419 2325 Ut
436 2300 482 2325 ubi
507 2307 551 2333 eqo
568 2307 641 2333 sum,
666 2302 689 2326 et
709 2307 754 2326 vos
769 2301 848 2333 sitis3
873 2307 919 2327 su-

147 2352 202 2379 pra
219 2345 238 2361 ¹2
255 2353 261 2371 z
281 2353 293 2369 ι(
306 2344 333 2371 Si
349 2344 415 2379 quis
430 2344 501 2372 mihi
516 2345 677 2379 ministrat,
695 2353 741 2372 me
757 2347 914 2380 sequatur3

179 2415 186 2430 ¹
203 2415 279 2445 Aug„
295 2414 320 2438 in
335 2414 417 2442 Joan„
432 2415 503 2438 tract.
520 2420 604 2444 vau,
624 2422 648 2439 11.
671 2418 692 2439 1.
710 2427 738 2432 -
752 2416 761 2431 ²
778 2415 917 2447 Chrysost„

149 2450 175 2472 in
188 2450 268 2480 loen„
291 2450 360 2473 hom.
385 2455 470 2479 Lxxn,
491 2449 522 2472 al.
546 2455 643 2479 Lxxni,
662 2457 687 2474 11.
709 2453 730 2473 1.
745 2463 775 2467 —
791 2450 801 2466 ³
816 2451 915 2482 Mami„

150 2490 179 2514 x,
197 2486 234 2508 28.
255 2498 285 2502 —
301 2485 311 2501 ¹*
326 2486 401 2516 Augu,
421 2484 462 2508 ubi
484 2492 539 2515 sup.
556 2497 586 2501 —-
602 2485 612 2501 ⁶
629 2485 736 2515 Philip,
754 2491 786 2515 11,
801 2487 830 2515 6,
847 2487 869 2510 7.
887 2500 917 2504 —

149 2518 160 2534 ⁶
175 2520 193 2542 ll
213 2519 280 2550 Cor„
303 2526 366 2550 xm,
388 2522 410 2544 4.
432 2533 462 2537 —
486 2520 493 2535 ⁷
517 2522 632 2551 August„
653 2520 695 2544 ubi
715 2528 781 2551 sup„
801 2528 828 2544 n.
849 2522 872 2545 2.
888 2535 917 2539 —

149 2552 159 2569 ⁸
171 2553 268 2584 Barim„
285 2560 324 2583 111,
340 2557 378 2579 24.
390 2568 419 2572 —
434 2556 443 2571 ¹¹
456 2555 716 2585 Mz'ch.,1=‚13.—¹⁰
730 2556 832 2586 Mutet„
847 2562 918 2587 xxiv,

150 2590 172 2612 3.
187 2601 217 2605 ——
232 2589 248 2604 ¹¹
263 2590 346 2620 Apoc„
362 2596 414 2620 xix,
431 2592 453 2614 9.
468 2603 496 2608 -
513 2591 530 2605 ¹²
546 2592 619 2620 Sup„
634 2596 681 2620 xil,
697 2592 735 2614 26.
746 2604 775 2608 —
791 2591 810 2606 ¹³
823 2592 881 2622 lus„
894 2595 916 2616 6.

151 2636 179 2640 —
197 2624 216 2639 ¹⁸
237 2624 319 2650 Ρνου..
334 2631 360 2653 x,
377 2626 415 2650 30.
433 2639 458 2642 —
478 2627 493 2639 ¹⁵
510 2626 583 2655 Augu,
598 2625 627 2647 tle
646 2626 722 2650 Cz'vit.
743 2626 801 2656 Dei,
815 2627 858 2650 lib.
876 2628 916 2657 lx,

1668 210 1726 238 445

961 270 988 295 et
1003 269 1054 296 ubi
1069 277 1124 304 ego
1140 278 1222 304 sum,
1238 270 1279 297 ibi
1295 272 1321 298 et
1339 271 1470 298 minister
1484 279 1568 299 meus
1586 273 1648 300 erit.
1666 284 1679 300 »
1696 276 1728 302 Et

960 322 996 341 ne
1011 315 1066 350 ipsi
1081 318 1243 351 quaererent
1263 316 1314 344 ubi
1338 317 1393 351 sit,
1408 317 1508 344 subdit
1532 318 1571 353 (v.
1586 319 1632 353 3),
1656 319 1729 348 sicut

962 361 1111 388 continuat
1124 361 1223 389 Glossa
1237 372 1242 389 :
1257 363 1292 389 Et
1307 371 1357 397 quo
1371 371 1416 397 eqo
1430 364 1498 390 vado
1512 365 1606 397 scitis,
1621 365 1730 393 scilicet

961 406 1058 441 ipsum
1073 409 1186 435 Patrem
1196 428 1204 441 ,
1221 408 1259 435 ad
1274 417 1364 444 quem
1380 409 1458 436 vado
1476 418 1482 437 :
1497 411 1533 437 Ec
1551 412 1623 437 viam
1638 413 1727 445 scitis,

962 452 1071 480 scilicet
1086 462 1132 480 me
1146 454 1315 488 hominem,
1336 454 1387 490 qui
1407 463 1473 482 sum
1496 455 1561 489 via,
1584 456 1659 483 infra
1681 464 1731 484 eo-

963 498 1031 525 dem
1049 500 1067 515 ¹³
1081 509 1089 526 .-
1104 501 1159 533 qu
1174 508 1231 527 sum
1246 503 1302 533 via,
1319 502 1372 528 etc.
1384 501 1440 528 Sed
1453 502 1592 537 quaeritur
1607 502 1643 530 de
1656 510 1730 538 prae-

963 544 1060 577 dictis,
1081 546 1203 580 qualiter
1221 546 1260 574 ait
1276 556 1282 573 :
1302 548 1361 575 Non
1381 548 1503 575 turbetur
1527 556 1571 575 cor
1589 551 1705 575 vestrum
1723 569 1731 581 ,

964 598 1030 618 cun]
1045 591 1130 619 sciret
1144 592 1224 627 ipsos
1238 600 1299 620 esse
1311 593 1415 628 justos,
1431 596 1458 620 et
1472 594 1585 621 dicatur
1598 593 1617 609 ¹⁴
1629 604 1636 621 :
1650 604 1663 619 «
1673 596 1733 622 Jus-

963 638 1009 663 tus
1030 637 1059 663 in
1074 639 1213 665 {eternum
1236 647 1297 666 non
1320 640 1566 667 commovebitur.
1580 650 1593 665 »
1611 640 1733 668 Videtur

964 683 1047 717 quod
1062 684 1208 719 superflue
1222 684 1258 712 de
1273 685 1327 711 hoo
1340 685 1481 712 hortatur.
1499 688 1531 713 Et
1544 686 1582 714 ad
1598 687 1674 714 istud
1689 694 1733 714 re-

964 729 1173 764 spondendum
1189 732 1247 764 est,
1262 731 1345 765 quod
1365 733 1406 758 est
1424 732 1550 759 turbatio
1574 732 1712 760 infestans
1723 754 1733 768 ‚

965 777 993 802 et
1013 777 1054 802 est
1076 775 1203 803 turbatio
1225 778 1366 804 evertens.
1388 779 1420 804 Et
1440 777 1501 804 haee
1522 779 1651 806 secunda
1674 787 1734 806 non

965 821 1043 849 cadit
1062 819 1092 848 ih
1108 822 1203 856 justo,
1219 826 1354 850 manente
1371 824 1406 858 (b)
1423 824 1509 858 justo.
1526 825 1606 852 Unde
1622 827 1734 860 Augus-

965 869 1053 902 tinus,
1076 868 1201 904 loquens
1221 869 1257 896 de
1281 869 1420 904 opinione
1442 870 1623 905 Stoicorum,
1640 871 1679 898 ait
1698 871 1733 905 ¹⁵,

966 914 1048 949 quod
1064 914 1228 942 differentia
1243 917 1285 942 est
1299 915 1373 942 inter
1388 916 1520 943 animum
1535 916 1623 950 stulti,
1634 918 1661 944 et
1676 917 1735 944 ani-

966 969 1048 988 mum
1071 961 1226 996 sapientis,
1242 961 1325 997 quod
1346 962 1423 989 stulti
1439 963 1555 990 animus
1573 963 1648 990 cedit
1668 971 1734 998 pas-

966 1006 1099 1034 sionibus
1110 1027 1118 1040 ,
1152 1009 1239 1042 atque
1269 1008 1475 1035 accommodat
1498 1009 1602 1036 mentis
1637 1017 1735 1036 ascen-

966 1061 1029 1080 sum
1044 1053 1089 1087 (c),
1103 1053 1251 1088 sapientis,
1267 1054 1403 1089 quamvis
1418 1063 1466 1082 eas
1480 1055 1617 1090 patiatur,
1633 1055 1736 1083 retinet

966 1101 1064 1126 tamen
1073 1099 1109 1126 de
1121 1099 1175 1131 his,
1189 1108 1254 1135 quae
1267 1100 1354 1128 debet
1369 1100 1497 1136 effugere
1512 1101 1735 1135 rationabiliter,

967 1145 1014 1172 vel
1029 1145 1152 1180 eligere,
1170 1146 1305 1174 stabilem
1320 1147 1496 1175 inconcussa
1510 1150 1606 1175 mente
1623 1151 1735 1175 senten-

967 1191 1046 1218 tiam.
1062 1201 1074 1216 »
1091 1193 1153 1218 Haec
1167 1192 1226 1219 ille.
1243 1193 1323 1220 Unde
1336 1195 1424 1227 nota,
1448 1194 1530 1229 quod
1545 1197 1586 1222 est
1607 1195 1734 1222 turbatio

968 1246 1003 1264 ex
1012 1238 1143 1273 quadam
1153 1238 1282 1266 motione
1293 1239 1485 1274 contritioniS,
1498 1240 1568 1275 quia
1579 1240 1734 1268 ¹⁶«Sacrifi-

967 1283 1044 1310 cium
1060 1285 1117 1311 Deo
1132 1284 1250 1319 spiritus
1264 1285 1511 1320 contribulatus,»
1521 1286 1560 1313 ait
1572 1287 1733 1322 Propheta3

968 1331 996 1356 et
1009 1329 1079 1356 alibi
1091 1330 1120 1357 in
1134 1332 1236 1358 Psalmo
1247 1331 1266 1347 ¹⁷
1279 1340 1304 1358 εκ
1312 1331 1453 1359 Turbatus
1465 1340 1541 1366 sum,
1555 1334 1582 1360 et
1594 1340 1654 1360 non
1666 1341 1732 1360 sum

967 1375 1081 1402 locutus
1092 1385 1100 1410 3
1112 1387 1124 1401 η
1143 1379 1170 1403 et
1182 1380 1223 1404 est
1236 1378 1363 1405 turbatio
1378 1378 1434 1413 piae
1447 1378 1659 1414 compassionis
1672 1387 1735 1406 ma-

967 1420 1003 1446 lis
1017 1420 1139 1454 alienis,
1164 1421 1234 1455 quia
1249 1421 1477 1450 «misericordia
1500 1425 1542 1450 est
1566 1423 1679 1451 tristitia
1703 1424 1734 1451 in

968 1466 1052 1493 malis
1071 1466 1190 1501 alieniS,
1204 1478 1217 1493 »
1237 1468 1276 1494 ait
1293 1469 1486 1496 Damascenus
1505 1469 1535 1496 ¹³.
1557 1471 1588 1496 Et
1602 1470 1737 1505 Augusti-

969 1520 1023 1539 nus
1038 1513 1057 1528 ¹⁹
1073 1522 1080 1538 :
1100 1523 1113 1537 «
1129 1513 1196 1546 Quis
1213 1513 1329 1548 ignorat
1344 1522 1379 1541 ex
1395 1522 1430 1541 eo
1452 1515 1630 1550 appellatam
1654 1516 1737 1544 mise-

968 1558 1142 1592 ricordiam,
1159 1559 1242 1594 quod
1253 1560 1393 1587 miserum
1408 1560 1494 1588 saciat
1507 1569 1558 1588 cor
1573 1562 1736 1589 condolen-

968 1604 1002 1631 tis
1018 1605 1148 1632 alienum
1159 1605 1310 1633 malum‘i»
1325 1608 1357 1633 Et
1371 1606 1407 1633 de
1419 1606 1475 1634 hoc
1490 1607 1566 1635 bene
1581 1616 1670 1643 supra
1683 1611 1737 1636 Au-

968 1650 1100 1684 gustinus
1113 1652 1135 1667 20
1150 1660 1155 1678 :
1172 1661 1185 1677 t(
1201 1652 1344 1679 Turbetur
1362 1653 1450 1688 plane
1471 1653 1586 1681 animus
1607 1655 1736 1682 christia-

969 1704 1024 1723 nus
1038 1717 1046 1731 ,
1076 1704 1136 1723 non
1164 1697 1282 1725 miseria
1298 1719 1305 1732 ,
1332 1698 1385 1725 sed
1415 1699 1626 1728 misericordia.
1656 1711 1669 1726 »
1706 1703 1737 1729 Et

969 1744 1121 1770 enumerat
1135 1743 1175 1770 ibi
1191 1746 1317 1778 quatuor
1333 1744 1463 1772 affectus
1480 1746 1591 1773 Dictum
1608 1748 1650 1774 est
1665 1749 1737 1775 Mar-

969 1788 1024 1815 thae
1038 1788 1058 1805 ‘²¹
1072 1797 1078 1815 ε
1095 1799 1109 1815 «
1119 1789 1247 1817 Sollicita
1261 1798 1290 1817 es
1306 1792 1333 1817 et
1348 1791 1472 1818 turbaris
1487 1800 1557 1826 erga
1570 1793 1707 1828 plurima.
1721 1805 1733 1820 »

970 1836 1002 1861 Et
1017 1837 1058 1862 est
1072 1835 1198 1862 turbatio
1213 1838 1240 1863 ct
1254 1836 1486 1865 deordinationis
1501 1840 1528 1865 et
1543 1839 1736 1875 confusionis,

971 1881 1007 1907 de
1024 1889 1083 1916 qua
1097 1881 1127 1908 in
1143 1883 1247 1909 Psalmo
1262 1882 1282 1899 Ἠ
1296 1892 1302 1909 ;
1318 1884 1457 1911 «Turbati
1472 1886 1539 1912 sunt
1553 1893 1655 1913 omnes
1670 1887 1738 1914 insi-

969 1927 1081 1961 pientes
1096 1927 1204 1962 corde3
1220 1939 1232 1953 n
1251 1931 1279 1956 et
1300 1929 1370 1957 alibi
1389 1931 1411 1947 '2³
1428 1938 1434 1957 z
1455 1931 1597 1959 «Turbati
1621 1934 1688 1960 sunt
1712 1935 1738 1960 ct

971 1974 1042 2000 moti
1058 1974 1130 2001 sicut
1145 1975 1260 2009 ebrius,
1275 1986 1287 2001 »
1307 1978 1360 2003 etc.
1377 1978 1408 2004 Et
1424 1976 1479 2005 ista
1493 1985 1554 2005 non
1569 1986 1738 2007 commove-

971 2021 1016 2046 tur
1021 2020 1124 2054 justus.
1140 2022 1170 2047 Et
1180 2023 1223 2048 cst
1231 2022 1360 2051 turbatio
1370 2031 1406 2050 ex
1419 2024 1577 2052 eminentia
1591 2025 1738 2053 tristabilis

971 2066 1018 2093 vel
1032 2066 1190 2094 terribilis:
1210 2068 1292 2095 etsie
1313 2069 1475 2104 aliquando
1495 2070 1628 2098 turbatur
1644 2071 1738 2106 justus

971 2114 1114 2148 quantum
1129 2114 1168 2140 ad
1188 2114 1405 2143 sensualitatem
1421 2118 1448 2143 et
1461 2118 1575 2144 motum
1599 2119 1738 2146 sensuali—

971 2159 1054 2193 tatis,
1070 2162 1185 2187 servata
1200 2169 1267 2188 cum
1282 2162 1490 2197 tranquillitate
1510 2163 1640 2191 rationis.
1657 2164 1737 2191 Unde

972 2205 1106 2240 Virgilius
1120 2206 1246 2242 loquens
1260 2207 1297 2234 de
1312 2209 1401 2235 AEnea
1411 2209 1432 2224 2
1448 2218 1455 2235 z

995 2276 1067 2299 Mens
1079 2275 1185 2300 immota
1196 2278 1291 2307 manet,
1305 2277 1424 2307 lacrymae
1436 2277 1573 2302 volvuntur
1585 2278 1681 2303 inanes.

1008 2348 1038 2373 [t
1053 2346 1130 2374 enim
1142 2347 1181 2375 ait
1192 2347 1367 2382 Augustinus
1379 2356 1385 2375 :
1401 2349 1514 2376 «Homo
1527 2351 1663 2378 movetur
1676 2359 1738 2379 me-

971 2416 994 2434 c.
1012 2416 1045 2439 1v,
1064 2418 1090 2434 n.
1105 2412 1128 2434 Ξ.
1146 2424 1171 2427 ψ
1188 2411 1208 2427 ¹8
1223 2411 1290 2435 Psal.
1307 2418 1335 2441 1,,
1352 2414 1388 2436 19.
1405 2426 1434 2430 —
1451 2414 1467 2428 ¹⁷
1482 2413 1550 2437 Psal.
1568 2420 1656 2446 Lxxvr,
1671 2417 1694 2439 5.
1709 2429 1739 2434 ——

973 2445 994 2461 ¹⁸
1009 2446 1134 2476 Damaso„
1154 2446 1183 2469 (le
1198 2446 1256 2469 Fid.
1273 2447 1384 2477 Orehod„
1403 2448 1445 2472 lib.
1463 2449 1492 2479 ll,
1509 2456 1531 2472 c.
1548 2452 1571 2474 1.
1585 2464 1615 2468 —
1631 2451 1649 2467 ¹¹³
1664 2452 1739 2482 Aug.,

971 2479 1001 2503 de
1020 2480 1108 2504 Mor-ir).
1129 2481 1205 2511 Eccl„
1221 2481 1264 2505 lib.
1287 2482 1310 2510 l,
1329 2489 1352 2507 c.
1372 2489 1453 2507 xxvxi.
1469 2497 1499 2502 —
1518 2484 1536 2498 ²⁰
1554 2485 1601 2515 ld.,
1617 2486 1643 2509 in
1655 2487 1739 2515 loen„

972 2517 1043 2539 tract.
1059 2521 1100 2545 Lx,
1112 2523 1137 2540 11.
1149 2517 1211 2539 3.—
1225 2517 1244 2532 ²¹
1259 2517 1326 2546 Luc„
1342 2523 1368 2548 x,
1380 2520 1418 2542 41.
1429 2532 1460 2536 —
1474 2519 1493 2535 ²²
1506 2520 1570 2543 Psal.
1585 2526 1660 2550 μην,
1675 2523 1696 2544 6.
1710 2534 1738 2539 -

973 2549 993 2566 ²³
1009 2550 1076 2574 Psal.
1091 2556 1141 2580 CVI,
1153 2552 1190 2574 27.
1205 2565 1227 2568 -
1244 2552 1262 2568 ²³
1279 2552 1358 2584 Virg.‚
1371 2553 1480 2582 AEneid.‚
1493 2554 1536 2578 lib.
1552 2556 1592 2584 lV,
1605 2562 1671 2579 vers.
1684 2558 1738 2580 449.

1004 2592 1038 2622 (a)
1066 2593 1126 2616 Coet.
1154 2593 1214 2618 edit.
1243 2601 1288 2617 non
1317 2594 1404 2618 habent
1433 2596 1536 2620 credere
1562 2596 1684 2621 debeatis.
1709 2610 1739 2616 ·—

974 2627 1007 2657 (b)
1024 2627 1085 2651 Caet.
1101 2627 1259 2652 editmente.
1272 2643 1303 2647 —
1317 2630 1347 2660 (c)
1364 2630 1424 2654 Caet.
1444 2631 1503 2655 edit.
1520 2633 1641 2656 assensui.
