1987 3032
673 219 711 250 IN
733 220 818 250 CAP.
841 218 880 250 XI
903 218 1042 249 SANCTI
1064 217 1235 250 JOANNIS.

164 286 260 321 primo
275 285 385 320 modo,
407 293 474 313 cum
493 285 586 312 latens
610 285 697 320 culpa
721 285 833 320 agitur3
850 287 929 320 post-

164 332 304 366 modum,
321 340 388 359 cum
408 331 469 358 sine
483 331 652 358 confusione
667 333 762 358 reatus
783 331 928 366 aperitur;

165 377 286 412 dehinc,
303 385 370 405 cum
385 377 414 404 in
430 377 670 404 consuetudinem
693 377 874 410 dominatur;
891 376 930 403 ad

165 426 342 456 extremum,
367 431 434 450 cum
462 423 539 450 salsae
568 423 629 458 spei
657 422 876 450 seductionibus
904 424 931 448 et

165 469 360 496 obstinatione
389 469 600 504 desperationis
637 469 788 496 enutritur.
821 478 834 494 »
869 468 930 494 Haec

164 515 327 548 Gregorius.
343 514 557 547 Quatriduanus
569 517 610 542 est
619 517 754 550 peccator
764 521 886 540 manens
901 513 931 540 in

163 562 283 594 peccato
301 569 306 586 :
323 560 419 595 primo
435 561 526 588 modo
542 561 571 587 in
592 560 712 588 homine
727 559 872 593 interiori,
889 567 932 586 se-

164 605 262 632 cundo
278 606 369 633 modo
385 607 415 633 in
430 606 549 634 homine
571 607 706 634 exteriori
721 615 727 633 ε
744 606 790 633 vel
805 607 931 641 quatuor

164 651 227 678 dies
243 652 273 678 in
286 654 406 687 peccato
421 654 487 679 sunt
502 655 629 688 quatuor
644 652 763 687 gradus,
776 652 812 679 de
823 652 932 687 quibus

163 698 341 731 Augustinus
357 698 381 732 ¹3
398 698 449 733 qui
463 698 573 733 gradus
587 700 654 725 sunt
666 698 791 725 titillatio
806 698 932 725 delecta-

164 743 268 777 tioniS,
293 744 446 771 consensio
458 764 466 777 ,
490 744 619 778 factum,
640 744 820 771 consuetudo
838 753 844 770 :
867 751 932 778 quae

165 789 287 823 quidem
301 789 483 816 consuetudo
498 790 578 824 ligat.
595 791 626 816 Et
639 790 706 817 ideo
717 789 821 817 dicitur
833 789 879 816 hic
896 789 932 816 de

164 835 282 868 Lazaro,
299 835 381 870 quod
396 836 505 871 prodiit
524 836 629 870 ligatus
653 844 757 863 manus
782 837 809 862 et
832 835 930 870 pedes,

164 880 244 907 Unde
269 881 446 915 Augustinus
460 881 608 917 210quens
629 881 666 909 de
691 890 720 909 se
749 891 754 908 :
785 891 798 906 «
817 881 932 915 Ligatus

165 934 246 954 eram
270 935 330 955 non
353 927 430 955 ferro
454 927 568 962 alieno,
590 928 643 955 sed
665 935 732 954 mea.
754 927 902 954 voluntate
925 936 930 953 :

165 973 275 1008 quippe
294 981 328 1000 ex
343 973 492 1000 voluntate
511 982 647 1009 perversa
669 973 742 1000 sacta
757 975 798 1000 cst
819 972 931 1006 libido;

165 1021 193 1046 et
208 1019 279 1045 dum
303 1020 427 1047 servitur
449 1020 509 1053 illi,
532 1020 609 1047 facta
630 1022 672 1047 est
692 1019 890 1053 consuetudo;
907 1021 934 1045 et

166 1064 237 1091 dum
260 1065 301 1092 illi
329 1073 391 1092 non
417 1066 573 1099 resistitur,
597 1065 673 1093 facta
697 1068 739 1092 cst
766 1066 931 1092 necessitas.

166 1110 277 1143 Quibus
292 1111 375 1146 quasi
391 1111 572 1146 quibusdam
587 1111 696 1138 ansulis
711 1120 758 1138 me
775 1111 900 1138 tenebat.
917 1121 929 1136 »

165 1156 174 1172 ³
193 1166 206 1181 «
221 1157 339 1191 Stringit
353 1157 436 1192 quasi
451 1158 572 1185 cedrum
597 1157 723 1184 caudam
744 1165 837 1184 suam.
853 1167 865 1182 »
890 1157 932 1184 lbi

165 1203 320 1237 Gregorius
334 1203 344 1218 ⁴
364 1203 438 1230 bene
456 1203 492 1230 de
509 1203 584 1237 hoc,
602 1203 637 1238 (ιι)
653 1203 793 1237 gradibus
815 1203 844 1230 in
865 1211 932 1238 pec-

166 1251 246 1283 cato,
263 1249 371 1284 quibus
387 1249 500 1283 stringit
519 1248 657 1276 diabolus
680 1248 809 1276 animam
830 1257 932 1283 pecca-

165 1295 276 1321 tricem.
292 1295 323 1321 Et
343 1295 379 1321 de
401 1294 445 1321 his
469 1294 574 1321 diebus
595 1295 605 1310 5
632 1304 639 1321 :
669 1305 680 1318 α
705 1294 767 1321 Dies
794 1296 934 1321 venerunt

165 1339 258 1375 plagae
274 1339 309 1374 (b)
325 1340 395 1374 ejus.
413 1350 426 1365 n
444 1340 490 1367 His
504 1340 608 1367 diebus
623 1340 701 1367 foetet
715 1343 865 1376 peccator:
881 1348 933 1367 nec

164 1385 290 1418 mirum,
317 1386 387 1420 quia
407 1386 585 1421 putrefactus
613 1386 823 1421 putrefactione
852 1386 934 1421 spiri-

165 1431 246 1458 tuali.
264 1433 383 1467 Propter
398 1432 481 1466 quod
496 1432 536 1458 ait
550 1432 692 1466 Propheta
706 1432 735 1458 in
750 1440 877 1467 persona
891 1434 933 1459 ta-

165 1476 237 1504 lium
252 1478 262 1493 ⁵
279 1486 285 1504 z
303 1479 476 1504 Putruerunt
496 1480 524 1504 et
543 1480 685 1512 corruptae
700 1480 766 1504 sunt
787 1478 933 1505 cicatrices

165 1531 248 1550 meae.
266 1533 279 1549 »
297 1522 347 1550 Et⁷
365 1532 370 1550 :
390 1532 403 1548 «
416 1524 806 1558 Computrueruntjumenta
818 1524 848 1550 in
863 1526 934 1550 ster-

165 1569 283 1596 coribus
299 1569 358 1595 suis
375 1578 381 1595 :
398 1579 410 1594 n
434 1568 517 1604 quod
538 1571 579 1595 est
601 1569 735 1596 homines
756 1569 886 1596 carnales
903 1570 933 1595 in

165 1614 266 1641 soetore
290 1614 413 1641 luxuriae
435 1614 525 1641 vitam
546 1614 640 1641 finire.
663 1616 766 1649 Foetct,
790 1615 933 1650 inquam,

166 1661 231 1688 talis
253 1661 431 1687 horribiliter
446 1663 474 1687 et
487 1660 685 1695 multipliciter
707 1662 739 1687 ⁸:
760 1671 772 1685 «
793 1661 935 1687 Ascendet

165 1706 250 1734 soetor
279 1707 342 1740 ejus
371 1709 398 1733 et
422 1706 548 1741 putredo
573 1707 645 1740 ejus.
672 1716 684 1731 >³
710 1708 741 1733 Et
765 1709 840 1733 recte
863 1707 902 1733 alt
926 1715 932 1732 :

166 1752 315 1786 Ascendet,
331 1752 401 1787 quia
424 1760 517 1786 usque
542 1751 572 1778 in
595 1751 702 1778 coelum
713 1772 722 1786 ‚
738 1754 765 1779 et
782 1752 821 1778 ita
836 1760 935 1778 coram

167 1799 236 1832 Deo,
252 1800 280 1825 et
294 1798 381 1825 etiam
400 1806 500 1825 coram
516 1798 628 1833 seipsis.
644 1798 653 1814 ⁹
671 1808 683 1822 (ι
698 1798 861 1825 Ascendere
881 1798 935 1824 feci

166 1844 352 1880 putredinem
367 1846 528 1871 castrorum
543 1852 664 1870 suorum
677 1844 707 1870 iu
718 1852 782 1871 aras
790 1847 909 1871 vestras.
920 1854 931 1868 o

168 1891 236 1919 inde
261 1890 414 1918 Auselmus
436 1890 455 1906 ¹⁰
473 1899 478 1916 :
499 1889 717 1916 «Tolerabilius
741 1890 820 1917 canis
843 1890 935 1925 putris

165 1936 246 1963 foetet
259 1936 446 1968 hominibus,
461 1943 551 1970 quam
572 1935 671 1962 anima
692 1936 837 1970 peccatrix
852 1937 910 1962 Deo
927 1944 933 1962 ε

167 1990 258 2017 quam
277 1982 310 2018 (a)
335 1981 478 2008 infelicius
493 1981 547 2007 ista
562 1982 639 2014 Deo,
655 1989 744 2015 quam
766 1981 936 2008 hominibus

165 2027 226 2054 ille.
242 2029 319 2061 Heu,
336 2035 397 2054 non
418 2027 585 2060 hominem,
601 2026 653 2053 sed
669 2026 864 2061 opprobrium
883 2027 935 2054 ho-

167 2073 291 2100 minum.
306 2083 318 2098 »
335 2072 374 2107 (d)
390 2072 479 2099 Vilius
495 2074 656 2106 peccatore,
673 2072 756 2107 pejus
769 2072 912 2100 cadavere
922 2074 936 2099 ἵ)

169 2119 184 2135 ¹¹
199 2129 211 2143 «
226 2119 303 2145 Sicut
318 2120 448 2145 eructant
462 2118 624 2153 praecordia
639 2118 815 2153 foetentium,
832 2119 872 2146 sic
887 2127 937 2146 cor

167 2165 374 2200 superborum.
390 2176 402 2190 η
422 2167 453 2192 Et
467 2164 539 2191 tales
553 2172 606 2191 suo
615 2164 715 2191 foetore
730 2164 803 2191 alios
815 2167 938 2199 gravant

168 2214 195 2238 et
210 2211 352 2238 inliciunt.
369 2213 444 2246 Ergo
461 2211 564 2238 dicitur
579 2210 598 2225 ¹²
622 2219 628 2237 :
649 2220 661 2235 «
683 2211 714 2236 Ut
737 2210 838 2238 soetore
860 2210 937 2238 illius

169 2257 309 2284 exercitus
321 2259 521 2291 gravaretur.»
537 2256 644 2284 Etidco
660 2264 713 2291 pro
725 2256 830 2284 talibus
844 2265 937 2284 resus-

169 2302 292 2329 citandis
306 2303 459 2337 rogandus
471 2304 514 2330 est
526 2303 676 2330 Dominus.

202 2384 207 2399 ¹
224 2384 299 2413 Aug„
314 2383 344 2406 (le
360 2383 425 2406 vet-b.
445 2384 523 2412 nom„
539 2390 615 2406 serm.
632 2390 702 2413 xm,
718 2384 750 2406 al.
767 2389 855 2412 xcviii,
872 2391 897 2407 n.
913 2386 935 2408 6.

172 2431 198 2435 -—
215 2419 223 2431 ²
239 2421 313 2447 Aug„
330 2419 411 2448 Confi,
429 2418 471 2441 lib.
488 2419 560 2448 vill,
576 2425 598 2442 c.
614 2424 639 2442 x.
654 2431 681 2434 —
700 2420 707 2431 Δ
722 2418 779 2446 loli,
796 2424 841 2448 ir,
857 2421 895 2443 12.
910 2433 935 2436 —

169 2454 179 2470 ⁶
193 2455 278 2483 Greg„
294 2454 396 2480 Auorat„
412 2454 454 2476 lib.
471 2453 570 2483 xxxii,
587 2460 608 2476 c.
626 2459 679 2483 xvi,
692 2454 724 2477 al.
741 2459 794 2484 xix,
812 2460 838 2478 n,
854 2456 891 2478 33.
910 2468 935 2471 -

170 2491 178 2503 ⁵
191 2490 257 2516 ose..
271 2495 304 2519 ix,
322 2490 345 2518 7,
359 2491 402 2513 aut
417 2489 526 2512 aliud.—-
541 2489 550 2502 ⁶
564 2488 629 2512 l’sul.
644 2495 746 2519 xxxvii,
761 2492 783 2512 ϋ.
799 2502 828 2506 -
844 2490 851 2504 ⁷
863 2490 937 2519 Joel„

172 2530 192 2553 1,
224 2525 262 2547 17.
290 2537 319 2542 —
341 2524 351 2540 ὓ
372 2524 445 2554 ibid„
474 2529 506 2552 11,
532 2525 570 2547 20.
593 2536 622 2540 -
647 2524 657 2539 ⁹
679 2524 765 2554 Amos,
788 2530 822 2554 iv,
850 2526 885 2548 10.
909 2538 939 2542 -

173 2559 190 2572 ¹⁰
203 2558 324 2588 Ausclm„
340 2559 425 2582 Meda.
443 2571 468 2574 —
489 2559 503 2571 ¹¹
521 2557 609 2586 Ecclt.,
626 2563 661 2588 xl,
677 2560 714 2582 32.
729 2571 760 2575 -
778 2559 796 2574 ¹⁷
813 2560 830 2582 ΙΙ
846 2560 937 2587 Maeli..

174 2600 214 2623 ix,
238 2595 261 2617 9.
282 2606 312 2611 -
335 2595 352 2610 ¹³
370 2596 445 2624 Aug„
464 2594 489 2616 in
508 2593 590 2623 Joan„
614 2596 685 2617 tract.
706 2599 783 2624 xiiis,
805 2600 831 2618 n.
851 2595 890 2618 27.
909 2608 940 2612 —

178 2629 192 2642 Ι·
206 2628 288 2658 loun„
309 2635 329 2659 1,
348 2631 382 2654 14.
400 2641 431 2646 —-
452 2629 467 2642 :s
489 2629 543 2652 Vid.
561 2636 627 2659 sup„
643 2628 734 2653 Callai.
759 2635 780 2653 v.
796 2641 824 2646 —
845 2630 863 2645 ¹⁶
880 2629 938 2659 doh,

1689 220 1747 249 573

1081 316 1193 343 Collatio
1206 317 1533 350 quinquaqesimaquarta,
1551 323 1591 348 m,
1607 316 1651 342 50.

1020 377 1137 411 Expedit
1153 380 1183 403 ut
1197 385 1265 404 unus
1284 377 1357 403 homo
1372 379 1503 404 moriatur
1521 385 1569 411 pro
1590 377 1685 410 populo
1695 396 1703 409 ‚
1717 383 1749 401 ne

985 426 1038 450 tota
1060 431 1121 457 qens
1134 426 1235 458 pereat.
1253 423 1330 450 Sicut
1343 425 1421 458 patet
1435 431 1469 450 ex
1488 425 1583 456 textu,
1599 424 1627 449 et
1641 430 1676 448 ex
1692 424 1748 449 Au-

985 471 1100 504 gustmo
1116 469 1135 485 ¹³
1150 469 1214 502 hic,
1229 469 1290 496 haec
1304 469 1395 496 verba
1409 469 1524 504 prolata
1538 469 1604 495 sunt
1625 476 1659 495 ex
1680 476 1750 503 pro-

984 515 1091 550 phetia.
1108 515 1187 542 Unde
1203 517 1230 542 et
1244 515 1287 542 illi
1306 515 1436 542 attribuit
1455 515 1486 550 (e)
1508 514 1691 549 Evangelista
1705 521 1750 541 sa-

985 562 1144 594 cramento,
1160 560 1280 596 quando
1296 561 1352 588 ait:
1367 562 1421 588 Hoc
1432 569 1448 587 α
1458 562 1595 595 semetipso
1604 568 1656 587 non
1667 560 1749 593 dimit,

985 615 1041 633 cum
1057 610 1121 634 esset
1133 609 1260 641 pontz'f'eoe
1275 609 1341 634 anni
1354 609 1440 634 illius.
1457 609 1497 634 lta
1512 607 1548 642 (f)
1565 606 1748 641 Augustinus.

986 653 1018 680 Et
1032 652 1213 680 insinuantur
1229 654 1354 688 quatuor
1372 653 1402 680 in
1421 653 1465 679 his
1480 652 1576 679 verbis
1596 661 1603 679 z
1624 652 1751 679 Primum

986 700 1028 726 est
1049 699 1237 726 humanitatis
1260 699 1322 726 Filii
1338 699 1386 726 Dei
1408 698 1611 726 indubitabilis
1625 698 1731 725 veritas
1743 719 1750 730 ‚

986 744 1026 771 ibi
1044 753 1050 771 :
1071 746 1170 778 Homo3
1187 745 1360 778 secundum,
1377 745 1508 779 ejusdem
1523 743 1678 778 singularis
1700 751 1750 770 su-

985 789 1113 816 blimitas
1124 811 1132 823 ,
1151 790 1192 817 ibi
1207 799 1214 817 :
1235 791 1305 817 Unus
1311 800 1319 823 ;
1336 790 1451 817 tertium
1463 811 1472 824 ,
1487 789 1631 825 passionis
1655 788 1751 823 gravis

986 835 1146 869 acerbitas,
1171 836 1212 863 ibi
1236 845 1242 863 ε
1265 838 1416 867 illm-tatur,⁸
1440 837 1578 871 quartum
1601 837 1642 862 est
1664 835 1751 869 hujus

986 881 1129 916 passionis
1144 881 1367 909 innumerabilis
1382 882 1504 913 utilitas,
1521 881 1561 908 ibi
1587 889 1594 907 :
1620 881 1748 915 Expedit.

1022 927 1066 954 Ait
1080 935 1150 962 ergo
1167 937 1173 954 :
1190 929 1283 961 Homo,
1297 927 1404 954 scilicet
1419 927 1506 954 Filius
1521 927 1569 953 Dei
1590 926 1682 953 factus
1696 926 1751 953 ho-

986 981 1046 1007 mo,
1059 981 1147 1008 supra
1164 974 1183 990 ¹⁶
1198 974 1323 1000 :Verbum
1338 982 1397 1000 caro
1411 974 1510 1005 fuctum
1525 975 1571 1000 est.
1585 971 1666 999 Etibi
1681 971 1702 989 ¹⁵
1715 971 1751 998 de

986 1019 1051 1046 hoc.
1068 1020 1162 1053 Humi),
1177 1019 1309 1054 iuquam,
1330 1019 1487 1046 socialitate
1509 1018 1654 1054 politicus,
1670 1017 1753 1044 beni-

986 1066 1093 1100 gnitate
1122 1066 1293 1100 benevolus,
1319 1066 1451 1100 largitate
1478 1064 1644 1097 munificus,
1671 1063 1751 1090 omni

987 1112 1090 1139 virtute
1105 1112 1289 1146 magnificus.
1304 1111 1378 1139 Talis
1397 1112 1475 1138 enim
1496 1113 1537 1137 est
1556 1111 1647 1137 homo
1670 1111 1753 1136 natu-

986 1158 1095 1190 raliter,
1111 1160 1138 1185 et
1151 1158 1213 1193 ipse
1228 1158 1321 1184 multo
1346 1157 1449 1191 magis.
1467 1158 1498 1184 Ut
1518 1156 1596 1183 cuim
1611 1155 1650 1183 ait
1668 1156 1753 1182 Com-

987 1206 1151 1230 mcnlaior:
1170 1213 1183 1229 (ι
1205 1205 1298 1230 Homo
1317 1206 1359 1230 est
1379 1203 1488 1230 animal
1511 1202 1673 1237 politicum,
1693 1209 1754 1228 nou

987 1249 1167 1283 solitarium3
1188 1252 1215 1276 et
1238 1249 1534 1282 communicativum3
1555 1248 1623 1274 item
1643 1247 1754 1281 magni-

987 1294 1076 1322 ficum
1093 1304 1099 1322 z
1117 1298 1158 1322 est
1177 1295 1255 1322 enim
1271 1295 1361 1322 homo
1382 1294 1583 1322 nobilissimus
1604 1295 1632 1320 et
1654 1292 1755 1320 altisa-

986 1349 1052 1368 mus
1060 1341 1258 1368 animalium.»
1272 1343 1304 1368 Ut
1313 1341 1433 1376 Sapiens
1446 1339 1464 1356 ’ὅ
1477 1349 1502 1367 2«
1514 1339 1590 1372 Quid
1602 1341 1644 1366 est
1652 1339 1753 1372 homo,

988 1387 1058 1422 quia
1073 1387 1245 1421 magnificas
1260 1388 1346 1414 eum?
1361 1397 1374 1412 n
1393 1387 1435 1414 lbi
1451 1386 1605 1421 Gregorius
1621 1386 1641 1402 ¹⁷
1657 1393 1683 1411 :«
1700 1385 1755 1411 Ho-

987 1434 1098 1460 minem
1114 1436 1187 1460 Deus
1201 1433 1378 1468 magnificat,
1398 1433 1467 1469 quia
1485 1432 1616 1467 largitate
1635 1431 1755 1459 rationis

989 1479 1070 1513 ditat,
1094 1479 1238 1506 infusione
1259 1480 1357 1514 gratiae
1376 1480 1488 1513 visitat,
1508 1479 1621 1505 honore
1643 1477 1755 1505 collatae

988 1524 1100 1552 virtutis
1119 1525 1235 1552 exaltat.
1251 1535 1264 1550 »
1289 1525 1345 1552 Sed
1358 1525 1537 1559 peramplius
1556 1526 1583 1551 ct
1601 1523 1756 1559 perfectius

989 1570 1116 1597 Christus
1128 1570 1180 1597 suit
1189 1570 1332 1605 praedictis
1343 1570 1562 1605 magnificatus:
1573 1569 1641 1596 ideo
1653 1569 1755 1603 homo,

988 1618 1076 1651 prout
1088 1616 1127 1643 ait
1143 1617 1285 1651 Propheta
1300 1617 1319 1632 ¹⁸
1335 1625 1361 1643 :u
1377 1617 1468 1643 Homo
1485 1618 1567 1643 natus
1582 1615 1668 1642 estin
1680 1623 1723 1648 ea,
1740 1625 1753 1640 ι)

989 1662 1020 1688 id
1036 1664 1087 1694 est,
1102 1662 1133 1688 in
1152 1662 1237 1688 beata
1256 1662 1380 1696 Virgine.
1406 1664 1437 1690 Et
1451 1662 1519 1689 ideo
1541 1661 1570 1688 in
1594 1661 1756 1695 Evangeliis

990 1710 1075 1734 vocat
1089 1716 1118 1734 sc
1130 1716 1204 1742 saepe
1211 1709 1311 1734 Filium
1325 1709 1439 1734 hominis
1455 1707 1475 1724 ¹⁹
1488 1715 1513 1733 ει(
1526 1707 1613 1734 Filius
1628 1706 1756 1733 hominis

990 1761 1050 1780 non
1065 1754 1163 1787 habet,
1186 1754 1236 1780 ubi
1251 1755 1338 1788 caput
1351 1753 1480 1780 reclinet.
1497 1763 1511 1779 »
1528 1755 1559 1780 Et
1573 1754 1595 1769 ²⁰
1613 1762 1619 1779 :
1639 1762 1652 1777 «
1671 1752 1757 1779 Vide-

990 1799 1064 1826 bunt
1078 1799 1182 1826 Filium
1191 1799 1319 1826 hominis
1334 1807 1400 1826 cum
1415 1799 1518 1826 virtute
1533 1806 1642 1833 magna
1656 1800 1683 1825 et
1696 1806 1758 1825 ma-

988 1845 1100 1879 jestate.
1118 1856 1129 1869 υ
1148 1845 1223 1872 Infra
1238 1845 1257 1861 ²¹
1274 1853 1281 1871 z
1297 1855 1310 1870 «
1326 1847 1396 1872 Ecce
1415 1845 1517 1878 homo,
1537 1854 1550 1870 »
1576 1844 1683 1871 scilicet
1705 1851 1757 1871 an-

991 1891 1191 1918 tonomastice.
1213 1892 1244 1917 Et
1266 1890 1332 1918 ideo
1356 1891 1460 1918 merito
1483 1890 1530 1917 hic
1552 1889 1657 1916 dicitur
1684 1897 1758 1916 unus

991 1944 1078 1971 super
1091 1936 1164 1964 alios
1179 1936 1334 1971 singularis
1352 1937 1493 1971 dignitate
1509 1937 1536 1963 et
1551 1935 1631 1963 omui
1642 1935 1756 1962 virtute.

996 1984 1065 2009 Unus
1080 1983 1158 2009 enim
1174 1982 1243 2009 dicit
1259 1982 1474 2017 discretionem,
1490 1982 1550 2009 sive
1572 1981 1757 2016 singularita-

991 2030 1049 2055 tem
1064 2029 1225 2056 secundum
1237 2029 1370 2063 regulam
1390 2028 1647 2063 grammaticorum
1664 2036 1670 2054 :
1688 2034 1758 2062 qua—

991 2074 1027 2101 lis
1042 2074 1094 2102 suit
1117 2074 1242 2101 Christus
1257 2082 1344 2110 super
1365 2074 1439 2101 alios
1452 2073 1473 2090 ²²
1489 2083 1495 2100 :
1516 2075 1632 2100 «Unum
1656 2072 1758 2100 vocavi

993 2128 1060 2147 eum
1072 2139 1078 2151 ‚
1106 2122 1132 2147 et
1160 2120 1298 2147 benedixi
1324 2129 1390 2147 eum
1418 2119 1469 2155 (q),
1489 2131 1502 2145 »
1529 2119 1637 2146 scilicet
1662 2119 1759 2145 Jesum

993 2166 1136 2192 Christum
1146 2166 1167 2182 ²³
1179 2174 1204 2192 z«
1215 2166 1401 2200 Singulariter
1414 2174 1478 2193 sum
1494 2173 1560 2200 ego,
1575 2165 1669 2192 donec
1684 2165 1760 2190 tran-

993 2220 1082 2246 seam,
1098 2222 1110 2235 »
1129 2212 1168 2238 ait
1183 2212 1326 2246 Propheta
1341 2212 1370 2238 in
1384 2219 1510 2247 persona
1521 2219 1582 2238 sua.
1599 2212 1631 2238 Et
1641 2211 1662 2227 ²⁴
1677 2219 1703 2237 z«
1718 2209 1760 2237 Vi-

993 2265 1059 2284 rum
1074 2257 1110 2284 dc
1124 2257 1203 2284 mille
1219 2265 1311 2284 unum
1326 2257 1430 2292 reperi.
1447 2268 1460 2282 »
1484 2259 1516 2284 Et
1531 2257 1598 2284 idco
1613 2257 1643 2283 in
1666 2255 1760 2290 figura

993 2303 1079 2337 benc,
1092 2303 1143 2330 ubi
1162 2303 1266 2330 dicitur
1280 2303 1301 2318 ²⁵
1317 2312 1344 2330 2«
1359 2303 1464 2336 Quales
1485 2303 1601 2330 fuerunt
1617 2301 1670 2329 viri
1685 2309 1760 2337 quos

995 2381 1044 2405 ni,
1073 2377 1108 2399 Π.
1138 2388 1166 2392 -
1193 2377 1210 2391 ¹⁷
1236 2377 1353 2406 (Ji-egon,
1374 2375 1474 2404 Moral„
1497 2375 1541 2399 lili.
1568 2376 1632 2406 viu,
1658 2383 1680 2399 c.
1704 2381 1758 2406 xvi,

994 2412 1025 2434 al.
1042 2417 1137 2441 xxviii,
1154 2419 1179 2435 u.
1199 2413 1232 2435 ii.
1250 2425 1276 2428 —
1295 2413 1312 2427 ¹⁵
1329 2411 1397 2434 Psul.
1414 2417 1522 2440 mxxvi,
1539 2413 1562 2434 53.
1580 2424 1610 2428 -
1624 2411 1643 2427 ¹⁹
1657 2411 1760 2440 Multli„

996 2452 1057 2476 viu,
1071 2448 1108 2469 20.
1125 2459 1155 2463 —
1169 2447 1187 2461 ²⁰
1202 2447 1275 2475 nihl„
1292 2452 1367 2475 xxiv,
1389 2448 1426 2469 30.
1442 2459 1471 2462 —
1486 2447 1600 2473 21.]ιιιιιι.,
1616 2447 1715 2475 ηιμ-5.
1732 2458 1758 2462 -

995 2482 1015 2496 2⁴
1030 2482 1088 2511 !.›·‹1.,
1104 2487 1138 2512 Li,
1154 2483 1177 2505 22.
1189 2494 1219 2498 —
1234 2482 1254 2497 ²³
1270 2481 1336 2504 l'sal.
1352 2486 1410 2510 cxi„
1424 2483 1462 2504 10.
1479 2493 1504 2497 --
1520 2481 1538 2495 ²⁸
1553 2481 1644 2510 Eecle.,
1660 2486 1705 2510 vii,
1721 2481 1758 2503 29.

994 2528 1024 2532 —
1038 2517 1057 2532 ²⁸
1070 2517 1160 2547 dudae„
1179 2523 1238 2546 vui,
1258 2518 1294 2540 18.

1029 2561 1058 2589 (α)
1080 2561 1167 2591 Suppl.
1195 2567 1274 2591 agens
1298 2561 1337 2584 de.
1355 2573 1384 2578 —
1407 2559 1439 2590 (b)
1467 2560 1536 2590 Vulq.
1557 2560 1714 2583 visitationis.
1732 2572 1760 2576 —

997 2596 1024 2624 (c)
1042 2596 1098 2627 Leq.
1114 2599 1175 2620 tam.
1189 2609 1218 2613 —
1235 2598 1267 2626 (α)
1285 2596 1372 2626 Suppl.
1388 2595 1461 2624 Quid.
1477 2609 1507 2613 --
1527 2596 1555 2625 (e)
1569 2596 1625 2626 ch.
1640 2595 1699 2618 illud
1715 2594 1761 2618 tri-

996 2630 1058 2654 buit.
1075 2644 1103 2649 —
1123 2634 1152 2662 (f)
1170 2632 1230 2655 Coet.
1245 2631 1303 2654 edil.
1322 2632 1359 2655 Ut.
1376 2644 1404 2648 --
1420 2632 1454 2660 (q)
1476 2631 1548 2660 Vulq.
1567 2631 1599 2654 ci.
