1987 3032
205 205 262 234 50⁶2

205 271 232 297 et
246 269 295 296 alii
310 270 478 303 credentes;
495 277 548 305 per
569 277 612 303 os,
627 269 709 304 quod
729 269 849 297 interius
867 272 919 304 cst,
935 270 972 297 si·

205 318 331 350 gnantur
342 315 429 343 beata
443 318 535 343 mater
550 315 608 348 Dei,
626 318 651 342 ct
675 315 733 353 istae
747 318 852 343 sanctae
867 315 971 343 mulie—

204 370 251 389 res
273 361 401 389 intimius
426 361 536 389 Clu-isto
557 361 749 394 adhaerentes,
772 363 799 389 et
819 361 974 389 immedia-

204 409 274 443 tius;
291 410 319 436 et
341 409 427 436 beata
442 410 535 435 mater
556 407 753 435 immediatius
775 408 924 442 omnibus,
947 410 975 435 et

204 454 317 482 firmius
334 464 339 481 ε
356 455 419 490 ipsa
440 454 517 481 cuim
533 456 594 481 erat
609 453 615 469 ¹
631 463 644 479 (ι
662 454 762 481 innixa
779 462 868 489 super
883 454 974 482 dilec-

205 502 267 528 tum
287 509 391 535 suum,
417 510 430 526 n
455 502 482 527 et
502 500 570 527 ideo
595 500 700 533 majori
719 500 822 528 dolore
843 500 972 536 perfusa.

205 547 372 575 Secundum
392 547 586 581 Augustinum
601 547 611 562 ²
626 546 705 573 enim
721 555 823 573 omnes
846 546 975 574 affcctio-

204 601 256 620 nes
270 593 438 620 radicantur
453 592 483 619 in
498 600 613 627 ainore;
626 595 653 620 et
668 592 738 628 quia
752 600 822 619 suus
838 600 922 620 amor
936 593 974 620 ad

204 639 299 665 filium
314 638 367 666 t'uit
381 639 622 674 incomparabilis
641 639 735 666 amori
753 639 891 672 aliorum,
908 639 974 666 ideo

205 685 292 712 dolor
319 685 402 720 quasi
431 685 682 720 incomparabilis.
711 685 791 712 Unde
823 686 975 712 Damasce-

204 739 259 758 nus
273 732 284 748 ³
301 741 308 758 .·
326 741 339 757 <1
355 731 473 759 Dolores
487 739 562 767 quos
577 731 678 767 effugit
694 731 822 767 pariens,
837 732 892 758 hos
910 739 974 758 sus-

206 778 291 804 tinuit
305 780 436 813 tempore
451 777 604 813 passionis.
621 787 634 802 n
652 778 679 804 Si
696 778 774 804 enim
799 778 886 805 beuta
901 778 974 805 Feli-

206 825 276 852 citas
291 824 345 851 suit
354 824 513 859 plusquam
526 826 636 859 martyr
646 825 766 859 propter
781 827 889 852 mortes
901 824 976 851 filio-

204 879 280 904 rum,
297 873 328 897 ut
343 870 381 897 ait
395 870 549 905 Gregorius
564 872 584 901 ¹²,
600 870 693 897 multo
708 870 802 905 magis
815 870 902 897 beata
917 872 975 898 Ma-

204 919 247 944 ter
263 917 319 944 Dci.
338 916 402 944 ideo
419 916 524 943 dicitur
567 925 572 943 :
591 926 604 941 «ι
623 918 714 943 Tuam
737 917 828 951 ipsius
845 917 975 944 animam

204 962 391 998 pertransibit
404 962 530 997 gladius,
546 972 559 987 ³>
581 962 611 989 id
627 965 678 996 est,
696 973 707 987 «
729 963 891 996 tribulatio,
915 971 975 999 qua

205 1009 303 1036 anima
319 1011 452 1036 materna
466 1009 620 1036 vulnerata
643 1011 684 1036 est
699 1009 810 1036 doloris
825 1009 942 1042 affectu,
959 1019 972 1034 »

205 1055 243 1082 ait
257 1055 434 1089 Augustinus
458 1055 477 1081 ⁶.
510 1055 629 1082 Dolores
652 1063 734 1090 ergo,
757 1063 832 1090 quos
847 1055 924 1082 tilius
946 1055 974 1082 in

204 1109 327 1136 corpore
342 1101 511 1133 sustinebat,
529 1101 611 1136 quasi
626 1100 684 1127 vivi
700 1100 930 1128 infundebantur
944 1101 974 1128 in

203 1147 286 1183 pium
302 1155 353 1174 cor
367 1149 543 1174 maternum.
557 1148 587 1173 Et
600 1147 667 1174 ideo
680 1147 785 1174 merito
800 1148 882 1183 prius
896 1147 975 1174 filius

204 1193 343 1221 dilectum
359 1193 537 1228 discipulum
553 1193 698 1220 commisit
713 1193 739 1219 ei
753 1201 807 1228 pro
822 1193 895 1228 filio,
909 1193 975 1222 licet

203 1249 264 1268 non
277 1243 351 1268 esset
365 1241 428 1268 talis
444 1243 471 1268 ct
485 1243 589 1268 taulus.

239 1287 358 1315 261000
368 1287 468 1315 subdit
478 1287 640 1315 secundum
651 1295 657 1313 :
670 1288 731 1314 (lum
741 1288 853 1315 vidisset
864 1290 975 1315 matrem

202 1334 243 1361 sic
259 1335 394 1368 stantem,
414 1336 439 1360 et
461 1334 624 1368 discipulum
644 1341 719 1367 quem
740 1333 881 1368 dz'liflebat,
898 1334 975 1361 scili-

203 1382 247 1408 cet
261 1380 368 1407 cuz-teris
384 1379 566 1412 familiarius,
581 1387 671 1415 supra
684 1381 705 1413 ⁷,
722 1380 790 1407 dicit
802 1382 887 1407 matri
901 1388 973 1407 suae:

202 1428 302 1454 Mulier
317 1427 363 1461 (a),
380 1428 467 1461 prout
482 1425 587 1452 dicitur
602 1434 619 1453 a
633 1434 715 1454 sexu.
731 1427 763 1453 Ut
775 1426 853 1453 enim
867 1426 906 1453 ait
919 1428 976 1453 Au-

206 1473 339 1507 gustinus
350 1472 360 1487 ⁸
373 1482 377 1497 .'
391 1482 404 1497 «
419 1474 495 1499 More
511 1472 724 1507 seripturarum
739 1480 756 1499 a
771 1480 843 1499 sexu
856 1472 948 1507 ponit.
960 1483 973 1498 >³

205 1521 236 1547 Et
251 1518 407 1553 Gregorius
421 1519 431 1535 ⁹
448 1527 454 1545 z
480 1528 493 1543 «
509 1518 608 1546 Mulier
630 1518 734 1545 dicitur
752 1526 807 1553 pro
826 1526 907 1552 sexu,
931 1519 977 1546 vel

204 1567 382 1594 infirmitate.
398 1575 411 1590 n
429 1567 492 1593 Ecce
515 1567 588 1600 filius
608 1568 680 1599 ίιιιις,
695 1565 814 1600 scilicet,
838 1574 893 1602 pro
914 1566 976 1593 filio

205 1613 258 1640 tibi
282 1619 468 1640 successurus
492 1613 551 1645 est;
573 1613 600 1638 ct
622 1611 709 1639 ctiam
733 1613 806 1646 filius
827 1612 977 1646 imitative,

208 1659 278 1694 quia
292 1666 384 1694 purus
398 1658 428 1684 in
443 1665 525 1685 saera
539 1657 722 1692 virginitate3
746 1659 773 1685 et
794 1658 882 1685 etiam
904 1660 978 1693 filins

207 1705 378 1741 adoptione,
400 1707 427 1732 et
447 1706 519 1738 silius
539 1703 703 1739 obsequiali
722 1704 976 1732 honorificatione.

241 1753 287 1778 ⁶27.
304 1751 405 1778 Deinde
425 1751 492 1777 dicit
507 1750 640 1784 discipulo
656 1758 665 1776 :
681 1751 745 1777 Ecce
760 1753 846 1778 mater
870 1754 926 1784 tua,
947 1751 978 1779 id

208 1800 258 1832 est,
276 1799 307 1824 ut
321 1798 413 1824 muter
428 1796 479 1823 tibi
503 1796 679 1823 honoranda
695 1799 723 1824 et
743 1797 924 1825 aestimanda.
948 1799 980 1825 Et

209 1845 245 1872 de
259 1844 315 1871 hoc
331 1843 555 1879 chrysostomus
569 1842 599 1877 ¹⁰,
615 1843 667 1870 ubi
678 1851 767 1878 supra
783 1852 790 1870 ε
811 1853 824 1868 (ι
838 1844 887 1871 Hie
902 1844 980 1871 mul-

209 1893 268 1918 tam
297 1889 483 1917 dilectionem
510 1891 651 1916 monstrat
676 1889 831 1925 discipulo.
860 1900 873 1915 »
901 1890 980 1918 Unde

210 1937 311 1972 quaerit
333 1936 556 1971 Chrysostomus
577 1935 593 1951 ¹¹
614 1943 620 1962 ε
640 1945 654 1960 (ι
679 1935 765 1970 Cujus
789 1936 881 1970 gratia
908 1937 981 1964 nihil

211 1982 293 2010 aliud
308 1982 333 2009 ei
356 1981 498 2016 loquitur,
518 1989 613 2016 neque
633 1981 802 2009 consolatur
827 1990 894 2009 cum
919 1983 982 2009 tris-

211 2031 330 2063 tantem,
347 2036 414 2055 cum
429 2029 527 2055 tamen
543 2030 617 2054 esset
638 2031 752 2063 tempus
774 2028 906 2056 horum‘?
921 2039 933 2054 »
952 2032 983 2057 Et

213 2075 251 2102 ad
265 2075 322 2102 1100
336 2075 506 2109 respondet,
519 2073 602 2109 quod
619 2082 633 2099 «
647 2081 706 2100 non
721 2082 827 2108 parum
843 2076 903 2102 erat
915 2084 982 2103 eum

212 2120 352 2148 honorari
365 2120 414 2147 tali
429 2120 553 2153 honore,
569 2121 673 2147 etcum
688 2123 780 2147 matre
795 2121 983 2149 confessionis

214 2167 346 2202 accipere
372 2166 549 2194 mercedem.
567 2176 579 2193 »
598 2167 662 2193 Haec
694 2167 754 2193 ille.
781 2169 885 2202 Magna
912 2176 983 2202 ergo

215 2215 275 2240 erat
289 2213 331 2240 illi
346 2212 518 2247 consolatio,
531 2212 581 2240 tali
596 2212 710 2239 honore
732 2212 908 2248 dignificari.
929 2215 984 2242 Sed

216 2259 362 2294 quaeritur,
394 2259 519 2294 qualiter
546 2259 603 2286 hoc
629 2259 677 2293 ait,
702 2258 749 2285 hic
775 2260 987 2288 commendans

216 2307 340 2332 matrem
351 2305 506 2341 discipulo,
519 2313 607 2340 supra
616 2306 647 2339 ¹²,
657 2305 740 2340 quasi
749 2305 895 2341 repellens
903 2314 986 2334 suam

250 2388 256 2403 ¹
274 2387 355 2414 Cant„
373 2393 416 2410 vui
428 2406 433 2416 ‚
453 2390 476 2410 fi.
494 2401 519 2404 κ
540 2388 548 2401 ²
569 2389 642 2417 Aug„
658 2387 686 2410 (le
702 2387 767 2410 Cir-it
786 2388 842 2416 Des,
859 2388 901 2413 lib.
920 2390 986 2418 xlv,

219 2430 242 2445 c.
258 2428 295 2451 lx‘,
312 2428 337 2444 11.
358 2425 375 2445 1.
388 2435 417 2439 -—
429 2423 439 2438 '⁴
455 2423 581 2451 Damaso.y
596 2422 697 2445 Orlhml.
711 2422 778 2451 Ful„
792 2422 834 2446 lib.
850 2423 890 2454 lv,
905 2431 926 2447 0.
944 2431 986 2454 Μ’,

219 2463 299 2488 prope
314 2456 348 2479 fin
379 2470 408 2473 —
423 2457 433 2473 δ
447 2458 534 2486 [li-132„
549 2458 573 2480 irc
595 2458 699 2487 Evmzy„
717 2457 787 2481 110111.
809 2464 852 2486 111,
872 2465 898 2481 n.
919 2460 942 2482 3.
957 2473 987 2477 —

220 2493 230 2508 Β
246 2492 311 2521 Luc.,
333 2498 366 2522 1¹,
387 2493 424 2515 33.
443 2506 471 2509 —
490 2493 499 2507 '⁵
519 2494 632 2521 August„
652 2492 685 2515 ml
707 2492 814 2520 Paztlin„
838 2493 913 2523 Epist.
934 2500 986 2524 ιη’,

221 2527 450 2556 al.cx1,1x·,u.33.
467 2541 497 2545 —
511 2529 518 2541 ⁷
533 2530 605 2557 sup,
623 2533 678 2557 xiv,
695 2529 733 2551 Ξῖ),
750 2541 776 2544 -
794 2529 802 2540 ⁸
817 2530 890 2559 Aug„
904 2532 988 2554 contra

222 2563 318 2591 Fausl„
332 2562 374 2585 111).
386 2563 426 2592 M,
443 2570 464 2585 r.
483 2568 520 2590 211,
535 2564 559 2585 et
573 2562 602 2585 cle
618 2562 678 2585 Fulc-
689 2564 752 2585 rom.
767 2563 868 2592 Mansa,
885 2570 906 2587 e.
921 2571 985 2589 xxlt.

224 2611 249 2614 Α
267 2599 276 2611 ⁴³
292 2600 376 2626 ‹Ji-vg„
396 2597 494 2627 stoma,
514 2597 555 2620 lib.
574 2599 614 2626 xl,
633 2604 654 2620 0.
676 2603 749 2626 xxvi,
764 2598 796 2620 al.
814 2603 888 2626 thx,
905 2606 930 2623 u.
947 2601 984 2624 (35.

223 2646 251 2650 -—
270 2633 286 2648 ¹⁰
301 2633 380 2663 Chrys
393 2635 439 2663 st„
459 2633 500 2655 uhi
514 2640 581 2662 sup,
598 2640 621 2655 u.
639 2634 661 2655 2.
677 2645 705 2649 --
723 2635 736 2646 ¹¹
755 2633 806 2656 thid
832 2646 861 2651 -
881 2635 900 2650 ¹²
916 2637 967 2665 §up
981 2653 987 2665 ,

720 202 928 234 EVANGELll
953 203 1092 234 SANCTI
1115 203 1278 235 JOANNlS

1027 270 1207 306 petitionem,
1223 271 1263 298 ait
1278 279 1285 298 z
1301 271 1373 305 Quid
1384 272 1452 298 mihi
1463 274 1487 298 et
1501 272 1562 304 tibi,
1577 273 1697 300 mulier?
1713 274 1744 300 Et
1757 272 1796 300 ad

1028 316 1106 344 istud
1120 317 1279 352 respondet
1299 318 1475 353 Augustinus
1489 319 1520 352 ¹³,
1537 318 1620 354 quod
1637 328 1651 344 ιι
1665 321 1735 346 tunc
1754 319 1799 347 di-

1029 363 1098 390 vina
1122 363 1260 396 facturus,
1281 371 1343 390 non
1366 363 1534 399 divinitatis,
1553 364 1605 392 sed
1622 365 1798 393 infirmitatis

1030 412 1163 443 matrem,
1186 409 1266 436 velut
1293 409 1483 444 incognitam,
1511 411 1673 446 repellebat
1682 420 1690 445 ;
1718 419 1798 439 nuno

1029 456 1159 483 humana
1170 455 1292 491 panem,
1308 463 1384 490 eam,
1405 464 1441 483 ex
1455 464 1514 492 qua
1530 457 1622 485 sactus
1635 457 1730 485 fuerat
1742 457 1798 485 ho-

1029 510 1090 536 mo,
1110 502 1216 529 affeetu
1239 502 1467 530 commendabat
1493 503 1634 531 humano.
1652 514 1666 530 n
1696 505 1728 532 Et
1755 504 1799 532 ibi

1030 548 1105 575 bene
1121 547 1157 575 de
1173 549 1239 575 hoc.
1253 550 1346 584 Supra
1357 547 1376 564 ¹⁸
1389 548 1477 576 idem.
1492 550 1562 576 Item
1575 550 1702 584 videtur,
1715 550 1796 586 quod

1029 594 1128 622 fecerit
1149 596 1250 622 contra
1275 602 1359 622 suam
1385 595 1569 630 doetrinam3
1589 596 1630 623 ait
1649 596 1728 624 enim
1747 596 1767 614 ¹⁵
1790 606 1797 625 :

1034 650 1046 666 «
1061 641 1114 674 Qui
1129 648 1189 668 non
1205 640 1268 668 odit
1287 642 1400 676 patrem
1418 643 1445 668 et
1469 644 1603 676 matrem,
1623 649 1685 670 non
1704 644 1800 678 potest

1030 695 1113 714 meus
1137 695 1197 714 esse
1213 687 1383 722 discipulus.
1399 697 1412 712 1»
1430 689 1505 722 Ergo
1523 687 1676 723 prohibuit
1688 688 1799 716 habere

1030 741 1131 760 curam
1146 733 1183 760 de
1198 735 1302 767 matre,
1316 734 1344 760 et
1358 733 1397 760 ita
1410 741 1464 760 nec
1484 733 1546 769 ipse
1562 733 1665 762 debuit
1678 734 1798 762 habere.

1031 781 1062 807 Et
1083 779 1122 806 ad
1145 779 1221 806 istud
1240 779 1482 815 respondendum
1505 780 1668 808 secundum
1691 782 1799 816 Grego-

1030 826 1107 853 rium
1125 826 1144 842 ¹⁶
1153 833 1242 860 super
1256 825 1341 859 illud,
1348 825 1431 861 quod
1440 826 1514 853 illud
1524 828 1566 853 est
1575 826 1800 862 intelligendum

1031 872 1067 899 de
1084 872 1166 905 odio,
1181 879 1242 907 quo
1260 871 1463 908 impediuntur
1472 880 1501 900 10
1522 872 1694 908 parentibus
1711 872 1798 901 aflec-

1030 920 1076 945 tus
1090 918 1260 952 inordinati,
1276 920 1303 945 et
1325 918 1361 946 de
1376 918 1432 945 illis
1451 918 1502 954 qui
1524 918 1691 954 impediunt
1713 919 1801 947 affec-

1031 965 1138 991 tionem
1155 964 1193 991 ad
1210 965 1309 997 Deum,
1326 964 1386 991 sive
1401 972 1590 1000 progressum
1608 965 1801 1000 spiritualem,

1032 1012 1063 1037 ut
1077 1012 1154 1046 patet
1171 1010 1211 1038 ibi
1227 1018 1244 1038 a
1258 1010 1399 1046 Gregorio
1418 1013 1446 1038 et
1464 1011 1500 1038 ab
1518 1011 1681 1046 Augustino
1695 1011 1726 1046 ¹⁷,
1748 1011 1800 1047 qui

1030 1056 1105 1084 bene
1121 1056 1157 1084 de
1172 1056 1239 1084 hoc.
1253 1058 1287 1083 Et
1301 1065 1334 1084 ea:
1348 1058 1398 1084 illa
1413 1058 1479 1084 hora
1493 1059 1595 1092 accepit
1608 1066 1665 1085 eam
1680 1058 1802 1093 discipu—

1030 1104 1071 1130 Ius
1086 1104 1115 1130 in
1127 1111 1176 1130 sua
1192 1111 1198 1129 :
1214 1103 1253 1130 ita
1268 1102 1350 1138 quod
1359 1103 1395 1130 sit
1409 1103 1593 1131 accusativus
1606 1103 1730 1140 pluralis
1743 1111 1800 1132 nu-

1031 1150 1122 1184 meri,
1148 1149 1312 1176 secundum
1340 1149 1536 1185 Augustinum
1560 1150 1600 1184 18;
1627 1149 1707 1178 unde
1727 1150 1767 1178 ait
1792 1160 1799 1178 :

1032 1205 1045 1221 «
1061 1195 1191 1231 Suscepit
1204 1203 1270 1223 eam
1285 1195 1315 1222 in
1329 1203 1383 1223 sua
1406 1203 1469 1224 non
1483 1195 1609 1232 praedia,
1635 1203 1701 1231 quoe
1719 1196 1802 1224 nulla

1029 1242 1148 1278 proprie
1164 1242 1344 1277 possidebat,
1359 1242 1411 1270 sed
1422 1242 1520 1270 officia
1529 1250 1596 1278 quae
1606 1242 1728 1278 propria
1742 1242 1801 1270 dis-

1030 1288 1200 1323 pensatione
1215 1288 1389 1324 exequenda
1413 1288 1544 1316 curabat.
1566 1298 1579 1314 η
1607 1291 1672 1317 Hoeo
1693 1288 1753 1316 ille.
1770 1290 1802 1317 Et

1030 1342 1082 1370 per
1105 1335 1162 1361 hoc
1189 1336 1269 1370 patet
1296 1334 1403 1362 solutio
1427 1334 1615 1370 objectionis,
1638 1335 1802 1363 secundum

1032 1381 1227 1416 Augustinum
1238 1381 1267 1412 ¹⁹,
1284 1389 1344 1416 qua
1354 1383 1452 1416 posset
1467 1381 1556 1416 objici
1571 1389 1599 1408 t«
1613 1383 1654 1408 Ex
1665 1389 1726 1417 quo
1741 1383 1803 1410 erat

1030 1429 1156 1455 Joannes
1170 1427 1206 1454 de
1221 1427 1273 1454 illa
1288 1427 1435 1461 societate,
1448 1427 1479 1454 in
1495 1435 1555 1462 qua
1568 1427 1669 1455 nullus
1684 1427 1802 1456 dicebat

1032 1474 1146 1509 aliquid
1160 1482 1258 1508 suum,
1274 1473 1399 1508 qualiter
1423 1473 1529 1501 dicitur
1548 1473 1596 1501 1110
1617 1473 1700 1509 quod
1721 1481 1804 1502 acce-

1032 1521 1074 1556 pit
1091 1528 1157 1548 eam
1181 1520 1210 1546 in
1223 1521 1293 1547 sua‘?
1311 1530 1325 1545 »
1342 1520 1374 1546 Et
1388 1522 1466 1555 patet
1485 1528 1521 1547 ex
1543 1519 1627 1547 dictis
1644 1519 1729 1548 ratio.
1753 1521 1804 1548 Se-

1033 1566 1164 1594 cundum
1179 1573 1249 1593 vero
1264 1566 1504 1601 chrysostomum
1518 1564 1540 1583 ²⁰
1554 1566 1667 1602 accepit
1686 1573 1752 1594 eam
1773 1565 1804 1594 in

1033 1620 1127 1645 suam,
1142 1612 1202 1639 sive
1215 1612 1245 1638 in
1259 1612 1422 1647 propriam,
1438 1611 1547 1639 scilicet
1560 1613 1693 1643 matrem.
1711 1612 1804 1640 vel'in

1034 1658 1186 1694 propriam
1209 1658 1459 1693 procurationem,
1473 1657 1521 1685 vel
1535 1665 1646 1686 curam.
1673 1659 1706 1685 Et
1727 1659 1808 1694 patet

1035 1705 1082 1732 hic
1097 1704 1261 1732 secundum
1275 1704 1517 1740 Chrysostomum
1535 1703 1808 1739 superabundantia

1035 1751 1148 1778 virtutis
1168 1752 1234 1777 Jesu
1252 1750 1364 1778 Christi.
1382 1750 1521 1783 Quamvis
1543 1750 1632 1786 enim,
1648 1752 1808 1786 antequam

1036 1797 1273 1832 crucifigeretur,
1296 1796 1444 1824 videretur
1463 1796 1574 1824 sudans
1596 1797 1736 1832 agoniam
1754 1805 1808 1834 pa-

1035 1844 1118 1878 tiens,
1130 1843 1177 1871 hic
1187 1844 1285 1870 autem
1295 1842 1369 1870 nihil
1379 1843 1499 1870 anxium
1508 1843 1634 1871 ostendit
1645 1851 1652 1870 :
1663 1851 1734 1871 nam
1748 1844 1809 1872 illic

1037 1892 1147 1918 naturae
1158 1889 1354 1924 imbecillitaS,
1366 1890 1413 1917 hic
1420 1898 1491 1917 vero
1502 1890 1615 1918 virtutis
1624 1891 1810 1928 abundantia

1039 1938 1238 1966 demonstrata
1253 1940 1304 1972 est,
1321 1938 1360 1964 ait
1375 1937 1598 1973 chrysostomus
1609 1938 1631 1954 ²¹
1641 1937 1694 1966 ubi
1707 1946 1807 1974 supra.

1040 1986 1108 2012 ltem
1123 1986 1203 2020 patet
1217 1984 1264 2011 hic
1276 1984 1435 2011 Salvatoris
1445 1983 1669 2012 honorificentia
1679 1986 1707 2012 et
1721 1984 1810 2012 bene-

1039 2031 1179 2064 volentia,
1194 2032 1221 2058 et
1236 2030 1361 2065 diligens
1387 2038 1457 2058 cura
1481 2030 1558 2058 circa
1571 2032 1706 2059 matrem.
1728 2031 1809 2060 Unde

1040 2077 1216 2112 Augustinus
1230 2075 1251 2092 ²²
1267 2085 1273 2104 ε
1293 2086 1306 2102 «
1321 2077 1436 2104 Moralis
1449 2077 1497 2104 hic
1520 2077 1684 2105 insinuatur
1703 2077 1786 2106 locus
1801 2087 1808 2105 :

1039 2124 1107 2151 facit
1123 2123 1204 2159 quod
1218 2123 1387 2150 faciendum
1402 2123 1553 2157 admonet,
1567 2124 1594 2150 et
1609 2123 1745 2159 exemplo
1755 2131 1809 2152 suo

1040 2178 1109 2198 suos
1124 2169 1245 2197 instituit
1258 2170 1419 2205 praeceptor
1445 2169 1553 2203 bonus,
1568 2170 1599 2196 ut
1623 2177 1640 2197 a
1666 2169 1735 2197 filiis
1753 2169 1810 2206 piis

1041 2216 1228 2252 impendatur
1253 2224 1323 2243 cura
1350 2215 1530 2251 parentibus.
1554 2225 1568 2241 »
1599 2216 1662 2243 11ωο
1687 2209 1752 2244 illes
1778 2217 1811 2244 Et

1043 2262 1126 2298 quasi
1141 2262 1221 2289 idem
1233 2262 1455 2297 Chrysostomus
1469 2262 1490 2288 ³.
1506 2263 1577 2289 Item
1596 2263 1675 2297 patet
1688 2262 1736 2290 hic
1753 2262 1812 2298 pri·
1825 2261 1930 2320 &1¹:312ss

1843 2323 1916 2351 guiu-

1042 2308 1188 2344 vilegialis
1203 2308 1328 2342 dignitas
1345 2309 1372 2335 et
1389 2307 1614 2336 honorificentia
1627 2308 1706 2336 beati
1724 2310 1812 2336 ,1000-

1045 2388 1072 2411 u,
1088 2383 1150 2405 1.-
1170 2381 1187 2396 ¹³
1199 2382 1272 2409 Aug,
1289 2382 1360 2404 tract.
1374 2386 1443 2409 cxix,
1458 2388 1484 2404 n.
1503 2384 1523 2404 1.
1534 2381 1809 2410 -101d.,1ract.v1u‚

1044 2423 1068 2439 u.
1095 2418 1117 2440 9.
1138 2429 1168 2433 -
1193 2416 1212 2432 ¹⁵
1234 2416 1299 2445 Luc„
1321 2422 1379 2445 xiv,
1401 2417 1439 2440 26.
1459 2429 1487 2433 -
1511 2417 1531 2432 ¹⁵
1551 2417 1636 2446 Greg„
1657 2416 1684 2438 in
1705 2415 1809 2446 Evanq..

1044 2451 1114 2475 hom.
1132 2457 1234 2480 xxxvii,
1247 2458 1273 2474 n.
1290 2454 1312 2475 2.
1323 2463 1353 2468 —
1369 2451 1385 2464 ¹⁷
1399 2452 1471 2481 Aug,
1486 2451 1520 2474 acl
1530 2451 1598 2479 Loee„
1611 2449 1682 2480 epist.
1699 2455 1810 2480 xxxviii,

1045 2486 1076 2510 al.
1099 2492 1208 2516 cchur,
1233 2493 1259 2509 11.
1283 2487 1306 2510 5.
1329 2499 1360 2503 —
1386 2487 1404 2502 ¹¹⁵
1429 2486 1474 2516 td,
1495 2488 1566 2510 tract.
1587 2490 1662 2514 cxix,
1686 2491 1712 2508 n.
1734 2486 1757 2508 3.
1782 2499 1809 2503 —

1045 2522 1063 2537 ¹²¹
1081 2521 1151 2551 thid,
1165 2521 1237 2551 paulo
1248 2522 1355 2545 0100.-
1366 2522 1387 2538 ²⁰
1397 2522 1537 2552 ctirysost„
1550 2520 1592 2544 uhi
1602 2526 1657 2549 sup.
1668 2533 1699 2538 -
1714 2520 1731 2537 ²¹
1744 2520 1810 2545 lbid.

1044 2570 1074 2574 —
1094 2557 1113 2572 ²²
1132 2558 1246 2587 August„
1269 2556 1311 2580 ubi
1334 2563 1402 2587 sup.,
1425 2564 1452 2580 n.
1471 2558 1494 2580 2.
1513 2569 1545 2573 —
1566 2555 1585 2570 ²³
1605 2555 1746 2586 Chrysost„
1769 2555 1812 2580 ubi

1041 2598 1098 2622 sup.

1077 2636 1108 2665 (a)
1125 2636 1185 2659 Coet.
1202 2636 1261 2660 edit.
1277 2635 1347 2659 deest
1361 2635 1463 2659 Mulier.
