1987 3032
695 273 903 306 EXPOSITIO
926 274 965 304 ΙΝ
989 270 1072 305 (ῙΑΡ.
1096 274 1149 305 111.

127 344 238 379 aceepit
255 343 293 370 de
305 339 418 378 populo
433 341 572 377 deputato
597 341 635 368 ad
660 341 750 375 iram,
769 343 796 369 et
810 341 894 368 dam-

126 389 228 416 nando
248 390 275 416 et
299 387 453 415 statuendo
481 387 519 414 ad
539 387 700 421 sinistram
720 387 757 414 de
780 386 893 422 populo

126 437 224 462 tamen
240 434 345 467 electo,
360 435 387 460 et
400 433 555 460 statuendo
580 433 618 460 ad
633 433 793 466 dexteram,
810 432 894 459 multi

127 480 322 508 crediderunt.
339 489 353 505 »
373 479 483 506 Eodem
502 478 593 506 modo
619 479 740 514 opponit
755 478 891 513 Chrysos-

127 528 223 554 tomus
243 527 250 543 ¹
272 534 279 552 ε
300 534 312 550 «
326 527 367 552 Ex
396 533 456 560 quo
479 525 540 559 jam
568 525 726 560 discipulos
754 524 894 557 habebat,

127 571 251 606 qualiter
265 571 304 598 ait
320 580 327 598 z
343 573 424 599 Nemo
440 573 558 606 accipit?
573 581 585 596 »
602 572 635 598 Et
649 571 687 598 ad
702 571 758 598 1106
772 577 895 605 respon-

127 613 185 650 det,
201 617 284 652 quod
301 626 314 641 «
328 616 403 643 illud
419 619 461 644 est
484 616 708 651 intelligendum
732 625 738 643 :
758 617 840 644 Nemo
856 623 898 642 ac-

127 664 205 697 cipit,
221 670 257 689 eo
272 662 354 697 quod
369 663 455 697 pauci
470 663 671 698 aeeipiebant;
687 662 735 689 vel
749 662 818 697 quia
843 661 896 688 ad-

126 708 184 735 1166
199 708 336 743 discipuli
351 708 390 735 ad
409 708 530 743 plenum
550 716 611 735 non
626 708 820 735 crediderant.
837 717 850 732 »
867 708 899 734 Et

98 753 103 756 ”
127 754 194 781 ideo
210 755 249 782 ait
262 753 273 769 ²
289 755 326 789 (v.
343 754 398 788 33),
409 754 493 789 quod
504 756 552 788 qui
572 755 682 788 accipit,
698 754 816 787 signavit
832 754 898 787 quia

127 801 198 827 Deus
217 803 253 828 est
267 808 358 827 verace.
375 800 502 827 Christus
518 802 559 827 est
583 801 657 827 Deus
667 820 675 833 ,
698 799 749 834 qui
771 799 807 825 de
823 798 897 825 coelo

128 846 208 873 venit
224 855 230 873 :
248 848 275 873 et
288 846 336 873 1116
349 854 437 873 verax
458 848 509 873 est.
532 848 565 873 Et
578 853 667 873 nemo
688 846 783 880 potest
802 844 898 871 dicere

130 892 212 926 quod
222 894 263 919 est
273 892 411 926 veritatis,
425 892 481 919 nisi
492 892 529 919 ab
539 899 574 919 eo
585 891 776 918 illuminetur.
789 890 857 917 Ideo
870 892 879 907 ³
891 899 897 917 z

133 948 146 961 «
160 937 259 965 Omnis
273 938 363 965 homo
379 937 521 971 mendax,
538 948 551 962 u
563 937 599 964 de
615 945 644 964 se
652 946 660 971 3
671 947 684 962 «
698 939 739 963 est
750 938 847 964 autem
862 936 899 971 (a)

130 985 205 1010 Deus
218 991 308 1010 verax
321 990 330 1010 'z
347 993 360 1009 »
378 986 405 1011 et
423 983 490 1011 ideo
505 984 554 1010 ille
574 984 665 1010 homo
678 985 719 1010 est
733 990 833 1017 verax,
850 982 901 1017 qui

131 1029 223 1056 verba
238 1029 286 1056 Dei
296 1029 436 1064 loquitur.
453 1030 522 1057 Item
533 1029 676 1064 objiciunt
686 1028 777 1063 aliqui
786 1028 822 1055 de
832 1029 900 1062 1106,

131 1075 215 1110 quod
229 1078 268 1102 ait
284 1084 290 1101 :
310 1075 363 1107 Qui
381 1076 413 1102 de
429 1077 488 1102 caelo
505 1077 587 1109 venit,
605 1075 688 1110 quod
699 1082 761 1101 non
789 1082 901 1101 assum-

131 1121 189 1155 psit
214 1121 376 1148 humanam
402 1129 519 1148 earnem
529 1142 537 1153 ,
561 1123 592 1147 ut
616 1121 665 1148 alii
693 1120 838 1153 homines,
851 1119 903 1146 sed

134 1167 290 1194 coelestem.
307 1168 363 1195 Sed
378 1168 417 1194 ad
433 1168 507 1195 illud
523 1167 609 1194 solvit
623 1167 741 1199 Glossa,
758 1166 840 1201 quod
859 1165 903 1192 di-

134 1213 208 1240 citur
220 1215 309 1240 venire
323 1214 355 1241 de
372 1215 444 1248 coelo,
459 1213 530 1248 quia
547 1213 584 1240 de
600 1215 696 1246 Patre,
711 1212 759 1239 vel
775 1211 846 1247 quia.
860 1218 905 1238 as*

136 1259 259 1295 sumpsit
271 1261 407 1287 naturam
419 1260 532 1294 absque
546 1259 643 1294 eulpa,
660 1261 687 1286 et
701 1259 741 1285 sic
757 1258 793 1284 de
809 1257 906 1284 altitu-

138 1305 207 1332 dine
233 1308 343 1333 naturae
364 1306 499 1332 humanae
514 1327 522 1339 ,
537 1308 569 1332 ut
584 1305 689 1331 dicitur
703 1305 734 1331 in
748 1304 858 1331 Glossa.
874 1305 906 1330 Et

24 1352 124 1382 nominis
139 1358 174 1378 ex
189 1351 273 1378 dictis
286 1353 365 1386 patet
382 1351 510 1378 hominis
524 1351 620 1378 vilitas
635 1353 662 1378 et
677 1350 862 1383 interioritas,
879 1351 907 1376 et

30 1394 108 1416 ”¹³¹³ss
138 1396 276 1424 habilitas
290 1397 329 1424 ad
343 1397 469 1430 malum,
485 1398 513 1424 et
534 1398 572 1424 ad
593 1397 707 1424 bonum
728 1395 905 1429 inhabssitas,

29 1426 70 1445 ete.

139 1443 179 1470 ibi
197 1451 204 1469 ε
220 1444 258 1470 De
274 1446 344 1470 terra
356 1446 408 1477 est3
424 1445 501 1470 terra
514 1443 592 1469 enim
604 1445 646 1470 est
659 1442 761 1469 infima
778 1441 906 1468 elemen-

140 1490 247 1523 torum,
263 1490 290 1515 et
298 1494 391 1523 opaca
400 1496 433 1515 66
440 1489 619 1523 ponderosa,
634 1488 754 1514 inferius
765 1487 904 1514 tendens:

139 1535 203 1562 talis
223 1537 265 1562 est
288 1534 378 1561 homo
399 1536 540 1561 terrenus.
563 1534 632 1562 Ideo
648 1533 758 1560 dietum
774 1535 815 1560 est
838 1532 907 1560 Adae

137 1582 204 1615 post
216 1582 370 1616 peecatum
384 1581 393 1596 Α
409 1589 416 1607 :
435 1590 448 1606 «
468 1580 562 1608 Pulvis
582 1587 630 1614 es,
647 1591 659 1605 ι»
682 1582 736 1607 ete.
758 1581 804 1606 Est
827 1578 906 1605 enim

137 1626 228 1654 homo
243 1627 319 1654 terra
334 1627 513 1661 originaliter
533 1629 560 1654 et
573 1626 688 1654 realiter
712 1634 729 1652 a
743 1627 823 1661 parte
842 1632 906 1652 cor-

137 1672 227 1707 poris,
239 1672 410 1707 etfinaliter,
423 1673 531 1700 seilicet
541 1672 719 1700 resolutione
734 1671 743 1688 ⁵
760 1680 766 1698 z
787 1672 905 1704 «Terra,

136 1721 223 1753 terra,
234 1721 322 1753 terra,
338 1720 408 1747 audi
423 1719 548 1746 verbum
565 1719 690 1746 Domini.
706 1729 719 1744 n
739 1720 770 1745 Et
784 1718 847 1745 talis
862 1717 907 1744 lo-

136 1767 235 1801 quitur
251 1766 288 1794 de
317 1768 393 1794 terra
406 1787 415 1800 ,
441 1766 512 1801 quia
536 1768 612 1793 terra
631 1766 753 1800 cogitat,
782 1765 905 1798 affectat,

135 1813 278 1840 memoria
291 1813 419 1840 revolvit
439 1821 445 1839 z
465 1822 478 1837 a
493 1814 561 1844 Quae
572 1812 651 1839 66161
665 1812 675 1828 ⁰
690 1811 855 1846 procedunt
869 1810 906 1838 de

136 1866 196 1891 ore,
213 1859 249 1886 de
271 1859 360 1886 eorde
385 1860 500 1885 exeunt.
518 1868 530 1883 »
553 1858 621 1885 Ideo
648 1858 684 1884 de
709 1857 758 1884 tali
776 1858 862 1884 Isat'as
876 1857 904 1883 ⁷:

138 1913 152 1929 α
168 1906 204 1932 De
217 1907 293 1932 terra
307 1905 456 1940 loqueris,
477 1906 504 1931 et
519 1904 555 1931 de
570 1904 661 1931 humo
686 1903 821 1931 audietur
844 1903 906 1930 elo-

136 1950 240 1985 quium
254 1952 347 1977 tuum.
363 1961 376 1976 >³

171 1998 215 2023 34.
233 1997 265 2022 Et
279 1996 411 2031 sequitur
424 1996 475 2024 illa
489 2004 556 2031 pars
566 2016 575 2029 ‚
590 1996 619 2022 in
634 2003 693 2031 qua
708 1995 745 2022 de
760 1995 905 2023 excellen-

137 2043 176 2070 tia
190 2042 292 2070 Christi
303 2042 333 2069 in
346 2042 494 2070 affluentia
503 2042 663 2077 gratiarum
675 2043 702 2069 et
713 2041 846 2076 largitate
855 2041 906 2069 do-

136 2096 253 2122 norum,
269 2088 309 2116 ibi
327 2097 333 2115 :
348 2089 429 2121 Quem
443 2090 513 2115 enim
528 2090 603 2115 misit
619 2089 700 2122 Deus,
725 2090 778 2115 etc.
801 2087 906 2122 Objieit

136 2135 313 2170 Augustinus
340 2136 359 2170 ⁸,
389 2135 471 2170 quod
498 2137 573 2162 Deus
599 2134 678 2161 misit
702 2135 846 2161 loannem
869 2135 880 2149 ⁹
896 2142 903 2160 :

139 2190 152 2206 «
166 2183 238 2209 Ecce
261 2189 316 2216 ego
341 2181 423 2208 mitto
449 2181 588 2215 angelum
611 2188 726 2211 meum,
743 2180 906 2214 »infigura

135 2228 254 2255 ioannis
271 2236 277 2255 ε
294 2236 354 2255 non
367 2235 436 2262 ergo
450 2227 531 2259 solus
545 2227 673 2254 Christus
687 2227 792 2253 missus
807 2228 857 2253 est.
874 2227 905 2253 Et

136 2274 176 2301 ad
189 2274 266 2301 istud
280 2274 455 2309 respondet,
482 2273 565 2309 quod
579 2273 657 2300 istud
676 2274 839 2300 coarctatur
853 2279 906 2307 per

136 2320 208 2353 1106,
243 2320 326 2355 quod
355 2320 485 2354 sequitur
499 2329 507 2346 :
524 2320 583 2347 Non
615 2319 651 2346 acl
677 2326 826 2345 mensuram
856 2318 903 2345 dat

137 2367 217 2399 Deus,
234 2368 286 2392 etc.
303 2366 430 2393 Christus
452 2373 536 2399 ergo,
566 2373 655 2400 quern
682 2364 760 2391 misit
786 2365 860 2391 Deus
874 2364 905 2391 16

136 2412 293 2445 mundum,
309 2412 390 2438 verba
406 2413 456 2438 Dei
471 2412 600 2445 loquitur.
616 2411 725 2445 Supra,
739 2409 845 2437 eodem
860 2411 880 2426 ¹⁰
897 2419 903 2437 z

141 2456 216 2488 Quod
230 2457 351 2491 audiuit,
374 2458 419 2484 hoc
443 2459 568 2484 testatur.
593 2459 656 2492 lpse
675 2456 753 2484 enim
774 2455 905 2491 loquitur

152 2552 155 2555 ’
171 2552 178 2566 ¹
194 2552 333 2584 chrysost„
350 2552 393 2576 ubi
410 2559 477 2582 sup„
497 2559 523 2576 n.
543 2554 612 2575 2.-
632 2552 643 2568 ²
660 2551 727 2575 Psal.
745 2557 803 2581 cxv,
824 2554 859 2575 ll.
877 2565 903 2568 —

140 2586 148 2600 ³
164 2587 301 2616 Rom.,111‚
322 2589 345 2616 4,
360 2601 391 2605 —
410 2588 419 2603 ⁵
439 2588 510 2617 Gen„
531 2593 573 2617 111,
592 2588 628 2611 19.
646 2600 675 2604 -
695 2587 704 2603 ⁵
718 2587 818 2615 lez-1:171„
838 2593 903 2616 xxii,

140 2623 179 2645 29.
194 2634 224 2639 --
240 2623 248 2636 ⁶
264 2623 364 2653 Mami„
379 2629 421 2653 XV,
441 2624 478 2647 18.
493 2635 523 2640 -
539 2623 545 2636 ⁷
561 2623 620 2652 lsai,
639 2628 710 2651 XXIX,
730 2625 751 2644 J„
763 2634 793 2638 —
809 2622 817 2635 ³
831 2623 904 2652 Aug„

140 2656 182 2679 ubi
197 2662 263 2686 sup„
280 2664 305 2680 6.
322 2658 359 2680 10.
375 2659 423 2674 -”
442 2657 542 2685 trulum,
561 2663 602 2687 111,
620 2659 640 2680 l.
655 2669 686 2674 -—
702 2658 720 2673 ¹⁰
735 2657 806 2686 Sup,
823 2657 861 2680 32.
875 2670 906 2674 -

140 2691 234 2721 ιι161.,
252 2698 291 2721 vx,
305 2693 345 2715 61.
359 2705 390 2709 -
406 2694 424 2708 ¹³
443 2693 500 2723 lul„
520 2699 561 2722 xv,
578 2695 600 2714 λι.
622 2705 646 2708 -
667 2692 685 2707 ²³
702 2693 774 2721 ξιιμ,
792 2698 807 2720 1,
827 2695 862 2714 lu.
875 2705 905 2708 —

1659 278 1716 308 307
1724 292 1726 295 >

951 340 1043 367 verba
1058 340 1159 368 divina
1174 341 1202 368 et
1216 340 1342 367 coelestia
1351 359 1359 374 ,
1374 342 1405 367 ut
1418 341 1476 368 1116.
1498 342 1569 369 Item
1587 342 1718 378 loquitur

951 386 1042 413 verba
1055 386 1173 414 vivifica
1192 389 1219 414 et
1240 386 1418 422 spiritualia,
1441 387 1517 415 infra
1533 388 1553 405 ¹¹
1570 397 1576 415 ε
1596 397 1609 413 «
1623 389 1718 416 Verba

952 440 1017 466 quae
1037 440 1092 467 ego
1116 433 1224 468 loquor
1236 453 1245 466 ,
1271 433 1388 468 spiritus
1403 434 1430 460 et
1453 433 1511 461 vita
1526 436 1601 461 sunt.
1616 444 1630 460 »
1649 436 1720 462 116111

951 477 1081 512 loquitur
1099 479 1190 505 verba
1203 479 1375 514 potestativa
1389 482 1416 506 et
1430 479 1575 514 virtualis,
1589 479 1664 508 infra
1679 481 1700 498 ¹²
1712 490 1718 508 :

956 534 968 547 α
986 524 1083 550 Mundi
1098 524 1165 550 estis
1176 527 1296 560 propter
1310 533 1486 559 sermonem,
1502 535 1515 552 n
1531 528 1584 553 616.
1605 528 1637 553 Et
1651 527 1721 562 quia

954 569 1026 596 dixit
1043 579 1049 596 :
1066 571 1143 597 Misit
1161 572 1244 604 Deus,
1270 572 1351 606 quod
1366 579 1453 607 super
1478 580 1580 599 omnes
1595 575 1666 608 erat,
1682 573 1721 600 ad

953 615 1097 649 majorem
1116 616 1352 651 explanationem
1376 618 1476 645 subdit
1493 627 1498 644 ε
1515 620 1575 646 Non
1594 619 1629 646 ad
1647 627 1720 646 men-

953 668 1043 687 suram
1059 662 1106 688 dat
1120 664 1187 689 Deus
1201 665 1344 697 spiritum,
1371 664 1479 691 56111661
1507 664 1634 699 Christo,
1649 664 1723 692 sicut

955 707 1028 741 aliis,
1043 716 1131 743 supra
1146 709 1167 725 ¹³
1184 718 1190 736 :
1204 718 1217 733 «
1231 711 1269 736 De
1283 710 1465 744 plenitudine
1480 711 1542 745 ejus
1557 711 1723 746 accepimus

956 761 1067 781 0111665.
1084 763 1096 779 »
1121 754 1177 782 Sed
1201 755 1238 782 de
1258 755 1315 782 1166
1340 756 1498 790 objicitur:
1517 758 1566 783 aut
1587 757 1665 784 enim
1679 757 1724 784 lo-

955 799 1054 834 quitur
1072 799 1108 826 de
1128 800 1239 827 Christo
1254 801 1416 828 secuudum
1431 802 1563 829 divinam
1577 804 1723 836 naturam,

956 845 1052 872 611166
1067 853 1126 873 non
1144 848 1239 881 potest
1257 849 1346 881 stare,
1376 848 1446 882 quia
1469 848 1509 874 516
1532 854 1592 875 non
1614 849 1725 883 aceepit

956 891 1104 926 spiritum;
1122 894 1171 919 aut
1185 893 1349 920 seeundum
1363 894 1524 921 humanam
1535 914 1544 927 ,
1560 896 1587 921 61
1602 894 1642 921 516
1657 902 1725 922 eum

956 937 1049 971 gratia
1061 937 1163 965 Christi
1183 938 1311 966 hominis
1336 939 1371 966 sit
1385 942 1482 967 ereata
1505 942 1532 967 et
1546 943 1724 975 mensurata,

957 983 1017 1010 sive
1031 983 1162 1018 limitata,
1179 993 1249 1020 ergo
1265 985 1304 1012 ad
1317 993 1485 1013 mensuram
1505 986 1624 1022 aceepit.
1641 988 1674 1014 Et
1687 986 1727 1013 ad

957 1029 1014 1056 1106
1027 1030 1222 1064 respondetur
1241 1031 1462 1066 magistraliter7
1484 1032 1567 1067 quod
1587 1034 1727 1059 65111166-

958 1082 1026 1101 sura
1044 1075 1224 1103 limitationis
1234 1097 1244 1109 ,
1259 1077 1329 1112 quia
1343 1077 1579 1112 unumquodque
1599 1080 1728 1105 creatum

959 1123 1000 1147 est
1015 1121 1171 1148 limitatum
1178 1131 1186 1154 ‚·
1204 1124 1231 1149 et
1250 1125 1291 1150 est
1319 1130 1457 1150 mensura
1481 1123 1652 1157 divisionis,
1680 1124 1727 1151 vel

960 1166 1211 1195 determinationis
1227 1168 1265 1195 ad
1285 1177 1377 1196 unum
1393 1171 1501 1196 actum.
1520 1169 1616 1196 Primo
1636 1170 1727 1197 modo

961 1212 1080 1247 dieitur,
1096 1214 1179 1249 quod
1201 1215 1328 1242 Christus
1344 1215 1435 1243 homo
1453 1215 1542 1243 habet
1565 1215 1688 1250 gratiam
1703 1218 1731 1243 et

961 1267 1145 1294 mensuram3
1171 1261 1301 1288 seeundo
1324 1261 1415 1288 modo
1434 1261 1474 1289 ait
1494 1261 1556 1295 hic,
1573 1262 1655 1297 quod
1670 1269 1730 1289 non

960 1304 1049 1331 habet
1063 1305 1197 1339 spiritum
1212 1306 1250 1333 ad
1258 1314 1437 1334 mensuram.
1447 1307 1535 1334 Aliter
1546 1307 1730 1342 distinguunt

962 1350 1022 1383 6111,
1038 1351 1120 1384 quod
1141 1352 1234 1385 gratia
1248 1354 1342 1387 potest
1355 1353 1412 1379 dici
1428 1353 1525 1386 finita,
1541 1355 1569 1380 et
1583 1353 1624 1380 sie
1638 1353 1731 1388 gratia

962 1396 1063 1422 Christi
1077 1397 1204 1424 hominis
1222 1398 1276 1425 suit
1289 1398 1371 1425 finita
1390 1400 1418 1425 et
1440 1400 1617 1432 mensurata,
1633 1407 1729 1435 quan-

962 1443 1025 1468 tum
1039 1442 1092 1469 fuit
1110 1451 1127 1470 a
1146 1446 1228 1478 parte
1253 1447 1364 1471 naturae
1381 1445 1517 1472 humanae
1527 1455 1536 1479 3
1562 1445 1609 1472 vel
1637 1447 1732 1481 potest

962 1487 1019 1513 dici
1034 1487 1115 1515 finita
1138 1496 1156 1516 a
1171 1491 1252 1523 parte
1273 1490 1523 1518 determinationis
1545 1492 1645 1525 aetus,
1670 1491 1731 1518 sive

962 1533 1082 1568 objecti,
1101 1536 1128 1561 et
1151 1535 1191 1562 516
1215 1535 1342 1563 Christus
1366 1544 1426 1564 non
1447 1537 1551 1564 habuit
1572 1537 1670 1572 ipsum
1693 1537 1732 1564 ad

961 1588 1146 1614 mensuram,
1162 1581 1214 1608 sed
1239 1582 1278 1609 ad
1303 1590 1422 1609 omnem
1436 1584 1533 1610 actum
1553 1583 1684 1618 Spiritus.
1700 1585 1733 1611 Et

961 1625 1029 1653 huic
1038 1627 1198 1654 coneordat
1209 1628 1374 1663 Gregorius,
1387 1636 1537 1663 exponens
1546 1629 1621 1656 illud
1634 1630 1680 1656 Job
1690 1630 1711 1646 Ν
1722 1637 1731 1656 .·

966 1682 978 1696 α
993 1673 1141 1707 Numquid
1155 1674 1333 1708 conjungere
1352 1674 1465 1701 valebis
1480 1675 1620 1702 micantes
1633 1675 1731 1702 stellas

962 1717 1113 1745 Pleiadas?
1126 1729 1139 1743 »
1153 1719 1193 1746 ibi
1208 1720 1363 1754 Gregorius
1376 1720 1394 1736 ¹⁵
1406 1729 1431 1747 z«
1444 1721 1622 1756 Redemptor
1633 1723 1731 1748 noster

961 1763 991 1790 in
1004 1772 1090 1791 carne
1105 1765 1225 1792 veniens
1247 1765 1378 1793 Pleiadas
1399 1767 1515 1801 junxit,
1532 1767 1602 1802 quia
1623 1775 1729 1802 opera-

961 1810 1056 1837 tiones
1069 1811 1246 1845 septiformis
1261 1811 1381 1847 Spiritus
1393 1813 1480 1840 simul
1492 1813 1521 1839 in
1533 1821 1563 1840 se
1579 1815 1606 1840 61
1615 1814 1731 1848 junctas

962 1857 989 1882 et
1003 1858 1154 1884 manentes
1164 1857 1276 1884 habuit.
1293 1867 1306 1883 n
1320 1858 1338 1874 ¹⁶
1352 1868 1365 1883 (1
1380 1859 1551 1894 Requiesoet
1560 1867 1647 1894 super
1662 1867 1728 1887 eum

961 1901 1079 1936 spiritus
1094 1903 1219 1930 Domini.
1236 1913 1250 1929 )>
1265 1905 1296 1931 Et
1306 1903 1324 1919 ¹³
1339 1913 1346 1931 2
1366 1914 1379 1929 «
1392 1905 1482 1939 Super
1494 1904 1624 1940 lapidem
1637 1913 1730 1932 unum

961 1950 1073 1982 septem
1088 1948 1175 1976 oculi.
1192 1959 1204 1975 »
1217 1951 1247 1977 Et
1259 1950 1279 1967 ¹⁸
1293 1952 1355 1978 :«1n
1372 1950 1552 1978 candelabro
1567 1953 1678 1987 septem
1688 1951 1730 1979 lu-

960 2002 1063 2022 6616111.
1083 2005 1097 2021 »
1114 1996 1182 2028 Quae
1196 1996 1316 2031 exponit
1326 1997 1480 2032 Gregorius
1500 1997 1541 2025 ibi
1557 1998 1593 2025 de
1607 1998 1729 2033 Christo,

960 2041 1010 2067 ubi
1027 2040 1102 2068 bene
1117 2041 1153 2068 de
1168 2042 1234 2069 1166.
1250 2042 1305 2069 Α111
1323 2045 1421 2070 autem
1445 2046 1621 2079 aeceperunt
1643 2045 1728 2079 spiri-

960 2088 1021 2113 tum
1031 2087 1069 2114 ad
1078 2095 1256 2121 mensuram,
1272 2090 1299 2116 et
1312 2089 1351 2116 ad
1365 2089 1480 2124 aliquas
1495 2089 1726 2125 operationesw:

963 2141 976 2158 ιι
991 2133 1069 2160 Sicut
1088 2133 1186 2161 divisit
1207 2135 1281 2161 Deus
1308 2142 1477 2162 mensuram
1505 2135 1586 2162 fidei.
1600 2145 1614 2162 )›
1632 2138 1664 2163 Et
1677 2135 1699 2152 2⁰
1719 2144 1726 2163 z

962 2178 1038 2206 «Alii
1053 2179 1139 2207 datur
1149 2188 1244 2208 sermo
1260 2180 1397 2214 scientim,
1410 2191 1423 2207 n
1442 2183 1469 2208 et
1479 2181 1519 2208 516
1527 2181 1564 2209 de
1572 2181 1646 2209 aliis.
1658 2182 1728 2209 Huic

960 2225 1119 2252 concordat
1140 2226 1221 2261 quod
1245 2226 1284 2253 ait
1306 2227 1483 2261 Augustinus
1510 2227 1558 2254 hio
1584 2227 1616 2261 ²¹,
1646 2227 1728 2263 quod

959 2279 1098 2299 mensura
1117 2274 1159 2299 est
1180 2273 1284 2301 divisio
1312 2274 1477 2307 donorum,
1506 2276 1533 2302 et
1558 2274 1729 2302 hominibus

960 2317 1066 2344 dantur
1088 2318 1127 2345 ad
1149 2326 1327 2347 mensuram.
1354 2321 1386 2347 Et
1400 2321 1483 2355 ponit
1508 2321 1678 2356 exemplum
1692 2321 1729 2349 de

960 2364 1101 2391 membris
1115 2364 1146 2391 in
1161 2373 1283 2400 corpore
1301 2375 1306 2392 :
1327 2375 1339 2391 «
1363 2366 1449 2393 Aliud
1461 2366 1540 2394 enim
1552 2367 1656 2402 accipit
1667 2374 1730 2394 ma-

959 2417 1026 2443 nus,
1041 2410 1122 2437 aliud
1138 2411 1227 2444 auris,
1245 2413 1277 2438 ut
1292 2411 1402 2447 audiat,
1418 2415 1446 2440 et
1460 2412 1500 2440 sic
1515 2413 1552 2440 de
1571 2413 1635 2441 aliis
1651 2421 1730 2441 :una

958 2455 1058 2483 tamen
1077 2458 1119 2483 est
1137 2456 1246 2491 anima,
1262 2466 1327 2493 quae
1340 2457 1401 2493 agit
1424 2459 1524 2487 omnia
1538 2459 1569 2486 in
1581 2459 1726 2488 omnibus.

962 2538 979 2552 ¹¹
993 2537 1051 2567 lob,
1075 2544 1190 2568 xxxviii,
1211 2540 1250 2562 31.
1266 2552 1296 2557 -
1317 2540 1335 2555 ¹¹⁵
1353 2540 1439 2571 Greg,
1458 2541 1560 2571 Mor-aL,
1578 2541 1620 2565 lib.
1640 2541 1727 2571 ΧΧΙΧ,

961 2580 983 2595 o.
1001 2579 1060 2602 ιιινι,
1077 2573 1377 2603 61.)11(κι,6.’1ί1.---“Ξ
1395 2577 1453 2606 Isca,
1470 2582 1506 2605 ix,
1520 2578 1544 2600 2.
1561 2589 1590 2594 —
1611 2577 1629 2593 ¹¹¹
1645 2576 1727 2604 Zuch..

961 2613 1000 2635 111,
1017 2610 1039 2630 9.
1052 2620 1079 2623 -
1098 2609 1114 2621 ·“
1127 2608 1200 2637 illici„
1218 2614 1252 2638 iv,
1265 2611 1289 2633 2.
1300 2623 1331 2627 —
1347 2610 1365 2626 ¹⁰
1381 2611 1516 2642 1161111611,
1528 2613 1592 2635 3.-
1606 2612 1626 2627 ²0
1639 2612 1646 2634 1
1661 2612 1727 2640 Cor„

961 2644 1034 2672 Ml,8.
1050 2655 1079 2659 —
1095 2643 1113 2658 2¹
1129 2644 1204 2673 Aug„
1219 2644 1261 2667 ubi
1276 2651 1342 2676 sup.,
1358 2652 1384 2670 n.
1404 2648 1440 2670 10.

993 2691 1026 2721 (ιι)
1046 2693 1106 2714 cml.
1121 2692 1180 2714 edit.
1197 2693 1273 2716 66161.
