1987 3032
190 203 248 230 476

190 267 336 293 sostomus
349 265 425 293 bene
443 274 450 293 ι
465 266 472 282 ¹
492 275 505 290 «
521 267 572 292 Per
590 263 683 292 verba
701 261 905 298 philosophari
920 260 962 288 ta-

191 311 244 339 cile
260 313 315 346 est3
331 319 396 347 quoe
411 319 481 339 vero
496 319 549 347 per
567 317 658 345 opera
674 307 895 338 demonstratio,
912 314 960 341 ge-

191 358 287 386 nerosi
309 359 337 385 et
361 357 460 391 magni
476 356 565 384 animi
581 356 618 391 (a)
639 357 689 382 est.
709 356 881 389 Propterea,
898 355 963 388 post

192 404 443 437 admonitionem,
464 403 494 430 in
519 401 682 430 orationem
704 408 735 427 se
757 399 899 427 convertit
915 398 963 426 hic

191 451 355 478 Christus.»
375 452 407 477 Et
417 449 565 484 sequitur:
585 448 656 476 «Hie
672 447 708 483 (b)
728 456 740 472 <t
754 446 872 473 elevans
892 453 963 472 ocu-

192 496 254 530 los,
269 496 300 532 (c)
317 498 344 523 et
364 495 435 523 alibi
450 496 460 512 ²
484 502 610 522 curvans
630 501 737 529 genua,
752 492 788 527 (cl)
809 492 840 519 in
859 492 915 518 hoc
931 491 963 526 (e)

193 543 302 570 docens
316 549 385 575 nos,
398 542 430 568 ut
444 541 474 568 in
489 541 621 569 oratione
641 547 756 567 sursum
777 538 963 574 aspiciamus,

194 597 254 616 non
269 588 360 616 oculis
379 587 491 621 carnis,
512 587 564 614 sed
579 587 699 620 mentis,
722 588 750 613 et
764 587 795 613 ut
810 592 965 612 curvemus

194 641 290 669 genua
312 636 492 661 conterentes
513 641 564 660 cor
582 634 725 660 nostrum.
743 642 756 658 η
774 633 836 658 Haec
855 631 921 664 ille3
939 632 966 657 et

195 680 236 707 ibi
248 680 324 707 bene
339 680 376 707 de
391 680 456 707 hoc.
473 679 553 707 Unde
573 680 651 714 patet
666 679 726 712 hic,
743 678 825 713 quod
840 676 966 704 Christus

198 726 292 754 oravit
303 725 485 754 confidenter
499 727 527 752 et
542 724 756 757 ordinabiliter,
772 723 854 759 quod
871 723 967 756 signa-

198 774 244 800 tur
267 773 339 800 hic:
366 773 514 800 Sablevatz's
538 773 631 799 oculis.
661 770 740 798 Unde
765 770 805 797 ait
831 778 919 805 supra
935 770 965 796 ³:

202 831 214 847 «
228 821 378 855 Sciebam,
396 820 465 856 quia
479 828 594 855 semper
613 827 660 847 me
676 819 771 847 audis.
787 829 800 844 »
818 820 888 845 Item
903 826 967 844 ora-

198 867 239 895 vit
262 866 410 894 humiliter
426 867 456 893 ³:
485 876 498 891 «
520 865 645 893 Procidit
668 865 698 892 in
719 864 823 892 faciem
843 872 965 890 suam.»

199 915 231 941 Et
253 922 259 940 :
292 922 305 938 ιι
325 913 424 940 Positis
448 912 572 947 genibus
596 911 698 939 oravit.
726 920 740 936 »
776 912 846 937 Item
876 909 970 937 oravit

198 959 352 987 ferventer.
378 960 447 986 Item
474 957 569 985 oravit
596 957 722 993 prolixe,
749 957 810 984 sive
834 964 970 992 persevc-

199 1008 296 1033 ranter
309 1006 338 1032 ⁵:
358 1014 371 1030 «
388 1006 489 1032 Factus
508 1004 538 1031 in
561 1003 667 1038 agonia
685 1003 829 1038 prolixius
851 1002 968 1036 orabat,

200 1053 227 1078 et
244 1051 337 1078 sactus
357 1053 398 1078 est
418 1050 509 1077 sudor
529 1050 590 1084 ejus
612 1049 697 1085 quasi
719 1048 847 1083 sanguis.
865 1058 878 1073 »
896 1050 928 1075 Et
940 1048 968 1075 ⁶:

203 1107 216 1123 «
236 1099 412 1125 Pernoctans
434 1097 464 1123 in
490 1097 633 1129 oratione,
658 1106 670 1120 >i
696 1097 751 1122 etc.
772 1095 880 1123 Efficax
901 1103 970 1129 ergo

201 1145 369 1180 exemplum
395 1143 552 1172 Salvatoris
573 1143 718 1170 instruens
741 1150 796 1170 nos
819 1142 858 1169 ad
885 1150 971 1169 oran-

202 1191 285 1218 dum.

236 1239 262 1264 4.
283 1238 315 1264 Et
335 1236 465 1271 sequitur
487 1236 569 1263 tertia
586 1235 729 1271 particula
745 1244 751 1262 ε
770 1236 824 1269 Ego
838 1237 862 1261 te
876 1236 972 1268 clarifi-

201 1285 270 1310 cavi.
285 1283 339 1310 Sed
356 1282 482 1317 qualiter
497 1282 535 1309 ait
550 1282 579 1308 in
593 1282 749 1317 praeterito,
761 1289 796 1309 ex
808 1288 868 1316 quo
884 1288 972 1315 supra

202 1329 241 1356 ait
255 1329 285 1355 in
305 1329 418 1355 tuturo:
442 1330 474 1355 Vt
497 1329 569 1362 filius
584 1330 710 1362 clarificet
726 1329 772 1354 te?
793 1328 824 1354 Et
839 1327 878 1354 ad
895 1326 973 1353 istud

201 1375 443 1411 respondendum
468 1374 631 1402 secundum
655 1374 847 1408 Augustinum
862 1374 872 1390 ⁷
891 1372 974 1408 quod

201 1422 326 1449 verbum
350 1421 485 1457 praeteriti
510 1421 649 1456 temporis
668 1420 771 1447 maluit
795 1428 922 1455 ponere,
945 1421 975 1446 ut

202 1470 376 1495 monstraret
396 1468 426 1494 in
449 1467 705 1502 praedestinatione
724 1467 788 1501 jam
807 1466 932 1499 factum,
948 1467 975 1492 et

201 1522 256 1550 pro
267 1514 329 1548 jam
343 1513 419 1540 sacto
434 1513 607 1540 habendum
617 1534 624 1545 ,
646 1512 727 1547 quod
744 1511 900 1539 certissime
914 1511 974 1538 fuc-

203 1564 246 1587 rat
266 1560 406 1586 futurum.
430 1560 461 1585 Et
486 1559 523 1585 de
546 1559 601 1586 hoc
624 1559 654 1585 in
675 1558 776 1586 Glossa
795 1566 849 1593 pro
880 1559 972 1592 parte.

206 1606 277 1641 Opus
300 1606 493 1637 consummavi,
519 1608 589 1639 etc.,
615 1604 724 1631 scilicet
752 1603 973 1639 redemptionis.

203 1653 296 1688 Supra
309 1652 338 1678 ⁸:
356 1661 370 1676 «
386 1652 417 1677 Ut
436 1650 585 1686 perficiam
608 1658 683 1685 opus
704 1650 775 1684 ejus.
792 1659 805 1674 u
823 1649 879 1676 Sed
901 1657 977 1684 qure-

203 1698 286 1731 ritur,
304 1705 339 1724 ex
359 1705 419 1732 quo
435 1704 495 1723 non
511 1696 562 1723 tuit
580 1704 700 1731 passus,
716 1696 745 1722 in
767 1704 826 1730 quo
841 1695 894 1722 t'uit
909 1703 977 1722 con-

206 1743 374 1775 summatio,
390 1742 464 1769 infra
475 1743 499 1769 ⁹:
518 1752 530 1767 n
547 1744 789 1769 consummatum
804 1744 861 1776 estg
875 1751 887 1766 n
906 1749 978 1776 qua-

204 1789 269 1817 liter
288 1789 327 1816 ait
342 1789 370 1816 in
386 1789 549 1824 praeterito:
573 1789 758 1815 Consummavz'
769 1790 782 1814 ἶ)
799 1789 830 1815 Et
845 1788 883 1814 ad
902 1787 979 1814 istud

204 1834 445 1871 respondendum
457 1835 618 1861 secundum
628 1835 820 1869 Augustinum
834 1834 852 1850 ¹⁰
865 1843 870 1861 :
887 1835 979 1860 «Con-

205 1889 366 1909 summassc
385 1889 414 1907 se
438 1880 524 1915 dicit,
550 1881 632 1915 quod
657 1889 686 1907 se
707 1882 980 1907 consummaturum

206 1927 364 1954 certissime
384 1927 477 1959 novit,
494 1927 543 1961 qui
561 1927 624 1961 jam
643 1926 727 1953 certis
747 1929 773 1953 et
788 1926 980 1953 immutabili-

206 1973 261 2000 bus
290 1973 383 2000 causis
412 1973 649 2007 praedestinavit,
677 1972 825 2008 quidquid
852 1972 981 2000 facturus

208 2022 259 2053 est,
277 2019 313 2053 (f)
331 2018 406 2046 l'ecit.
423 2028 436 2044 »
454 2021 517 2046 Heee
532 2019 589 2045 ille.

245 2067 270 2092 5.
282 2067 313 2092 Et
328 2065 460 2099 sequitur
475 2066 579 2099 quarta
592 2065 736 2100 particula
749 2074 755 2092 :
770 2066 806 2092 Et
819 2072 888 2091 nunc
903 2065 982 2091 clari-

208 2113 259 2145 fica
282 2119 322 2137 me
342 2111 468 2137 claritate
491 2110 555 2145 illa,
581 2119 660 2145 quam
684 2112 766 2138 habui
788 2111 861 2145 apud
884 2113 923 2144 te,
952 2110 982 2137 in

208 2156 475 2192 praedestinatione.
492 2159 640 2191 «Tempus
656 2159 697 2184 est
712 2159 742 2184 ut
757 2165 823 2184 eam
837 2157 982 2190 habeam,

210 2202 297 2230 etiam
313 2203 415 2229 vivens
431 2202 461 2229 in
483 2202 603 2229 dextera
624 2205 691 2230 tua:
709 2203 739 2229 id
755 2205 811 2236 est,
828 2202 901 2229 sicut
914 2204 983 2229 tunc

210 2248 477 2283 praedestinatione,
491 2248 529 2275 ita
545 2250 573 2275 et
586 2256 665 2275 nunc
679 2248 858 2284 perfectione
870 2257 876 2275 :
891 2248 936 2275 fac
953 2248 983 2275 in

211 2294 341 2328 mundo,
365 2294 446 2330 quod
468 2295 548 2329 apud
572 2296 599 2322 te
617 2295 679 2329 jam
704 2295 797 2322 fuerat
817 2297 883 2322 ante
898 2302 983 2322 mun—

212 2339 303 2367 dum:
325 2340 370 2368 fac
394 2341 424 2368 in
448 2349 501 2368 suo
520 2343 668 2377 tempore,
691 2341 773 2376 quod
795 2343 861 2368 ante
884 2341 985 2368 omnia

245 2411 252 2426 ¹
271 2410 412 2441 Chrysost„
432 2412 457 2435 in
474 2412 533 2435 Joan
548 2429 555 2440 ,
574 2412 643 2436 hom.
662 2418 751 2443 Lxxix,
768 2412 800 2435 al.
822 2418 900 2442 Lxxx,
920 2418 944 2435 n.
964 2415 984 2435 1.

212 2458 243 2463 -
258 2446 266 2459 ²
279 2445 346 2474 Luc„
360 2452 422 2477 xxii,
435 2448 510 2471 41.—
522 2447 532 2463 ³
545 2449 616 2477 sup„
631 2448 759 2476 x1‚42.—
775 2447 782 2461 ⁴
799 2447 898 2473 Mami„
914 2452 986 2476 xxvi,

215 2482 253 2504 39.
269 2493 300 2497 --
321 2481 331 2497 ⁵
346 2481 411 2511 Luc.²
432 2487 504 2511 xxn,
521 2483 558 2504 43.
576 2495 603 2498 —
625 2482 633 2495 ‘¹
650 2482 715 2509 Luc„
731 2487 769 2511 v1,
789 2483 824 2505 1‘2.
841 2495 872 2499 -
886 2482 896 2498 ⁷
910 2483 985 2512 Aug„

214 2516 286 2538 tract.
304 2521 343 2545 εν,
358 2522 385 2538 u.
402 2517 424 2545 -i,
441 2518 462 2539 5.
479 2529 507 2533 —
523 2516 532 2532 ⁸
548 2518 671 2546 Sup.,1v,
688 2518 725 2540 34.
742 2530 773 2533 —
788 2516 864 2546 ⁹1u12,
878 2523 932 2546 xix,
945 2518 985 2540 30.

214 2563 244 2567 -—
260 2551 279 2566 ¹⁰
294 2551 368 2581 Aug„
384 2550 454 2581 ibid,
471 2558 496 2574 n.
514 2552 536 2574 4.
554 2565 579 2567 —
599 2552 614 2567 ¹¹
633 2551 704 2581 ibid,
720 2559 746 2575 n.
759 2553 782 2575 6.
796 2565 825 2569 -
840 2552 859 2568 ¹²
874 2553 950 2581 Item,
968 2557 986 2582 t,

216 2586 238 2608 4.
257 2598 286 2602 --
302 2585 322 2602 ¹³
341 2585 452 2616 Pln‘llip„
470 2591 502 2615 11,
519 2587 543 2616 8,
556 2588 579 2609 9.
596 2598 624 2602 -
642 2586 659 2602 '⁴
673 2588 748 2617 Aug„
760 2588 832 2610 tract.
850 2592 899 2615 etv,
919 2593 944 2610 n.
962 2588 985 2609 3.

219 2632 250 2637 -—
268 2621 283 2634 ¹⁵
302 2622 374 2651 Sup.,
390 2626 446 2650 xm,
466 2623 505 2644 31.
521 2633 550 2637 -
568 2621 662 2644 ¹⁸1bid.
678 2635 705 2638 —
722 2623 739 2638 ⁸⁷
753 2623 825 2653 Sup.,
842 2628 889 2653 x11,
903 2623 942 2646 23.
958 2635 988 2640 -

708 195 918 227 EVANGELll
944 193 1089 225 SANCTI
1111 194 1275 225 JOANNlS

1016 262 1151 295 tempora
1165 260 1296 288 statuisti.
1313 269 1326 286 n
1340 262 1404 288 Haec
1417 261 1465 288 illc
1483 261 1536 285 *ψ’
1546 270 1559 285 «
1573 260 1626 294 Qui
1640 260 1791 296 praedesti-

1016 309 1102 334 natus
1116 308 1158 333 est
1172 306 1250 334 filius
1266 306 1331 341 Dei,
1346 317 1359 332 »
1377 309 1432 334 etc.
1452 306 1620 334 Secundum
1639 307 1716 334 hanc
1731 306 1790 334 cla-

1017 352 1146 380 rificatus
1165 354 1224 386 cst,
1244 354 1275 379 ut
1294 355 1367 380 essct
1381 353 1443 388 ejus
1462 352 1577 380 claritas
1596 360 1631 380 ex
1648 360 1791 380 resurrec-

1018 399 1095 426 tione
1109 401 1294 426 mortuorum
1308 399 1389 434 apud
1403 401 1529 433 Patrem,
1543 399 1578 426 ad
1593 399 1677 433 cujus
1691 398 1789 426 dexte-

1018 453 1082 472 ram
1094 445 1217 472 sederet.
1231 445 1355 478 Quando
1368 453 1438 479 ergo
1452 445 1505 472 ait:
1521 446 1606 478 Quam
1619 446 1711 479 habui,
1723 446 1792 480 etc.,

1019 499 1120 518 sensus
1135 493 1186 524 est,
1206 491 1376 518 habiturum
1389 498 1435 517 me
1449 491 1570 526 praevidi
1594 491 1624 518 in
1643 498 1791 518 resurrec-

1019 537 1098 564 tione
1119 538 1140 554 ¹³
1161 546 1167 564 :
1187 546 1201 562 «
1221 536 1389 564 Humiliavit
1402 537 1598 572 semetipsum.
1615 547 1628 563 ι)
1646 539 1677 564 Et
1696 537 1792 572 sequi-

1020 585 1082 610 tur:
1098 593 1111 608 α
1125 584 1157 610 Et
1171 583 1252 610 dedit
1267 582 1309 610 illi
1323 590 1432 609 nomen
1447 582 1529 617 quod
1545 584 1587 610 est
1601 590 1688 618 super
1703 590 1791 610 omne

1021 638 1138 657 nomen.
1166 640 1178 655 η
1205 629 1290 663 Quod
1313 629 1433 664 exponit
1458 629 1505 655 hic
1532 628 1724 663 Augustinus,
1751 628 1794 656 di-

1022 684 1090 704 cens
1104 677 1123 693 ¹⁶
1138 685 1144 703 z
1163 686 1175 701 «ι
1192 675 1344 703 {himilitas
1360 675 1496 702 claritatis
1509 676 1551 702 est
1571 674 1722 709 meritum,
1738 675 1795 702 cla-

1022 723 1090 750 ritas
1105 730 1174 750 vero
1190 722 1361 748 humilitatis
1374 720 1539 756 proemium.
1553 731 1565 746 ν)
1580 722 1612 748 Et
1626 722 1698 748 nota
1713 720 1795 756 quod

1023 770 1103 796 Pater
1126 767 1297 795 clarificavit
1319 766 1432 799 Filium,
1454 766 1548 793 malos
1573 765 1610 793 ab
1639 766 1702 800 ejus
1726 773 1796 794 con-

1023 814 1112 841 sortio
1137 813 1330 848 segregando.
1358 814 1468 847 Supra,
1491 814 1557 848 post
1581 812 1694 839 exitum
1715 812 1796 840 Judae

1022 859 1192 896 proditoris,
1215 859 1255 886 ait
1272 859 1313 886 ¹⁵:
1338 860 1445 886 «Nunc
1464 857 1639 886 clarificatus
1659 859 1701 885 est
1720 857 1798 886 filius

1023 908 1160 935 hominis.
1177 917 1189 933 u
1208 909 1278 935 ltem
1296 907 1484 940 clarificavit,
1507 906 1632 941 gloriam
1648 905 1799 934 immorta-

1024 954 1110 981 litatis
1125 953 1281 981 tribucndo
1291 974 1299 987 ,
1314 954 1402 988 prout
1416 952 1522 979 dicitur
1541 952 1598 986 hic,
1615 953 1642 978 et
1656 959 1746 987 supra
1757 952 1778 969 ¹⁶
1791 961 1797 979 :

1028 1010 1040 1025 α
1055 1002 1128 1027 Deus
1143 999 1314 1026 clarificavit
1336 999 1366 1026 in
1386 998 1554 1034 semetipso.
1570 1008 1583 1023 n
1604 999 1675 1025 Item
1695 997 1800 1025 clarifi-

1026 1046 1102 1074 cavit
1126 1053 1210 1079 eum,
1238 1053 1349 1072 nomen
1377 1045 1438 1079 ejus
1462 1043 1616 1071 dilatando
1640 1045 1668 1071 et
1690 1043 1798 1078 fidem;

1026 1100 1126 1128 supra,
1140 1094 1299 1127 postquam
1310 1091 1431 1126 gentiles
1446 1091 1598 1122 venerunt,
1611 1089 1801 1117 ait¹⁷:«Venit

1026 1140 1109 1171 hora,
1121 1140 1151 1165 ut
1160 1138 1238 1164 filius
1249 1137 1377 1164 hominis
1389 1137 1574 1164 clarificetur.
1587 1146 1600 1162 n
1609 1138 1690 1164 Pater
1702 1138 1800 1164 autem

1027 1185 1131 1212 dicitur
1155 1183 1306 1211 clarificari
1329 1185 1519 1219 peccatorum
1543 1182 1736 1210 conversione
1761 1182 1800 1209 ad

1026 1231 1117 1258 fidem
1132 1230 1152 1246 ¹³
1166 1239 1172 1257 ;
1194 1240 1207 1255 α
1222 1231 1253 1257 ln
1270 1237 1316 1256 me
1339 1229 1540 1256 clarificabant
1559 1229 1659 1255 Deum.
1676 1238 1689 1253 n
1708 1229 1739 1255 Et
1753 1227 1802 1254 hic

1028 1277 1175 1304 similiter:
1192 1277 1247 1310 1390
1268 1278 1291 1302 te
1315 1276 1473 1308 clarificat-i.
1490 1276 1520 1301 Et
1538 1274 1558 1290 ¹⁹
1573 1283 1579 1300 ε
1596 1283 1609 1299 α
1623 1273 1803 1301 Clarificetur

1028 1330 1137 1350 nomen
1151 1323 1233 1348 tuum
1245 1321 1289 1356 (9).
1298 1331 1311 1346 »
1327 1322 1394 1347 ltem
1404 1320 1509 1347 dicitur
1521 1319 1675 1347 clarificari
1684 1319 1715 1346 in
1726 1319 1803 1347 veri-

1028 1369 1092 1396 tatis
1103 1368 1324 1404 praedicatione,
1341 1374 1430 1402 supra
1444 1365 1480 1393 ²⁰:
1502 1367 1551 1393 Ille
1569 1373 1609 1392 me
1625 1365 1801 1400 clarificabit,

1029 1417 1094 1449 quz'a
1103 1415 1134 1441 dc
1144 1422 1198 1441 meo
1214 1416 1335 1449 accipiet.
1355 1424 1367 1439 «
1375 1415 1444 1440 Item
1453 1413 1558 1440 dicitur
1569 1411 1722 1440 clarificari
1728 1419 1804 1439 mar-

1028 1461 1095 1496 tyrii
1110 1460 1276 1488 voluntaria
1291 1459 1488 1495 perpessione,
1504 1458 1580 1486 infra
1598 1457 1619 1475 ²¹
1633 1467 1640 1486 :
1659 1459 1748 1491 «Qua
1763 1457 1800 1492 (h)

1029 1509 1123 1534 morte
1139 1506 1348 1533 clarificaturus
1364 1508 1425 1532 erat
1440 1507 1540 1531 Deum.
1556 1515 1569 1529 »

1065 1556 1091 1580 (3.
1108 1554 1139 1579 Et
1153 1552 1282 1587 sequitur
1301 1551 1431 1578 secunda
1449 1558 1517 1585 pars
1538 1549 1671 1584 capituli,
1693 1549 1724 1576 in
1744 1556 1804 1584 qua

1030 1600 1100 1634 petit
1112 1598 1239 1629 Christus
1252 1605 1307 1632 pro
1328 1596 1489 1630 discipulis.
1503 1597 1534 1622 Et
1549 1595 1645 1630 primo
1661 1595 1734 1630 petit
1748 1596 1802 1622 sta-

1030 1646 1171 1672 bilitatem
1187 1645 1215 1671 in
1237 1644 1335 1677 bono3
1356 1643 1486 1670 secundo
1507 1643 1579 1677 petit
1596 1641 1803 1669 liberationem

1031 1699 1048 1719 a
1063 1691 1153 1722 malo,
1170 1690 1211 1717 ibi
1224 1689 1245 1704 ²³
1259 1698 1265 1716 :
1285 1690 1349 1716 Cum
1365 1697 1443 1716 essem
1461 1697 1517 1715 cum
1536 1690 1591 1721 eis,
1612 1690 1665 1715 etc.
1684 1689 1715 1715 Et
1729 1695 1804 1723 quo-

1032 1737 1111 1764 niam
1123 1736 1223 1772 petitio
1236 1735 1322 1762 debet
1334 1743 1395 1762 esse
1410 1734 1573 1767 rationalis,
1585 1733 1652 1761 ideo
1665 1734 1695 1760 in
1705 1733 1801 1768 prima

1032 1784 1105 1812 tria:
1122 1783 1234 1818 primo,
1251 1781 1418 1809 idoneitatis
1438 1780 1651 1815 discipulorum
1673 1780 1804 1815 praemis-

1032 1830 1090 1864 si03
1115 1829 1260 1862 secundo,
1285 1828 1348 1863 ipsa
1373 1827 1488 1862 petitio,
1517 1826 1558 1853 ibi
1575 1835 1582 1853 z
1611 1827 1666 1860 1390
1690 1833 1740 1860 pro
1767 1827 1805 1853 eis

1033 1884 1110 1910 roqo,
1128 1878 1198 1909 etc.;
1216 1874 1317 1908 tertio,
1333 1872 1480 1908 qualitatis
1497 1871 1544 1899 vel
1558 1871 1642 1899 modi
1655 1871 1806 1907 specifica-

1034 1923 1074 1950 tio
1091 1931 1097 1948 :
1115 1923 1195 1948 Pater
1210 1922 1316 1951 sancte,
1333 1920 1387 1946 etc.

1070 1970 1114 1996 Ait
1126 1976 1212 2002 ergo:
1228 1966 1407 1999 Manifestavi
1420 1972 1513 1991 nomen
1526 1966 1616 1997 tuum,
1633 1965 1686 1991 etc.
1703 1963 1808 1999 Objicit

1036 2015 1210 2050 Augustinus
1225 2014 1248 2030 ⁴²³
1259 2022 1265 2040 :
1278 2022 1292 2038 «
1305 2013 1377 2039 Cum
1393 2011 1469 2038 dicat
1483 2010 1627 2045 Propheta
1641 2009 1662 2026 ²⁴
1675 2018 1681 2037 :
1697 2011 1807 2038 «Notus

1035 2062 1065 2088 in
1086 2061 1186 2088 Judaea
1208 2061 1298 2092 Deus,
1320 2059 1347 2085 et
1369 2057 1399 2084 in
1424 2056 1511 2084 lsrael
1532 2063 1675 2090 magnum
1698 2063 1808 2083 nomen

1036 2109 1098 2142 ejus
1110 2128 1118 2141 ‚
1145 2105 1270 2141 qualiter
1299 2104 1337 2131 ait
1365 2103 1401 2130 de
1429 2110 1459 2129 se
1476 2111 1482 2129 ε
1510 2103 1688 2134 Manifestum
1715 2109 1808 2129 nomen

1038 2154 1133 2180 tuum?
1146 2163 1158 2178 »
1172 2154 1203 2179 Et
1216 2151 1255 2179 ad
1267 2150 1344 2177 istud
1358 2148 1516 2184 respondet
1526 2147 1714 2182 Augustinus,
1726 2147 1808 2182 quod

1037 2208 1140 2227 sensus
1155 2201 1196 2226 est
1209 2207 1216 2225 τ
1232 2197 1412 2229 Manifestavi
1430 2202 1522 2221 nomen
1537 2196 1627 2227 tuum,
1645 2202 1659 2218 «
1673 2201 1734 2220 non
1748 2201 1808 2228 quo

1037 2245 1152 2274 vocaris
1168 2246 1255 2277 Deus,
1273 2242 1325 2269 sed
1339 2249 1400 2277 quo
1413 2240 1527 2268 vocaris
1540 2241 1623 2274 pater
1637 2247 1736 2272 meus,
1756 2239 1810 2266 sci-

1038 2293 1105 2320 licet
1119 2299 1172 2327 per
1185 2292 1335 2322 naturam,
1349 2286 1431 2322 quod
1444 2293 1554 2313 nomen
1570 2293 1631 2312 non
1644 2285 1739 2320 potuit
1749 2292 1810 2312 ma-

1038 2338 1165 2366 nifestari
1180 2337 1240 2363 sine
1255 2332 1489 2363 manifestatione
1502 2331 1565 2359 Filii
1580 2331 1638 2358 Dei.
1655 2341 1669 2357 ν
1682 2331 1758 2359 Infra
1766 2332 1808 2358 ²⁵:

1040 2404 1059 2420 1⁸
1075 2403 1141 2431 Gal„
1163 2408 1184 2432 1,
1200 2403 1237 2424 24.
1253 2412 1282 2416 -—-
1302 2399 1320 2413 ⁸⁹
1337 2399 1355 2422 tl
1374 2397 1462 2424 Thess„
1485 2402 1506 2424 1,
1527 2397 1566 2418 12.
1581 2407 1613 2412 -
1627 2395 1647 2411 2⁰
1661 2396 1733 2424 sup„
1754 2400 1809 2425 xvi,

1041 2440 1077 2462 14.
1093 2451 1123 2454 —
1142 2437 1161 2452 ἓ·
1183 2436 1238 2463 tut.y
1261 2439 1321 2463 xxi,
1343 2433 1378 2456 19.
1396 2444 1427 2448 —-
1445 2429 1536 2459 ²21nf„
1558 2430 1594 2452 ¹2.
1613 2440 1636 2444 —
1659 2429 1680 2444 ²⁸
1695 2430 1810 2458 Aumst„

1041 2475 1113 2496 tract.
1130 2478 1181 2502 cvi,
1198 2478 1224 2494 n.
1241 2471 1264 2493 4.
1275 2481 1305 2486 —-
1320 2468 1336 2481 Ἠ
1352 2466 1511 2494 Psal.1.xxv‚
1524 2466 1547 2487 2.
1559 2476 1590 2480 -
1604 2463 1622 2478 ²⁵
1639 2462 1695 2492 inf„
1711 2469 1755 2493 xx,
1772 2465 1809 2487 17.

1072 2516 1102 2543 (ιι.
1118 2516 1177 2538 Cmt.
1188 2512 1247 2536 edat.
1259 2511 1324 2534 deest
1339 2507 1426 2532 animi.
1439 2520 1469 2524 —-
1478 2506 1512 2536 (b)
1526 2505 1586 2528 Item
1599 2504 1652 2527 Hic.
1665 2517 1695 2522 —
1706 2505 1737 2534 (c)
1751 2505 1811 2529 ΟΜ,

1040 2550 1099 2573 edit.
1121 2549 1190 2578 adel„
1212 2550 1258 2571 etc.
1277 2558 1305 2564 -
1327 2544 1369 2575 ((1)
1392 2544 1452 2567 Caet.
1474 2541 1536 2564 edit.
1561 2539 1630 2569 add„
1654 2542 1701 2563 etr.
1725 2541 1762 2564 Et.
1784 2554 1813 2558 —

1042 2586 1071 2615 (e)
1089 2586 1147 2607 [lem
1163 2583 1278 2607 euiur-
1296 2581 1327 2610 (f)
1348 2580 1407 2602 Caet.
1424 2577 1484 2600 edit.
1499 2575 1564 2599 deest
1580 2577 1626 2598 est.
1638 2588 1668 2592 —
1685 2576 1722 2606 (9)
1743 2576 1813 2607 Vulq.

1043 2620 1152 2644 Domini.
1164 2632 1194 2636 —
1211 2618 1245 2648 (h)
1263 2618 1323 2640 Caet.
1335 2614 1395 2638 edit,
1410 2612 1476 2643 quia.
