1987 3032
689 202 729 233 IN
751 202 835 234 CAP.
859 203 885 231 V
907 202 1045 234 SANCTI
1067 204 1240 236 JOANNIS.

171 271 236 298 bus.
247 281 261 296 ι)
278 270 320 298 Ibi
334 269 488 305 Gregorius
499 271 508 286 ¹
519 277 526 295 :
536 270 700 296 «Incassum
709 269 823 296 bonum
832 269 936 303 agitur,

172 317 195 344 si
210 319 276 344 ante
289 317 447 344 terminum
459 308 529 342 vitae'
542 315 700 342 deseratur.
713 324 726 340 ›>
743 316 882 348 Quartum
897 317 940 342 est

171 363 385 397 necessarium,
405 361 514 389 scilicet
534 361 702 388 intentionis
723 362 937 389 ordinabilitas.

171 409 296 436 Affectus
314 408 411 441 enim,
431 407 540 434 scilicet
560 407 725 434 intentionis
736 427 744 441 ,
760 408 840 434 omni
856 408 939 442 operi

171 462 280 482 nomen
291 454 425 490 imponit,
435 455 468 480 ut
482 453 597 486 dicitur,
608 453 639 480 de
650 454 758 488 Spiritu
773 456 799 480 et
809 454 909 480 Anima
917 454 937 480 Ξ.

172 501 182 517 ³
194 511 207 525 «
217 500 321 528 Omnia
329 500 359 527 in
367 499 493 534 gloriam
503 500 550 526 Dei
558 499 651 526 facite.
664 510 677 524 u
688 501 719 526 Et
728 500 738 515 ὅ
750 509 774 525 2«
780 499 894 526 Nesciat
901 500 939 526 si-

171 546 261 573 nistra
270 547 331 579 tua,
341 545 414 581 quid
424 545 510 572 faciat
523 545 556 580 (a)
567 545 694 572 dextera.
704 547 753 572 »Et
764 545 801 572 de
811 545 940 580 pruden-

170 592 248 619 tibus
255 591 427 626 virginibus,
440 593 467 618 et
477 591 513 618 de
523 591 609 618 fatuis
619 591 638 617 ⁵.
651 591 693 619 Sic
703 593 821 625 agentes
832 591 941 619 debent

170 638 264 665 facere
279 638 393 665 bonum
413 637 514 673 quoad
532 637 684 672 proximos
705 636 714 651 ⁵
731 646 737 663 ε
756 647 768 662 «
779 638 940 672 Operemur

170 684 284 711 honum
295 683 333 711 ad
344 691 458 711 omnes.
471 694 484 709 »
497 685 566 711 Item
582 683 691 710 debent
700 683 815 718 operari
825 683 940 710 bonum

171 730 273 765 quoad
291 730 477 765 semetipsos3
493 730 523 756 in
537 730 642 756 Psalmo
657 731 682 756 ⁷:
703 740 716 755 «
731 730 820 764 Spera
838 729 869 756 in
884 731 940 756 Do-

171 776 268 810 mino,
288 778 316 803 et
331 776 377 803 fac
394 776 586 803 bonitatem.»
608 777 678 802 Item
698 775 805 802 debent
824 776 941 811 operari

170 822 284 849 bonum
299 822 400 857 quoad
416 823 506 848 Deum
517 822 545 848 ⁸:
562 821 678 849 «Gloria
691 823 717 848 et
730 821 826 848 honor
841 823 868 848 et
881 829 939 856 pax

169 869 201 895 in
213 868 456 896 resurrectionem
469 867 535 894 vitae
551 867 632 894 ornni
642 867 773 902 operanti
788 866 911 894 bonum.
924 877 937 892 »

173 917 204 942 Et
214 915 240 941 ⁹:
256 924 269 939 «
278 914 463 942 Adhaerentes
474 915 530 941 Deo
539 935 547 947 ,
563 913 694 940 odientes
705 913 828 940 malum.
839 923 852 938 n
869 914 940 940 ltem

170 960 271 996 quoad
288 960 528 988 resurrectionem
546 960 677 995 corporis
689 960 728 986 ¹⁰:
749 970 763 984 (ι
777 959 941 994 Fulgebunt

170 1007 249 1034 enim
261 1006 330 1041 justi
346 1007 419 1034 sicut
432 1006 509 1033 sol.»
527 1008 558 1033 Et
569 1007 588 1023 ¹¹
605 1016 610 1032 ι
629 1016 642 1031 «
653 1006 817 1033 Seminatur
830 1006 860 1032 in
878 1013 940 1033 eor-

170 1053 305 1089 ruptione
311 1063 320 1087 3
336 1055 434 1087 surget
448 1053 478 1079 in
492 1052 722 1087 incorruptione.
734 1062 746 1077 n
757 1053 831 1079 Et12:
852 1062 865 1077 «
876 1052 939 1079 Sal—

170 1101 303 1126 vatorem
332 1101 533 1134 expectamus,
562 1098 613 1133 qui
636 1098 808 1125 reformabit
833 1106 939 1133 corpus

170 1145 341 1172 humilitatis
363 1147 477 1172 nostrae.
496 1155 510 1170 n
536 1144 632 1172 Brevis
652 1152 723 1179 ergo
750 1147 777 1171 et
805 1144 940 1171 modicus

170 1191 257 1219 labor
270 1191 496 1227 praedictorum,
512 1198 622 1226 magna
640 1192 668 1217 et
680 1192 787 1217 aeterna
802 1190 939 1226 praemia-

171 1237 221 1265 tio.
235 1237 292 1265 Sed
306 1239 373 1264 sunt
387 1237 463 1264 male
479 1239 596 1271 agentes
611 1245 646 1264 ex
657 1236 772 1264 defectu
786 1237 939 1272 praedicto-

171 1291 237 1310 rum
255 1286 395 1319 quatuor,
412 1283 462 1318 qui
482 1283 584 1310 nolunt
603 1291 664 1310 esse
685 1283 771 1316 boni,
790 1291 843 1310 nec
860 1283 940 1310 hona

171 1337 268 1365 agere.
282 1331 312 1357 Et
322 1330 358 1356 de
369 1329 443 1363 aliis,
455 1337 582 1365 quorum
596 1331 637 1356 est
647 1328 799 1356 manifesta
812 1329 937 1364 fatuitas,

170 1377 202 1402 ut
216 1376 256 1403 ait
270 1375 445 1411 Augustinus
462 1376 500 1401 ¹³:
518 1376 619 1402 «Bona
639 1375 683 1402 vis
700 1375 808 1402 habere
827 1376 937 1410 omnia,

170 1422 274 1457 inquit,
290 1423 317 1449 et
331 1429 391 1449 non
408 1421 452 1448 vis
466 1429 528 1448 esse
540 1421 647 1448 bonus.
664 1422 772 1448 Domus
788 1424 837 1449 tua
851 1422 939 1456 plena

169 1468 271 1502 bonis,
287 1470 314 1495 et
332 1470 359 1495 te
378 1468 467 1495 habet
485 1467 597 1494 malum
619 1467 785 1494 dominum.
807 1468 881 1495 Nihil
895 1468 939 1494 vis

169 1513 277 1541 habere
289 1514 416 1548 malum,
431 1521 485 1541 nec
497 1513 585 1540 etiam
599 1513 728 1540 tunicam
746 1514 871 1547 malam,
891 1514 940 1541 vel

169 1559 308 1595 caligam,
328 1562 356 1587 et
373 1562 471 1587 tamen
489 1559 599 1586 malam
617 1559 661 1586 vis
680 1559 790 1586 habere
810 1560 936 1586 vitam.»

168 1607 231 1633 flaec
243 1606 301 1633 ille.
314 1607 393 1633 Patet
407 1614 477 1641 ergo
492 1605 595 1633 talium
609 1605 738 1639 infamia,
754 1605 802 1632 vel
812 1605 936 1633 fatuitas.

169 1653 261 1687 Supra
273 1652 292 1668 ¹¹²
303 1652 389 1685 :«Qui
404 1651 481 1679 male
496 1652 565 1686 agit,
580 1652 642 1679 odit
656 1652 762 1678 lucem.
774 1661 787 1676 »
797 1651 816 1667 ¹⁵
827 1651 939 1678 «Pedes

167 1705 271 1725 eorum
286 1697 325 1725 ad
337 1697 449 1724 malum
462 1700 593 1729 currunt,
603 1707 615 1722 ι)
629 1697 647 1712 ¹⁶
661 1699 708 1724 «et
724 1697 856 1724 lretantur
871 1705 939 1724 cum

168 1744 244 1772 male
271 1744 400 1772 fecerint.
418 1754 432 1770 »
449 1745 480 1771 Et
500 1743 531 1770 hi
552 1743 656 1770 odiunt
676 1743 789 1770 animas
804 1751 870 1770 suas
890 1744 910 1760 ¹⁷
929 1753 935 1771 z

171 1791 248 1824 «Qui
265 1790 359 1825 diligit
374 1790 570 1825 iniquitatem,
588 1789 651 1816 odit
665 1789 795 1816 animam
812 1797 910 1822 suam,
921 1800 934 1815 »

167 1838 207 1864 ait
220 1836 424 1872 Propheta183«
433 1835 483 1871 qui
496 1835 529 1870 (b)
544 1835 622 1862 enim
632 1835 740 1862 faciunt
754 1835 937 1871 iniquitatem

167 1886 194 1911 et
207 1885 376 1918 peceatum,
390 1882 487 1909 hostes
501 1883 567 1908 sunt
585 1881 689 1908 animae
704 1890 772 1908 sure.
784 1892 796 1907 n
820 1883 851 1909 Et
866 1882 937 1909 tales

166 1930 243 1956 ibunt
263 1931 293 1956 in
312 1930 528 1956 resurrectionem
547 1928 663 1962 judicii,
685 1927 794 1955 scilieet
813 1928 935 1956 damna-

166 1975 264 2010 tionis,
275 1978 306 2002 ut
317 1975 356 2002 ait
367 1974 542 2009 Augustinus
559 1974 586 2000 ¹⁹.
597 1973 679 2001 Tales
697 1974 775 2001 enim
785 1978 936 2010 resurgent

166 2022 197 2048 in
219 2020 439 2048 damnationem
455 2019 474 2035 ²⁰
488 2029 494 2047 :
515 2029 527 2045 α
541 2021 646 2048 Omnes
664 2027 867 2054 resurgemuS,
883 2022 935 2049 sed

166 2075 227 2094 non
247 2075 349 2094 omnes
367 2066 599 2093 immutabimur.
611 2076 623 2091 n
646 2068 677 2093 Et
692 2066 729 2093 de
748 2066 803 2093 hoc
822 2067 933 2101 J‘udicio

166 2113 373 2147 damnationis,
389 2112 564 2147 Augustinus
578 2112 609 2146 ²¹,
620 2112 697 2139 istud
712 2120 861 2148 exponens
876 2114 933 2141 ait:

167 2169 180 2185 «
191 2160 262 2188 Male
277 2161 418 2194 egerunt,
433 2159 503 2194 quia
517 2158 594 2185 male
612 2158 747 2186 vixerunt
763 2168 769 2186 :
786 2159 862 2186 male
882 2167 934 2187 au-

164 2207 224 2234 tem
237 2205 385 2240 vixerunt,
403 2205 474 2241 quia
489 2205 520 2232 in
540 2205 636 2240 prima
654 2205 818 2232 animarum
837 2213 933 2233 resur-

199 2276 203 2288 ¹
220 2275 305 2303 Greg„
322 2274 422 2301 Moral„
439 2273 480 2297 lib.
499 2274 522 2302 1,
538 2280 560 2297 c.
574 2279 622 2303 xx,
638 2274 668 2296 alt
687 2280 787 2303 xxxvii,
805 2281 830 2297 11.
847 2276 885 2298 523.
907 2289 930 2293 —

165 2309 223 2333 ²De
238 2310 306 2339 Spir.
328 2310 350 2331 et
371 2309 465 2337 Alaun,
487 2316 508 2332 e.
530 2314 565 2337 xv,
583 2309 650 2339 apud
671 2310 788 2339 Augus-t„
807 2311 932 2341 Append„

165 2347 226 2368 tom.
248 2345 290 2367 Vl.
311 2357 341 2361 —
360 2344 393 2367 ³1
413 2344 478 2373 Corn,
499 2350 530 2372 x,
549 2346 587 2367 31.
607 2357 633 2360 —
654 2344 663 2359 ὗ
685 2345 784 2373 ruauh„
804 2350 845 2374 w,
862 2347 886 2369 3.
902 2359 932 2363 -—-

164 2380 173 2395 ⁵
185 2380 259 2409 Aug„
274 2379 366 2403 Eum-r.
382 2379 407 2402 in
423 2379 514 2402 Psalm.
530 2385 626 2409 CXLVII,
642 2386 668 2402 n.
687 2381 722 2403 11.
735 2392 766 2396 -—
781 2380 790 2393 ⁶
809 2379 876 2409 Gal„
896 2387 930 2411 Vt,

163 2416 202 2438 12.
218 2416 266 2431 —''
284 2414 348 2438 psal.
368 2420 459 2444 xxxvi,
478 2415 500 2437 3.
516 2427 546 2432 —
562 2415 570 2427 ὃ
586 2414 661 2443 Rom„
677 2420 711 2443 11,
732 2416 768 2438 10.
783 2428 815 2432 —
828 2415 838 2431 ⁹
853 2415 929 2443 Rom,

164 2455 215 2479 xit,
232 2451 255 2473 9,
271 2462 301 2466 —-
318 2449 440 2472 1031ιι111ι.
462 2455 523 2478 xm,
541 2451 578 2472 123.
596 2463 619 2465 —
638 2449 654 2465 ¹¹
677 2449 683 2472 t
704 2449 772 2478 Cor„
787 2456 833 2479 xv,
850 2451 887 2474 3¹2.
901 2465 930 2468 -

164 2485 185 2500 ¹²
199 2484 312 2515 Phillip„
329 2490 368 2514 ιιι,
384 2485 421 2514 20,
433 2485 504 2507 21.—
518 2484 537 2500 ¹²
551 2486 625 2514 Aug„
638 2484 668 2507 tle
680 2483 744 2508 verb.
757 2484 836 2512 Dora..
852 2492 928 2509 serm.

164 2525 210 2550 xu,
225 2520 257 2543 at.
275 2526 360 2549 mxu,
377 2526 403 2543 n.
419 2521 441 2544 5.
456 2531 486 2536 —
507 2520 525 2535 ¹⁶
541 2519 621 2547 loun„
639 2525 680 2549 ιιι,
696 2520 894 2551 20.-¹⁵1'1·ov.,
911 2527 928 2552 1,

167 2556 202 2577 15.
219 2567 246 2571 —
263 2555 284 2570 ¹⁶
299 2554 372 2584 thid„
389 2560 416 2583 11,
433 2555 469 2577 14.
486 2567 512 2570 —
530 2554 548 2570 1⁷
565 2554 632 2577 I'snl.
649 2560 674 2584 x,
693 2556 748 2577 6.-
764 2554 785 2570 ¹⁸
800 2555 866 2585 Tob„
882 2561 928 2585 xm,

166 2590 234 2612 {0.—
244 2589 263 2605 ¹⁹
274 2590 425 2620 August,‚1'n
437 2590 535 2618 Joann„
548 2591 618 2613 truet.
630 2594 683 2619 xlx,
693 2596 718 2612 u.
734 2590 803 2613 18.—
812 2590 832 2606 ²⁰
843 2591 848 2613 Ι
860 2591 928 2616 Cor..

168 2630 212 2654 xv,
225 2626 296 2649 5¹.—
311 2625 332 2642 ²¹
347 2626 422 2656 Aug,
435 2624 466 2648 de
484 2625 559 2648 Cim.
572 2625 630 2654 Dei,
647 2625 689 2649 lib.
705 2626 758 2656 XX,
774 2633 796 2649 e.
813 2631 846 2656 vi,
861 2633 887 2650 n.
904 2629 927 2652 2.

1705 210 1759 239 551

992 269 1120 297 rectione
1139 278 1201 297 non
1219 274 1454 306 resurrexerunt,
1477 275 1527 300 aut
1545 280 1605 301 non
1624 274 1656 301 in
1673 274 1762 302 finem

992 323 1085 351 usque
1100 319 1279 344 manserunt.
1291 327 1305 343 »
1323 319 1354 344 Et
1368 317 1439 345 tales
1453 318 1531 345 ibunt
1546 321 1574 346 ιή
1588 323 1762 348 resurrectio-

992 369 1049 388 nem
1062 362 1160 396 judicii
1170 383 1177 396 ‚
1193 362 1225 389 id
1240 365 1296 396 est,
1312 363 1518 392 damnationis.
1538 366 1570 392 Et
1583 365 1624 393 ibi
1638 366 1762 394 multum

993 406 1030 434 de
1045 407 1111 434 hoc.

1146 475 1259 503 Collatia
1278 478 1494 511 vigesimanona,
1515 486 1547 513 v,
1567 481 1610 506 35.

1029 549 1077 575 Ille
1091 551 1149 574 erat
1165 549 1271 575 lucerna
1289 549 1386 576 ardens
1408 553 1433 577 et
1449 551 1545 578 lucens.
1561 552 1592 578 In
1606 552 1651 579 his
1666 553 1764 581 verbis

993 593 1173 628 prreconium
1189 594 1267 621 beati
1278 595 1397 622 loannis
1412 603 1429 623 a
1444 596 1603 630 Salvatore,
1614 597 1645 624 in
1656 599 1764 633 quibus

994 639 1054 666 duo
1074 639 1280 667 insinuantur:
1303 649 1431 676 quorum
1454 642 1584 677 primum
1607 646 1648 671 est
1671 644 1763 672 divini

994 687 1124 722 Spiritus,
1138 688 1185 714 vel
1201 688 1347 716 charitatis
1357 689 1386 716 in
1397 691 1507 718 Joanne
1522 691 1687 726 plenitudo,
1702 693 1762 720 ibi.-

994 734 1113 759 Lucerna
1124 734 1220 761 ardens
1230 743 1240 765 ;
1253 735 1417 762 secundum
1427 739 1469 763 est
1479 737 1602 764 coelestis
1616 737 1764 773 sapientias

994 778 1149 812 claritudo,
1166 779 1207 806 ibi
1226 789 1232 806 τ
1254 781 1362 808 Lucens.
1383 782 1461 808 Unde
1483 783 1603 810 Glossa:
1622 785 1764 811 «Lucerna

994 826 1100 855 ardens,
1112 825 1219 852 scilicet
1228 826 1330 863 spiritu
1342 827 1497 862 charitatis,
1509 831 1536 855 et
1544 831 1641 864 lucens,
1652 830 1763 858 lumine

993 870 1130 897 veritatis.
1142 882 1153 895 ι)
1169 871 1212 898 Ait
1226 881 1231 898 :
1248 873 1364 899 Lucerna
1380 875 1486 900 ardens.
1504 876 1536 901 Ut
1550 875 1628 902 enim
1643 876 1682 902 ait
1696 877 1762 903 Gre-

995 916 1094 949 gorius
1108 916 1128 932 '22
1143 925 1149 942 :
1163 927 1175 942 ι(
1183 918 1312 945 Lucerna
1326 920 1367 945 est
1387 919 1438 946 lux
1460 919 1492 954 (c)
1514 920 1543 946 in
1562 922 1668 948 testa.»
1689 922 1763 949 Talis

993 961 1046 988 fuit
1066 962 1169 990 beatus
1183 965 1310 990 Joannes
1332 965 1438 992 coelesti
1459 966 1579 993 numine
1598 967 1712 1002 plenus,
1736 970 1763 995 et

993 1007 1149 1042 splendore
1160 1031 1167 1043 ,
1186 1012 1212 1036 et
1231 1011 1348 1046 spiritus
1362 1012 1476 1039 fervore
1492 1013 1521 1039 in
1536 1020 1622 1040 carne
1635 1014 1760 1041 mortali.

993 1055 1031 1081 De
1057 1062 1116 1089 qua
1142 1054 1265 1083 lucerna
1292 1057 1338 1084 hie
1366 1058 1542 1092 Augustinus
1566 1057 1587 1075 ²³
1610 1059 1760 1086 multum:

996 1110 1009 1125 «
1025 1102 1149 1128 loannes
1165 1103 1313 1137 perhibuit
1335 1104 1533 1131 testimonium
1553 1107 1694 1141 tanquam
1718 1106 1763 1133 lu-

994 1155 1101 1175 cerna:
1120 1149 1241 1176 miratus
1263 1157 1292 1176 es
1308 1150 1345 1184 (d)
1359 1149 1527 1185 lucernam3
1549 1151 1601 1178 sed
1622 1151 1673 1178 illa
1693 1152 1764 1179 dicit

994 1201 1055 1220 esse
1088 1194 1198 1229 solem,
1227 1195 1334 1223 scilicet
1353 1204 1413 1224 esse
1432 1199 1597 1224 venturum.
1620 1207 1632 1222 n
1662 1199 1694 1225 Et
1721 1199 1762 1225 ibi

993 1240 1118 1267 multum
1141 1241 1177 1267 de
1201 1241 1269 1268 hoc.
1286 1243 1317 1269 Et
1334 1250 1423 1277 supra
1441 1243 1460 1259 ²⁴⁵
1480 1245 1547 1270 :uln
1565 1246 1650 1272 nocte
1667 1245 1761 1279 venit;

993 1285 1120 1312 Christus
1153 1287 1305 1314 lucernam
1338 1289 1480 1316 accendit.
1502 1299 1515 1315 »
1553 1298 1566 1314 α
1586 1291 1617 1317 Et
1651 1292 1733 1325 Hugo
1754 1301 1759 1318 :

993 1332 1118 1359 loannes
1145 1333 1291 1367 praecessit
1319 1334 1479 1368 Christum,
1509 1335 1561 1362 lux
1585 1335 1697 1370 lucem,
1721 1337 1764 1364 lu-

995 1385 1082 1405 cerna
1110 1378 1215 1405 solem.
1231 1389 1244 1404 »
1276 1381 1306 1407 In
1331 1381 1436 1407 Psalmo
1462 1379 1483 1396 ²5
1511 1390 1518 1407 :
1551 1391 1563 1407 «
1592 1383 1691 1410 Paravi
1720 1383 1763 1410 lu-

994 1431 1110 1450 cernam
1143 1425 1253 1452 Christo
1279 1433 1357 1453 meo.
1380 1436 1392 1451 n
1420 1428 1452 1453 Et
1480 1427 1534 1454 ista
1563 1428 1683 1456 lucerna
1710 1429 1763 1457 fuit

993 1469 1100 1496 ardens
1120 1470 1302 1505 plenitudIne
1321 1471 1441 1507 Spiritus
1466 1472 1611 1501 ferventis.
1637 1476 1764 1503 Joannes

994 1515 1197 1551 interpretatur
1210 1518 1242 1543 1η
1259 1525 1309 1551 quo
1324 1519 1424 1551 qratia.
1440 1519 1497 1546 Sed
1512 1521 1604 1554 gratia
1619 1521 1665 1548 vel
1682 1521 1763 1557 spiri<

994 1563 1039 1588 tus
1067 1561 1174 1589 dicitur
1197 1562 1272 1597 ignis
1291 1563 1311 1579 ³⁰
1333 1572 1367 1590 z«
1381 1565 1480 1598 Ignem
1506 1565 1572 1592 veni
1594 1566 1705 1594 mittere
1734 1569 1763 1595 in

992 1609 1110 1640 terram,
1123 1608 1153 1634 id
1169 1611 1219 1642 est,
1236 1608 1370 1644 spiritum
1382 1609 1623 1639 inflammantem.
1640 1613 1719 1640 Unde
1737 1617 1764 1641 ct

992 1652 1022 1679 in
1044 1652 1152 1687 linguis
1173 1654 1265 1688 igneis
1287 1655 1407 1689 Spiritus
1425 1656 1456 1690 (e)
1470 1657 1627 1684 *descendit
1639 1657 1660 1675 ²⁷
1674 1667 1762 1694 super

993 1697 1161 1733 discipulos,
1178 1700 1249 1735 quia
1262 1700 1405 1728 ferventes
1425 1709 1474 1729 eos
1492 1702 1578 1737 fecit,
1593 1704 1633 1731 ait
1654 1706 1760 1739 Grego-

992 1743 1051 1771 rius
1066 1745 1084 1762 '-·⁸
1104 1745 1179 1771 istud
1202 1753 1362 1781 exponens.
1389 1748 1463 1782 ignis
1488 1749 1567 1776 enim
1588 1752 1629 1777 est
1653 1750 1762 1778 velocis

991 1792 1104 1824 motus;
1121 1793 1148 1818 et
1163 1791 1225 1825 ejus
1240 1794 1337 1819 motus
1351 1795 1393 1820 est
1407 1802 1532 1829 sursum,
1546 1797 1574 1822 et
1586 1795 1650 1823 finit
1661 1805 1760 1832 omne,

991 1837 1073 1871 quod
1091 1844 1152 1864 non
1173 1840 1214 1865 est
1232 1838 1276 1864 sui
1291 1839 1420 1874 generis,
1441 1843 1472 1867 ut
1489 1840 1529 1868 ait
1547 1842 1662 1877 sapiens
1676 1842 1707 1870 ²⁹.
1729 1845 1762 1870 Et

991 1883 1058 1911 ideo
1080 1884 1286 1912 convenienter
1307 1885 1403 1921 signat
1423 1886 1576 1922 spiritum,
1598 1889 1648 1924 qui
1671 1889 1760 1917 habet

990 1929 1156 1956 consimiles
1188 1930 1306 1958 effeetus
1337 1932 1511 1967 spirituales.
1547 1935 1578 1961 Ut
1610 1935 1689 1962 enim
1720 1936 1759 1963 ait

990 1977 1213 2012 chrysostomus
1228 1977 1283 2004 ³⁰:«
1297 1978 1444 2013 Scriptura
1464 1982 1549 2007 vocat
1564 1981 1687 2015 gratiam
1702 1982 1759 2017 spi-

988 2023 1060 2050 ritus
1072 2023 1127 2050 sub
1143 2023 1340 2059 appellatione
1356 2024 1440 2059 ignis,
1457 2028 1488 2053 ut
1503 2029 1640 2061 erectum,
1652 2029 1678 2054 et
1689 2028 1758 2055 cali-

990 2068 1072 2102 dum,
1086 2070 1117 2096 ut
1130 2072 1317 2104 peccatorum
1332 2071 1604 2106 consumptivum.»
1617 2073 1673 2100 Isto
1689 2073 1756 2108 igne

987 2116 1111 2142 Joannes
1132 2114 1184 2142 suit
1198 2115 1318 2143 lucerna
1337 2117 1461 2151 ardens,
1477 2119 1504 2144 et
1523 2118 1630 2146 deinde
1646 2119 1755 2147 lucens.

989 2161 1067 2188 Unde
1082 2162 1360 2197 Bernardus³¹quod
1373 2171 1427 2190 «ex
1437 2163 1551 2191 fervore
1558 2164 1757 2199 fuitsplendor

986 2208 1105 2236 Joannis
1121 2209 1163 2243 (Γ),
1175 2216 1236 2236 non
1250 2208 1348 2236 fervor
1365 2210 1475 2245 prodiit
1489 2218 1524 2237 ex
1541 2211 1698 2245 splendore
1717 2221 1722 2238 :
1740 2222 1754 2238 »

986 2255 1065 2290 quia,
1074 2255 1177 2290 inquit,
1184 2255 1296 2283 «lucere
1303 2264 1422 2291 vanum,
1429 2257 1756 2293 ardereparum‚lueere

986 2348 1016 2352 —
1030 2335 1051 2350 ΞΖ
1068 2335 1153 2363 Cre-g„
1168 2335 1192 2357 [η
1209 2335 1314 2365 Emmy.¹
1330 2335 1399 2359 hom.
1416 2342 1504 2366 xxxw,
1518 2343 1543 2359 ιι.
1559 2338 1581 2360 s».
1598 2349 1628 2353 —
1642 2336 1660 2350 ²³
1677 2338 1751 2368 Aug„

986 2370 1010 2393 in
1025 2369 1106 2398 Jecur,
1125 2371 1193 2393 tract.
1210 2376 1288 2400 xxm,
1306 2377 1331 2394 ιι.
1348 2373 1403 2394 2.-
1418 2371 1437 2386 ²⁵
1453 2371 1525 2401 thid„
1541 2374 1611 2395 tract.
1631 2377 1665 2401 xv,
1687 2379 1712 2395 n.
1729 2374 1752 2396 3.

986 2417 1012 2421 —-
1030 2405 1051 2421 ²⁵
1066 2404 1131 2427 μιαί.
1146 2410 1237 2433 cxxxi,
1256 2406 1323 2428 ¹7.-
1342 2405 1362 2421 2⁶
1376 2406 1442 2435 Lucu,
1457 2412 1504 2436 xu,
1520 2407 1558 2429 49.
1572 2419 1596 2423 -
1613 2406 1631 2420 ²⁷
1644 2406 1708 2436 Act„
1725 2413 1752 2438 ιι,

985 2442 1008 2464 2.
1020 2453 1048 2457 —-
1063 2440 1085 2455 ²³
1099 2441 1185 2469 Greg„
1199 2441 1223 2463 in
1243 2441 1348 2471 Evanq..
1363 2441 1432 2464 horn.
1446 2448 1471 2464 ιι.
1485 2447 1511 2472 x,
1525 2442 1548 2465 5.
1563 2454 1591 2458 —
1606 2441 1626 2457 ²⁹
1638 2441 1750 2471 Aristot„

983 2475 1013 2497 tle
1025 2474 1084 2498 Coel.
1097 2476 1120 2497 et
1133 2475 1228 2500 mund..
1241 2475 1283 2498 lib.
1299 2476 1338 2503 ΗΙ,
1356 2478 1423 2500 cont.
1440 2478 1478 2500 73.
1496 2490 1520 2493 —
1538 2477 1556 2491 ³⁰
1571 2476 1711 2507 Chrysost„
1725 2477 1750 2500 ιή

983 2510 1148 2539 dorm.‚l10111.
1165 2516 1238 2538 xxm,
1252 2510 1284 2534 al.
1300 2517 1425 2541 xxx11,u.
1444 2515 1464 2535 1.
1478 2525 1508 2529 —
1523 2512 1541 2528 ³¹
1558 2513 1683 2541 Bern.‚1'n
1698 2511 1750 2535 Na-

984 2546 1026 2569 ιιύ.
1043 2546 1069 2568 S.
1085 2546 1163 2574 Aaou„
1181 2552 1256 2569 serm.
1273 2552 1298 2570 n.
1314 2548 1336 2570 ὅ.

1016 2593 1048 2623 (ιι)
1073 2594 1132 2617 emt.
1152 2593 1211 2617 edit.
1231 2593 1346 2617 faeiat.—
1359 2594 1393 2624 (b)
1407 2594 1474 2625 quia.
1494 2607 1523 2612 -
1543 2595 1573 2625 (c)
1591 2594 1632 2618 Al.
1653 2594 1749 2621 lumen.

985 2641 1014 2646 --
1031 2628 1067 2657 (d)
1086 2630 1145 2652 (ἰεί.
1159 2628 1217 2652 edit.
1235 2630 1313 2652 est.—
1329 2630 1361 2660 (e)
1381 2629 1405 2653 in
1422 2630 1525 2660 Spiritu.
1537 2643 1568 2648 —
1581 2630 1615 2659 (s)
1629 2629 1749 2654 Joannes.
