1987 3032
192 177 251 205 394

190 243 261 268 tates
280 242 381 268 vestrae
395 240 556 268 diviserunt
571 240 643 267 inter
661 248 714 267 vos
729 242 757 267 et
778 243 877 274 Deum,
894 248 958 275 pec-

190 289 254 314 cata
267 288 363 314 vestra
381 286 599 314 absconderunt
620 286 725 313 faeiem
748 286 811 320 eJ'us
832 294 850 313 a
864 286 960 321 vobis,

189 340 226 360 ne
241 333 403 360 exaudiret.
421 343 433 359 »
455 334 462 349 ¹
480 342 494 357 α
510 334 654 360 Perversae
670 332 862 366 cogitationes
877 340 962 368 sepa-

189 381 255 407 rant
279 387 296 407 a
318 380 417 406 Deo.»
438 379 448 394 ²
464 388 478 403 «
498 380 595 412 Longe
620 378 698 406 enim
721 386 739 405 a
758 378 962 413 peccatoribus

190 426 277 453 salus
294 435 307 450 »
332 427 401 453 ltem
424 432 484 452 non
507 423 627 451 exaudit
649 426 817 460 peccatores
841 426 961 460 propter

191 479 294 499 eorum
317 470 568 498 abominationem
591 472 618 497 et
640 470 856 506 displicentiam
876 472 934 498 Deo
953 480 958 498 :

190 526 260 545 nam
273 517 365 544 oratio
384 524 444 543 non
462 518 505 543 est
519 516 682 552 placabiliS,
698 516 820 551 quando
834 524 962 551 persona

191 566 233 591 est
253 562 447 598 displicibilis.
464 563 485 579 ¹³
503 572 516 588 α
533 562 667 598 Respexit
683 563 758 589 Deus
777 562 816 589 ad
836 562 919 595 Abel,
934 565 961 590 ct

189 610 228 637 ad
246 616 369 636 munera
383 609 460 643 ejus3
482 609 521 636 ad
536 609 605 636 Cain
620 611 718 636 autem
738 610 765 636 et
785 608 823 636 ad
838 616 962 636 munera

189 657 251 691 ejus
270 663 331 682 non
348 655 484 691 respexit.
501 665 515 681 n
537 656 628 690 Super
646 655 730 690 quod
748 654 903 689 Gregorius
922 656 932 671 4

190 711 203 727 ι(
227 704 266 729 Ex
291 701 386 729 dantis
409 701 510 736 corde,
530 701 562 728 id
584 701 666 737 quod
685 701 781 736 datur,
805 700 958 736 ancipitum

187 748 255 776 ideo
270 756 330 775 non
345 748 417 775 Abel
437 756 472 775 ex
487 748 674 782 muneribus;
691 747 743 775 sed
758 755 793 775 ex
806 747 878 775 Abel
893 755 959 774 mu-

187 802 259 822 nera
273 794 456 830 placuerunt.
474 806 486 819 υ
502 796 533 822 Et
548 786 618 830 quia
632 796 800 829 peccatores
815 793 887 821 tales
902 794 958 821 Deo

188 841 350 876 displicent,
366 841 434 868 ideo
449 841 521 868 tales
539 849 600 868 non
615 840 698 868 audit
716 840 725 856 ⁵
742 848 748 867 τ
768 850 782 865 «
797 841 869 867 Cum
883 840 960 867 mul-

185 887 362 923 tiplicaveris
387 887 545 920 orationes,
565 895 626 914 non
647 886 804 913 exaudiam
825 895 831 912 τ
853 893 958 913 manus

185 934 264 960 enim
278 935 379 960 vestrae
400 933 495 968 plenae
514 935 580 960 sunt
602 932 754 967 sanguine.
772 942 784 958 n
807 933 816 948 ⁶
835 942 849 958 «
865 932 892 959 Si
907 932 958 959 al>-

184 980 298 1007 stuleris
313 980 509 1015 iniquitatem,
523 987 588 1015 quae
606 981 648 1006 est
663 979 693 1006 in
708 986 800 1006 manu
813 980 873 1012 tua,
890 980 958 1006 tune

182 1026 280 1054 levare
299 1026 408 1062 poteris
425 1025 530 1053 faciem
546 1027 636 1053 tuam.
652 1035 665 1051 w
688 1025 731 1053 lbi
753 1025 908 1059 Gregorius
924 1026 934 1042 ⁷
949 1033 955 1052 ;

185 1082 199 1098 «
219 1072 326 1100 Diffidit
342 1080 472 1107 namque
493 1072 626 1107 accipere
645 1080 674 1099 se
695 1079 781 1106 posse
801 1071 883 1107 quod
905 1079 956 1106 ap-

182 1120 264 1155 petit,
283 1118 333 1154 qui
353 1119 390 1154 (α)
412 1118 544 1154 profecto
560 1118 594 1153 (b)
611 1117 807 1145 reminiscitur
823 1117 901 1145 nolle
925 1125 955 1144 se

182 1165 280 1193 adhuc
301 1164 410 1198 facere,
436 1164 519 1200 quod
540 1164 678 1191 divinitus
702 1163 824 1191 audivit.
846 1174 860 1189 »
885 1164 955 1191 Item

181 1215 349 1248 peccatores
365 1212 436 1239 tales
450 1219 511 1239 non
530 1211 622 1245 audit,
640 1213 759 1246 propter
773 1218 832 1237 suae
850 1211 955 1244 maJ‘es-

182 1259 245 1286 tatis
261 1260 287 1286 et
302 1266 360 1285 suae
371 1258 443 1292 legis
455 1265 472 1284 a
486 1257 594 1284 talibus
609 1256 912 1292 contemptibilitatem
923 1258 933 1272 ⁸
946 1264 952 1282 :

182 1314 195 1330 «
218 1305 271 1338 Qui
298 1304 399 1332 avertit
419 1311 521 1330 aurem
545 1311 628 1330 suam
654 1310 690 1329 ne
717 1302 818 1329 audiat
844 1302 953 1336 legem,

180 1351 274 1379 oratio
294 1351 355 1385 ejus
376 1349 430 1377 erit
445 1349 626 1377 execrabilis.
644 1359 657 1374 >›
681 1349 772 1383 Super
788 1348 871 1384 quod
890 1350 954 1375 Gre-

180 1397 291 1432 gorius,
306 1398 372 1432 post
385 1395 564 1431 principium
576 1396 586 1411 ⁹
598 1404 604 1422 :
625 1404 638 1420 «
652 1396 766 1429 Rogant
780 1395 869 1421 Deum
875 1403 884 1428 ,·
901 1394 953 1421 sed

180 1443 313 1470 exaudiri
337 1442 458 1469 minime
483 1442 646 1474 merentur,
670 1440 720 1475 qui
743 1440 873 1475 jubentis
901 1441 953 1467 Do-

179 1489 251 1516 mini
269 1490 414 1524 prmccpta
429 1488 630 1515 contemnunt.
647 1497 660 1511 n
685 1488 717 1513 Et
736 1486 805 1513 ideo
825 1486 875 1521 qui
890 1486 953 1513 vult

179 1535 311 1563 exaudiri
323 1535 352 1561 in
368 1534 551 1562 orationihus
566 1534 636 1567 suis,
650 1533 685 1560 sit
698 1533 792 1560 cultor
805 1533 865 1565 Dei,
877 1535 903 1559 et
914 1532 953 1560 fa-

179 1582 235 1608 ciat
258 1581 320 1615 ejus
341 1580 534 1608 voluntatem.
550 1581 582 1607 Et
601 1579 637 1606 de
661 1579 718 1606 hoc
737 1579 768 1606 in
789 1578 951 1606 collatione

178 1627 360 1663 praedicabili
376 1627 406 1653 ¹0.
422 1628 453 1653 Et
470 1627 540 1653 nota
555 1625 638 1660 quod
653 1625 692 1652 ait
712 1626 752 1659 (v.
769 1624 812 1660 32)
835 1633 840 1651 :
862 1625 887 1650 A
905 1632 951 1650 sw—

178 1674 235 1700 culo
250 1681 302 1700 non
317 1676 355 1700 est
370 1673 502 1703 auditum,
515 1673 580 1706 quia
594 1673 655 1706 quis
670 1672 777 1705 apernit
791 1672 878 1698 oculos
891 1672 952 1698 caeci

177 1721 246 1747 viati.
259 1719 336 1746 Sicut
352 1718 431 1746 enim
447 1717 537 1745 solius
556 1717 605 1744 Dei
623 1717 841 1752 estjustificare,
852 1716 892 1744 ita
907 1716 951 1743 sui

177 1766 267 1793 solius
281 1767 324 1792 est
345 1773 363 1792 a
382 1764 508 1792 caecitate
523 1764 617 1799 culpae
630 1763 799 1790 illuminare
819 1772 826 1790 ε
846 1770 950 1798 pecca-

178 1814 239 1840 tum
261 1812 340 1839 enim
361 1813 494 1844 excaecat,
515 1811 585 1846 quia
612 1810 716 1837 delicta
741 1809 841 1837 oculos
872 1809 951 1836 clau-

177 1861 274 1886 serant
289 1867 295 1884 :
312 1866 366 1885 nec
385 1858 528 1885 sciverant
549 1857 580 1892 (c)
597 1857 699 1884 oculos
714 1856 825 1889 videre,
841 1855 881 1883 ait
894 1858 951 1882 Au-

176 1906 308 1940 gustinus
324 1907 355 1933 ¹¹.
377 1905 456 1932 Unde
472 1905 546 1932 sicut
567 1904 678 1931 caecitas
699 1902 861 1938 corporalis
882 1902 950 1930 facit

175 1952 328 1979 hominem
342 1952 478 1986 ignarum
490 1951 520 1978 in
536 1949 741 1983 discernendo,
753 1949 904 1976 incautum
919 1948 949 1975 in

176 1998 323 2031 evitando,
345 1998 477 2032 ineptum
499 1997 530 2024 in
556 1996 688 2031 agendo,
715 1995 894 2031 praeeipitem
919 1994 948 2022 in

176 2045 274 2072 eundo
281 2054 289 2079 3
306 2044 346 2071 sie
369 2043 456 2078 culpa
470 2042 656 2078 spiritualiter
670 2042 738 2073 facit
759 2042 948 2069 indiscretum

176 2091 205 2118 in
220 2089 415 2118 discernendo
431 2090 450 2105 ¹²
468 2098 474 2116 z
494 2098 508 2114 «
523 2089 637 2123 Audite,
653 2088 730 2122 coeci,
747 2090 775 2115 et
792 2087 947 2115 intuemini

176 2137 214 2164 ad
226 2136 432 2171 judicandum.
447 2146 461 2161 n
478 2137 547 2162 ltem
561 2134 628 2162 facit
646 2134 797 2161 incautum
812 2134 842 2160 in
857 2133 947 2160 decli-

175 2183 286 2216 nando,
302 2184 330 2210 et
349 2182 380 2209 in
402 2181 538 2209 evitando
558 2180 578 2196 ¹³
600 2189 606 2207 :
627 2180 840 2215 «palpavimus
863 2179 947 2214 quasi

175 2229 241 2256 caeci
256 2229 407 2264 parietem,
420 2230 447 2255 et
461 2227 574 2262 absque
589 2226 682 2254 oculis
693 2225 918 2253 attrectavimus.
930 2236 943 2249 n

175 2274 255 2302 Tales
274 2275 353 2302 enim
372 2282 433 2302 non
457 2273 619 2309 praevident
637 2272 778 2308 pericula.
794 2273 865 2299 Item
879 2271 947 2299 facit

206 2357 213 2372 ¹
230 2356 299 2386 Scep„
317 2362 333 2386 1,
349 2358 371 2379 3.
386 2370 417 2374 —
430 2357 441 2373 2
457 2356 525 2380 Psal.
542 2361 631 2385 cxvni,
649 2357 700 2379 155.
714 2368 744 2373 —
758 2355 768 2371 3
784 2355 855 2384 Gen„
874 2360 907 2383 lv,
921 2356 944 2384 4,

174 2393 197 2415 5.
219 2404 249 2408 —
270 2391 279 2406 ¹·
301 2392 386 2421 Greg„
412 2391 512 2421 Moral.‚
536 2391 580 2415 lib.
607 2391 688 2420 xxll,
711 2397 733 2413 c.
759 2396 820 2420 Vlll,
840 2390 872 2412 al.
891 2395 943 2420 xw,

174 2434 200 2450 n.
216 2428 255 2450 28.
270 2440 300 2444 —
319 2427 326 2440 ⁵
349 2427 408 2456 Issa,
429 2434 450 2456 1,
472 2428 506 2450 15.
527 2440 552 2443 -
573 2427 582 2440 ⁶
601 2425 660 2452 Joh,
675 2427 774 2455 x1‚15.
790 2426 843 2442 —7
859 2427 944 2455 meg„

174 2462 273 2491 Moram,
288 2461 331 2485 lib.
348 2462 378 2491 X,
397 2469 417 2485 c.
434 2468 470 2490 xx,
486 2462 518 2485 al.
532 2468 574 2490 XV,
589 2469 614 2484 n.
632 2462 670 2485 ΞΤ,
683 2474 714 2478 -
729 2461 736 2474 ³
754 2461 836 2490 Prota,
852 2466 944 2490 xxvm,

173 2499 196 2521 9.
220 2510 243 2514 —
261 2498 269 2511 Β
285 2497 371 2527 Greg.‚
386 2496 487 2525 Meu-al.y
503 2497 546 2520 lib.
567 2497 633 2527 XVl,
649 2504 670 2520 c.
688 2502 729 2527 ix,
743 2496 776 2519 al.
795 2502 848 2525 xxx,
863 2502 889 2519 n.
905 2498 943 2518 26.

172 2545 204 2550 —-
227 2533 246 2549 ¹¹¹
266 2532 322 2556 Vid.
341 2532 399 2560 inf.,
420 2531 523 2560 Collat„
544 2538 624 2555 xixti.
647 2545 669 2548 -
694 2532 712 2547 1¹
736 2533 810 2561 Aug„
831 2532 854 2553 in
877 2530 943 2554 Psnl.

175 2573 248 2597 xvlll,
266 2568 353 2591 Enarr.
370 2573 387 2597 1,
402 2574 428 2590 n.
450 2568 486 2589 13.
501 2567 638 2593 ——121sa.,
656 2572 719 2595 imi,
738 2568 774 2589 ¹8.
790 2580 818 2584 —
835 2567 852 2581 ¹¹
870 2566 944 2594 thid„

174 2608 233 2632 le,
252 2605 286 2627 10.
307 2616 336 2619 —
353 2602 373 2619 ¹³
392 2602 492 2630 Tltren„
514 2607 548 2630 ιν,
572 2603 606 2624 14.
628 2614 658 2618 -
679 2602 698 2618 ¹¹⁵
715 2603 733 2624 ll
751 2603 865 2631 l'et1-.,1‚
881 2604 902 2625 n.
914 2614 943 2618 —

716 173 929 204 EVANGELH
954 173 1091 206 SANCTI
1110 172 1275 204 JOANle

1017 240 1169 268 hominem
1183 239 1316 276 ineptum
1330 241 1360 268 in
1374 242 1527 277 operando
1538 242 1557 259 ¹⁶
1573 252 1600 270 :u
1615 245 1790 274 Erraverunt

1017 286 1047 313 in
1070 285 1190 321 plateis,
1212 297 1226 312 »
1250 288 1303 314 etc.
1324 287 1344 304 ¹³
1361 297 1374 313 (ι
1391 288 1441 316 llic
1461 297 1554 316 caecus
1573 292 1601 317 et
1618 297 1710 318 manu
1730 292 1789 318 ten-

1017 334 1090 366 tans,
1109 342 1122 358 »
1146 334 1198 360 etc.
1215 334 1289 360 Bene
1308 333 1348 361 ait
1367 344 1374 359 :
1397 343 1479 362 manu
1501 338 1618 369 tentans,
1634 344 1695 364 non
1717 344 1788 372 ope-

1017 387 1096 413 rans,
1108 379 1155 406 vel
1163 379 1316 414 perficiens
1327 380 1375 414 (d).
1393 382 1461 408 ltem
1471 381 1537 409 lacit
1548 382 1700 410 hominem
1711 391 1787 418 prae-

1017 425 1135 460 cipitem
1152 425 1183 452 in
1201 426 1299 453 eundo
1318 426 1338 442 ¹⁶
1355 436 1362 453 z
1383 436 1395 452 (ι
1410 427 1438 454 Si
1454 436 1545 455 caecus
1559 437 1634 456 coeco
1649 429 1788 457 ducatum

1016 471 1157 506 praebeat,
1169 471 1259 498 ambo
1274 471 1304 498 in
1319 471 1436 499 foveam
1450 474 1568 502 eadunt.
1580 484 1593 500 »
1610 475 1653 502 Ab
1668 475 1721 503 ista
1733 483 1787 502 cae-

1021 517 1105 544 citate
1121 517 1202 544 solus
1215 518 1288 544 neus
1304 517 1449 546 illuminat
1462 519 1480 535 ¹⁷
1497 528 1503 547 :
1522 530 1536 546 «
1551 521 1692 549 Dominus
1706 522 1787 550 enim

1015 563 1161 590 illuminat
1175 571 1277 597 caecos,
1291 573 1304 589 »
1323 564 1362 591 ait
1376 565 1528 600 Propheta.

1051 611 1095 636 34.
1109 611 1141 636 Et
1154 610 1286 645 sequitur
1296 611 1400 639 ultima
1414 611 1568 647 particula,
1584 612 1613 640 in
1627 621 1686 649 qua
1699 622 1788 643 cona-

1014 655 1122 682 bantur
1147 664 1215 683 eum
1242 656 1381 684 inducere
1411 657 1524 692 injuriis
1549 658 1588 685 ad
1616 660 1786 694 negandum

1015 701 1159 729 Christum
1177 711 1183 728 :
1203 704 1336 730 Dixeritne
1352 705 1377 730 ei
1395 712 1405 730 .·
1421 706 1454 731 In
1473 706 1592 739 peccatis
1606 708 1687 732 uatus
1707 714 1733 734 es
1749 710 1787 734 to-

1015 751 1068 781 lus,
1085 750 1108 774 ec
1124 751 1153 775 tu
1167 749 1242 775 doces
1255 752 1322 776 nos?
1336 750 1442 783 Quaerit
1453 751 1640 785 Augustinus,
1656 752 1730 788 quid
1745 755 1790 781 est

1016 796 1103 828 totus,
1120 794 1149 821 in
1169 794 1291 822 homilia
1307 795 1345 830 ¹⁵3
1364 798 1391 822 et
1406 797 1575 831 respondet,
1591 798 1674 832 quod
1691 808 1705 824 u
1719 806 1788 827 cum

1015 840 1108 866 oculis
1126 840 1265 868 clausis.»
1286 842 1317 868 Ut
1342 842 1420 869 enim
1444 842 1484 869 ait
1503 843 1727 878 chrysostomus
1741 845 1784 873 ¹⁹:

1016 895 1030 911 ι(
1045 885 1119 918 Quia
1138 887 1290 914 veritatem
1309 887 1424 915 locutus
1443 891 1495 923 est,
1515 889 1637 924 quando
1656 891 1786 918 maxime

1014 939 1082 959 eum
1104 932 1244 960 admirari
1267 934 1433 969 oportebat,
1451 942 1519 962 eum
1534 935 1744 970 condemnant,
1758 939 1788 965 et

1013 978 1169 1006 caecitatem
1184 979 1209 1006 ei
1222 980 1415 1014 exprobrant3
1433 988 1466 1008 ac
1481 981 1504 1008 si
1520 981 1651 1009 dicerent
1666 991 1672 1009 x
1689 984 1711 1010 A
1726 983 1786 1018 pri-

1012 1033 1061 1052 ma
1079 1027 1161 1052 aetate
1182 1025 1213 1052 in
1234 1026 1360 1060 peccatis
1378 1034 1420 1060 OS,
1435 1029 1461 1054 et
1479 1029 1599 1062 propter
1617 1027 1674 1056 hoc
1693 1036 1786 1056 caecus

1011 1071 1102 1098 sactus
1117 1079 1157 1098 es.
1172 1082 1184 1097 n
1199 1073 1234 1098 Ec
1251 1072 1382 1105 ejecerunt
1396 1081 1453 1099 eum
1465 1074 1549 1107 foras,
1564 1073 1596 1100 id
1611 1076 1662 1108 est,
1679 1074 1716 1102 de
1733 1083 1783 1111 sy-

1011 1125 1129 1151 nagoga
1142 1118 1340 1152 projecerunt,
1355 1119 1395 1146 ait
1417 1119 1580 1146 Anselmus.
1597 1121 1629 1148 Ut
1650 1120 1729 1148 enim
1745 1121 1785 1149 ait

1011 1164 1189 1198 Augustinus
1201 1163 1222 1181 ‘²⁰
1238 1173 1263 1190 z«
1279 1164 1335 1199 Ipsi
1352 1165 1436 1192 illum
1451 1165 1625 1200 magistrum
1639 1166 1782 1202 feccrunt;

1009 1210 1065 1244 ipsi
1081 1212 1112 1236 ut
1127 1209 1282 1244 discerent,
1295 1210 1377 1237 toties
1392 1218 1458 1238 eum
1474 1211 1740 1248 interrogaverunt3
1756 1215 1785 1241 et.

1009 1255 1117 1290 ingrati
1129 1255 1285 1283 docentem
1300 1256 1520 1291 projecerunt.»
1537 1259 1569 1284 Et
1582 1257 1613 1284 in
1625 1257 1682 1285 hoc
1694 1258 1783 1286 bene-

1009 1302 1110 1330 ficium
1133 1311 1275 1337 magnum
1301 1303 1327 1330 ei
1349 1304 1543 1332 contulerunt.
1567 1305 1647 1333 Unde
1670 1308 1782 1341 Augus-

1009 1349 1086 1376 tinus
1098 1350 1118 1365 ‘21
1136 1358 1143 1376 :
1161 1359 1175 1374 «
1190 1349 1232 1377 llli
1248 1349 1371 1384 pellunt,
1388 1350 1496 1386 excipit
1511 1351 1649 1379 Dominus
1664 1360 1671 1378 :
1687 1353 1781 1388 magis

1010 1396 1089 1422 enim
1103 1396 1174 1432 quia
1186 1396 1325 1431 expulsus
1340 1399 1392 1431 est,
1407 1397 1584 1425 Christianus
1594 1397 1687 1425 factus
1700 1401 1751 1426 est.
1764 1409 1778 1426 »

1009 1443 1041 1468 Et
1054 1441 1090 1469 de
1104 1442 1161 1469 hoc
1176 1441 1400 1478 Chrysost‘omus
1418 1444 1496 1470 bene
1506 1444 1528 1460 ΕΞ
1545 1453 1551 1471 ;
1571 1453 1584 1469 ι(
1599 1445 1663 1472 llaee
1675 1445 1782 1480 scripta

1008 1490 1085 1522 sunt,
1105 1490 1137 1515 ut
1156 1496 1210 1518 nos
1233 1489 1404 1516 imitemur:
1424 1489 1448 1515 si
1467 1489 1545 1516 enim
1565 1490 1616 1525 qui
1636 1491 1779 1525 medicus,

1009 1534 1060 1569 qui
1080 1542 1183 1568 caecus,
1203 1535 1254 1569 qui
1274 1542 1370 1570 neque
1394 1534 1467 1562 vidit
1486 1535 1629 1562 Christum
1646 1536 1701 1571 (e),
1718 1538 1780 1564 tan-

1008 1582 1067 1607 tam
1082 1579 1319 1615 propalationem
1335 1581 1371 1615 (f)
1385 1581 1522 1614 ostendit,
1537 1583 1564 1608 et
1578 1589 1638 1609 non
1649 1583 1741 1616 cessit,
1753 1584 1780 1610 et

1007 1625 1100 1652 voluit
1123 1626 1198 1653 mitti
1221 1627 1315 1661 magis
1339 1629 1420 1654 extra
1441 1634 1626 1662 synagogam
1634 1637 1642 1662 3
1668 1631 1778 1663 quanto

1008 1671 1101 1706 magis
1121 1679 1186 1706 nos,
1207 1673 1257 1707 qui
1278 1672 1392 1699 infinita
1413 1672 1556 1701 miracula
1576 1673 1704 1701 vidimus
1729 1674 1778 1709 (q),

1006 1718 1121 1752 maj0ra
1139 1718 1283 1745 beneficia
1301 1718 1493 1754 suscepimus,
1512 1719 1655 1746 debemus
1670 1719 1779 1748 scilicet

1006 1764 1137 1798 profiteri
1150 1764 1312 1799 veritatem,
1327 1766 1355 1791 et
1366 1772 1421 1800 pro
1437 1772 1472 1792 ea
1485 1765 1624 1793 sustinere
1634 1766 1648 1792 ⁶?
1659 1775 1673 1792 n
1700 1772 1703 1773 ⁷

1043 1812 1085 1838 35.
1099 1813 1131 1838 Et
1145 1811 1276 1847 sequitur
1290 1811 1374 1839 tertia
1383 1819 1452 1847 pars
1463 1811 1634 1847 principalis
1645 1812 1777 1848 capituli,

1006 1857 1036 1884 in
1059 1865 1118 1892 qua
1142 1857 1179 1884 de
1202 1857 1332 1885 interiori
1355 1861 1381 1885 et
1398 1858 1539 1893 spirituali
1563 1858 1777 1887 illuminatione

1007 1902 1083 1935 caeci,
1100 1901 1160 1929 sive
1176 1901 1393 1936 informatione,
1409 1902 1450 1929 ibi
1468 1911 1474 1929 ε
1488 1903 1607 1930 Audivit
1620 1904 1706 1937 Jesus,
1722 1906 1774 1931 etc.

1007 1949 1037 1974 Et
1051 1947 1093 1974 ibi
1113 1949 1240 1983 quatuor
1255 1957 1262 1975 z
1284 1948 1392 1983 primo,
1409 1957 1426 1976 a
1445 1948 1556 1976 Christo
1573 1950 1634 1983 ejus
1648 1949 1776 1977 inventio

1005 1996 1032 2021 et
1048 1993 1231 2028 informati03
1247 1994 1389 2027 seeundo,
1407 1994 1572 2022 communis
1585 1995 1687 2022 Christi
1702 1995 1775 2023 doc-

1004 2039 1090 2072 trina,
1106 2039 1166 2067 sive
1181 2039 1316 2074 eruditio,
1331 2040 1373 2067 ibi
1384 2041 1406 2057 ²³
1423 2049 1429 2067 :
1446 2042 1524 2067 Dc‘oeit
1540 2042 1625 2075 Jesus,
1641 2042 1707 2075 etc.;
1721 2043 1775 2069 ter-

1005 2086 1054 2120 tio,
1069 2086 1238 2114 Judaeorum
1249 2086 1398 2121 inquisitio
1414 2086 1606 2121 indignativa,
1623 2087 1665 2114 ibi
1680 2086 1702 2104 2²³
1717 2096 1724 2114 :
1739 2089 1774 2114 Et

1004 2133 1158 2166 audierunt,
1171 2134 1236 2167 etc.;
1253 2135 1368 2167 quarto,
1379 2132 1481 2159 Christi
1495 2132 1658 2168 responsio,
1673 2132 1716 2160 ibi
1729 2133 1750 2149 ²⁵
1763 2141 1770 2160 :

1006 2180 1082 2205 Dt'aeic
1096 2180 1133 2206 eis
1147 2180 1231 2211 Jesus,
1242 2180 1295 2206 etc.

1039 2224 1083 2251 Ait
1105 2232 1176 2265 ergo
1201 2233 1206 2251 :
1230 2224 1346 2251 Audivz't
1368 2224 1442 2251 Jesus
1465 2225 1530 2258 quia
1560 2224 1691 2257 ejecissent
1715 2232 1773 2251 eum

1004 2306 1023 2321 ¹⁶
1037 2305 1136 2333 Mami„
1158 2311 1199 2335 xv,
1221 2307 1258 2329 ll.
1271 2318 1302 2321 —
1320 2305 1339 2321 ¹⁷
1355 2304 1422 2328 psal.
1443 2310 1517 2334 cuv,
1533 2306 1555 2328 8.
1571 2318 1601 2322 -
1616 2304 1636 2320 ¹⁸
1657 2305 1730 2335 Aug„
1747 2305 1772 2328 in

1001 2341 1083 2370 doun„
1102 2343 1174 2364 tract.
1196 2346 1265 2370 xmv,
1285 2347 1309 2364 n.
1335 2342 1369 2363 14.
1392 2352 1420 2356 ——
1443 2340 1460 2356 ¹⁹
1478 2339 1620 2370 Chrysost„
1641 2340 1683 2363 uhi
1703 2347 1771 2369 sup„

1002 2382 1027 2399 n.
1056 2378 1079 2398 23.
1102 2389 1133 2393 —
1156 2377 1174 2390 ²²
1200 2378 1273 2405 Aug„
1298 2375 1341 2399 ubi
1361 2383 1418 2406 sup.
1442 2388 1471 2392 —
1491 2376 1508 2391 ²¹
1534 2375 1607 2403 thid„
1630 2381 1656 2398 n.
1682 2377 1720 2398 15.
1741 2387 1772 2391 —

1003 2411 1020 2424 ²²
1035 2410 1175 2442 Chrysost„
1192 2411 1236 2435 ulii
1249 2418 1316 2441 sup.,
1338 2417 1363 2435 u.
1380 2413 1403 2435 4.
1424 2424 1449 2427 —
1467 2411 1485 2426 ²³
1502 2410 1558 2440 tur„
1579 2411 1618 2434 37.
1633 2421 1664 2427 -
1677 2409 1698 2425 ²⁵
1712 2409 1770 2439 lus,

1002 2447 1040 2469 40.
1051 2459 1079 2462 —
1096 2447 1114 2460 ²⁵
1128 2446 1185 2476 lnf.‚
1202 2448 1238 2471 41.

1034 2495 1064 2523 (a)
1077 2495 1178 2525 [θρίων
1189 2495 1214 2518 in
1226 2494 1348 2526 oriqinali
1358 2500 1423 2524 quae,
1435 2493 1530 2517 scilicet
1540 2499 1653 2516 mens.—
1666 2492 1694 2521 (b)
1709 2492 1768 2517 czet.

1000 2530 1060 2553 edit.
1076 2537 1121 2560 pro
1135 2530 1202 2554 facto
1224 2544 1254 2548 —
1272 2531 1298 2559 (ις)
1314 2530 1482 2553 nesciverunt.
1495 2541 1524 2545 -—
1545 2528 1584 2557 (d)
1596 2528 1769 2558 supet-ficiens.

1000 2566 1069 2595 -(e)
1087 2566 1147 2589 Czet.
1167 2566 1226 2589 edit.
1247 2565 1311 2588 deest
1326 2565 1499 2589 Christum.—
1512 2564 1547 2592 (s)
1566 2563 1620 2593 [ψῃ.
1642 2563 1769 2586 fiduciam.

1003 2600 1130 2630 chrysost.
1152 2601 1297 2632 παρ’ρησιαν.
1313 2613 1343 2617 -
1364 2601 1398 2630 (9)
1416 2599 1475 2622 Cael.
1491 2597 1550 2622 edit.
1567 2597 1632 2621 dves!
1651 2598 1768 2622 vidimus.
