1987 3032
717 208 921 240 EXPOSITIO
944 207 984 239 IN
1005 207 1090 239 CAP.
1114 207 1176 239 XV.

149 288 239 316 opera
257 286 344 315 super
363 279 516 310 naturam,
539 276 611 303 sicut
632 284 723 311 opera
742 275 865 311 gratuita
888 276 916 302 et

148 326 243 359 bona,
271 325 310 353 ad
336 332 400 359 quae
422 330 483 350 non
504 323 599 357 potest
621 322 712 349 homo
739 322 801 349 sine
823 321 916 356 gratia

149 372 248 399 divina
266 371 397 398 elevante
404 379 412 403 ;
433 368 570 404 quaedam
590 376 659 395 vero
675 370 743 396 sunt
759 375 850 404 opera
864 375 917 395 na-

147 417 268 451 turalia,
298 416 336 444 ad
370 423 427 450 que
456 422 517 441 non
542 416 637 449 potest
669 414 730 441 sine
759 415 816 441 Deo
847 421 916 440 con-

147 465 291 496 servante,
315 462 388 488 sicut
406 468 459 488 nec
483 463 588 488 natura
608 462 703 495 potest
729 462 822 493 stare,
847 460 917 495 quia

147 517 214 537 cum
233 509 336 536 cuncta
359 515 394 534 ex
414 506 505 534 nihilo
529 507 605 534 facta
633 508 717 541 sunt,
745 514 849 533 eorum
876 514 918 533 es-

146 554 237 582 sentia
265 554 303 581 ad
327 553 452 580 nihilum
474 553 621 586 tenderet,
642 552 697 580 nisi
721 554 825 579 auctor
851 560 916 579 om—

145 601 228 628 nium
256 608 347 628 manu
372 607 497 634 regnum
530 600 654 633 teneret,
681 598 720 626 ait
747 599 901 633 Gregorius
907 608 915 633 3

145 647 283 683 quaedam
297 648 364 674 sunt
387 645 463 673 infra
485 647 637 679 naturam,
654 645 685 672 id
700 647 758 677 est,
781 653 798 672 a
813 646 918 673 natura

146 693 297 721 deficiente
307 714 315 727 ,
330 694 361 720 ut
382 700 471 728 opera
490 694 678 726 peecatorum
692 700 698 718 ε
716 694 742 718 et
756 691 808 718 illa
823 698 916 726 quan-

145 741 208 767 tum
223 739 262 767 ad
274 739 305 766 id
319 738 401 774 quod
422 740 464 765 est
479 737 712 765 deordinationis
729 740 755 764 et
770 737 915 771 defectus,

146 786 183 814 ab
198 786 262 821 ipso
284 785 403 813 homine
419 787 499 819 sunt,
526 786 670 820 quantum
685 792 757 811 vero
772 783 811 811 ad
825 784 915 811 actio-

145 841 214 862 nem
239 833 414 860 substratam
441 831 658 860 deordinationi
682 832 710 858 et
735 829 873 865 defectui,
899 839 916 859 a

146 882 204 908 Deo
220 880 318 907 sums·
338 889 350 904 «
366 878 492 906 Perditio
509 880 571 911 tua,
588 877 674 905 Israel
689 885 694 903 :
712 877 916 905 tantummodo

145 926 175 953 in
196 934 244 953 me
270 925 422 953 auxilium.
446 935 458 951 »
486 925 526 952 Ad
552 924 633 951 aliud
656 923 916 958 respondendum,

146 973 228 1009 quod
241 972 316 1000 illud
331 974 373 1000 est
382 971 606 1006 intelligendum
619 973 739 1006 propter
751 970 916 998 libertatem

145 1019 272 1053 arbitrii,
289 1019 372 1053 cujus
387 1020 429 1045 est
443 1018 550 1052 eligere
571 1018 597 1044 et
612 1024 764 1051 respuere,·
786 1016 859 1043 nihil
874 1017 916 1043 ta-

145 1073 214 1093 men
227 1066 321 1100 potest
335 1064 465 1092 effective
489 1071 575 1098 agere
594 1063 655 1090 sine
671 1062 771 1090 divina
788 1063 892 1090 virtute
906 1072 915 1088 .-

149 1120 162 1137 κ
173 1113 247 1138 Deus
261 1111 340 1138 enim
356 1112 366 1128 ‘³
382 1112 520 1146 operatur
533 1110 563 1136 in
577 1109 665 1136 nobis
677 1109 770 1142 velle,
787 1111 814 1136 et
828 1108 915 1144 perfi-

145 1165 220 1185 cere.
237 1167 249 1183 »
268 1158 299 1184 Et
312 1158 396 1191 nota,
420 1156 503 1191 quod
524 1156 554 1183 in
575 1156 713 1183 omnibus
727 1164 793 1191 quze
812 1155 916 1190 repetit

144 1203 205 1236 hic,
222 1211 336 1241 summa
351 1205 407 1237 est,
421 1203 503 1238 quod
517 1202 556 1229 ad
570 1203 626 1229 hoc
641 1204 673 1229 ut
687 1202 816 1237 palmes,
833 1202 864 1228 id
875 1204 916 1229 est

144 1250 254 1284 fidelis,
266 1250 432 1283 fructificet,
445 1257 563 1276 necesse
576 1250 616 1276 est
628 1251 658 1276 ut
672 1249 703 1275 in
718 1250 775 1276 Deo
786 1250 914 1281 maneat,

110 1323 116 1329 ,
146 1298 173 1324 et
187 1298 260 1323 Deus
274 1296 304 1323 in
316 1304 361 1324 eo.
377 1295 457 1322 Unde
468 1295 643 1330 Augustinus
654 1295 674 1329 ³,
686 1294 768 1330 quod
785 1305 797 1318 «
809 1294 914 1329 palmi-

145 1344 186 1370 tes
209 1342 356 1378 accipiunt
376 1350 393 1369 a
410 1342 467 1369 vite
483 1342 562 1369 unde
578 1341 688 1368 vivant.
706 1350 719 1367 v
740 1341 750 1357 ‘t
775 1350 788 1366 κ
802 1340 829 1368 Si
844 1340 913 1367 dili-

144 1397 248 1424 gamus
262 1389 402 1422 invicem,
420 1389 491 1415 Deus
503 1388 532 1415 in
547 1388 633 1415 nobis
648 1389 756 1415 manet.
772 1397 785 1412 »
803 1387 844 1414 lbi
860 1389 913 1414 Au-

145 1436 276 1471 gustinus
291 1435 300 1451 ⁵
316 1444 322 1462 z
341 1444 355 1460 «
372 1434 500 1461 Vicissim
522 1434 673 1467 habitant,
697 1434 748 1469 qui
768 1433 913 1466 continet,

144 1484 171 1509 et
186 1482 236 1517 qui
251 1481 423 1509 continetur.
441 1481 557 1508 Habitus
572 1489 600 1507 in
617 1482 689 1513 Deo,
710 1480 763 1507 sed
778 1482 809 1507 ut
823 1479 914 1507 conti-

143 1528 251 1562 nearis;
272 1528 384 1555 habitat
398 1528 428 1554 in
443 1529 470 1554 te
487 1529 575 1560 Deus,
595 1526 647 1553 sed
662 1528 693 1553 ut
707 1528 734 1553 te
751 1526 911 1560 contineat,

142 1582 179 1601 ne
195 1574 291 1601 cadas.
306 1583 320 1599 n
338 1575 369 1601 Et
385 1573 427 1600 ibi
441 1573 517 1600 bene
541 1573 576 1600 de
599 1573 665 1600 hoo.
689 1574 758 1600 Item
775 1573 913 1608 Chryses-

143 1622 239 1648 tomus
253 1621 262 1637 ⁸
279 1629 284 1648 :
304 1630 318 1646 «
334 1622 365 1648 In
379 1620 478 1647 radice
495 1627 625 1653 manere,
641 1619 697 1647 hoc
711 1619 780 1646 facit
794 1619 913 1646 fructifi—

143 1675 209 1694 care
223 1667 367 1703 palmites.
382 1668 413 1694 In
428 1666 499 1693 Filio
515 1674 586 1701 ergo
601 1665 649 1692 Dei
659 1668 758 1693 manet
768 1673 820 1700 per
833 1673 915 1693 amo-

143 1721 206 1741 rem
220 1713 333 1747 fidelis,
353 1713 427 1740 sieut
446 1713 558 1748 palmes
577 1712 608 1738 in
629 1712 702 1745 vite,
722 1712 795 1738 sicut
812 1712 914 1746 planta

143 1759 173 1786 in
199 1759 311 1790 radice,
336 1759 409 1786 sicut
431 1758 531 1786 radius
555 1758 584 1784 in
611 1758 686 1791 sole,
711 1757 784 1784 sicut
806 1758 914 1785 fluvius

143 1813 284 1833 emanans
304 1805 334 1832 in
357 1805 435 1832 sonte
457 1812 510 1831 suo
530 1803 632 1831 modo.
649 1804 658 1820 ⁷
677 1813 690 1829 ει
705 1803 746 1831 Ibi
761 1803 913 1838 requieve-

143 1853 211 1879 runt
222 1850 290 1878 fessi
304 1851 422 1878 robore.
438 1860 452 1876 n
470 1850 511 1877 Ibi
525 1851 681 1885 Gregorius
695 1851 705 1867 ⁸
722 1859 728 1876 :
749 1859 761 1875 «
777 1852 850 1877 Deus
863 1850 913 1884 qui

143 1897 205 1924 sine
220 1897 276 1924 situ
291 1897 391 1924 omnia
405 1897 548 1929 continet,
564 1896 651 1924 nobis
670 1896 708 1923 ad
728 1904 757 1924 se
773 1897 914 1924 venienti-

143 1944 199 1971 bus
217 1943 299 1970 locus
323 1951 382 1970 non
400 1942 501 1970 localis
524 1945 630 1970 manet.
647 1953 660 1968 »
685 1944 717 1970 Et
737 1942 778 1970 ibi
803 1943 839 1970 de
854 1943 913 1970 hoc

143 1990 230 2017 bene.
250 1991 320 2017 Item
335 1996 451 2016 necesse
471 1990 527 2022 est,
552 1991 583 2016 ut
605 1990 679 2016 Deus
697 1989 832 2024 purificet
853 1997 914 2017 am-

142 2036 230 2072 plius.
256 2035 335 2062 Unde
359 2035 398 2062 ait
423 2043 512 2070 supra
536 2036 546 2051 ⁹
568 2044 574 2062 :
601 2044 614 2060 «
637 2035 775 2069 purgabit
791 2043 876 2069 eum,
897 2046 909 2061 »

143 2083 263 2118 propter
292 2081 501 2109 continentiam
529 2083 717 2116 peccatorum
751 2084 913 2110 contracto—

143 2136 218 2156 rum.
236 2137 249 2153 «
267 2130 299 2156 In
320 2127 418 2155 multis
442 2127 520 2154 enim
534 2127 553 2143 ¹⁰
568 2127 745 2154 offendimus
771 2135 880 2155 omneS.
897 2138 910 2155 n

144 2174 162 2191 ¹¹
181 2184 194 2199 «
209 2174 318 2210 Septies
331 2174 361 2201 in
376 2174 422 2200 dic
441 2174 473 2208 (a)
489 2173 567 2201 cadit
578 2174 683 2208 justus.
699 2183 713 2199 n
730 2175 762 2201 Et
779 2173 847 2201 ideo
863 2182 913 2202 ne-

143 2229 220 2248 cesse
235 2222 290 2255 est,
308 2220 390 2256 quod
404 2220 494 2247 homo
504 2240 512 2253 ,
531 2221 587 2247 Deo
599 2222 754 2255 operante,
765 2228 795 2247 se
810 2223 914 2255 purget

141 2267 257 2301 jugiter.
275 2267 295 2283 ¹²
312 2276 325 2292 «
341 2268 378 2293 De
394 2266 572 2301 negligentia
594 2274 688 2301 purga
708 2269 733 2294 te
755 2274 822 2293 cum
843 2265 914 2302 pau-

144 2313 194 2340 cis.
209 2323 223 2339 »
242 2313 262 2330 ¹⁸
277 2323 291 2338 «
306 2313 360 2346 Qui
375 2315 490 2340 sanctus
505 2314 547 2340 est
561 2312 754 2339 sanctificetur
775 2312 880 2340 adhuc.
897 2324 910 2338 η

175 2396 179 2411 ¹
203 2395 266 2424 ose„
287 2400 351 2423 xm,
375 2396 396 2418 9.
415 2408 444 2412 -
463 2396 472 2411 ²
488 2394 594 2426 Philip„
611 2401 645 2425 ιι,
662 2397 698 2418 13.
719 2408 750 2413 -
766 2395 777 2411 ³
794 2396 868 2426 Aug„
887 2397 912 2421 ιή

142 2431 222 2459 Ιοιιη.,
246 2432 318 2454 tract.
345 2436 434 2460 Lxxn,
459 2437 484 2454 n.
508 2432 582 2454 2.‘—
605 2431 615 2446 ¹·
634 2431 640 2453 1
663 2431 744 2458 doun„
769 2436 804 2460 lv,
825 2433 862 2455 12.
883 2444 912 2449 —

143 2466 153 2482 ⁶
170 2467 284 2496 August„
310 2466 335 2489 in
359 2466 440 2495 Epis-l.
466 2466 472 2488 Ι
496 2466 575 2494 .Ιοανι.,
598 2467 670 2489 tract.
695 2471 754 2495 v111,
774 2472 799 2490 n.
827 2467 864 2490 14.
884 2479 908 2484 -

144 2499 154 2515 ⁸
169 2500 310 2531 Chrysost„
326 2502 351 2524 ιή
365 2501 447 2527 loun..
469 2502 536 2524 honi.
554 2506 629 2531 Lxx-v,
648 2501 678 2524 al.
697 2507 788 2531 Lxxvr,
801 2508 826 2525 n.
844 2504 865 2525 ¹.
882 2514 912 2519 —

143 2535 152 2551 ⁷
169 2535 227 2564 lob,
252 2542 294 2566 111,
320 2537 355 2560 17.
376 2549 402 2553 —
427 2538 434 2549 ὓ
448 2537 533 2564 Grcg.
554 2537 654 2565 Merui„
676 2536 719 2560 lib.
743 2537 784 2565 IV.
805 2544 828 2561 c.
850 2543 912 2569 xxx,

144 2569 175 2594 al.
196 2577 294 2600 xxxin,
314 2578 338 2595 n.
361 2573 399 2595 67.
417 2584 447 2589 —
465 2574 474 2586 ⁴¹
489 2573 560 2602 Sup„
579 2572 602 2595 2.
618 2584 647 2589 -—
667 2573 685 2588 ¹⁰
706 2573 768 2603 lac„
783 2578 827 2604 111,
843 2574 866 2596 2.
883 2587 911 2590 —

144 2605 161 2621 ¹¹
179 2605 258 2632 Pron..
279 2612 350 2636 xxw,
375 2608 450 2630 16.—
471 2607 487 2621 ¹¹
510 2607 596 2635 Eat-li„
616 2613 665 2637 vu,
682 2609 719 2631 34.
737 2621 767 2625 -
788 2608 808 2624 ¹⁸
826 2609 910 2639 Apoc..

145 2646 212 2671 xxu,
231 2644 266 2664 tt.
283 2655 310 2658 —
331 2643 349 2658 ¹⁸
366 2642 448 2672 Pron„
464 2649 505 2673 xv,
521 2644 559 2667 27.
575 2656 605 2661 —
622 2643 641 2659 ¹⁵
656 2643 757 2674 Mutth„
774 2649 811 2674 νι,
830 2646 865 2669 ¹2.
882 2657 910 2662 —

1684 213 1741 242 457

969 274 990 291 ¹⁴
1006 284 1020 300 ‹<
1034 276 1086 302 Per
1095 274 1336 310 misericordiam,
1352 278 1380 302 et
1394 276 1484 303 fidem
1498 279 1660 311 purgantur
1674 285 1743 312 pec-

971 323 1044 349 cata.
1058 331 1070 348 »
1088 323 1121 349 Et
1135 322 1202 349 ideo
1223 322 1330 350 clamat
1348 322 1444 350 fidelis
1459 323 1596 350 continue
1609 323 1629 339 ¹⁵
1646 332 1653 350 :
1670 334 1683 349 ι(
1695 324 1740 351 Di-

970 368 1049 395 mitte
1072 368 1159 395 nobis
1183 368 1280 396 debita
1298 370 1407 396 nostra.
1423 379 1436 395 >³
1464 371 1502 396 Ne
1519 377 1590 403 ergo
1605 370 1736 405 praecipi-

970 416 1065 441 temus
1083 415 1116 449 (b)
1130 415 1159 441 in
1168 415 1282 449 majora
1296 417 1425 450 peccata,
1439 415 1602 442 necessaria
1617 418 1657 442 est
1671 424 1740 451 pur-

970 460 1048 494 gatio
1071 461 1209 488 continua
1223 470 1228 487 :
1245 470 1258 486 «
1274 462 1327 494 Qui
1341 461 1420 488 enim
1436 461 1455 477 ¹⁶
1474 461 1593 488 modica
1615 461 1741 496 spernit,

970 506 1113 541 paulatim
1129 506 1247 534 decidit.
1265 517 1278 533 n
1296 507 1365 535 Ideo
1380 507 1420 535 ait
1433 507 1576 543 Propheta
1597 508 1617 524 ²⁷
1635 515 1642 534 ε
1663 516 1675 532 ι(
1690 508 1742 535 La-

971 552 1049 579 vabo
1064 560 1116 587 per
1131 553 1260 587 singulas
1273 555 1373 581 noctes
1388 554 1494 581 lectum
1510 561 1620 581 meum.
1637 563 1650 579 n
1673 555 1742 581 Item

970 598 1132 626 necessaria
1148 599 1238 627 estad
1250 599 1487 627 fructificandum
1499 599 1669 627 divinorum
1680 607 1743 627 ver-

970 645 1077 672 borum
1097 645 1224 680 perfecta
1239 646 1415 673 observatio.
1438 646 1518 673 Unde
1543 646 1582 673 ait
1606 645 1624 662 ¹⁸
1650 654 1656 672 :
1685 654 1699 671 <c
1711 647 1744 673 Et

970 691 1062 718 verba
1074 699 1139 718 mea
1159 691 1188 718 in
1203 692 1289 719 vobis
1307 692 1475 719 manserint.
1491 703 1503 717 »
1521 693 1631 727 Supra,
1644 691 1743 727 proxi-

970 745 1020 764 mo
1037 737 1056 754 ¹⁹
1077 747 1112 764 :«
1128 738 1155 765 Si
1175 739 1240 774 quis
1261 746 1428 766 sermonem
1449 746 1549 766 meum
1570 739 1741 773 servaverit,

971 786 1023 811 ete.
1041 793 1053 809 »
1069 783 1160 811 Ibide
1176 785 1242 811 hoc.

1006 832 1032 857 9.
1045 831 1076 857 Et
1089 830 1219 865 sequitur
1227 831 1310 858 tertia
1319 830 1473 866 particula,
1494 831 1525 858 in
1540 838 1599 866 qua
1616 831 1739 866 subjun-

970 875 1046 910 gitur
1060 876 1199 904 manendi
1218 876 1248 904 in
1263 877 1373 905 Christo
1392 877 1500 905 modus
1521 886 1527 904 z
1552 877 1626 904 Sicut
1644 877 1744 905 dileaeit

971 930 1010 949 me
1022 923 1112 956 Pater,
1129 925 1153 949 et
1167 931 1212 956 eqo
1227 923 1314 950 dileoei
1327 931 1382 950 vos.
1398 923 1455 951 Sed
1470 923 1593 959 qualiter
1606 923 1646 951 ait
1661 923 1717 951 hoc
1727 925 1742 951 ἵ

971 968 1040 1003 quia
1056 970 1136 996 Pater
1152 968 1253 996 dilexit
1266 977 1344 1003 eum,
1360 972 1392 996 ut
1410 970 1515 997 Filium
1529 969 1715 1004 unigenitum
1733 979 1740 998 :

972 1015 1024 1042 sed
1054 1014 1108 1050 ipsi
1145 1017 1226 1042 erant
1262 1015 1315 1042 filii
1345 1015 1476 1050 adoptivi
1506 1023 1558 1050 per
1583 1016 1707 1051 gratiam
1733 1025 1741 1044 ε

972 1069 1042 1096 ergo
1057 1069 1117 1089 non
1131 1064 1212 1089 erant
1226 1061 1266 1089 ita
1281 1061 1450 1096 diligibiles,
1467 1062 1540 1089 sicut
1554 1062 1642 1090 Filius
1657 1071 1675 1090 a
1689 1064 1742 1090 Pa-

970 1109 1021 1134 tre.
1037 1107 1082 1135 Ad
1096 1107 1174 1135 istud
1186 1107 1343 1143 respondet
1355 1107 1573 1142 AugustInu520,
1584 1109 1667 1144 quod
1681 1116 1743 1136 non

970 1154 1166 1190 aequalitatem
1188 1156 1298 1182 naturae
1324 1155 1458 1183 ostendat
1483 1157 1588 1184 nostrae
1614 1159 1641 1184 et
1664 1165 1740 1192 suae,

970 1202 1043 1229 sicut
1058 1203 1100 1229 est
1114 1202 1203 1230 Patris
1213 1204 1242 1230 et
1256 1202 1357 1238 ipsius,
1373 1202 1424 1229 sed
1438 1203 1561 1237 gratiam
1577 1203 1743 1231 Mediatoris

970 1248 1095 1276 ostendit
1112 1258 1118 1275 ε
1135 1249 1165 1276 iu
1180 1249 1244 1284 ipso
1263 1249 1342 1276 enim
1356 1249 1451 1284 diligit
1467 1257 1521 1276 nos
1536 1251 1626 1284 Pater,
1643 1251 1670 1277 et
1681 1250 1742 1277 haec

971 1295 1087 1322 dilectio
1104 1297 1145 1322 est
1160 1295 1243 1330 origo
1267 1295 1401 1322 omnium
1421 1296 1569 1323 bonorum
1590 1296 1620 1322 in
1645 1296 1741 1324 nobis.

971 1341 1051 1368 Unde
1075 1342 1252 1375 Augustinus
1265 1342 1284 1358 '2¹
1311 1351 1315 1368 :
1344 1343 1440 1369 «Ecce
1464 1342 1543 1369 unde
1564 1344 1630 1369 sunt
1656 1343 1743 1370 nobis

970 1395 1061 1422 opera
1080 1387 1161 1415 bona
1177 1397 1183 1415 ε
1200 1388 1278 1415 unde
1300 1379 1378 1415 enim
1396 1388 1602 1423 diligeremus,
1623 1389 1678 1416 nisi
1700 1389 1743 1416 di-

968 1434 1149 1469 ligeremur?
1165 1436 1221 1460 »22«
1236 1436 1297 1470 lpse
1307 1434 1388 1470 prior
1403 1434 1504 1462 dilexit
1515 1443 1579 1463 nos.
1595 1445 1609 1460 »
1624 1437 1656 1462 Et
1675 1435 1743 1463 ideo

969 1480 1098 1515 sequitur
1116 1489 1121 1506 :
1138 1481 1243 1507 Manete
1259 1483 1288 1507 in
1307 1482 1449 1508 dilectione
1463 1489 1530 1512 mea,
1549 1491 1562 1506 «
1582 1481 1613 1507 id
1629 1483 1686 1513 est,
1712 1481 1744 1508 in

970 1526 1061 1560 gratia
1072 1534 1150 1559 mea,
1165 1537 1178 1553 »
1195 1527 1234 1554 ait
1248 1527 1423 1561 Augustinus
1434 1527 1473 1562 ²³,-
1489 1528 1516 1554 et
1529 1529 1571 1554 est
1585 1527 1616 1554 in
1630 1527 1741 1556 Glossa.

972 1582 984 1598 «
1000 1573 1068 1605 Quae
1081 1572 1196 1600 dilectio
1211 1573 1278 1600 facit
1292 1573 1442 1601 observari
1456 1576 1610 1609 praeeepta,
1626 1584 1639 1600 »
1658 1575 1690 1601 ut
1704 1574 1743 1602 ait

969 1619 1145 1653 Augustinus
1158 1619 1188 1644 ⁵³¹¹.

1007 1667 1048 1692 10.
1065 1666 1095 1692 Et
1109 1665 1177 1693 ideo
1193 1666 1323 1700 sequitur
1337 1674 1343 1693 :
1359 1667 1390 1693 Si
1398 1669 1536 1701 praecepta
1550 1674 1609 1694 mea
1621 1674 1742 1694 servave—

969 1713 1042 1744 ritis,
1057 1719 1146 1746 opere
1167 1711 1371 1747 adimplendo,
1386 1713 1530 1740 manebitis
1549 1714 1578 1739 in
1599 1713 1742 1740 dilectione

970 1765 1037 1784 mea.
1055 1757 1111 1785 Sed
1125 1757 1250 1792 qualiter
1269 1758 1344 1786 hoc?
1361 1759 1431 1794 quia
1446 1759 1527 1794 prius
1542 1760 1584 1785 est
1606 1759 1741 1794 diligere,

970 1811 1060 1839 quam
1074 1806 1219 1839 praecepta
1234 1804 1402 1832 observare.
1419 1807 1450 1832 Et
1462 1805 1501 1832 ad
1513 1805 1570 1832 hoc
1584 1805 1742 1840 respondet

969 1849 1180 1884 Augustinusffi,
1197 1851 1279 1886 quod
1294 1851 1364 1886 quia
1377 1853 1522 1886 praecepta
1537 1851 1741 1886 observantur,

973 1907 985 1921 «
1001 1896 1104 1930 scietis,
1121 1896 1191 1931 quia
1206 1897 1236 1924 in
1257 1897 1413 1925 dilectione
1432 1897 1597 1925 manebitis.
1624 1907 1637 1924 ν
1660 1898 1741 1926 Idem

970 1951 1040 1978 ergo
1066 1944 1287 1978 perseverantiae
1302 1945 1323 1960 2⁶
1342 1944 1373 1971 in
1397 1944 1552 1972 dilectione
1580 1945 1711 1980 loquitur
1733 1955 1740 1973 :

970 1990 1040 2024 quia
1051 1992 1198 2017 servantes
1212 1991 1363 2024 mandata,
1383 1991 1412 2017 in
1428 1991 1584 2019 dilectione
1604 1999 1741 2027 perseve-

969 2039 1043 2063 rant.
1060 2038 1091 2063 Et
1104 2036 1170 2063 ideo
1186 2037 1336 2072 sequitur:
1353 2038 1428 2065 Sicut
1443 2040 1468 2064 et
1486 2046 1530 2072 eqo
1546 2041 1678 2073 proeceptu
1690 2047 1741 2073 pa-

971 2084 1020 2109 tris
1036 2085 1088 2109 mei
1100 2090 1185 2115 servo,
1201 2086 1225 2110 et
1248 2092 1339 2110 maneo
1355 2086 1383 2110 τη
1398 2085 1453 2118 ejus
1474 2084 1624 2111 dilectione.
1642 2086 1674 2112 Et
1688 2093 1742 2120 per

969 2130 1026 2157 hoc
1041 2130 1163 2157 ostendo
1187 2130 1271 2165 diligi
1293 2138 1310 2158 a
1329 2132 1410 2166 patre
1426 2138 1502 2164 meo,
1521 2133 1553 2157 ut
1575 2131 1614 2158 ait
1628 2131 1739 2159 Glossa.

970 2177 1001 2204 Et
1014 2177 1145 2212 loquitur
1160 2177 1196 2204 de
1223 2177 1330 2212 seipso,
1357 2177 1385 2204 in
1401 2179 1545 2212 quantum
1568 2178 1671 2212 homo,
1692 2186 1740 2206 su-

969 2231 1022 2258 pra
1032 2223 1053 2240 ²⁷
1068 2231 1074 2249 ε
1093 2232 1106 2248 κ
1120 2224 1197 2250 Meus
1217 2223 1300 2251 cibus
1315 2226 1366 2255 est,
1383 2226 1413 2251 ut
1430 2224 1537 2251 faciam
1558 2224 1740 2252 voluntatem

968 2269 1059 2305 patris
1074 2270 1141 2297 mei.
1154 2280 1166 2295 n
1181 2272 1212 2298 Et
1226 2272 1306 2305 patet
1318 2271 1365 2298 hic
1380 2270 1487 2298 divinae
1502 2270 1666 2298 dilectionis
1677 2279 1741 2306 gra-

968 2316 1064 2350 tuitas,
1081 2316 1151 2351 quia
1163 2316 1183 2333 2²
1200 2317 1283 2352 «ipse
1303 2317 1385 2352 prior
1400 2316 1502 2344 dilexit
1516 2324 1580 2344 nos.
1595 2316 1658 2343 »²⁸«
1672 2317 1740 2345 Dili-

968 2389 988 2405 ¹⁶
1005 2389 1091 2418 Ecclz'„
1112 2395 1173 2419 xix,
1195 2392 1214 2413 1.
1236 2403 1265 2407 -
1285 2390 1302 2405 ¹7
1319 2390 1385 2414 Psal.
1403 2396 1441 2420 VI,
1460 2391 1483 2413 7.
1498 2403 1530 2407 —
1549 2390 1567 2406 ¹⁸
1582 2390 1654 2421 Sup.,
1671 2392 1693 2414 7.
1714 2404 1738 2408 —

969 2424 988 2440 ¹⁹
1001 2426 1072 2455 stip„
1089 2430 1143 2454 xrv,
1157 2426 1195 2455 21,
1208 2426 1247 2455 23,
1262 2425 1302 2449 vel
1314 2425 1398 2456 potius
1411 2431 1468 2456 vm,
1481 2427 1522 2456 51,
1533 2427 1570 2449 52.
1582 2437 1612 2442 —-
1627 2427 1648 2443 ²⁰
1662 2427 1739 2457 Aug„

969 2459 994 2482 in
1008 2459 1090 2488 doum,
1106 2461 1176 2484 tract.
1198 2466 1301 2490 Lxxxu,
1320 2467 1345 2484 n.
1363 2462 1386 2485 2.
1401 2474 1432 2478 —
1448 2461 1469 2477 ²¹
1484 2460 1558 2491 1bid.‚
1576 2461 1652 2491 paulo
1670 2463 1737 2485 aute.

968 2507 998 2511 —
1017 2495 1035 2510 ²²
1056 2496 1061 2518 Ι
1082 2495 1162 2521 loun..
1181 2501 1215 2526 ιν,
1232 2497 1268 2519 ιο.
1288 2509 1318 2513 -
1337 2496 1356 2512 2⁸
1375 2497 1450 2527 Aug„
1469 2496 1512 2520 ubi
1531 2503 1599 2527 sup„
1620 2504 1647 2520 n.
1667 2498 1688 2520 3.
1709 2509 1739 2514 -

968 2530 989 2544 ²⁸
1009 2529 1070 2553 ibid.
1086 2542 1115 2547 —
1135 2531 1154 2546 2⁵
1177 2530 1238 2554 ibid.
1262 2543 1288 2547 —
1310 2531 1329 2547 ²⁶
1348 2532 1429 2556 Locus
1447 2531 1559 2556 mutilus.
1581 2544 1607 2548 —
1633 2531 1650 2546 ²7
1666 2533 1737 2562 sup„

970 2571 1001 2594 iv,
1019 2566 1056 2588 34.
1072 2578 1100 2582 —-
1119 2565 1136 2579 ²⁰
1151 2566 1214 2593 Ose„
1232 2571 1284 2596 mv,
1300 2569 1322 2591 5.

1000 2610 1034 2640 (a)
1058 2609 1127 2640 Vulq.
1147 2617 1193 2634 non
1214 2610 1284 2634 habet
1303 2611 1328 2636 in
1347 2611 1395 2635 die.
1416 2624 1442 2628 —
1465 2611 1497 2642 (b)
1521 2610 1576 2641 Lep.
1598 2609 1738 2641 praecipite-

968 2652 1032 2668 mul·-
