1987 3032
693 239 896 272 EXPOSITIO
919 239 959 270 IN
983 240 1067 271 CAP.
1090 241 1180 272 XXII.

141 313 215 336 vere
229 307 296 336 erat
308 306 527 345 proditoriam,
538 308 614 346 quia
622 308 645 337 si
651 317 754 346 gnum
766 310 908 338 05101110-

141 359 185 389 ris
204 383 213 397 ‚
236 361 265 390 et
286 362 391 390 tamen
423 360 609 399 procedebat
634 371 674 392 ex
702 361 907 401 perversitate

142 412 254 450 cordis;
264 412 372 443 etideo
378 413 484 444 subdit
493 413 533 453 (v.
541 415 589 453 48)
600 415 820 445 :Jesusautem
827 414 907 444 discit

142 466 216 497 illi:
230 466 335 504 luda,
363 468 467 498 osculo
485 468 592 506 filium
613 468 750 500 hominis
779 468 878 499 {radis
891 468 909 498 ?

141 517 314 557 detegendo
332 520 449 551 scilicet
464 522 631 560 proditoris
651 523 811 553 affectum.
829 522 909 552 Sus-

140 571 214 610 cipit
228 574 333 603 autem
362 573 513 605 Dominus
529 575 672 606 osculum
686 586 705 606 a
719 576 798 607 suda
810 600 817 614 ⁷
833 575 910 605 licet

140 625 232 657 sciret
247 627 476 666 proditorium⁷
494 631 531 659 ut
547 639 672 669 semper
686 630 861 660 maximam
876 629 908 659 in

140 688 172 710 se
197 680 375 711 ostenderet
396 681 640 720 benignitatem.
664 683 751 714 Unde
773 683 879 713 Glossa
900 692 906 712 ε

145 744 159 761 (1
172 732 314 773 Suscepit
328 734 480 766 Dominus
505 736 670 774 osculum,
691 739 726 767 ut
746 737 817 776 plus
840 736 910 766 affi-

141 785 201 816 ciat
216 787 425 826 proditorem,
443 789 494 819 cui
511 790 627 820 amoris
648 789 751 820 officia
770 799 834 819 non
854 798 908 819 ne-

142 842 243 878 garet.
258 850 272 868 »
290 839 376 871 Unde
392 841 505 872 dicitur
519 842 553 872 in
562 843 692 874 Psalmo
703 843 711 859 ¹
725 852 731 872 z
750 842 847 873 «Cum
861 843 911 873 his

141 892 196 931 qui
216 892 353 923 oderunt
378 904 505 934 pacem⁷
528 905 616 926 eram
633 897 800 940 pacificus,
818 907 832 924 n
850 897 908 932 etc,

143 944 312 976 Matthaeus
327 947 357 977 ²:
377 958 391 975 (t
412 948 560 988 DiXitque
574 949 620 979 illi
634 949 724 980 Jesus
747 958 754 980 :
778 949 886 979 Amice
900 973 908 986 ,

141 998 180 1028 ad
203 999 279 1038 quid
303 1000 442 1031 venisti?
457 1013 470 1030 >³
498 1001 546 1032 Ex
568 1003 629 1033 hoc
653 1004 760 1033 autem
782 1004 912 1041 apparet

144 1051 225 1082 mira
242 1054 432 1091 perversitas
452 1054 485 1085 in
504 1055 673 1094 proditore.
696 1055 782 1086 Unde
801 1054 910 1085 Hiero-

141 1113 283 1144 nymus:
307 1118 321 1135 <t
335 1106 431 1137 Judas
455 1107 493 1137 de
515 1109 707 1148 apostolatus
733 1108 857 1146 fastigio
879 1108 911 1137 in

142 1158 328 1197 proditionis
348 1161 464 1190 tartara
478 1160 606 1199 labitur,
624 1163 655 1192 et
671 1171 728 1192 nec
745 1161 911 1191 familiari-

141 1212 205 1241 tate
224 1212 379 1250 convivii,
395 1222 453 1243 nec
470 1213 654 1244 intinctione
669 1214 818 1245 buccellae
832 1238 839 1250 ,
855 1224 912 1244 neo

142 1264 237 1294 osculi
261 1265 365 1304 gratia
382 1266 554 1305 frangitur,
580 1277 620 1298 ne
639 1268 728 1307 quasi
747 1268 912 1298 hominem

143 1317 261 1354 tradat,
288 1327 383 1357 quem
406 1319 509 1349 filium
532 1320 582 1350 Dei
606 1322 750 1351 noverat.
769 1331 783 1348 »
810 1320 912 1351 Osculi

144 1379 223 1409 ergo
237 1372 394 1410 susceptio
410 1381 450 1402 ex
465 1374 552 1411 parte
566 1372 679 1403 Christi
695 1373 755 1403 suit
769 1374 913 1412 benigni-

144 1423 234 1461 tatis;
251 1424 304 1454 sed
321 1433 360 1455 ex
376 1427 465 1464 parte
478 1425 567 1456 Judae
582 1426 640 1455 fuit
658 1426 749 1456 mirae
764 1426 912 1456 dolosita-

144 1476 194 1507 tis.
207 1476 242 1506 In
251 1477 497 1516 hujUsfiguram
508 1478 588 1508 dixit
598 1477 675 1508 Joab
684 1479 875 1509 adAmasam
886 1480 911 1508 ³:

149 1540 164 1558 (1
176 1529 288 1568 Salve,
307 1530 351 1560 mi
369 1530 476 1560 frater.
495 1530 533 1560 Et
548 1531 649 1561 tenuit
668 1541 767 1562 manu
785 1532 914 1562 dextera

145 1584 289 1613 mentum
297 1583 433 1621 Amasae,
446 1584 536 1623 quasi
548 1584 693 1614 osculans
703 1593 788 1622 eum,
800 1586 831 1615 et
842 1594 912 1624 pcr-

146 1635 242 1666 cussit
260 1644 334 1666 eum
361 1636 394 1666 in
410 1636 506 1667 latere
517 1661 525 1675 ,
553 1639 583 1667 et
600 1639 747 1668 mortuus
770 1640 826 1668 est.
843 1648 857 1666 »
878 1638 915 1668 Et

145 1688 229 1719 istud
245 1690 290 1719 est
305 1688 448 1720 osculum
462 1689 551 1729 impii
567 1690 746 1729 proditoris.
765 1690 915 1731 Propter-

144 1750 181 1772 ea
194 1741 307 1772 dicitur
320 1744 330 1760 a
344 1752 350 1772 :
366 1753 381 1770 (1
394 1742 524 1773 Meliora
538 1744 612 1773 sunt
627 1743 761 1774 vulnera
775 1744 912 1783 diligen-

143 1795 199 1833 tis,
217 1804 312 1835 quam
327 1795 527 1825 fraudulenta
541 1795 648 1826 oscula
660 1795 804 1826 odientis
821 1808 834 1825 n

184 1845 340 1883 Secundo,
371 1847 527 1884 quantum
552 1846 590 1875 ad
616 1845 718 1876 zelum
743 1847 915 1887 discipulo-

143 1907 229 1935 rum,
246 1898 351 1928 subdit
368 1899 408 1937 (v.
425 1898 472 1937 49)
492 1909 498 1928 :
526 1898 669 1929 Virlentes·
684 1904 791 1930 autem
811 1900 846 1931 lei
858 1902 916 1940 qui

144 1952 229 1981 circa
246 1951 351 1991 ipsum
364 1955 465 1986 erant,
481 1951 570 1991 quod
577 1952 727 1990 flitmum
739 1957 818 1990 erat,
829 1953 915 1985 [lize-

143 2009 221 2035 rzmt
234 2005 288 2036 ei:
301 1994 455 2043 Domine,
470 2005 498 2035 si
507 2006 706 2045 percutimus
727 2006 760 2036 in
782 2006 915 2046 qladio?

144 2057 293 2098 Discipuli
310 2058 397 2088 enim
420 2057 486 2088 zelo
508 2059 625 2089 amoris
653 2058 765 2089 Christi
793 2060 913 2091 accensi

143 2111 426 2141 inflammabantur
439 2111 479 2141 ad
498 2111 730 2149 detensionem3
752 2112 806 2142 sed
820 2112 911 2143 dubi-

143 2165 253 2195 tabant
277 2165 404 2204 propter
426 2163 520 2201 illud,
548 2164 632 2203 quod
660 2165 699 2194 ab
721 2165 790 2204 ipso
813 2165 913 2196 edocti

142 2220 232 2248 erant
250 2217 402 2248 exhibere
423 2225 549 2247 omnem
574 2217 773 2256 patientiam,
797 2227 912 2249 secun-

142 2271 221 2301 dum
235 2270 313 2300 illud
327 2270 337 2286 ⁶
354 2280 361 2299 z
383 2280 397 2298 «
412 2269 443 2300 Si
458 2270 530 2309 quis
544 2271 733 2309 percusserit
747 2273 776 2302 te
791 2271 825 2301 in
840 2272 913 2303 dex—

142 2326 224 2354 tram
237 2323 400 2354 maxillam
411 2325 510 2360 tuam,
521 2324 628 2362 praebe
642 2324 685 2354 1111
701 2327 731 2355 01
746 2325 907 2357 alteram.»

143 2376 203 2408 Sed
218 2376 330 2407 Petrus
351 2376 428 2407 adeo
444 2376 598 2414 fervebat,
617 2377 701 2416 quod
718 2387 776 2409 nec
793 2380 910 2418 (1110051-

142 2429 198 2467 vit,
217 2438 275 2460 nec
289 2429 528 2465 responsionem
538 2431 726 2468 expectavit.
742 2431 828 2463 Unde
838 2433 911 2463 sub-

143 2481 225 2513 ditur
255 2483 295 2521 (v.
323 2483 370 2519 50)
396 2492 402 2511 ε
429 2482 475 2513 Et
489 2482 647 2521 percussit
672 2492 754 2513 usias
778 2493 817 2514 eac
848 2485 910 2516 illis

143 2542 268 2565 servum
282 2535 440 2575 principis
453 2534 670 2573 sacerclotmn,
687 2539 717 2566 et
730 2539 912 2577 amputavit

144 2587 322 2618 auriculam
343 2587 411 2627 ejus
433 2587 608 2619 dexteram.
635 2588 692 2619 llic
715 2591 822 2620 autem
851 2591 910 2622 suit

176 2666 182 2683 ¹
192 2666 259 2690 Psal.
267 2672 336 2697 cxxx,
346 2667 421 2691 “7.-2
431 2667 530 2698 Μαίί]ι.,
542 2674 613 2698 xxvi,
623 2669 692 2692 50.—
703 2669 712 2684 ³
725 2670 743 2693 11
757 2670 822 2702 Κεφ,
830 2678 875 2701 xx,
886 2674 907 2696 U.

146 2714 171 2718 —-
184 2702 192 2715 ⁴
203 2702 285 2732 Prov.,
299 2707 382 2732 xxvii,
397 2703 470 2726 6.—-⁵
486 2703 585 2734 Mami„
600 2709 622 2733 v,
639 2704 706 2727 39.-
724 2705 732 2718 “
743 2705 823 2735 Jocm.5
834 2712 908 2736 xviii,

303 2754 377 2776 Tou.
399 2754 444 2776 Xl.

1674 252 1730 280 193

964 307 1086 338 Petrus.
1113 308 1198 339 Unde
1221 310 1284 339 tres
1304 309 1515 349 Evangelistae
1538 312 1644 352 ipsum
1668 325 1731 346 non

963 362 1147 399 exprimunt
1157 371 1195 392 ex
1207 363 1346 401 nornine,
1360 367 1487 404 propter
1501 368 1729 407 reverentiam;

964 413 1017 443 sed
1031 413 1167 445 Joannes
1182 416 1405 455 exprimitsad
1420 417 1647 452 insinuandum
1664 423 1733 462 eJ'us

964 465 1066 496 zelum
1089 468 1257 498 fervidum.
1276 468 1363 500 Unde
1383 470 1518 502 Joannes
1533 472 1543 488 ⁶
1561 485 1569 503 ε
1591 485 1605 503 (τ
1623 474 1733 506 Simon

964 527 1043 557 ergo
1064 519 1173 550 Petrus
1196 521 1317 552 habens
1337 523 1497 562 gladium,
1513 525 1623 556 eduxit
1639 536 1731 566 eum,

964 573 994 601 et
1009 573 1161 610 percussit
1180 575 1336 613 pontificis
1355 585 1525 608 servum.»
1548 578 1583 609 ln
1598 579 1657 610 hoc
1672 589 1733 611 au-

965 626 1027 655 ten}
1037 626 1116 656 facto
1127 627 1274 658 laudatur
1285 629 1368 659 Petri
1377 630 1476 668 zelus;
1489 632 1573 662 unde
1584 632 1692 663 Glossa
1702 634 1712 650 ⁷
1725 645 1731 664 z

970 688 983 705 (1
998 677 1109 709 Petrus
1133 681 1242 711 codem
1264 682 1375 713 ardore
1394 685 1509 715 mentis
1530 686 1648 716 zelatus
1668 689 1733 725 est,

965 731 1044 761 sicut
1059 732 1204 771 Phinees„
1221 734 1259 763 de
1274 744 1338 774 quo
1356 736 1470 767 dicitur
1484 740 1493 757 ⁸
1509 739 1591 777 quod
1606 742 1735 779 propter

965 784 1068 814 zelum
1085 795 1149 824 quo
1164 787 1327 818 transfodit
1341 789 1529 821 fornicantes
1543 792 1675 832 adeptus
1690 795 1737 823 est
1770 825 1776 828 ,

966 838 1176 869 sacerdotium
1189 841 1430 879 sempiternum.
1447 854 1461 871 »
1480 843 1536 874 Hic
1547 847 1655 876 autem
1670 846 1736 877 lau—

965 890 1058 920 datur
1073 891 1168 930 20105,
1184 894 1291 924 tamen
1302 904 1365 925 non
1377 895 1524 928 laudatur
1540 907 1630 938 opus.
1648 898 1737 930 Unde

965 944 999 973 in
1013 943 1164 975 Matilioeo
1181 946 1219 985 (a)
1237 946 1247 961 ⁰
1265 956 1272 977 :
1291 958 1305 975 «
1321 947 1473 979 Converte
1486 950 1630 988 gladium
1644 954 1737 983 tuum

966 997 998 1026 in
1014 997 1120 1028 locum
1135 1008 1245 1037 suum;
1262 1009 1373 1031 omnes
1394 1002 1479 1033 enim
1494 1004 1550 1043 qui
1561 1005 1739 1044 acceperint

966 1051 1126 1091 gladium,
1159 1053 1264 1092 gladio
1288 1055 1446 1093 peribunt.
1471 1067 1485 1085 »
1511 1057 1738 1089 Verumtamen

966 1104 1037 1134 licet
1065 1114 1129 1135 non
1157 1106 1305 1137 laudetur
1334 1108 1468 1147 factum,
1498 1111 1739 1141 commendatur

967 1159 1167 1197 mysterium.
1184 1159 1218 1190 ln
1233 1160 1293 1191 1100
1308 1161 1393 1191 enim
1408 1163 1566 1202 signatur,
1584 1165 1669 1203 quod
1684 1174 1739 1204 po-

967 1212 1062 1241 testas
1076 1213 1241 1243 sacerdotii
1256 1212 1339 1245 Petri
1354 1216 1480 1246 sustulit
1502 1217 1738 1249 observantiam

967 1265 1132 1295 sacerdotii
1158 1266 1281 1305 legalis,
1311 1277 1384 1307 quae
1413 1269 1550 1300 servitus
1578 1273 1656 1301 erat.
1682 1271 1739 1302 Vel

968 1319 1050 1347 certe
1074 1327 1128 1357 per
1149 1320 1398 1358 amputationem
1411 1321 1502 1352 istius
1517 1324 1669 1354 auriculae
1687 1324 1737 1354 in-

969 1370 1134 1409 telligitur,
1152 1372 1236 1411 quod
1250 1374 1387 1412 populus
1401 1374 1465 1413 ille,
1482 1376 1536 1415 qui
1552 1377 1681 1407 nomine
1696 1377 1741 1408 di-

968 1423 1051 1454 citur
1071 1433 1146 1462 rex,
1169 1426 1222 1455 sed
1243 1427 1375 1457 verItate
1396 1437 1528 1467 servus,
1543 1430 1740 1469 spiritualem

969 1476 1212 1515 intelligentiam
1228 1479 1372 1518 perdidit.
1390 1480 1476 1511 Unde
1496 1481 1601 1513 Glossa
1619 1493 1625 1513 ε
1647 1495 1661 1512 c<
1673 1482 1742 1514 Ser-

969 1538 1029 1559 vus
1048 1530 1199 1570 principis
1221 1532 1434 1572 sacerdotum,
1462 1535 1518 1574 qui
1541 1535 1691 1576 Malchus,
1710 1537 1742 1567 id

969 1584 1014 1612 est
1024 1592 1082 1613 rea:
1093 1584 1125 1621 ¹⁰,
1138 1584 1324 1623 appellatur,
1340 1587 1477 1625 populus
1488 1587 1504 1618 J
1507 1588 1672 1620 udaeorum
1681 1592 1739 1629 est,

969 1635 1023 1674 qui
1039 1644 1095 1674 per
1114 1636 1366 1668 incredulitatem
1381 1648 1492 1671 servus
1508 1641 1608 1673 factus
1621 1645 1668 1674 est
1680 1643 1741 1674 im-

969 1688 1108 1727 pietatis;
1122 1690 1177 1729 qni
1191 1691 1325 1729 perdidit
1335 1692 1510 1724 auriculam
1521 1695 1695 1734 dexteram,
1707 1700 1742 1728 ut

970 1741 1094 1769 tantum
1110 1740 1222 1771 litterae
1233 1741 1400 1773 utilitatem
1415 1745 1533 1776 audiat.
1553 1756 1568 1775 »
1586 1746 1673 1778 Unde
1689 1747 1742 1778 Pe-

970 1793 1037 1822 trus
1052 1793 1134 1823 hanc
1148 1802 1258 1824 aurem
1276 1804 1340 1826 non
1355 1796 1501 1836 abstulit,
1527 1799 1581 1829 sed
1603 1800 1741 1832 ablatam

970 1845 1116 1876 ostendit.
1141 1846 1231 1877 Unde
1246 1847 1354 1879 Glossa
1372 1850 1410 1879 ¹¹:
1433 1861 1447 1879 «
1459 1850 1572 1882 Ablata
1583 1855 1631 1883 est
1641 1854 1738 1890 auris,

969 1906 1033 1928 non
1047 1898 1138 1930 Petro
1161 1899 1300 1939 tollente,
1323 1902 1377 1933 sed
1400 1903 1509 1935 divino
1520 1906 1640 1945 judicio
1652 1907 1740 1939 abla-

970 1952 1035 1981 tam
1050 1952 1218 1991 pandente.
1234 1963 1248 1982 1)

1009 2003 1125 2042 Tertio,
1148 2008 1306 2045 quantum
1325 2008 1364 2038 ad
1384 2009 1535 2042 virtutem
1554 2012 1738 2055 Salmtoris,

969 2058 1118 2098 adjungit
1141 2060 1182 2098 (v.
1204 2060 1250 2099 51)
1278 2071 1284 2091 :
1310 2062 1512 2102 Respondeas
1528 2069 1636 2099 autem
1650 2069 1740 2100 Jesus

970 2111 1015 2141 αῖί
1031 2121 1042 2141 .·
1066 2112 1170 2143 Sinite
1193 2122 1291 2152 usque
1313 2114 1374 2145 leuc
1395 2125 1407 2147 .-
1428 2118 1520 2157 quasi
1541 2119 1622 2151 dicat
1643 2131 1650 2152 :
1671 2121 1740 2153 Non

969 2165 1109 2205 amplius
1125 2166 1314 2205 procedatis,
1331 2177 1388 2208 pro
1408 2178 1446 2200 eo
1460 2171 1545 2210 quod
1559 2173 1740 2206 exhibenda

969 2220 1016 2248 est
1039 2218 1204 2258 patientia,
1231 2229 1296 2250 non
1317 2221 1492 2260 iracundia;
1518 2224 1737 2264 beneficentia,

969 2279 1032 2301 non
1047 2271 1194 2302 vindicta.
1214 2272 1286 2303 Ideo
1310 2274 1394 2304 addit
1415 2285 1422 2305 :
1439 2275 1485 2306 Et
1501 2285 1574 2307 cum
1591 2278 1740 2319 tetiqisset

968 2324 1149 2356 auriculam
1170 2325 1248 2364 esim,
1269 2327 1396 2357 sanavit
1416 2337 1500 2359 eum.
1523 2329 1560 2360 In
1578 2340 1642 2370 quo
1655 2332 1738 2364 miro

969 2379 1061 2409 modo
1086 2380 1261 2410 ostenditur
1289 2380 1402 2411 Christi
1429 2382 1622 2423 benignitas,
1652 2387 1737 2426 quod

967 2441 1097 2464 servum
1110 2434 1441 2474 comprehendentem,
1458 2437 1491 2467 in
1505 2439 1578 2469 actu
1592 2448 1738 2478 persecu-

966 2485 1060 2516 tionis
1078 2486 1300 2524 vulneratum.
1319 2489 1452 2520 sanavit.
1472 2489 1560 2522 Tunc
1575 2493 1736 2531 potissime

966 2538 1109 2577 implevit
1120 2539 1203 2569 istud
1215 2540 1299 2578 quod
1307 2540 1404 2579 jussit
1413 2542 1450 2572 ¹²:
1461 2553 1475 2571 α
1485 2542 1660 2576 Benefacite
1673 2546 1734 2584 his,

969 2603 1006 2625 10.
1021 2614 1050 2620 ·—
1066 2601 1072 2614 ⁷
1088 2601 1124 2624 Ex
1141 2601 1333 2632 l;e‹1.‚z'nLuc.‚
1349 2603 1391 2627 lib.
1405 2604 1448 2634 Vl,
1463 2610 1486 2628 c.
1500 2612 1572 2631 xcni.
1588 2620 1619 2625 —
1630 2608 1638 2622 ⁸
1650 2608 1736 2639 Num„

966 2642 1027 2665 xxv,
1044 2638 1079 2660 13.
1095 2649 1125 2653 -
1144 2638 1152 2649 ²·
1169 2637 1355 2669 Mamwxxvi,
1377 2640 1415 2663 52.
1430 2653 1460 2658 —
1480 2641 1502 2658 ¹⁸
1518 2643 1554 2666 Ex
1570 2643 1641 2667 hebr.
1661 2634 1737 2682 *3¹72

969 2673 984 2687 ¹¹
1004 2672 1073 2702 nod„
1091 2671 1133 2695 ubi
1148 2678 1203 2702 sup.
1230 2686 1261 2690 —
1274 2673 1294 2689 ¹²
1306 2674 1408 2705 Malla„
1421 2681 1444 2706 v,
1456 2677 1494 2700 44.

1009 2708 1042 2737 (ιι)
1058 2707 1118 2731 Caet.
1130 2707 1188 2732 cclii.
1206 2707 1277 2732 Unde
1291 2709 1434 2734 Matthaeus.

1520 2758 1558 2788 13
