1987 3032
700 170 713 188 X

601 263 642 293 IN
663 262 748 294 CAP.
772 261 853 294 XVII
875 261 1013 294 SANCTI
1033 263 1206 296 JOANNIS.

111 332 258 360 mundum
272 352 281 366 ,
296 330 457 366 principem
478 330 541 364 ejus
555 329 698 364 ejiciendo
715 328 792 355 foras
803 349 812 361 ,
828 336 877 354 su-

110 385 165 412 pra
179 379 199 404 ¹.
216 379 248 405 Et
260 384 328 404 vere
341 376 410 402 vicit
424 384 431 402 ε
447 375 570 402 victoria
585 375 664 402 enim
680 376 721 401 est
739 384 752 399 «
765 373 880 408 subjec-

109 423 150 450 tio
165 422 403 458 repugnantium,
415 432 428 445 u
443 421 483 448 ait
497 420 672 455 Augustinus
685 419 704 447 ².
720 419 801 447 Unde
815 419 877 454 ipse

109 468 178 496 vicit
192 467 419 502 triumphaliter,
434 466 538 494 mundi
552 466 715 501 principem
734 465 878 499 ejiciendo

108 513 198 548 foras,
213 514 310 548 ipsum
325 512 500 547 relegando,
515 513 541 539 et
556 512 686 547 captivos
700 511 855 538 liberando
869 520 875 537 ;

107 559 228 594 proprie
243 559 321 586 enim
336 558 389 586 fuit
411 558 494 586 fortis
508 559 528 591 ³,
549 557 600 593 qui
614 556 733 584 intravit
753 556 877 583 domum

108 604 205 638 fortis,
224 606 252 631 et
275 604 380 639 eripuit
402 611 484 631 vasa.
502 605 512 618 δ
528 612 540 628 «
552 602 751 638 Appreheudit
775 601 877 629 draco-

107 657 185 677 nem.
198 659 212 676 ν
228 649 238 666 ⁵
255 660 268 674 «
283 650 410 684 Clangor
423 648 552 676 victoriae
565 648 642 683 regis
653 648 684 674 in
698 647 760 674 illo.
777 658 789 671 »
807 647 877 674 Item

107 695 169 730 ipsc
183 695 253 722 vicit
273 695 493 728 ordinabiliter,
508 695 568 722 sive
589 693 708 729 aequiter
722 703 727 720 :
748 700 809 720 non
822 700 876 727 po-

107 741 197 768 tentia
210 741 324 774 solum,
339 741 392 768 sed
409 740 532 775 justitia,
552 739 716 767 secundum
743 738 876 773 ⁴&ugusti-

107 794 180 814 num
193 787 213 813 ⁶.
229 787 240 804 ⁷
257 789 380 821 «Agnus
393 786 464 813 vicit
479 786 514 821 (a)
531 785 608 819 illos,
625 795 638 809 ι)
657 784 765 811 scilicet
779 784 807 811 in
825 792 877 811 sua

107 832 252 868 passione.
282 834 353 860 Item
376 832 438 867 ipse
460 831 529 858 vicit
548 831 582 865 (b)
609 830 794 863 aeternaliter,
816 830 876 856 sive

106 878 272 913 perenniter
283 878 310 904 ⁸:
336 887 349 903 «
363 879 434 904 Ecce
449 877 518 904 vicit
532 878 588 904 Leo
608 876 645 903 de
660 876 738 903 tribu
758 875 843 902 Juda.
860 886 872 900 »

108 925 178 952 Item
205 924 266 959 ipse
289 923 359 951 vicit
387 923 421 959 (b)
446 922 642 957 multipliciter
666 923 726 948 tam
753 929 806 956 per
834 929 874 954 se,

107 978 198 1005 quam
212 977 265 1005 per
285 977 353 996 suos
368 968 491 1001 eleetos,
508 968 616 1003 quibus
635 967 717 994 dedit
740 967 876 994 virtutem

106 1015 243 1042 vincendi
257 1017 268 1033 ⁹
284 1024 291 1042 :
322 1025 335 1040 ι(
348 1015 430 1042 Dedit
443 1014 529 1041 nobis
543 1013 695 1040 victoriam
712 1020 765 1047 pcr
779 1014 875 1039 Jesum

107 1061 261 1088 Christum.
275 1071 288 1086 »
307 1061 327 1078 ¹⁰
341 1070 354 1085 «
367 1062 458 1088 Omne
478 1059 560 1095 quod
575 1061 677 1086 natum
693 1059 736 1085 est
755 1065 790 1085 ex
806 1059 873 1092 Deo,

105 1107 196 1134 vincit
215 1107 372 1134 mundum.
391 1116 404 1132 ι)
422 1108 454 1133 Et
468 1108 588 1141 propter
602 1105 658 1132 hoc
674 1104 713 1131 ait
729 1104 794 1131 hic:
814 1105 875 1130 Vici

105 1153 246 1187 mundum,
259 1154 291 1180 ut
302 1153 357 1188 ipsi
371 1151 552 1179 confiderent
565 1159 595 1178 se
612 1150 739 1178 victuros
753 1149 783 1176 in
797 1149 872 1184 ipso,

105 1201 137 1226 ut
149 1200 229 1235 patet
243 1207 278 1226 ex
292 1198 406 1226 Glossis.

199 1300 312 1327 Collatio
330 1301 624 1334 septuagesimaquz‘nca
635 1319 644 1332 ,
658 1305 719 1325 xvn
729 1319 738 1332 ,
758 1299 782 1324 3.

139 1383 200 1409 Hoec
221 1385 259 1409 est
273 1384 332 1409 vita
346 1384 462 1415 oeterna,
473 1384 505 1408 ut
528 1383 683 1415 cognoscant
699 1383 740 1414 te,
757 1381 782 1406 et
796 1387 872 1414 quem

101 1430 203 1456 misisti
216 1430 304 1457 Jesum
320 1429 462 1456 Christum.
479 1429 511 1455 ln
529 1428 574 1454 his
588 1427 687 1454 verbis
701 1426 871 1462 exprimun-

102 1477 148 1502 tur
163 1475 223 1502 sive
238 1474 423 1502 insinuantur
438 1476 566 1510 quatuor
580 1483 585 1500 :
599 1481 727 1508 quorum
741 1472 871 1507 primum

101 1524 143 1549 est
157 1521 258 1557 gloriae
271 1522 395 1556 veritas,
407 1521 468 1548 sive
483 1520 660 1552 sublimitaS,
676 1520 716 1546 ibi
733 1528 739 1546 :
757 1520 818 1546 Hoec
833 1521 871 1545 est

99 1570 160 1595 vita
170 1589 178 1601 ‚
193 1570 259 1602 etc.;
276 1568 440 1595 secundum
455 1569 496 1594 est
510 1565 702 1594 inalterabilis
715 1565 868 1598 aetcrnitas,

99 1613 141 1640 ibi
156 1623 163 1640 :
180 1615 305 1647 AEterna5
326 1613 443 1641 tertium
461 1614 504 1640 est
524 1611 728 1639 indefectibilis
751 1610 870 1638 delicio-

98 1659 183 1693 sitas,
201 1660 263 1687 sive
282 1658 511 1689 delectabilitas,
527 1657 569 1685 ibi
586 1666 592 1684 :
612 1659 644 1684 Ut
667 1659 823 1691 cognoscant
845 1659 870 1683 te

98 1706 181 1732 solum
207 1707 290 1732 Deum
299 1714 308 1739 ;
333 1707 471 1740 quartum
495 1706 537 1731 est
560 1704 647 1738 hujus
674 1703 869 1730 deliciositatis

98 1751 326 1785 extensibilitas,
342 1751 402 1778 sive
424 1749 619 1777 numerositas
629 1770 637 1783 ,
651 1748 693 1776 ibi
710 1758 716 1776 ε
737 1751 771 1776 Et
793 1757 867 1783 quem

97 1799 200 1825 misisti
213 1798 301 1825 Jesum
317 1797 462 1823 Christum.

132 1843 177 1870 Ait
199 1850 270 1878 ergo
288 1852 295 1869 :
311 1843 374 1870 Hoec
398 1845 436 1870 est
457 1843 534 1875 vita,
554 1842 581 1868 et
606 1841 637 1868 in
659 1841 717 1868 hoc
738 1840 867 1868 exclusio

98 1889 194 1916 omnis
225 1888 396 1916 differentiae
419 1887 521 1915 mortis
535 1908 543 1922 ‚
566 1887 636 1922 quia
658 1887 718 1914 vita
740 1894 868 1922 prcesens

97 1942 158 1962 non
167 1936 210 1962 est
220 1934 280 1962 vita
290 1942 375 1970 pura,
386 1933 439 1961 sed
450 1933 540 1961 mixta
550 1935 652 1962 morte,
663 1933 724 1959 sive
736 1940 868 1967 respersa

96 1982 212 2014 morte,
235 1980 285 2008 vel
306 1979 546 2015 corruptibilitate
569 1988 576 2006 :
599 1978 705 2006 etenim
731 1978 762 2013 (c)
788 1985 868 2005 mors

97 2025 258 2054 viventium
270 2046 279 2059 ,
295 2026 355 2053 sive
371 2025 430 2052 vita
443 2024 647 2057 morientium,
661 2025 693 2050 ut
707 2023 746 2051 ait
759 2025 868 2058 Augus-

98 2071 174 2099 tinus
189 2071 219 2098 ¹¹.
235 2073 268 2100 Et
281 2071 394 2099 ibidem
411 2080 443 2098 z«
456 2072 572 2098 Beatam
587 2069 676 2096 vitam
698 2069 825 2104 quaeritis
836 2069 866 2096 in

96 2118 218 2154 regione
238 2118 363 2146 mortis?
379 2119 442 2145 Non
456 2119 497 2144 est
518 2116 585 2143 illic.
612 2115 768 2148 Quomodo
788 2116 866 2143 enim

96 2163 184 2192 beata
195 2164 271 2198 vita,
287 2163 338 2191 ubi
353 2171 406 2190 nec
425 2163 484 2190 vita
505 2163 547 2189 est
558 2164 572 2188 ‘t
587 2172 600 2188 u
618 2162 650 2188 Et
662 2161 742 2189 idem
757 2164 866 2196 Augus-

96 2209 191 2244 tinus,
207 2209 289 2245 quod
306 2219 320 2235 ι(
334 2209 396 2237 haec
417 2209 477 2236 vita
490 2216 551 2236 non
567 2209 623 2242 est,
639 2207 694 2234 nisi
710 2215 811 2234 cursus
827 2207 866 2235 ad

95 2257 232 2284 mortem.
253 2266 266 2281 υ
289 2255 346 2283 Sed
369 2256 400 2283 in
422 2263 514 2290 regno
538 2255 640 2290 gloriae
661 2256 702 2282 est
724 2254 784 2282 vita
809 2263 815 2280 ι
835 2256 867 2282 ut

97 2301 176 2328 enim
190 2301 296 2329 dicitur
306 2301 337 2328 in
350 2301 428 2329 libro
445 2301 476 2328 de
489 2302 566 2328 Motu
582 2301 685 2332 cordis,
703 2302 731 2328 ct
745 2300 775 2327 in
789 2307 866 2327 com-

128 2359 135 2374 ·
151 2359 224 2389 Sup„
244 2364 295 2389 xn,
313 2359 352 2382 31.
366 2371 397 2376 —
412 2359 420 2373 2
436 2359 510 2388 Aug„
526 2358 555 2381 de
570 2358 645 2382 Civit.
665 2357 726 2382 Dei,
741 2358 784 2381 lib.
801 2358 865 2387 XlX,

97 2400 120 2418 c.
136 2399 183 2423 xn,
198 2400 224 2417 n.
242 2396 263 2418 1.
275 2407 305 2411 —
322 2394 330 2407 ³
345 2393 447 2423 Mami„
462 2399 508 2421 x11,
524 2394 562 2417 29.
574 2405 604 2410 -
619 2392 629 2408 ⁴
642 2392 724 2422 Apoc„
741 2398 784 2422 xx,
800 2394 822 2415 2.
835 2405 866 2409 —

96 2427 106 2444 ⁸
119 2428 206 2456 Num..
221 2434 302 2458 xxm,
324 2430 362 2452 2¹.
378 2440 408 2446 -
423 2429 431 2442 f·
449 2429 563 2458 August„
577 2427 607 2451 (le
626 2427 724 2456 Trinit„
739 2427 782 2450 lib.
799 2427 864 2457 xm,

96 2469 118 2486 e.
139 2468 201 2493 xm,
219 2470 246 2487 u.
264 2465 301 2487 Π.
320 2476 352 2481 -
367 2463 377 2479 ⁷
397 2463 565 2493 Apoc.,xv11‚
582 2463 618 2486 14.
637 2474 667 2478 -
683 2461 693 2477 8
709 2461 780 2490 lhid„
798 2467 823 2491 ν,
841 2462 864 2484 ὕ.

95 2509 126 2515 -
143 2500 152 2512 '
169 2499 176 2521 l
195 2498 264 2527 Corn,
282 2504 325 2528 xV,
345 2500 383 2522 57.
399 2510 429 2515 -
449 2498 470 2514 ¹⁰
489 2497 496 2520 l
518 2497 599 2525 Joan.‚
618 2502 642 2525 V,
663 2497 685 2519 4.
706 2509 736 2513 —
752 2496 770 2512 ¹¹
791 2498 864 2526 Aug„

97 2532 180 2563 Confi,
199 2533 243 2557 lib.
269 2534 292 2563 l,
312 2540 334 2557 c.
358 2539 397 2562 νι,
417 2539 443 2556 n.
467 2533 490 2556 7.
511 2545 537 2549 -
563 2532 583 2548 ¹²
606 2531 666 2561 lsa„
687 2536 760 2561 val,
779 2532 814 2554 12.
835 2543 864 2548 —-

97 2566 116 2583 '⁸
134 2567 199 2592 Psal.
215 2573 294 2598 xxxv,
311 2570 333 2592 9.
349 2581 380 2586 —
394 2568 414 2585 ¹⁸
428 2567 494 2591 Psal.
508 2572 576 2596 cxiv,
590 2568 613 2590 9.
623 2579 654 2584 —
671 2567 687 2581 ¹⁵
699 2566 767 2598 Col„
781 2571 825 2596 111,
841 2568 864 2596 3,

96 2603 118 2625 4·
134 2615 164 2620 —
182 2603 203 2620 ¹⁶
219 2604 296 2635 Aug„
312 2604 347 2627 ad
365 2603 449 2633 Proh„
464 2602 537 2634 epist.
560 2608 634 2632 cxxi,
651 2602 682 2626 al.
699 2607 781 2631 cxxx,
797 2608 819 2624 c.
836 2607 864 2630 11,

96 2643 122 2659 Π.
143 2638 166 2662 3.
187 2651 213 2656 -
237 2639 257 2655 ¹⁵¹
279 2639 348 2663 Psal.
367 2644 426 2669 ενι,
450 2640 487 2662 15.
508 2651 538 2656 —
558 2637 578 2654 ¹⁰
598 2638 667 2661 Psoi.
692 2642 766 2667 xxvi,
789 2637 812 2660 4.
835 2648 864 2653 -

97 2670 117 2687 ¹⁹
129 2671 199 2696 Boet.
215 2673 244 2696 de
258 2674 357 2698 Con-rol.
374 2674 480 2703 Philon,
495 2674 537 2697 lib.
556 2674 585 2703 V,
602 2680 668 2703 pros.
685 2674 708 2701 ὕ,
721 2674 779 2696 unte
795 2672 862 2695 med.

236 2726 310 2748 Tou.
333 2726 378 2748 XI.
417 2727 430 2742 ⁰

1639 275 1696 304 593

934 331 1031 356 mento
1047 330 1115 357 libri
1130 331 1161 357 de
1175 332 1267 360 Cnosis
1277 341 1287 360 :
1305 343 1319 358 «
1333 334 1394 362 Vita
1408 336 1448 362 est
1464 338 1611 370 processio
1626 347 1696 374 pro-

933 375 1038 401 cedens
1053 375 1090 403 ab
1105 379 1169 404 ente
1185 378 1283 413 quieto
1297 381 1323 406 et
1336 381 1530 416 sempiterno,
1543 385 1570 410 et
1584 384 1696 419 primus

932 422 1038 447 motus.
1056 432 1069 447 >1
1087 424 1118 449 Et
1139 423 1209 458 quia
1231 425 1295 460 ipsa
1315 426 1409 460 gloria
1422 428 1555 462 procedit
1575 430 1613 457 ab
1632 431 1696 466 ipso

933 466 990 493 Deo
1001 487 1009 499 ,
1023 468 1050 494 et
1069 467 1132 502 ipsa
1152 469 1312 504 implentur
1326 473 1430 500 animae
1444 474 1536 501 beatae
1553 475 1573 492 ¹2
1591 484 1596 502 :
1615 486 1628 500 ι(
1644 477 1696 504 De-

932 511 1048 540 clinabo
1063 522 1150 548 super
1166 523 1232 542 eam
1255 517 1339 552 quasi
1361 518 1579 548 firmamentum
1597 522 1694 556 pacis,

933 559 959 583 et
981 558 1063 592 quasi
1087 561 1245 588 torrentem
1268 563 1462 592 mundantem
1483 567 1618 601 gloriam.
1635 577 1648 593 »
1666 569 1697 595 Et

931 602 961 629 in
976 604 1079 631 Psalmo
1094 605 1114 622 ¹³
1131 615 1138 633 ε
1157 616 1171 632 «
1183 609 1319 637 Torrente
1334 611 1490 647 voluptatis
1506 615 1561 640 tuae
1578 615 1696 649 potabis

932 655 991 675 eos.
1006 659 1020 674 >›
1038 652 1069 677 Et
1083 651 1150 679 ideo
1164 652 1282 681 illorum
1297 657 1339 682 est
1352 656 1428 691 vita,
1440 660 1467 685 et
1480 658 1534 694 ipsi
1549 662 1615 687 sunt
1628 668 1695 689 vere

932 694 991 721 vivi
1003 694 1021 711 ¹⁴
1034 705 1059 722 :«
1071 697 1194 726 Placebo
1208 701 1331 728 Domino
1346 702 1375 729 in
1389 703 1508 738 regione
1519 704 1664 734 vivorum.
1679 717 1693 733 »

933 740 970 765 ¹⁵«
978 741 1039 768 Vita
1047 745 1142 770 vestra
1153 745 1325 774 abscondita
1336 750 1377 775 est
1387 756 1454 776 cum
1460 750 1580 778 Christo.
1590 761 1602 776 n
1613 753 1644 778 Et
1651 759 1695 779 se-

931 786 1029 819 quitur
1041 796 1047 813 :
1062 797 1076 813 «
1088 792 1158 817 Cum
1171 791 1298 819 Christus
1309 795 1477 828 apparuerit
1489 795 1548 823 vita
1562 799 1667 824 vestra.
1678 807 1691 824 »

931 832 1022 866 Super
1035 835 1117 868 quod
1131 837 1307 870 Augustinus
1322 839 1342 855 ¹⁵
1359 847 1365 865 z
1381 849 1394 865 «
1409 841 1471 867 Haec
1485 843 1527 868 est
1540 850 1610 870 vera
1624 843 1693 878 vita,

932 880 959 904 et
972 879 1012 905 ibi
1032 882 1073 907 est
1092 888 1194 909 verum
1218 884 1372 920 solatium3
1388 896 1401 911 n
1418 895 1483 922 quce
1498 896 1576 916 nuno
1591 891 1632 916 est
1646 897 1696 925 ap-

929 925 1070 959 petenda,
1088 929 1115 953 et
1129 930 1191 955 tum
1211 930 1264 956 erit
1285 932 1480 967 apprehensa,
1497 934 1548 961 ubi
1563 934 1696 970 implebi-

930 971 976 996 tur
992 969 1011 986 ¹⁷
1025 980 1030 996 :
1043 980 1055 996 z(
1070 972 1213 1008 Satiabor,
1229 984 1296 1004 cum
1312 979 1480 1013 apparuerit
1495 980 1589 1013 gloria
1604 983 1662 1008 tua.
1679 992 1692 1007 »

931 1015 961 1041 Et
976 1016 1046 1043 alibi
1063 1016 1082 1033 ¹⁸
1097 1027 1104 1045 ι
1123 1029 1136 1043 α
1151 1021 1241 1048 Unam
1262 1022 1330 1056 petii
1346 1031 1363 1050 a
1377 1024 1414 1050 te.
1432 1034 1445 1049 η
1463 1026 1494 1052 Et
1505 1025 1566 1053 haec
1581 1026 1640 1054 vita
1654 1031 1696 1054 est

929 1062 1046 1097 aeterna,
1076 1066 1128 1091 etc.
1153 1067 1183 1093 Ut
1196 1067 1273 1094 enim
1293 1068 1332 1095 ait
1357 1070 1469 1097 Boetius
1485 1071 1527 1098 ¹⁹:
1547 1081 1561 1097 «
1574 1073 1696 1100 AEterni-

930 1108 973 1133 tas
1002 1111 1042 1135 est
1070 1109 1293 1139 interminabilis
1308 1113 1372 1141 vitae
1394 1117 1538 1150 possessio
1552 1138 1561 1150 ,
1577 1120 1637 1146 tota
1656 1119 1694 1145 si-

929 1153 991 1180 mul
1006 1156 1032 1181 et
1046 1155 1182 1189 perfecta.
1199 1167 1212 1182 »
1229 1159 1309 1186 Unde
1328 1160 1383 1187 nisi
1403 1161 1463 1188 vita
1481 1164 1555 1190 esset
1569 1165 1693 1199 aeterna,

928 1206 989 1226 non
1011 1203 1084 1227 esset
1106 1202 1207 1237 beata,
1225 1204 1264 1231 ait
1282 1206 1459 1240 Augustinus
1478 1208 1509 1235 2⁰.
1529 1208 1598 1236 Ideo
1620 1218 1693 1244 pree-

928 1245 1021 1272 mium
1043 1247 1164 1281 plenum
1191 1251 1232 1276 est
1256 1250 1315 1277 vita
1336 1254 1451 1280 [eterna.
1471 1254 1502 1280 In
1529 1255 1632 1282 Psalmo
1646 1255 1666 1273 ²¹
1685 1265 1690 1283 ι

931 1301 943 1315 (ι
950 1292 1104 1320 Haereditas
1112 1302 1213 1321 eorum
1225 1295 1254 1322 in
1262 1297 1401 1324 aeternum
1411 1299 1531 1326 erit.»²²«
1542 1300 1595 1327 lbit
1603 1301 1693 1329 homo

928 1336 957 1363 in
978 1337 1101 1366 domum
1116 1340 1281 1368 (eternitatis
1295 1350 1363 1369 sure.
1380 1353 1393 1369 »
1411 1346 1433 1361 2³
1451 1356 1464 1369 «
1479 1346 1532 1378 Qui
1547 1346 1695 1374 elucidant

928 1391 984 1418 mc,
997 1384 1088 1412 vitam
1099 1388 1236 1414 aeternam
1251 1388 1412 1417 habebunt.
1429 1390 1470 1415 »²¹¹
1483 1392 1590 1424 «Quasi
1605 1393 1694 1419 stellae

927 1428 957 1455 in
975 1432 1131 1465 perpetuas
1148 1433 1329 1462 aeternitates
1346 1444 1358 1459 >³
1376 1437 1408 1463 Et
1429 1436 1489 1463 haec
1510 1437 1567 1465 vita
1587 1440 1694 1466 aeterna

928 1475 969 1501 est
982 1475 1081 1503 videre
1096 1478 1197 1505 Deum.
1215 1480 1323 1507 «Beata
1336 1481 1414 1508 enim
1428 1482 1487 1509 vita
1497 1485 1538 1510 est
1552 1484 1692 1517 gaudium

927 1520 963 1547 de
975 1521 1102 1556 veritate,
1113 1534 1125 1547 υ
1139 1523 1178 1550 ait
1189 1525 1364 1558 Augustinus
1372 1527 1404 1553 ⁴25.
1419 1527 1525 1555 Etideo
1534 1528 1693 1556 deliciosis-

926 1566 1000 1601 sima
1015 1567 1225 1596 delectabilitas
1240 1571 1352 1598 ratione
1375 1572 1536 1606 charitatis,
1555 1576 1582 1602 et
1596 1575 1691 1602 delec-

926 1612 1075 1640 tabilitatis
1089 1613 1180 1648 ipsius
1196 1615 1243 1642 Dei
1259 1616 1395 1652 visibilis,
1410 1619 1521 1646 ratione
1535 1620 1691 1648 immedia-

925 1659 959 1684 tae
974 1659 1001 1684 et
1012 1658 1107 1693 plenae
1121 1659 1253 1694 visionis,
1266 1662 1377 1689 ratione
1392 1664 1525 1698 puritatis
1540 1667 1567 1692 et
1578 1666 1691 1694 virtutis

924 1702 1017 1730 beatae
1040 1704 1144 1731 animae
1168 1705 1293 1733 videntis
1307 1729 1316 1742 ,
1339 1709 1451 1737 ratione
1480 1710 1691 1739 immutationis

925 1748 1015 1784 ipsius
1038 1750 1164 1778 videntis
1187 1759 1205 1779 a
1230 1753 1338 1780 visibili
1360 1754 1402 1782 2⁶:
1423 1756 1564 1784 «Videbit
1585 1757 1690 1785 faciem

925 1795 986 1830 ejus
1009 1795 1039 1822 in
1058 1796 1164 1831 jubilo.
1188 1807 1200 1823 »
1222 1798 1263 1825 lbi
1288 1800 1441 1834 Gregorius
1456 1801 1476 1818 2⁷
1492 1802 1567 1830 bene
1583 1803 1619 1830 de
1633 1804 1688 1830 his.

927 1850 940 1866 «
956 1843 1049 1876 Tunc,
1074 1842 1182 1878 inquit,
1205 1845 1408 1879 resplendente
1430 1848 1537 1883 raptim
1558 1857 1690 1877 corusca-

924 1887 1002 1915 tione
1018 1888 1259 1925 incircumscripti
1274 1891 1392 1921 luminis
1411 1892 1570 1922 illustratur
1582 1915 1591 1929 ‚
1606 1905 1618 1921 n
1638 1896 1690 1923 sci-

924 1933 991 1960 licet
1009 1934 1107 1962 anima
1130 1935 1231 1969 beata,
1250 1945 1336 1972 «quo
1360 1940 1518 1974 utcumque
1533 1942 1688 1976 conspecto

923 1979 954 2006 in
978 1981 1087 2014 gaudio
1112 1982 1156 2016 cuj
1162 1981 1265 2009 usdam
1290 1984 1450 2012 securitatis
1472 1985 1656 2014 absorbetur.
1673 1997 1687 2013 n

924 2027 988 2053 Haee
1003 2025 1068 2060 ille,
1084 2028 1111 2053 et
1132 2027 1173 2054 ibi
1195 2028 1321 2056 multum
1341 2029 1378 2056 de
1392 2030 1458 2058 hoc.
1473 2030 1493 2048 ⁹⁸
1509 2041 1522 2056 α
1537 2032 1606 2059 Inde
1621 2040 1690 2060 eon-

924 2071 1080 2106 templatur
1108 2080 1215 2100 escam.
1241 2083 1254 2099 n
1280 2074 1322 2101 lbi
1348 2076 1503 2110 Gregorius
1518 2077 1541 2094 ²⁰
1558 2086 1564 2104 :
1584 2088 1596 2103 (ι
1622 2078 1690 2106 Sola

924 2124 1053 2152 namque
1066 2118 1126 2152 ejus
1139 2118 1211 2146 visio
1226 2119 1279 2146 crit
1294 2122 1398 2148 nostrae
1414 2123 1518 2150 mentis
1532 2123 1658 2152 refectio.
1673 2135 1688 2151 ι)

923 2163 955 2189 Et
970 2163 1011 2189 ibi
1027 2162 1063 2190 dc
1078 2163 1144 2190 hoc.
1161 2165 1182 2181 ⁸⁰
1202 2175 1214 2188 «
1228 2166 1305 2192 Tunc
1320 2166 1434 2194 videbis
1455 2170 1481 2195 ct
1503 2168 1614 2196 afflues.
1629 2180 1642 2196 n
1667 2171 1688 2187 ⁸¹

927 2218 939 2233 «
961 2209 1063 2236 Anima
1078 2210 1140 2243 ejus
1160 2210 1284 2245 videbit,
1306 2214 1333 2239 et
1354 2213 1538 2242 saturabitur.
1552 2225 1566 2240 n
1582 2217 1614 2243 Et
1628 2216 1689 2243 haec

922 2254 996 2281 visio
1013 2255 1145 2290 implicat
1162 2255 1329 2284 fruitionem
1350 2266 1471 2287 summoe
1489 2260 1627 2288 bonitatis
1642 2262 1664 2279 ³²
1680 2271 1686 2289 :

926 2309 939 2325 «
955 2300 997 2327 lbi
1012 2301 1197 2336 vacabimuS,
1213 2304 1239 2329 ct
1259 2303 1444 2339 videbimuS,
1465 2308 1492 2333 et
1506 2306 1688 2341 amabimus,

922 2391 952 2395 —
971 2379 991 2395 ²¹⁰
1009 2380 1082 2409 Aug„
1097 2379 1128 2402 dc·
1144 2380 1217 2404 Cirit.
1233 2381 1288 2410 Dei,
1302 2381 1345 2405 lib.
1361 2383 1391 2413 X,
1407 2390 1428 2407 c.
1445 2390 1492 2415 ιιι,
1507 2387 1564 2416 post
1578 2386 1644 2410 med.
1657 2399 1688 2403 —

923 2413 941 2428 Ἢ
958 2413 1024 2436 J’sal.
1044 2419 1139 2443 xxxvi,
1159 2416 1193 2438 18.
1210 2428 1236 2432 —-
1256 2416 1276 2431 2²*
1294 2416 1382 2444 Eccle..
1399 2424 1450 2448 xii,
1470 2420 1493 2442 5.
1512 2433 1543 2437 —
1562 2420 1582 2436 ²³
1599 2421 1686 2451 Ecca„

923 2451 994 2477 xxm,
1010 2450 1048 2471 31.
1062 2461 1090 2465 -
1105 2448 1127 2464 ²⁴
1142 2449 1215 2478 Dan„
1230 2455 1279 2480 x11,
1297 2453 1317 2473 1.
1332 2464 1362 2468 —
1379 2452 1399 2468 ²⁵
1411 2453 1485 2484 Aug„
1500 2453 1581 2484 Confi,
1598 2455 1640 2478 lib.
1656 2455 1687 2485 X,

923 2488 944 2504 c.
964 2487 1040 2506 xxm.
1062 2496 1087 2499 -
1110 2483 1128 2499 ²⁶
1144 2483 1204 2514 Job,
1219 2489 1318 2515 xxxin,
1340 2487 1378 2510 26.
1394 2499 1424 2505 —
1440 2487 1461 2504 2⁷
1480 2488 1566 2520 Greg„
1586 2490 1687 2517 Moral..

921 2516 964 2539 lib.
980 2517 1070 2547 xxiv,
1085 2524 1107 2541 c.
1124 2524 1147 2547 ν,
1163 2519 1289 2548 ῑι1.νι,ιι,
1307 2523 1344 2544 Η.
1359 2534 1389 2539 -
1402 2522 1420 2536 ²³
1433 2522 1488 2552 Joh,
1503 2529 1592 2553 xxxix,
1606 2526 1644 2548 29.
1662 2537 1688 2541 —

922 2552 942 2567 Ἃ·
954 2552 1040 2582 Greg„
1057 2551 1158 2583 Morul.,
1172 2552 1216 2576 lib.
1229 2555 1316 2585 xxxl,
1332 2562 1355 2580 c.
1371 2562 1426 2588 xix,
1437 2558 1469 2582 al.
1482 2563 1552 2587 xmx,
1567 2565 1593 2583 n.
1609 2560 1647 2583 99.
1658 2571 1688 2577 -

924 2586 940 2599 '³⁰
955 2587 1014 2615 Isca,
1032 2591 1078 2616 Lx,
1094 2588 1116 2611 ὅ.
1134 2600 1164 2604 -
1182 2588 1201 2604 ³¹
1216 2588 1291 2618 ibid„
1312 2596 1371 2620 L111,
1393 2594 1429 2616 ll.
1444 2605 1475 2610 —
1492 2592 1512 2608 ²³²
1526 2594 1643 2623 August„
1660 2593 1689 2616 de

923 2621 999 2644 Civit.
1015 2621 1076 2651 Dei,
1090 2621 1134 2646 lib.
1151 2623 1227 2653 xxn,
1244 2630 1266 2648 c.
1282 2630 1343 2655 xxx,
1358 2632 1437 2656 propo
1454 2627 1497 2651 fin.

952 2670 984 2700 (a)
1004 2669 1074 2700 Vulq.
1090 2670 1178 2695 vincet..
1195 2684 1226 2689 —-
1241 2672 1278 2702 (b)
1295 2673 1351 2704 ιαμ.
1367 2674 1445 2698 vincit
1470 2689 1500 2693 —
1514 2676 1544 2706 (c)
1558 2678 1595 2700 est
1609 2662 1699 2700 enims

1511 2722 1548 2750 38
