1987 3032
714 223 916 254 EXPOSITIO
941 222 979 253 ΙΝ
1001 223 1086 254 CAP.
1110 223 1202 255 XVII.

164 297 177 313 «
191 288 322 316 Ascendo
349 289 387 316 ad
410 291 523 324 patrem
546 296 644 316 meum
668 291 695 316 et
717 291 830 324 patrem
861 297 926 315 ves-

160 336 254 361 trum:
272 345 285 360 »
301 342 400 361 meum
414 342 466 370 per
480 336 630 365 naturam„
647 337 775 362 vestrum
799 343 850 370 per
863 342 928 369 gra-

160 380 246 413 tiam,
268 380 307 407 ait
329 380 369 407 ibi
391 381 568 414 Augustinus
584 383 603 407 ¹.
628 383 659 408 Et
679 381 782 408 volunt
805 381 927 416 quidam

160 424 236 451 istud
251 425 372 459 intelligi
388 426 424 452 de
438 426 577 453 omnihus
591 427 725 461 gentibus
740 427 769 453 in
785 434 853 453 eum
868 434 928 453 cre-

161 471 278 504 dituris,
300 471 340 498 ita
362 471 444 506 quod
467 473 643 507 praeteritum
664 475 790 508 ponatur
810 480 864 507 pro
883 472 927 499 fu-

161 518 241 550 turo,
265 516 338 543 sicut
352 517 390 544 ait
412 518 588 552 Augustinus
603 519 624 552 2,
643 519 697 545 nisi
719 518 794 545 illud
812 520 929 552 urgeret

160 562 242 597 quod
265 562 417 597 sequitur:
445 564 507 591 Cum
532 571 612 591 essem
632 573 688 591 cum
713 566 767 597 ez‘s,
791 565 928 591 servabam

160 615 217 641 eos,
234 610 286 634 ete.
300 610 330 635 Et
345 608 412 636 ideo
423 609 539 636 videtur
552 610 587 637 de
599 610 666 643 illis,
679 610 729 645 qui
742 610 804 645 J'am
818 610 849 637 in
861 618 928 637 eum

159 653 358 686 crediderant,
376 657 403 681 et
418 655 453 681 de
470 655 620 690 discipulis
631 657 654 682 ³:
667 666 680 680 ι(
694 658 764 683 Eece
780 664 835 690 ego
851 658 878 683 et
891 656 928 691 (a)

159 699 243 734 pueri
264 700 322 726 mei
338 708 413 734 quos
434 700 540 727 dedisti
556 701 642 735 mihi,
662 712 675 726 »
694 701 730 728 de
752 702 859 728 mundo
875 701 929 728 sci-

159 744 235 778 licet,
248 744 283 771 de
299 753 359 780 quo
371 746 433 779 jam
446 754 507 773 non
522 748 596 773 sunt.
614 747 743 782 Supra&
759 758 771 772 «
783 747 861 781 Elegi
877 755 928 774 vos

161 790 197 817 de
209 791 332 818 mundo.
345 801 357 816 n
371 793 422 818 Tui
433 795 518 826 erant,
530 793 755 827 perseverantia,
767 793 806 820 ait
818 793 927 820 Glossa.

159 837 195 862 Et
214 837 282 862 mihi
303 845 343 863 eos
367 838 483 870 dedisti,
505 839 613 866 scilicet
637 839 676 866 ad
696 839 874 866 docendum.
895 841 930 866 Et

160 888 301 908 sermonem
317 885 390 910 {tcum
409 889 594 919 servaverunt,
615 885 647 912 id
666 888 723 920 est,
739 886 769 912 in
787 885 845 912 fide
866 893 931 920 per-

162 930 342 955 manserunt.

197 975 222 999 Τ.
239 975 271 1000 Et
289 982 357 1000 nunc
376 979 565 1009 cognoverunt,
591 978 655 1010 quia
677 979 782 1011 omnia,
807 979 879 1011 etc.,
895 986 930 1005 eo

161 1019 243 1054 quod
258 1024 459 1054 cognoverunt
472 1022 571 1049 onmia
592 1023 663 1049 mihi
686 1023 788 1050 tradita
806 1032 823 1050 a
838 1026 865 1050 te
881 1032 932 1058 pa-

162 1066 202 1091 tre
214 1065 224 1081 ⁵
240 1075 246 1091 ε
266 1075 278 1090 «
293 1066 396 1093 Omnia
411 1067 483 1093 mihi
501 1068 606 1094 tradita
619 1070 685 1095 sunt
699 1076 716 1095 a
730 1070 810 1103 patre
826 1077 928 1096 meo.»

150 1111 253 1144 Supra
268 1112 278 1127 ⁶
295 1120 302 1138 z
317 1122 329 1135 «
345 1115 404 1139 Mea
419 1113 553 1140 doctrina
576 1121 636 1140 non
661 1116 701 1141 est
728 1122 829 1141 mea.»
854 1117 886 1142 Et
899 1116 909 1131 ⁷
923 1124 930 1140 :

163 1165 176 1180 «
192 1157 296 1183 Omnia
308 1158 427 1184 tradidit
442 1159 563 1185 Peterin
578 1167 684 1186 manus
700 1160 733 1193 (b)
750 1171 762 1184 »
782 1160 852 1187 Filii.

196 1204 222 1228 8.
244 1204 299 1229 Nec
321 1203 446 1237 mirum,
471 1204 493 1230 si
515 1208 738 1238 cognoverunt:
764 1206 835 1238 Quia
856 1207 933 1233 verbu

161 1255 219 1281 quoe
232 1248 334 1275 dedisti
353 1251 434 1283 milti,
450 1250 512 1276 (ledi
527 1253 579 1281 et's‚·
596 1253 623 1277 et
643 1259 695 1285 per
710 1251 766 1277 1100
788 1259 933 1285 cognove-

162 1295 242 1326 runt,
266 1294 335 1328 quia
357 1298 546 1330 acceperunt,
563 1298 594 1322 ut
615 1296 654 1322 ait
669 1296 769 1324 (ilo—sa
790 1306 796 1323 :
823 1299 857 1323 Et
879 1299 934 1332 ipsi

163 1343 330 1373 acceperunt,
359 1341 485 1367 tenendo
512 1351 517 1368 ;
549 1343 582 1368 Et
608 1346 801 1376 commearunt,
826 1343 932 1370 intelli-

162 1384 259 1418 gendo
276 1394 282 1412 z
299 1387 370 1418 Quia
385 1395 401 1413 a
417 1391 441 1414 te
456 1389 541 1421 errici,
558 1390 588 1414 ut
608 1388 733 1415 verbum
755 1391 896 1416 aeternum
917 1398 933 1417 a

163 1431 242 1457 Patre
260 1441 265 1456 ε
282 1433 316 1458 Ee
330 1433 432 1459 misisti
446 1442 500 1466 me,
517 1433 624 1460 scilicet
640 1436 670 1461 ut
692 1435 821 1462 mundus
839 1436 933 1463 salve-

165 1478 220 1509 tur,
234 1485 323 1512 supra
338 1478 356 1504 ⁸.
373 1479 477 1510 Quaerit
489 1480 664 1513 Augustinus
679 1481 688 1496 ⁹
705 1480 741 1507 de
757 1481 828 1515 1100,
851 1481 933 1516 (111οἀ

163 1522 202 1548 ait
218 1531 223 1548 :
239 1524 291 1549 Τιιι·
304 1527 395 1557 erant,
414 1527 439 1551 et
455 1528 484 1551 τίι
500 1526 569 1551 mihi*
586 1533 627 1552 eos
649 1526 752 1552 dedisti
766 1535 773 1552 ε
792 1536 805 1552 ι(
819 1529 876 1560 Α11,
892 1527 934 1554 in-

163 1568 242 1602 quit,
258 1571 339 1595 erant
353 1570 456 1603 Patris,
478 1571 599 1605 quando
616 1578 675 1597 non
692 1573 774 1598 erant
794 1572 855 1598 Filii
871 1573 934 1599 uni—

164 1613 266 1647 geniti,
283 1614 333 1649 qui
349 1616 391 1642 est
411 1616 532 1650 aequalis
550 1616 643 1643 Patri?
665 1628 676 1642 »
702 1617 786 1652 quasi
808 1617 933 1645 diceret:

164 1659 222 1685 Hoc
241 1667 301 1686 non
324 1663 422 1695 posset
447 1670 519 1688 esse.
546 1664 578 1689 itt
599 1662 637 1689 ad
660 1662 739 1689 istud
763 1663 936 1698 respondet,

164 1704 246 1739 quod
262 1705 348 1732 Filius
362 1714 423 1733 non
446 1708 591 1742 separavit
609 1709 737 1741 Patrem,
760 1708 880 1742 quando
897 1708 937 1736 ait

164 1758 253 1785 supra
268 1761 275 1777 ε
293 1753 351 1785 Ego
367 1752 443 1786 elegi
464 1761 516 1780 vos
538 1753 574 1779 dc
594 1753 717 1780 mundo.
741 1753 785 1780 Sic
807 1755 834 1780 et
858 1762 935 1781 nunc

165 1803 225 1823 non
237 1798 382 1831 separavit
397 1806 442 1831 se,
459 1798 580 1832 quando
593 1799 649 1825 ait:
664 1800 713 1825 Ταί
726 1802 812 1826 crant.
828 1810 841 1824 u
856 1802 936 1826 Nune

166 1844 263 1868 autem
287 1842 377 1869 homo
401 1843 479 1870 idem
504 1844 565 1878 ipse
588 1844 674 1871 Filius
696 1845 807 1879 aceepit
827 1853 877 1872 eos
893 1846 935 1880 (c),

167 1887 217 1921 qui
232 1895 292 1914 non
305 1890 387 1915 erant
400 1889 502 1924 ipsius,
515 1890 594 1916 unde
606 1890 679 1924 talis,
694 1890 764 1925 quia
777 1893 803 1917 et
811 1891 936 1918 formam

166 1933 241 1960 servi
260 1935 370 1969 accepit
385 1936 457 1961 Deus
482 1936 537 1970 (d),
558 1944 623 1970 quae
643 1943 703 1962 non
725 1938 786 1963 erut
804 1937 903 1971 ipsius.
923 1949 935 1961 υ

168 1979 229 2005 Haec
253 1979 311 2006 ille.
334 1981 390 2007 Sed
413 1981 562 2016 quaeritur,
588 1990 656 2008 011111
680 1982 776 2008 adhuc
801 1982 937 2017 discipuli

167 2031 227 2051 non
240 2028 335 2053 essent
356 2027 444 2059 tales,
466 2027 545 2054 unde
571 2029 598 2054 et
618 2028 648 2054 in
663 2028 799 2062 passione
820 2027 937 2056 suerunt

168 2069 304 2105 dispersi,
328 2074 355 2099 et
378 2073 433 2099 hoc
460 2081 496 2100 ex
522 2073 687 2100 infirmitate
709 2073 792 2106 fidei,
814 2074 937 2108 qualiter

167 2116 226 2143 ait:
242 2118 274 2143 Ec
296 2121 470 2151 conuenerunt
489 2127 560 2152 cese,
581 2122 606 2145 et
626 2119 797 2146 crediderunt
811 2122 891 2146 vere?
906 2122 938 2147 Et

167 2162 206 2189 ad
220 2163 276 2189 hoc
291 2164 463 2199 respondet,
481 2164 553 2191 sicut
564 2164 682 2199 supplet
697 2165 873 2199 Augustinus
889 2167 911 2182 ¹⁰
929 2175 935 2192 :

170 2218 183 2233 «
198 2209 300 2236 Adhuc
316 2209 450 2245 discipuli
472 2218 532 2237 non
552 2212 633 2237 erant
657 2210 744 2245 tales,
766 2211 867 2245 quales
887 2218 938 2238 eos

168 2253 246 2281 dicit.
278 2255 404 2282 Verbum
426 2256 562 2290 praeteriti
586 2255 741 2291 temporis,
769 2256 854 2291 quasi
876 2256 939 2290 jam

169 2302 277 2334 essent,
303 2301 491 2335 praenuntiat,
525 2302 628 2336 quales
654 2301 743 2328 futuri
771 2303 865 2328 essent
892 2310 939 2330 ac-

169 2348 252 2381 cepto
267 2346 374 2382 Spiritu
388 2349 505 2387 sanet05
516 2350 543 2375 et
557 2348 649 2375 verba
664 2348 745 2375 dedit
756 2348 807 2382 eis,
817 2349 937 2384 quando

199 2418 206 2434 ¹
224 2419 297 2447 Anu„
313 2420 383 2442 tract.
401 2425 476 2446 cxxi,
493 2426 516 2443 u.
537 2420 560 2442 3.
576 2431 604 2436 ——
622 2418 691 2448 ²14,
708 2420 779 2442 tract.
799 2425 856 2449 ew,
872 2427 896 2443 11.
917 2423 937 2444 l.

168 2453 178 2470 ³
195 2453 254 2483 111-(1.,
274 2459 334 2482 vin,
354 2456 391 2477 18.
410 2467 439 2471 —
456 2454 463 2468 ⁴
478 2455 559 2483 joun„
579 2460 620 2484 xv,
644 2456 681 2477 w.
699 2467 729 2471 —
748 2454 757 2469 5
775 2455 876 2483 Mami„
897 2463 937 2486 xi,

170 2488 207 2511 27.
225 2501 251 2504 —
268 2489 277 2504 ὓ
293 2489 364 2518 Sup.,
385 2495 430 2518 vii,
452 2490 488 2511 io.
507 2502 537 2505 —
556 2489 563 2502 ⁷
579 2490 651 2518 Sup.,
676 2494 721 2516 ιιι,
740 2489 778 2511 37.
796 2502 820 2505 —
840 2489 850 2505 ⁸
865 2490 937 2521 thid„

172 2523 208 2545 Π.
223 2535 252 2540 -
269 2526 278 2537 ⁹
292 2525 346 2555 Aug
361 2542 367 2553 ,
388 2526 460 2547 tract
479 2530 535 2553 (Νι,
557 2530 582 2547 11.
606 2525 628 2546 5.
645 2536 675 2540 -
692 2524 710 2539 ¹⁰
726 2523 800 2554 ibid„
821 2531 846 2548 n.
870 2527 892 2548 (2'.
908 2539 938 2543 .-

171 2557 186 2572 ¹¹
206 2557 331 2589 Damaso„
345 2559 374 2582 [Ie
389 2559 490 2582 Orthotl.
509 2558 574 2587 Ful„
591 2558 634 2581 lib.
652 2558 669 2587 Ι,
686 2564 708 2581 0.
726 2563 781 2587 vni,
798 2562 855 2589 post
869 2561 937 2584 med.

172 2605 198 2608 —
220 2593 239 2608 ¹²
259 2594 326 2616 Psal.
347 2600 414 2623 κων,
435 2598 456 2617 :·.
480 2607 505 2611 -—
529 2594 549 2609 ¹³
572 2594 658 2621 Greg„
683 2593 784 2622 Morul„
805 2594 847 2617 lib.
871 2596 936 2625 XVI,

171 2634 192 2649 0.
209 2628 419 2658 xv1,al.xxxvn,
432 2636 457 2652 u.
476 2631 512 2653 13.
525 2641 555 2646 —
569 2628 585 2643 ’ὅ
599 2628 684 2656 Heben,
701 2633 716 2656 ¹,
731 2630 754 2650 3.
770 2641 800 2645 —
815 2629 852 2652 15Ι
869 2630 936 2659 (5012,

1696 227 1751 254 477

982 289 1033 317 illa
1047 298 1107 317 non
1121 289 1191 317 foris
1205 289 1235 316 in
1251 288 1385 323 auribus,
1399 288 1454 315 sed
1469 288 1545 315 intus
1566 289 1596 316 in
1611 290 1751 317 cordibus

983 335 1169 370 spiritualiter
1183 336 1357 370 acceperunt
1378 336 1406 361 et
1427 337 1639 368 cognoverunt.
1656 345 1669 361 n
1688 338 1751 363 Haee

983 381 1041 415 ille,
1050 381 1134 416 quasi
1142 381 1250 408 diceret
1265 389 1270 406 :
1281 379 1421 415 Loquitur
1431 380 1467 407 de
1478 380 1628 415 discipulis
1636 384 1701 416 post
1711 389 1756 408 ac-

983 427 1148 461 ceptionem
1159 426 1280 461 Spiritus
1291 426 1320 452 in
1335 425 1528 461 plenitudine.
1546 428 1578 453 Et
1592 428 1662 453 nota
1675 427 1756 461 quod

984 472 1040 499 ait:
1060 473 1111 498 Τιιι·
1123 475 1209 499 erant.
1226 472 1313 499 Electi
1329 472 1407 499 enim
1420 472 1469 499 Dei
1482 472 1617 507 discipuli
1629 474 1696 498 sunt
1707 471 1756 498 Dei

981 519 1046 553 jure
1059 518 1228 549 creationis,
1244 518 1313 553 quia
1328 518 1435 545 creatio
1451 526 1511 545 non
1522 519 1610 545 estex
1624 518 1758 545 substan-

984 563 1023 590 tia
1038 564 1177 597 creantis,
1193 563 1245 590 sed
1265 563 1415 590 voluntate
1431 564 1493 598 ejus
1509 563 1545 590 de
1566 571 1627 590 non
1642 571 1703 590 esse
1718 563 1756 590 ad

985 617 1046 636 esse
1067 609 1220 643 deductio,
1236 609 1276 636 ait
1292 610 1485 636 Damascenus
1501 609 1530 636 ¹¹.
1552 610 1658 637 Omnes
1678 609 1757 636 enim

985 656 1072 682 creati
1091 656 1201 682 habent
1220 663 1237 682 a
1258 656 1316 682 Deo
1338 655 1485 690 quidquid
1508 655 1640 682 habent:
1661 665 1673 680 ι(
1693 657 1756 690 Ipse

985 701 1064 727 enim
1080 702 1101 718 ¹2
1115 701 1181 728 feeit
1192 709 1245 727 nos
1260 703 1286 727 ct
1300 708 1361 727 non
1376 701 1430 735 ipsi
1445 709 1510 734 nos,
1522 711 1534 726 u
1548 701 1587 727 ait
1602 701 1755 735 Propheta.
1781 705 1783 708 ·

986 748 1054 774 Item
1069 749 1134 773 sunt
1145 747 1190 773 Dei
1202 746 1313 773 ratione
1327 754 1386 772 suae
1401 747 1667 773 conservationisin
1678 754 1755 774 esse:

985 795 1089 819 cuncta
1104 792 1214 827 quippe
1235 792 1271 819 de
1291 791 1382 818 nihilo
1397 791 1471 819 facta
1487 795 1567 825 sunt,
1583 795 1610 819 et
1627 802 1639 818 «
1654 800 1758 819 eorum

986 838 1109 865 essentia
1131 838 1161 864 in
1182 838 1307 864 nihilum
1329 837 1476 870 tenderet,
1492 837 1547 864 nisi
1568 846 1632 865 eam
1656 839 1758 864 auctor

985 891 1083 910 rerum
1109 884 1243 910 omnium
1265 891 1355 910 manu
1381 883 1533 917 regiminis
1555 886 1663 911 teneret
1686 884 1728 918 (e),
1742 894 1755 909 »

986 930 1025 956 ait
1040 929 1194 964 Gregorius
1210 930 1240 955 ¹³.
1256 929 1318 964 lpse
1339 929 1417 956 enim
1438 929 1526 956 Filius
1548 931 1590 956 est
1604 929 1623 945 ¹⁶
1640 938 1653 954 «
1667 930 1758 956 virtus

986 978 1105 1010 portans
1123 976 1164 1010 (f).
1179 985 1192 1000 ›>
1210 976 1279 1002 Item
1299 975 1343 1002 sui
1358 978 1425 1002 sunt
1444 976 1509 1009 jure
1530 975 1757 1010 redemptionis,

987 1021 1056 1055 quia
1071 1021 1090 1037 ¹³
1109 1021 1227 1056 «empti
1249 1021 1342 1055 pretio
1363 1028 1483 1055 magno.
1500 1031 1513 1046 u
1530 1020 1550 1037 ¹⁸
1574 1023 1688 1048 «Nemo
1708 1029 1759 1048 ve-

987 1068 1078 1093 strum
1092 1066 1147 1093 sibi
1162 1067 1248 1100 vivit,
1263 1077 1276 1091 »
1296 1068 1348 1094 010.
1365 1068 1434 1093 110111
1450 1067 1532 1094 electi
1546 1067 1682 1094 dicuntur
1696 1075 1758 1094 esse

987 1112 1050 1146 Dei,
1066 1112 1321 1147 praedestinatione
1346 1112 1406 1139 sive
1429 1112 1646 1147 praeeleetione;
1671 1115 1698 1140 et
1718 1113 1758 1140 sic

986 1157 1116 1192 loquitur
1131 1157 1187 1184 1110.
1205 1157 1284 1184 Unde
1297 1166 1303 1183 ι
1316 1158 1366 1183 Tui
1376 1161 1461 1191 crant,
1474 1159 1625 1192 praesentia
1638 1158 1673 1193 (9)
1686 1158 1760 1185 scili-

987 1205 1041 1237 cet,
1051 1204 1090 1230 ait
1100 1203 1199 1230 Glossa
1216 1212 1222 1230 :
1234 1204 1253 1220 ¹⁷
1264 1203 1372 1230 «Novit
1385 1204 1417 1238 (h)
1430 1203 1508 1230 enim
1522 1203 1726 1238 quisuntejus.
1743 1214 1756 1229 n

1023 1251 1048 1275 9.
1067 1251 1097 1275 Et
1115 1249 1245 1283 sequitur
1267 1249 1331 1283 ipsa
1345 1249 1444 1283 petitio
1462 1257 1467 1275 :
1495 1250 1529 1275 Ec
1549 1257 1600 1284 pro
1622 1251 1659 1276 eis
1683 1258 1758 1283 erqo,

988 1302 1101 1328 nonpro
1123 1296 1228 1320 nitendo.
1252 1296 1282 1321 Et
1303 1294 1449 1321 mundum
1474 1294 1536 1321 vult
1560 1295 1700 1329 intelligi,
1720 1295 1760 1322 ait

988 1340 1163 1374 Augustinus
1180 1340 1207 1373 ¹⁸,
1224 1340 1313 1366 illos«
1330 1339 1382 1375 (1111
1398 1340 1499 1367 vivunt
1513 1341 1672 1367 secundnm
1689 1349 1759 1368 con-

988 1385 1197 1420 cupiscentiam
1213 1386 1315 1413 mundi
1330 1394 1336 1412 :
1354 1396 1366 1411 »
1385 1386 1436 1413 Sed
1450 1395 1498 1420 pro
1522 1389 1559 1413 eis
1580 1396 1643 1421 quos
1659 1388 1760 1414 dedisti

988 1433 1064 1458 milti.
1081 1434 1113 1459 Et
1128 1440 1180 1466 per
1200 1432 1256 1459 hoc
1272 1433 1379 1459 sactum
1400 1434 1458 1466 est,
1486 1433 1569 1467 quod
1592 1441 1652 1460 non
1671 1433 1759 1468 perti-

988 1480 1076 1505 neant
1097 1478 1135 1505 ad
1149 1478 1314 1512 mundum,
1329 1478 1368 1505 ait
1389 1479 1565 1513 Augustinus
1584 1480 1612 1506 ¹⁹.
1630 1479 1697 1507 ldeo
1713 1488 1759 1506 se-

989 1524 1087 1558 quitur
1104 1533 1110 1550 z
1127 1525 1198 1556 Quia
1222 1526 1264 1550 tui
1279 1528 1355 1558 sunt,
1381 1525 1472 1551 modo
1495 1525 1584 1552 dicto.
1607 1526 1700 1560 Supra
1714 1526 1735 1542 ‘2⁰
1751 1536 1758 1554 ι

991 1578 1004 1594 «
1019 1571 1108 1596 Nemo
1121 1569 1200 1596 venit
1215 1569 1254 1596 ad
1268 1577 1315 1596 me
1325 1591 1331 1603 ‚
1354 1570 1408 1596 nisi
1424 1572 1506 1605 pater
1518 1571 1637 1598 traxerit
1651 1579 1728 1598 eum.
1745 1582 1758 1598 »

989 1617 1023 1642 Et
1039 1624 1095 1642 mea
1109 1618 1199 1643 onznia
1215 1619 1260 1642 tua
1279 1619 1342 1643 sunt
1358 1627 1366 1643 .-
1387 1619 1419 1644 ut
1434 1617 1473 1644 ait
1489 1617 1712 1653 Chrysostomus
1727 1621 1760 1652 Ἡ,

991 1671 1004 1685 α
1019 1661 1140 1688 honoris
1167 1661 1343 1696 parilitatem
1371 1663 1514 1697 ostendit,
1546 1665 1578 1690 ut
1607 1664 1730 1691 audiens
1752 1673 1758 1692 ε

989 1708 1121 1739 Quoniam
1137 1708 1236 1734 dedisci
1249 1709 1315 1734 mihi
1323 1729 1331 1742 ,
1347 1716 1407 1735 non
1423 1709 1568 1736 existimes
1580 1718 1630 1737 eos
1640 1710 1761 1737 alienari

990 1760 1007 1778 a
1021 1752 1109 1779 Patris
1128 1755 1280 1788 potestate,
1292 1755 1319 1780 et
1333 1756 1399 1781 ante
1414 1754 1470 1782 hoc
1488 1755 1525 1782 ab
1542 1763 1591 1789 ea,
1609 1764 1673 1790 quae
1688 1756 1760 1790 Filii,

990 1798 1097 1824 seilicet
1110 1800 1260 1833 potestate.
1280 1810 1291 1822 »ι
1309 1800 1372 1826 Haec
1387 1800 1446 1826 ille.
1464 1802 1494 1827 Et
1510 1801 1596 1836 quasi
1611 1801 1692 1828 idem
1706 1804 1760 1829 Au-

990 1846 1122 1877 gustinus
1136 1845 1176 1871 ²²:
1195 1854 1207 1869 «
1222 1846 1274 1871 Per
1288 1845 1345 1872 1100
1361 1845 1558 1881 demonstrat,
1575 1847 1657 1882 quod
1680 1849 1762 1875 Pater

991 1891 1018 1916 et
1039 1889 1126 1916 Filius
1148 1898 1199 1924 per
1223 1890 1280 1917 hoc
1298 1893 1365 1917 sunt
1386 1891 1523 1926 aequales.
1541 1902 1554 1918 »
1581 1892 1659 1920 Unde
1683 1894 1710 1920 et
1725 1893 1761 1921 de

991 1935 1097 1970 Spiritu
1112 1938 1212 1962 sancto
1238 1936 1286 1970 ait,
1305 1945 1395 1971 supra
1418 1938 1554 1972 proximo
1570 1939 1591 1955 ²³
1608 1948 1614 1966 z
1634 1940 1761 1967 «Omnia

992 1989 1184 2016 quaeeumque
1198 1981 1287 2009 habet
1311 1983 1406 2016 Pater,
1423 1991 1488 2011 mea
1510 1985 1586 2011 sunt.
1609 1986 1762 2020 Propterea

991 2026 1052 2053 dixi
1066 2027 1165 2060 vohis,
1189 2027 1258 2062 quia
1273 2028 1309 2054 de
1324 2035 1392 2055 meo
1409 2029 1539 2063 accipiet.
1556 2040 1570 2055 »
1595 2032 1627 2057 Et
1642 2030 1709 2057 licet
1722 2031 1762 2058 ita

991 2072 1040 2106 sit,
1068 2072 1229 2107 aliquando
1254 2073 1354 2100 omnia
1380 2073 1480 2102 tribuit
1507 2076 1596 2109 Patri,
1621 2078 1647 2103 et
1674 2084 1762 2103 omne

992 2118 1074 2153 quod
1094 2120 1189 2153 potest
1203 2119 1245 2152 ei,
1265 2127 1282 2146 a
1304 2127 1364 2154 quo
1388 2122 1430 2147 est
1452 2120 1529 2156 ipse,
1546 2121 1596 2156 qui
1612 2123 1728 2156 potest:
1745 2131 1762 2149 a

992 2172 1052 2199 (1110
1067 2165 1144 2191 enim
1160 2165 1249 2192 habet
1264 2167 1294 2192 ut
1306 2165 1356 2198 sit,
1369 2166 1406 2192 ab
1420 2166 1471 2193 illo
1486 2166 1575 2194 habet
1587 2169 1617 2194 ut
1632 2167 1733 2202 possit,
1745 2178 1758 2194 »

991 2210 1030 2237 ait
1045 2211 1220 2244 Augustinus
1235 2211 1266 2237 2⁵.
1286 2212 1318 2237 Et
1343 2212 1506 2245 clarificatus
1530 2220 1588 2239 sum
1611 2214 1641 2239 in
1664 2215 1716 2246 eis,
1732 2214 1762 2240 id

992 2258 1049 2290 est,
1070 2256 1254 2285 clarificabor
1271 2265 1277 2283 ι
1302 2256 1375 2284 sicut
1399 2257 1493 2292 prius,
1515 2258 1691 2293 praeteritum
1707 2267 1761 2294 pro

992 2301 1100 2329 futuro.

994 2390 1034 2412 η,
1056 2386 1094 2406 20.
1110 2396 1139 2400 -
1162 2384 1180 2398 ¹¹³
1199 2384 1277 2408 Rom..
1299 2389 1349 2413 xiv,
1372 2384 1393 2407 7.
1416 2397 1445 2401 —
1465 2384 1484 2401 ¹⁷
1505 2385 1523 2408 11
1545 2384 1617 2415 Tim,
1635 2392 1663 2417 11,
1683 2387 1717 2411 19.
1731 2400 1761 2405 -

994 2420 1013 2435 ¹⁸
1030 2420 1104 2448 Aug„
1121 2420 1193 2441 tract.
1209 2423 1270 2447 cmi,
1287 2424 1312 2441 11.
1329 2421 1348 2442 1.
1361 2432 1390 2435 -
1407 2419 1498 2444 ¹⁹1hid.
1512 2432 1542 2437 —
1557 2421 1575 2434 ²⁰
1589 2421 1661 2451 Sup.,
1675 2428 1708 2451 vr,
1722 2423 1759 2446 44.

992 2466 1022 2471 -r
1036 2454 1052 2467 ²¹
1066 2454 1207 2483 Clu-ysost.‚
1225 2453 1250 2475 ίη
1265 2453 1345 2482 doun„
1362 2454 1432 2477 hom.
1448 2460 1525 2483 Lxxx,
1541 2455 1573 2480 al.
1592 2462 1681 2487 Lxxm,
1695 2464 1720 2480 n.
1738 2460 1760 2481 1.

993 2502 1022 2506 --
1042 2489 1062 2504 ²²
1081 2490 1155 2517 Aug„
1178 2487 1220 2510 ubi
1238 2494 1304 2517 sup„
1326 2495 1351 2511 n.
1373 2491 1395 2512 2.
1413 2502 1444 2506 —
1465 2490 1484 2506 ²³
1504 2490 1576 2520 Sup.,
1599 2497 1656 2521 xvi,
1681 2493 1716 2515 15.
1732 2504 1761 2508 -

992 2537 1021 2541 -.
1035 2524 1055 2539 2¹⁴
1071 2524 1145 2552 Aug„
1163 2522 1188 2545 in
1205 2523 1286 2551 J⁰(111.,
1301 2524 1374 2546 tract.
1390 2529 1440 2554 ew,
1459 2531 1485 2548 n.
1503 2526 1559 2548 5.-
1574 2526 1607 2555 (a)
1625 2527 1684 2550 caet.
1700 2526 1760 2549 edit.

993 2561 1027 2583 ut.
1043 2571 1071 2576 —
1089 2558 1117 2587 (b)
1140 2557 1209 2587 Vuly.
1226 2557 1295 2581 dedit
1310 2558 1334 2581 111
1351 2566 1434 2583 mauu.
1452 2572 1482 2576 —-
1497 2560 1527 2589 (c)
1546 2561 1606 2583 Cret.
1622 2560 1680 2584 edit.
1696 2561 1761 2583 deest

994 2601 1078 2618 ms.—
1089 2592 1127 2623 (cl)
1140 2593 1200 2616 Item
1213 2593 1329 2616 00115-
1345 2594 1375 2623 (e)
1391 2593 1431 2617 Al.
1447 2594 1609 2618 1*etiue1·et.—
1622 2596 1655 2625 (s)
1673 2595 1760 2626 Suppl.

993 2629 1086 2652 omnia.
1102 2640 1131 2646 ·-
1151 2628 1184 2657 (q)
1201 2627 1256 2657 Ley.
1275 2628 1478 2658 praescientia.-
1493 2629 1527 2659 (Ιι)
1547 2630 1616 2660 Vulq.
1633 2630 1759 2660 coguovit.
