<?xml version="1.0" encoding="UTF-8"?>
<!DOCTYPE html PUBLIC "-//W3C//DTD XHTML 1.0 Transitional//EN"
    "http://www.w3.org/TR/xhtml1/DTD/xhtml1-transitional.dtd">
<html xmlns="http://www.w3.org/1999/xhtml" xml:lang="en" lang="en">
 <head>
  <title>
</title>
<meta http-equiv="Content-Type" content="text/html;charset=utf-8" />
  <meta name='ocr-system' content='tesseract 3.04.00' />
  <meta name='ocr-capabilities' content='ocr_page ocr_carea ocr_par ocr_line ocrx_word'/>
</head>
<body>
  <div class='ocr_page' id='page_1' title='image "./operaomniasixtiv11bonauoft/operaomniasixtiv11bonauoft_0189.png"; bbox 0 0 1987 3032; ppageno 0'>
   <div class='ocr_carea' id='block_1_1' title="bbox 115 2226 664 2263">
    <p class='ocr_par' dir='ltr' id='par_1_1' title="bbox 115 2226 664 2263">
     <span class='ocr_line' id='line_1_1' title="bbox 115 2226 664 2263; baseline 0.002 -8"><span class='ocrx_word' id='word_1_1' title='bbox 115 2256 118 2259; x_wconf 82' lang='grc'><strong>,</strong></span> <span class='ocrx_word' id='word_1_2' title='bbox 161 2226 349 2263; x_wconf 83' lang='lat' dir='ltr'>sanctitatis;</span> <span class='ocrx_word' id='word_1_3' title='bbox 370 2226 455 2256; x_wconf 85' lang='lat' dir='ltr'>unde</span> <span class='ocrx_word' id='word_1_4' title='bbox 485 2226 599 2256; x_wconf 86' lang='lat' dir='ltr'>dicitur</span> <span class='ocrx_word' id='word_1_5' title='bbox 623 2226 632 2241; x_wconf 74' lang='lat'><em>⁷</em></span> <span class='ocrx_word' id='word_1_6' title='bbox 657 2235 664 2256; x_wconf 92' lang='lat'>:</span> 
     </span>
    </p>
   </div>
   <div class='ocr_carea' id='block_1_2' title="bbox 724 204 1213 238">
    <p class='ocr_par' dir='ltr' id='par_1_2' title="bbox 724 204 1213 238">
     <span class='ocr_line' id='line_1_2' title="bbox 724 204 1213 238; baseline 0.006 -3"><span class='ocrx_word' id='word_1_7' title='bbox 724 204 927 236; x_wconf 88' lang='lat' dir='ltr'>EXPOSITIO</span> <span class='ocrx_word' id='word_1_8' title='bbox 950 205 991 235; x_wconf 92' lang='lat' dir='ltr'>IN</span> <span class='ocrx_word' id='word_1_9' title='bbox 1013 207 1098 237; x_wconf 75' lang='lat' dir='ltr'>CAt‘.</span> <span class='ocrx_word' id='word_1_10' title='bbox 1121 207 1213 238; x_wconf 83' lang='lat' dir='ltr'><strong>XXII.</strong></span> 
     </span>
    </p>
   </div>
   <div class='ocr_carea' id='block_1_3' title="bbox 159 271 936 2531">
    <p class='ocr_par' dir='ltr' id='par_1_3' title="bbox 160 271 936 1946">
     <span class='ocr_line' id='line_1_3' title="bbox 168 271 935 304; baseline -0.001 -2"><span class='ocrx_word' id='word_1_11' title='bbox 168 274 223 303; x_wconf 86' lang='lat' dir='ltr'>est.</span> <span class='ocrx_word' id='word_1_12' title='bbox 247 272 285 303; x_wconf 88' lang='lat' dir='ltr'>Et</span> <span class='ocrx_word' id='word_1_13' title='bbox 308 273 342 303; x_wconf 89' lang='lat' dir='ltr'>in</span> <span class='ocrx_word' id='word_1_14' title='bbox 360 273 483 304; x_wconf 73' lang='lat' dir='ltr'>Joarme</span> <span class='ocrx_word' id='word_1_15' title='bbox 505 271 618 302; x_wconf 88' lang='lat' dir='ltr'>dicitur</span> <span class='ocrx_word' id='word_1_16' title='bbox 634 272 641 287; x_wconf 92' lang='lat'>¹</span> <span class='ocrx_word' id='word_1_17' title='bbox 660 280 668 302; x_wconf 71' lang='grc' dir='ltr'>ε</span> <span class='ocrx_word' id='word_1_18' title='bbox 689 282 703 299; x_wconf 90' lang='lat'>«</span> <span class='ocrx_word' id='word_1_19' title='bbox 723 271 831 302; x_wconf 82' lang='lat' dir='ltr'>Sciens</span> <span class='ocrx_word' id='word_1_20' title='bbox 845 271 935 302; x_wconf 85' lang='lat' dir='ltr'>Jesus</span> 
     </span>
     <span class='ocr_line' id='line_1_4' title="bbox 167 324 936 365; baseline -0.003 -9"><span class='ocrx_word' id='word_1_21' title='bbox 167 326 242 365; x_wconf 87' lang='lat' dir='ltr'>quia</span> <span class='ocrx_word' id='word_1_22' title='bbox 267 325 353 356; x_wconf 89' lang='lat' dir='ltr'>venit</span> <span class='ocrx_word' id='word_1_23' title='bbox 379 325 459 354; x_wconf 87' lang='lat' dir='ltr'>hora</span> <span class='ocrx_word' id='word_1_24' title='bbox 484 325 564 363; x_wconf 79' lang='lat' dir='ltr'>eJ&#39;us,</span> <span class='ocrx_word' id='word_1_25' title='bbox 593 326 629 355; x_wconf 94' lang='lat' dir='ltr'>ut</span> <span class='ocrx_word' id='word_1_26' title='bbox 656 326 793 354; x_wconf 83' lang='lat' dir='ltr'>transeat</span> <span class='ocrx_word' id='word_1_27' title='bbox 813 333 853 354; x_wconf 79' lang='lat' dir='ltr'>ex</span> <span class='ocrx_word' id='word_1_28' title='bbox 876 324 936 354; x_wconf 89' lang='lat' dir='ltr'>hoc</span> 
     </span>
     <span class='ocr_line' id='line_1_5' title="bbox 166 377 936 416; baseline -0.003 -7"><span class='ocrx_word' id='word_1_29' title='bbox 166 379 285 409; x_wconf 91' lang='lat' dir='ltr'>mundo</span> <span class='ocrx_word' id='word_1_30' title='bbox 306 379 345 408; x_wconf 86' lang='lat' dir='ltr'>ad</span> <span class='ocrx_word' id='word_1_31' title='bbox 361 377 496 415; x_wconf 85' lang='lat' dir='ltr'>Patrem,</span> <span class='ocrx_word' id='word_1_32' title='bbox 515 388 529 405; x_wconf 86' lang='lat'>›)</span> <span class='ocrx_word' id='word_1_33' title='bbox 552 380 610 408; x_wconf 86' lang='lat' dir='ltr'>etc.</span> <span class='ocrx_word' id='word_1_34' title='bbox 634 377 698 407; x_wconf 88' lang='lat' dir='ltr'>Hac</span> <span class='ocrx_word' id='word_1_35' title='bbox 721 386 800 415; x_wconf 85' lang='lat' dir='ltr'>ergo</span> <span class='ocrx_word' id='word_1_36' title='bbox 815 377 865 407; x_wconf 86' lang='lat' dir='ltr'>die</span> <span class='ocrx_word' id='word_1_37' title='bbox 879 386 936 416; x_wconf 85' lang='lat' dir='ltr'>ap-</span> 
     </span>
     <span class='ocr_line' id='line_1_6' title="bbox 166 430 933 471; baseline -0.004 -9"><span class='ocrx_word' id='word_1_38' title='bbox 166 432 407 471; x_wconf 73' lang='lat' dir='ltr'>propinquante,</span> <span class='ocrx_word' id='word_1_39' title='bbox 422 432 455 461; x_wconf 90' lang='lat' dir='ltr'>in</span> <span class='ocrx_word' id='word_1_40' title='bbox 470 440 532 470; x_wconf 88' lang='lat' dir='ltr'>qua</span> <span class='ocrx_word' id='word_1_41' title='bbox 548 431 679 461; x_wconf 78' lang='lat' dir='ltr'>debebat</span> <span class='ocrx_word' id='word_1_42' title='bbox 694 430 801 460; x_wconf 84' lang='lat' dir='ltr'>offerri</span> <span class='ocrx_word' id='word_1_43' title='bbox 818 439 933 468; x_wconf 82' lang='lat' dir='ltr'>agnus,</span> 
     </span>
     <span class='ocr_line' id='line_1_7' title="bbox 165 483 934 523; baseline -0.003 -9"><span class='ocrx_word' id='word_1_44' title='bbox 165 485 244 514; x_wconf 83' lang='lat' dir='ltr'>facta</span> <span class='ocrx_word' id='word_1_45' title='bbox 261 486 308 514; x_wconf 87' lang='lat' dir='ltr'>est</span> <span class='ocrx_word' id='word_1_46' title='bbox 329 484 520 514; x_wconf 78' lang='lat' dir='ltr'>machinatio</span> <span class='ocrx_word' id='word_1_47' title='bbox 539 483 706 523; x_wconf 86' lang='lat' dir='ltr'>proditoris</span> <span class='ocrx_word' id='word_1_48' title='bbox 725 492 780 522; x_wconf 83' lang='lat' dir='ltr'>per</span> <span class='ocrx_word' id='word_1_49' title='bbox 799 483 934 513; x_wconf 80' lang='lat' dir='ltr'>biduum</span> 
     </span>
     <span class='ocr_line' id='line_1_8' title="bbox 164 536 936 575; baseline -0.003 -8"><span class='ocrx_word' id='word_1_50' title='bbox 164 539 248 574; x_wconf 84' lang='lat' dir='ltr'>ante,</span> <span class='ocrx_word' id='word_1_51' title='bbox 273 538 446 568; x_wconf 88' lang='lat' dir='ltr'>secundum</span> <span class='ocrx_word' id='word_1_52' title='bbox 468 537 545 567; x_wconf 90' lang='lat' dir='ltr'>illud</span> <span class='ocrx_word' id='word_1_53' title='bbox 562 540 572 555; x_wconf 83' lang='lat'><strong>²</strong></span> <span class='ocrx_word' id='word_1_54' title='bbox 597 548 603 567; x_wconf 90' lang='lat'>:</span> <span class='ocrx_word' id='word_1_55' title='bbox 621 548 635 565; x_wconf 87' lang='lat'>«</span> <span class='ocrx_word' id='word_1_56' title='bbox 657 536 750 566; x_wconf 81' lang='lat' dir='ltr'>Scitis</span> <span class='ocrx_word' id='word_1_57' title='bbox 770 536 846 575; x_wconf 87' lang='lat' dir='ltr'>quia</span> <span class='ocrx_word' id='word_1_58' title='bbox 866 537 936 574; x_wconf 87' lang='lat' dir='ltr'>post</span> 
     </span>
     <span class='ocr_line' id='line_1_9' title="bbox 163 588 935 626; baseline -0.004 -6"><span class='ocrx_word' id='word_1_59' title='bbox 163 589 297 620; x_wconf 90' lang='lat' dir='ltr'>biduum</span> <span class='ocrx_word' id='word_1_60' title='bbox 336 589 455 620; x_wconf 78' lang='lat' dir='ltr'>Pascha</span> <span class='ocrx_word' id='word_1_61' title='bbox 492 590 546 619; x_wconf 85' lang='lat' dir='ltr'>fiet</span> <span class='ocrx_word' id='word_1_62' title='bbox 564 613 571 626; x_wconf 90' lang='lat'>,</span> <span class='ocrx_word' id='word_1_63' title='bbox 611 591 642 619; x_wconf 88' lang='lat' dir='ltr'>et</span> <span class='ocrx_word' id='word_1_64' title='bbox 678 589 761 619; x_wconf 88' lang='lat' dir='ltr'>filius</span> <span class='ocrx_word' id='word_1_65' title='bbox 797 588 935 618; x_wconf 88' lang='lat' dir='ltr'>hominis</span> 
     </span>
     <span class='ocr_line' id='line_1_10' title="bbox 163 641 934 680; baseline -0.003 -8"><span class='ocrx_word' id='word_1_66' title='bbox 163 642 316 680; x_wconf 84' lang='lat' dir='ltr'>tradetur,</span> <span class='ocrx_word' id='word_1_67' title='bbox 332 644 367 672; x_wconf 91' lang='lat' dir='ltr'>ut</span> <span class='ocrx_word' id='word_1_68' title='bbox 382 642 599 680; x_wconf 81' lang='lat' dir='ltr'>crucifigatur.</span> <span class='ocrx_word' id='word_1_69' title='bbox 617 653 631 669; x_wconf 73' lang='lat' dir='ltr'>n</span> <span class='ocrx_word' id='word_1_70' title='bbox 654 641 739 672; x_wconf 87' lang='lat' dir='ltr'>Unde</span> <span class='ocrx_word' id='word_1_71' title='bbox 760 641 934 671; x_wconf 86' lang='lat' dir='ltr'>secundum</span> 
     </span>
     <span class='ocr_line' id='line_1_11' title="bbox 163 693 934 733; baseline -0.004 -8"><span class='ocrx_word' id='word_1_72' title='bbox 163 695 331 725; x_wconf 84' lang='lat' dir='ltr'>historiam</span> <span class='ocrx_word' id='word_1_73' title='bbox 344 694 563 733; x_wconf 85' lang='lat' dir='ltr'>evangelicam</span> <span class='ocrx_word' id='word_1_74' title='bbox 579 694 720 725; x_wconf 87' lang='lat' dir='ltr'>Christus</span> <span class='ocrx_word' id='word_1_75' title='bbox 736 694 821 724; x_wconf 91' lang='lat' dir='ltr'>venit</span> <span class='ocrx_word' id='word_1_76' title='bbox 837 693 869 722; x_wconf 88' lang='lat' dir='ltr'>in</span> <span class='ocrx_word' id='word_1_77' title='bbox 885 693 934 723; x_wconf 87' lang='lat' dir='ltr'>die</span> 
     </span>
     <span class='ocr_line' id='line_1_12' title="bbox 164 746 930 785; baseline -0.004 -7"><span class='ocrx_word' id='word_1_78' title='bbox 164 749 285 778; x_wconf 86' lang='lat' dir='ltr'>sabbati</span> <span class='ocrx_word' id='word_1_79' title='bbox 304 748 507 785; x_wconf 86' lang='lat' dir='ltr'>Bethaniam,</span> <span class='ocrx_word' id='word_1_80' title='bbox 528 747 583 777; x_wconf 88' lang='lat' dir='ltr'>ubi</span> <span class='ocrx_word' id='word_1_81' title='bbox 604 749 684 778; x_wconf 76' lang='lat' dir='ltr'>facta</span> <span class='ocrx_word' id='word_1_82' title='bbox 707 749 754 777; x_wconf 85' lang='lat' dir='ltr'>est</span> <span class='ocrx_word' id='word_1_83' title='bbox 777 746 804 776; x_wconf 89' lang='lat' dir='ltr'>ei</span> <span class='ocrx_word' id='word_1_84' title='bbox 831 755 930 783; x_wconf 78' lang='lat' dir='ltr'>ccena,</span> 
     </span>
     <span class='ocr_line' id='line_1_13' title="bbox 163 798 934 831; baseline -0.003 -1"><span class='ocrx_word' id='word_1_85' title='bbox 163 801 337 831; x_wconf 88' lang='lat' dir='ltr'>secundum</span> <span class='ocrx_word' id='word_1_86' title='bbox 352 800 430 831; x_wconf 91' lang='lat' dir='ltr'>illud</span> <span class='ocrx_word' id='word_1_87' title='bbox 444 803 454 819; x_wconf 83' lang='lat'>³</span> <span class='ocrx_word' id='word_1_88' title='bbox 469 811 475 830; x_wconf 90' lang='lat'>:</span> <span class='ocrx_word' id='word_1_89' title='bbox 495 812 508 829; x_wconf 72' lang='grc' dir='ltr'>α</span> <span class='ocrx_word' id='word_1_90' title='bbox 518 800 534 831; x_wconf 90' lang='lat' dir='ltr'>J</span> <span class='ocrx_word' id='word_1_91' title='bbox 537 809 608 830; x_wconf 69' lang='lat' dir='ltr'>esus</span> <span class='ocrx_word' id='word_1_92' title='bbox 622 802 694 830; x_wconf 85' lang='lat' dir='ltr'>ante</span> <span class='ocrx_word' id='word_1_93' title='bbox 709 809 765 829; x_wconf 77' lang='lat' dir='ltr'>sex</span> <span class='ocrx_word' id='word_1_94' title='bbox 780 799 846 829; x_wconf 88' lang='lat' dir='ltr'>dies</span> <span class='ocrx_word' id='word_1_95' title='bbox 863 798 934 829; x_wconf 84' lang='lat' dir='ltr'>Pas-</span> 
     </span>
     <span class='ocr_line' id='line_1_14' title="bbox 163 852 934 891; baseline -0.004 -7"><span class='ocrx_word' id='word_1_96' title='bbox 163 854 231 884; x_wconf 86' lang='lat' dir='ltr'>chae</span> <span class='ocrx_word' id='word_1_97' title='bbox 258 854 344 884; x_wconf 88' lang='lat' dir='ltr'>venit</span> <span class='ocrx_word' id='word_1_98' title='bbox 365 853 568 891; x_wconf 85' lang='lat' dir='ltr'>Bethaniam,</span> <span class='ocrx_word' id='word_1_99' title='bbox 596 853 649 883; x_wconf 86' lang='lat' dir='ltr'>ubi</span> <span class='ocrx_word' id='word_1_100' title='bbox 671 853 806 883; x_wconf 77' lang='lat' dir='ltr'>Lazarus</span> <span class='ocrx_word' id='word_1_101' title='bbox 832 852 934 882; x_wconf 83' lang='lat' dir='ltr'>fuerat</span> 
     </span>
     <span class='ocr_line' id='line_1_15' title="bbox 164 905 934 946; baseline -0.003 -10"><span class='ocrx_word' id='word_1_102' title='bbox 164 908 325 944; x_wconf 89' lang='lat' dir='ltr'>mortuus,</span> <span class='ocrx_word' id='word_1_103' title='bbox 346 916 442 946; x_wconf 89' lang='lat' dir='ltr'>quem</span> <span class='ocrx_word' id='word_1_104' title='bbox 464 907 627 937; x_wconf 78' lang='lat' dir='ltr'>suscitavit</span> <span class='ocrx_word' id='word_1_105' title='bbox 653 906 754 936; x_wconf 82' lang='lat' dir='ltr'>Jesus.</span> <span class='ocrx_word' id='word_1_106' title='bbox 779 905 934 935; x_wconf 85' lang='lat' dir='ltr'>Fecerunt</span> 
     </span>
     <span class='ocr_line' id='line_1_16' title="bbox 163 958 932 997; baseline -0.004 -7"><span class='ocrx_word' id='word_1_107' title='bbox 163 962 270 990; x_wconf 85' lang='lat' dir='ltr'>autem</span> <span class='ocrx_word' id='word_1_108' title='bbox 285 960 314 990; x_wconf 89' lang='lat' dir='ltr'>ei</span> <span class='ocrx_word' id='word_1_109' title='bbox 329 969 452 991; x_wconf 65' lang='lat' dir='ltr'>coenam</span> <span class='ocrx_word' id='word_1_110' title='bbox 470 960 525 997; x_wconf 85' lang='lat' dir='ltr'>ibi,</span> <span class='ocrx_word' id='word_1_111' title='bbox 541 970 555 987; x_wconf 77' lang='lat' dir='ltr'>n</span> <span class='ocrx_word' id='word_1_112' title='bbox 572 962 630 990; x_wconf 91' lang='lat' dir='ltr'>etc.</span> <span class='ocrx_word' id='word_1_113' title='bbox 648 959 684 989; x_wconf 89' lang='lat' dir='ltr'>ln</span> <span class='ocrx_word' id='word_1_114' title='bbox 699 958 748 989; x_wconf 88' lang='lat' dir='ltr'>die</span> <span class='ocrx_word' id='word_1_115' title='bbox 763 960 869 988; x_wconf 89' lang='lat' dir='ltr'>autem</span> <span class='ocrx_word' id='word_1_116' title='bbox 885 967 932 987; x_wconf 84' lang='lat' dir='ltr'>se-</span> 
     </span>
     <span class='ocr_line' id='line_1_17' title="bbox 163 1012 931 1052; baseline -0.004 -9"><span class='ocrx_word' id='word_1_117' title='bbox 163 1013 282 1052; x_wconf 83' lang='lat' dir='ltr'>quenti,</span> <span class='ocrx_word' id='word_1_118' title='bbox 299 1014 386 1044; x_wconf 87' lang='lat' dir='ltr'>venit</span> <span class='ocrx_word' id='word_1_119' title='bbox 399 1013 586 1050; x_wconf 78' lang='lat' dir='ltr'>Jerusalem,</span> <span class='ocrx_word' id='word_1_120' title='bbox 599 1015 627 1043; x_wconf 84' lang='lat' dir='ltr'>et</span> <span class='ocrx_word' id='word_1_121' title='bbox 637 1013 786 1051; x_wconf 79' lang='lat' dir='ltr'>exceptus</span> <span class='ocrx_word' id='word_1_122' title='bbox 797 1012 843 1041; x_wconf 82' lang='lat' dir='ltr'>est</span> <span class='ocrx_word' id='word_1_123' title='bbox 858 1019 931 1040; x_wconf 89' lang='lat' dir='ltr'>cum</span> 
     </span>
     <span class='ocr_line' id='line_1_18' title="bbox 164 1063 933 1104; baseline -0.001 -10"><span class='ocrx_word' id='word_1_124' title='bbox 164 1074 282 1104; x_wconf 86' lang='lat' dir='ltr'>magno</span> <span class='ocrx_word' id='word_1_125' title='bbox 293 1066 421 1104; x_wconf 86' lang='lat' dir='ltr'>gaudio.</span> <span class='ocrx_word' id='word_1_126' title='bbox 437 1065 524 1096; x_wconf 86' lang='lat' dir='ltr'>Unde</span> <span class='ocrx_word' id='word_1_127' title='bbox 534 1067 705 1096; x_wconf 48' lang='lat' dir='ltr'>Joannessst</span> <span class='ocrx_word' id='word_1_128' title='bbox 721 1076 734 1092; x_wconf 67' lang='grc'><strong>1(</strong></span> <span class='ocrx_word' id='word_1_129' title='bbox 747 1064 781 1093; x_wconf 83' lang='lat' dir='ltr'>lu</span> <span class='ocrx_word' id='word_1_130' title='bbox 798 1063 933 1093; x_wconf 79' lang='lat' dir='ltr'>crastino</span> 
     </span>
     <span class='ocr_line' id='line_1_19' title="bbox 162 1116 934 1158; baseline -0.003 -11"><span class='ocrx_word' id='word_1_131' title='bbox 162 1119 270 1148; x_wconf 86' lang='lat' dir='ltr'>autem</span> <span class='ocrx_word' id='word_1_132' title='bbox 284 1118 377 1148; x_wconf 87' lang='lat' dir='ltr'>turba</span> <span class='ocrx_word' id='word_1_133' title='bbox 392 1118 492 1148; x_wconf 84' lang='lat' dir='ltr'>multa</span> <span class='ocrx_word' id='word_1_134' title='bbox 506 1127 579 1158; x_wconf 81' lang='lat' dir='ltr'>quae</span> <span class='ocrx_word' id='word_1_135' title='bbox 594 1119 723 1148; x_wconf 86' lang='lat' dir='ltr'>venerat</span> <span class='ocrx_word' id='word_1_136' title='bbox 736 1117 775 1147; x_wconf 86' lang='lat' dir='ltr'>ad</span> <span class='ocrx_word' id='word_1_137' title='bbox 786 1117 868 1146; x_wconf 89' lang='lat' dir='ltr'>diem</span> <span class='ocrx_word' id='word_1_138' title='bbox 878 1116 934 1146; x_wconf 84' lang='lat' dir='ltr'>fes-</span> 
     </span>
     <span class='ocr_line' id='line_1_20' title="bbox 162 1169 934 1210; baseline -0.003 -10"><span class='ocrx_word' id='word_1_139' title='bbox 162 1172 243 1208; x_wconf 89' lang='lat' dir='ltr'>tum,</span> <span class='ocrx_word' id='word_1_140' title='bbox 259 1180 333 1201; x_wconf 91' lang='lat' dir='ltr'>cum</span> <span class='ocrx_word' id='word_1_141' title='bbox 349 1171 508 1201; x_wconf 80' lang='lat' dir='ltr'>audissent</span> <span class='ocrx_word' id='word_1_142' title='bbox 524 1171 599 1210; x_wconf 83' lang='lat' dir='ltr'>quia</span> <span class='ocrx_word' id='word_1_143' title='bbox 613 1171 698 1201; x_wconf 88' lang='lat' dir='ltr'>venit</span> <span class='ocrx_word' id='word_1_144' title='bbox 710 1170 799 1200; x_wconf 71' lang='lat' dir='ltr'>lesus</span> <span class='ocrx_word' id='word_1_145' title='bbox 813 1169 829 1200; x_wconf 85' lang='lat' dir='ltr'>J</span> <span class='ocrx_word' id='word_1_146' title='bbox 832 1177 934 1199; x_wconf 86' lang='lat' dir='ltr'>eroso-</span> 
     </span>
     <span class='ocr_line' id='line_1_21' title="bbox 162 1223 932 1263; baseline -0.001 -11"><span class='ocrx_word' id='word_1_147' title='bbox 162 1223 294 1263; x_wconf 84' lang='lat' dir='ltr'>lymam,</span> <span class='ocrx_word' id='word_1_148' title='bbox 305 1226 492 1263; x_wconf 86' lang='lat' dir='ltr'>acceperunt</span> <span class='ocrx_word' id='word_1_149' title='bbox 504 1232 609 1254; x_wconf 87' lang='lat' dir='ltr'>ramos</span> <span class='ocrx_word' id='word_1_150' title='bbox 619 1223 810 1262; x_wconf 83' lang='lat' dir='ltr'>palmarum,</span> <span class='ocrx_word' id='word_1_151' title='bbox 823 1224 853 1252; x_wconf 82' lang='lat' dir='ltr'>et</span> <span class='ocrx_word' id='word_1_152' title='bbox 864 1231 932 1261; x_wconf 90' lang='lat' dir='ltr'>pro-</span> 
     </span>
     <span class='ocr_line' id='line_1_22' title="bbox 163 1275 933 1313; baseline -0.005 -6"><span class='ocrx_word' id='word_1_153' title='bbox 163 1280 324 1307; x_wconf 85' lang='lat' dir='ltr'>cesserunt</span> <span class='ocrx_word' id='word_1_154' title='bbox 337 1278 465 1307; x_wconf 90' lang='lat' dir='ltr'>obviam</span> <span class='ocrx_word' id='word_1_155' title='bbox 482 1277 520 1306; x_wconf 81' lang='lat' dir='ltr'>ei.</span> <span class='ocrx_word' id='word_1_156' title='bbox 538 1276 650 1307; x_wconf 83' lang='lat' dir='ltr'>Diebus</span> <span class='ocrx_word' id='word_1_157' title='bbox 665 1275 790 1305; x_wconf 89' lang='lat' dir='ltr'>duobus</span> <span class='ocrx_word' id='word_1_158' title='bbox 801 1283 933 1313; x_wconf 72' lang='lat' dir='ltr'>sequen-</span> 
     </span>
     <span class='ocr_line' id='line_1_23' title="bbox 164 1327 933 1369; baseline -0.004 -10"><span class='ocrx_word' id='word_1_159' title='bbox 164 1330 246 1360; x_wconf 83' lang='lat' dir='ltr'>tibus</span> <span class='ocrx_word' id='word_1_160' title='bbox 262 1330 421 1369; x_wconf 88' lang='lat' dir='ltr'>intemplo</span> <span class='ocrx_word' id='word_1_161' title='bbox 436 1329 552 1359; x_wconf 88' lang='lat' dir='ltr'>docuit.</span> <span class='ocrx_word' id='word_1_162' title='bbox 569 1328 604 1358; x_wconf 90' lang='lat' dir='ltr'>ln</span> <span class='ocrx_word' id='word_1_163' title='bbox 619 1328 667 1358; x_wconf 86' lang='lat' dir='ltr'>die</span> <span class='ocrx_word' id='word_1_164' title='bbox 683 1327 833 1357; x_wconf 87' lang='lat' dir='ltr'>mercurii</span> <span class='ocrx_word' id='word_1_165' title='bbox 849 1331 933 1357; x_wconf 84' lang='lat' dir='ltr'>trac-</span> 
     </span>
     <span class='ocr_line' id='line_1_24' title="bbox 164 1380 933 1422; baseline -0.005 -9"><span class='ocrx_word' id='word_1_166' title='bbox 164 1384 264 1413; x_wconf 83' lang='lat' dir='ltr'>tatum</span> <span class='ocrx_word' id='word_1_167' title='bbox 279 1384 324 1413; x_wconf 87' lang='lat' dir='ltr'>est</span> <span class='ocrx_word' id='word_1_168' title='bbox 337 1382 374 1413; x_wconf 90' lang='lat' dir='ltr'>de</span> <span class='ocrx_word' id='word_1_169' title='bbox 389 1382 579 1422; x_wconf 73' lang='lat' dir='ltr'>proditione3</span> <span class='ocrx_word' id='word_1_170' title='bbox 596 1383 626 1411; x_wconf 77' lang='lat' dir='ltr'>et</span> <span class='ocrx_word' id='word_1_171' title='bbox 644 1381 676 1410; x_wconf 84' lang='lat' dir='ltr'>in</span> <span class='ocrx_word' id='word_1_172' title='bbox 692 1389 761 1410; x_wconf 89' lang='lat' dir='ltr'>sero</span> <span class='ocrx_word' id='word_1_173' title='bbox 777 1380 837 1410; x_wconf 88' lang='lat' dir='ltr'>diei</span> <span class='ocrx_word' id='word_1_174' title='bbox 848 1380 933 1418; x_wconf 74' lang='lat' dir='ltr'>Jovis</span> 
     </span>
     <span class='ocr_line' id='line_1_25' title="bbox 164 1432 933 1474; baseline -0.005 -9"><span class='ocrx_word' id='word_1_175' title='bbox 164 1435 421 1474; x_wconf 85' lang='lat' dir='ltr'>comprehensus,</span> <span class='ocrx_word' id='word_1_176' title='bbox 439 1437 469 1464; x_wconf 88' lang='lat' dir='ltr'>et</span> <span class='ocrx_word' id='word_1_177' title='bbox 480 1435 512 1464; x_wconf 89' lang='lat' dir='ltr'>in</span> <span class='ocrx_word' id='word_1_178' title='bbox 527 1434 576 1464; x_wconf 89' lang='lat' dir='ltr'>die</span> <span class='ocrx_word' id='word_1_179' title='bbox 590 1433 736 1469; x_wconf 81' lang='lat' dir='ltr'>solemni,</span> <span class='ocrx_word' id='word_1_180' title='bbox 754 1432 870 1462; x_wconf 83' lang='lat' dir='ltr'>scilicet</span> <span class='ocrx_word' id='word_1_181' title='bbox 884 1432 933 1462; x_wconf 88' lang='lat' dir='ltr'>die</span> 
     </span>
     <span class='ocr_line' id='line_1_26' title="bbox 164 1482 933 1525; baseline -0.005 -7"><span class='ocrx_word' id='word_1_182' title='bbox 164 1488 300 1525; x_wconf 81' lang='lat' dir='ltr'>veneris,</span> <span class='ocrx_word' id='word_1_183' title='bbox 312 1482 483 1518; x_wconf 74' lang='lat' dir='ltr'>crucifixus</span> <span class='ocrx_word' id='word_1_184' title='bbox 494 1489 551 1517; x_wconf 84' lang='lat' dir='ltr'>est.</span> <span class='ocrx_word' id='word_1_185' title='bbox 565 1486 601 1516; x_wconf 86' lang='lat' dir='ltr'>Et</span> <span class='ocrx_word' id='word_1_186' title='bbox 610 1486 652 1515; x_wconf 85' lang='lat' dir='ltr'>ita</span> <span class='ocrx_word' id='word_1_187' title='bbox 662 1485 933 1524; x_wconf 80' lang='lat' dir='ltr'>appropinquante</span> 
     </span>
     <span class='ocr_line' id='line_1_27' title="bbox 164 1537 933 1579; baseline -0.004 -9"><span class='ocrx_word' id='word_1_188' title='bbox 164 1540 241 1570; x_wconf 87' lang='lat' dir='ltr'>festo</span> <span class='ocrx_word' id='word_1_189' title='bbox 259 1540 466 1579; x_wconf 84' lang='lat' dir='ltr'>Azymorum,</span> <span class='ocrx_word' id='word_1_190' title='bbox 490 1539 597 1569; x_wconf 74' lang='lat' dir='ltr'>debuit</span> <span class='ocrx_word' id='word_1_191' title='bbox 621 1538 719 1576; x_wconf 85' lang='lat' dir='ltr'>tradi,</span> <span class='ocrx_word' id='word_1_192' title='bbox 737 1537 770 1567; x_wconf 89' lang='lat' dir='ltr'>in</span> <span class='ocrx_word' id='word_1_193' title='bbox 786 1546 849 1577; x_wconf 89' lang='lat' dir='ltr'>quo</span> <span class='ocrx_word' id='word_1_194' title='bbox 866 1538 933 1577; x_wconf 83' lang='lat' dir='ltr'>ipse</span> 
     </span>
     <span class='ocr_line' id='line_1_28' title="bbox 163 1592 932 1632; baseline -0.003 -9"><span class='ocrx_word' id='word_1_195' title='bbox 163 1592 369 1632; x_wconf 83' lang='lat' dir='ltr'>disposuerat.</span> <span class='ocrx_word' id='word_1_196' title='bbox 385 1592 448 1623; x_wconf 83' lang='lat' dir='ltr'>Nec</span> <span class='ocrx_word' id='word_1_197' title='bbox 462 1593 547 1623; x_wconf 82' lang='lat' dir='ltr'>enirn</span> <span class='ocrx_word' id='word_1_198' title='bbox 562 1594 635 1622; x_wconf 84' lang='lat' dir='ltr'>ante</span> <span class='ocrx_word' id='word_1_199' title='bbox 650 1592 766 1631; x_wconf 87' lang='lat' dir='ltr'>aliquis</span> <span class='ocrx_word' id='word_1_200' title='bbox 781 1592 882 1631; x_wconf 88' lang='lat' dir='ltr'>potuit</span> <span class='ocrx_word' id='word_1_201' title='bbox 900 1592 932 1621; x_wconf 89' lang='lat' dir='ltr'>in</span> 
     </span>
     <span class='ocr_line' id='line_1_29' title="bbox 164 1644 932 1685; baseline -0.003 -9"><span class='ocrx_word' id='word_1_202' title='bbox 164 1648 297 1676; x_wconf 89' lang='lat' dir='ltr'>mortem</span> <span class='ocrx_word' id='word_1_203' title='bbox 325 1647 394 1685; x_wconf 84' lang='lat' dir='ltr'>ejus</span> <span class='ocrx_word' id='word_1_204' title='bbox 425 1645 593 1676; x_wconf 86' lang='lat' dir='ltr'>efficaciter</span> <span class='ocrx_word' id='word_1_205' title='bbox 628 1644 821 1682; x_wconf 83' lang='lat' dir='ltr'>machinari,</span> <span class='ocrx_word' id='word_1_206' title='bbox 857 1644 932 1683; x_wconf 86' lang='lat' dir='ltr'>qnia</span> 
     </span>
     <span class='ocr_line' id='line_1_30' title="bbox 161 1699 929 1739; baseline -0.001 -10"><span class='ocrx_word' id='word_1_207' title='bbox 161 1699 288 1738; x_wconf 71' lang='lat' dir='ltr'>quando</span> <span class='ocrx_word' id='word_1_208' title='bbox 303 1699 468 1738; x_wconf 84' lang='lat' dir='ltr'>disposuit,</span> <span class='ocrx_word' id='word_1_209' title='bbox 483 1708 595 1739; x_wconf 82' lang='lat' dir='ltr'>passus</span> <span class='ocrx_word' id='word_1_210' title='bbox 611 1699 683 1735; x_wconf 84' lang='lat' dir='ltr'>suit,</span> <span class='ocrx_word' id='word_1_211' title='bbox 700 1699 873 1729; x_wconf 87' lang='lat' dir='ltr'>secundum</span> <span class='ocrx_word' id='word_1_212' title='bbox 893 1699 929 1728; x_wconf 89' lang='lat' dir='ltr'>il-</span> 
     </span>
     <span class='ocr_line' id='line_1_31' title="bbox 160 1752 932 1790; baseline 0 -9"><span class='ocrx_word' id='word_1_213' title='bbox 160 1752 215 1782; x_wconf 87' lang='lat' dir='ltr'>lud</span> <span class='ocrx_word' id='word_1_214' title='bbox 229 1753 239 1769; x_wconf 84' lang='lat'>⁵</span> <span class='ocrx_word' id='word_1_215' title='bbox 255 1763 262 1782; x_wconf 90' lang='lat'>:</span> <span class='ocrx_word' id='word_1_216' title='bbox 284 1764 298 1781; x_wconf 87' lang='lat'>«</span> <span class='ocrx_word' id='word_1_217' title='bbox 317 1752 416 1783; x_wconf 89' lang='lat' dir='ltr'>Nemo</span> <span class='ocrx_word' id='word_1_218' title='bbox 435 1753 524 1782; x_wconf 86' lang='lat' dir='ltr'>misit</span> <span class='ocrx_word' id='word_1_219' title='bbox 542 1752 575 1781; x_wconf 91' lang='lat' dir='ltr'>in</span> <span class='ocrx_word' id='word_1_220' title='bbox 595 1752 684 1781; x_wconf 91' lang='lat' dir='ltr'>illum</span> <span class='ocrx_word' id='word_1_221' title='bbox 707 1760 830 1788; x_wconf 87' lang='lat' dir='ltr'>manus,</span> <span class='ocrx_word' id='word_1_222' title='bbox 856 1752 932 1790; x_wconf 87' lang='lat' dir='ltr'>quia</span> 
     </span>
     <span class='ocr_line' id='line_1_32' title="bbox 160 1804 932 1843; baseline -0.001 -8"><span class='ocrx_word' id='word_1_223' title='bbox 160 1805 301 1835; x_wconf 90' lang='lat' dir='ltr'>nondum</span> <span class='ocrx_word' id='word_1_224' title='bbox 328 1807 457 1835; x_wconf 85' lang='lat' dir='ltr'>venerat</span> <span class='ocrx_word' id='word_1_225' title='bbox 486 1805 564 1835; x_wconf 88' lang='lat' dir='ltr'>hora</span> <span class='ocrx_word' id='word_1_226' title='bbox 592 1806 672 1843; x_wconf 85' lang='lat' dir='ltr'>ejus.</span> <span class='ocrx_word' id='word_1_227' title='bbox 704 1815 718 1831; x_wconf 85' lang='lat'>»</span> <span class='ocrx_word' id='word_1_228' title='bbox 753 1804 871 1834; x_wconf 84' lang='lat' dir='ltr'>Iterum</span> <span class='ocrx_word' id='word_1_229' title='bbox 900 1804 932 1834; x_wconf 94' lang='lat' dir='ltr'>in</span> 
     </span>
     <span class='ocr_line' id='line_1_33' title="bbox 162 1856 932 1896; baseline -0.001 -9"><span class='ocrx_word' id='word_1_230' title='bbox 162 1857 284 1887; x_wconf 77' lang='lat' dir='ltr'>Joamze</span> <span class='ocrx_word' id='word_1_231' title='bbox 310 1857 347 1896; x_wconf 70' lang='lat' dir='ltr'>(a)</span> <span class='ocrx_word' id='word_1_232' title='bbox 364 1857 374 1873; x_wconf 63' lang='grc' dir='ltr'><strong>ὅ</strong></span> <span class='ocrx_word' id='word_1_233' title='bbox 392 1868 398 1887; x_wconf 90' lang='grc'>;</span> <span class='ocrx_word' id='word_1_234' title='bbox 419 1869 433 1885; x_wconf 85' lang='lat'>«</span> <span class='ocrx_word' id='word_1_235' title='bbox 458 1857 645 1888; x_wconf 83' lang='lat' dir='ltr'>Potestatem</span> <span class='ocrx_word' id='word_1_236' title='bbox 668 1857 769 1887; x_wconf 86' lang='lat' dir='ltr'>habeo</span> <span class='ocrx_word' id='word_1_237' title='bbox 791 1856 932 1896; x_wconf 87' lang='lat' dir='ltr'>ponendi</span> 
     </span>
     <span class='ocr_line' id='line_1_34' title="bbox 161 1911 346 1946; baseline 0 -7"><span class='ocrx_word' id='word_1_238' title='bbox 161 1918 242 1946; x_wconf 87' lang='lat' dir='ltr'>eam,</span> <span class='ocrx_word' id='word_1_239' title='bbox 256 1920 270 1937; x_wconf 77' lang='lat' dir='ltr'>n</span> <span class='ocrx_word' id='word_1_240' title='bbox 288 1911 346 1939; x_wconf 86' lang='lat' dir='ltr'>etc.</span> 
     </span>
    </p>

    <p class='ocr_par' dir='ltr' id='par_1_4' title="bbox 159 1961 932 2531">
     <span class='ocr_line' id='line_1_35' title="bbox 201 1961 930 2002; baseline 0.001 -11"><span class='ocrx_word' id='word_1_241' title='bbox 201 1961 357 1999; x_wconf 82' lang='lat' dir='ltr'>Secundo,</span> <span class='ocrx_word' id='word_1_242' title='bbox 380 1964 535 2001; x_wconf 88' lang='lat' dir='ltr'>quantum</span> <span class='ocrx_word' id='word_1_243' title='bbox 557 1962 595 1993; x_wconf 88' lang='lat' dir='ltr'>ad</span> <span class='ocrx_word' id='word_1_244' title='bbox 613 1962 751 2002; x_wconf 58' lang='lat' dir='ltr'>judaicae</span> <span class='ocrx_word' id='word_1_245' title='bbox 766 1962 930 1992; x_wconf 84' lang='lat' dir='ltr'>machina-</span> 
     </span>
     <span class='ocr_line' id='line_1_36' title="bbox 162 2014 932 2054; baseline 0 -10"><span class='ocrx_word' id='word_1_246' title='bbox 162 2015 255 2045; x_wconf 87' lang='lat' dir='ltr'>tionis</span> <span class='ocrx_word' id='word_1_247' title='bbox 269 2015 422 2052; x_wconf 82' lang='lat' dir='ltr'>fraudem,</span> <span class='ocrx_word' id='word_1_248' title='bbox 438 2014 543 2045; x_wconf 86' lang='lat' dir='ltr'>subdit</span> <span class='ocrx_word' id='word_1_249' title='bbox 560 2015 600 2053; x_wconf 65' lang='lat' dir='ltr'>(v.</span> <span class='ocrx_word' id='word_1_250' title='bbox 617 2017 645 2050; x_wconf 64' lang='lat'>2)</span> <span class='ocrx_word' id='word_1_251' title='bbox 663 2026 669 2044; x_wconf 89' lang='lat'>:</span> <span class='ocrx_word' id='word_1_252' title='bbox 690 2015 736 2046; x_wconf 84' lang='lat' dir='ltr'>Et</span> <span class='ocrx_word' id='word_1_253' title='bbox 746 2015 932 2054; x_wconf 66' lang='lat' dir='ltr'>quaerebant</span> 
     </span>
     <span class='ocr_line' id='line_1_37' title="bbox 159 2067 929 2107; baseline 0 -10"><span class='ocrx_word' id='word_1_254' title='bbox 159 2067 318 2107; x_wconf 73' lang='lat' dir='ltr'>principes</span> <span class='ocrx_word' id='word_1_255' title='bbox 343 2067 553 2105; x_wconf 72' lang='lat' dir='ltr'>sacerclotwn,</span> <span class='ocrx_word' id='word_1_256' title='bbox 577 2070 606 2098; x_wconf 75' lang='lat' dir='ltr'>et</span> <span class='ocrx_word' id='word_1_257' title='bbox 629 2067 750 2104; x_wconf 64' lang='lat' dir='ltr'>scribae,</span> <span class='ocrx_word' id='word_1_258' title='bbox 771 2067 929 2107; x_wconf 81' lang='lat' dir='ltr'>quomodo</span> 
     </span>
     <span class='ocr_line' id='line_1_38' title="bbox 161 2120 931 2159; baseline 0 -9"><span class='ocrx_word' id='word_1_259' title='bbox 161 2129 234 2150; x_wconf 83' lang='lat' dir='ltr'>cum</span> <span class='ocrx_word' id='word_1_260' title='bbox 243 2120 463 2159; x_wconf 76' lang='lat' dir='ltr'>interficerem.</span> <span class='ocrx_word' id='word_1_261' title='bbox 473 2120 632 2159; x_wconf 79' lang='lat' dir='ltr'>Principes</span> <span class='ocrx_word' id='word_1_262' title='bbox 641 2120 838 2151; x_wconf 84' lang='lat' dir='ltr'>sacerdotum</span> <span class='ocrx_word' id='word_1_263' title='bbox 846 2129 931 2159; x_wconf 80' lang='lat' dir='ltr'>quae-</span> 
     </span>
     <span class='ocr_line' id='line_1_39' title="bbox 161 2172 930 2213; baseline 0.001 -11"><span class='ocrx_word' id='word_1_264' title='bbox 161 2172 281 2211; x_wconf 82' lang='lat' dir='ltr'>rebant,</span> <span class='ocrx_word' id='word_1_265' title='bbox 304 2174 337 2203; x_wconf 92' lang='lat' dir='ltr'>in</span> <span class='ocrx_word' id='word_1_266' title='bbox 359 2173 475 2213; x_wconf 88' lang='lat' dir='ltr'>quibus</span> <span class='ocrx_word' id='word_1_267' title='bbox 492 2173 624 2203; x_wconf 86' lang='lat' dir='ltr'>debebat</span> <span class='ocrx_word' id='word_1_268' title='bbox 638 2182 703 2203; x_wconf 87' lang='lat' dir='ltr'>esse</span> <span class='ocrx_word' id='word_1_269' title='bbox 717 2173 930 2212; x_wconf 66' lang='lat' dir='ltr'>praerogativa</span> 
     </span>
     <span class='ocr_line' id='line_1_40' title="bbox 694 2226 930 2256; baseline 0.008 -2"><span class='ocrx_word' id='word_1_270' title='bbox 694 2236 708 2254; x_wconf 87' lang='lat'>«</span> <span class='ocrx_word' id='word_1_271' title='bbox 727 2226 930 2256; x_wconf 76' lang='lat' dir='ltr'>consecrabis</span> 
     </span>
     <span class='ocr_line' id='line_1_41' title="bbox 161 2278 926 2318; baseline 0.001 -10"><span class='ocrx_word' id='word_1_272' title='bbox 161 2287 275 2309; x_wconf 87' lang='lat' dir='ltr'>manus</span> <span class='ocrx_word' id='word_1_273' title='bbox 287 2278 428 2309; x_wconf 81' lang='lat' dir='ltr'>filiorum</span> <span class='ocrx_word' id='word_1_274' title='bbox 437 2278 555 2316; x_wconf 84' lang='lat' dir='ltr'>Aaron,</span> <span class='ocrx_word' id='word_1_275' title='bbox 568 2279 839 2318; x_wconf 78' lang='lat' dir='ltr'>sanctificabisque</span> <span class='ocrx_word' id='word_1_276' title='bbox 847 2279 926 2317; x_wconf 87' lang='lat' dir='ltr'>illos,</span> 
     </span>
     <span class='ocr_line' id='line_1_42' title="bbox 161 2333 929 2372; baseline 0 -9"><span class='ocrx_word' id='word_1_277' title='bbox 161 2335 197 2363; x_wconf 87' lang='lat' dir='ltr'>ut</span> <span class='ocrx_word' id='word_1_278' title='bbox 217 2333 389 2364; x_wconf 86' lang='lat' dir='ltr'>sacerdotio</span> <span class='ocrx_word' id='word_1_279' title='bbox 407 2334 583 2372; x_wconf 83' lang='lat' dir='ltr'>fungantur</span> <span class='ocrx_word' id='word_1_280' title='bbox 599 2333 689 2363; x_wconf 87' lang='lat' dir='ltr'>mihi.</span> <span class='ocrx_word' id='word_1_281' title='bbox 702 2344 715 2361; x_wconf 75' lang='lat' dir='ltr'>n</span> <span class='ocrx_word' id='word_1_282' title='bbox 735 2333 796 2363; x_wconf 80' lang='lat' dir='ltr'>Sed</span> <span class='ocrx_word' id='word_1_283' title='bbox 809 2335 929 2372; x_wconf 86' lang='lat' dir='ltr'>poterat</span> 
     </span>
     <span class='ocr_line' id='line_1_43' title="bbox 161 2385 928 2425; baseline 0.001 -10"><span class='ocrx_word' id='word_1_284' title='bbox 161 2386 220 2416; x_wconf 89' lang='lat' dir='ltr'>dici</span> <span class='ocrx_word' id='word_1_285' title='bbox 238 2386 282 2416; x_wconf 86' lang='lat' dir='ltr'>eis</span> <span class='ocrx_word' id='word_1_286' title='bbox 296 2386 372 2416; x_wconf 89' lang='lat' dir='ltr'>illud</span> <span class='ocrx_word' id='word_1_287' title='bbox 386 2387 396 2403; x_wconf 80' lang='lat'>⁸</span> <span class='ocrx_word' id='word_1_288' title='bbox 410 2397 416 2416; x_wconf 79' lang='lat' dir='ltr'>z</span> <span class='ocrx_word' id='word_1_289' title='bbox 440 2397 454 2414; x_wconf 89' lang='lat'>«</span> <span class='ocrx_word' id='word_1_290' title='bbox 469 2385 547 2416; x_wconf 90' lang='lat' dir='ltr'>Cum</span> <span class='ocrx_word' id='word_1_291' title='bbox 563 2385 846 2425; x_wconf 85' lang='lat' dir='ltr'>multiplicaveritis</span> <span class='ocrx_word' id='word_1_292' title='bbox 858 2394 928 2416; x_wconf 89' lang='lat' dir='ltr'>ora-</span> 
     </span>
     <span class='ocr_line' id='line_1_44' title="bbox 162 2438 928 2477; baseline 0.001 -9"><span class='ocrx_word' id='word_1_293' title='bbox 162 2438 292 2477; x_wconf 89' lang='lat' dir='ltr'>tionem,</span> <span class='ocrx_word' id='word_1_294' title='bbox 303 2447 378 2477; x_wconf 90' lang='lat' dir='ltr'>non,</span> <span class='ocrx_word' id='word_1_295' title='bbox 390 2449 404 2467; x_wconf 88' lang='lat'>»</span> <span class='ocrx_word' id='word_1_296' title='bbox 418 2441 476 2469; x_wconf 86' lang='lat' dir='ltr'>etc.</span> <span class='ocrx_word' id='word_1_297' title='bbox 490 2438 577 2468; x_wconf 88' lang='lat' dir='ltr'>Unde</span> <span class='ocrx_word' id='word_1_298' title='bbox 587 2439 675 2475; x_wconf 85' lang='lat' dir='ltr'>ethi,</span> <span class='ocrx_word' id='word_1_299' title='bbox 686 2448 760 2469; x_wconf 86' lang='lat' dir='ltr'>cum</span> <span class='ocrx_word' id='word_1_300' title='bbox 773 2438 928 2477; x_wconf 84' lang='lat' dir='ltr'>adjutorio</span> 
     </span>
     <span class='ocr_line' id='line_1_45' title="bbox 162 2491 927 2531; baseline 0 -9"><span class='ocrx_word' id='word_1_301' title='bbox 162 2491 337 2522; x_wconf 85' lang='lat' dir='ltr'>scribarum</span> <span class='ocrx_word' id='word_1_302' title='bbox 347 2515 356 2530; x_wconf 85' lang='lat'>,</span> <span class='ocrx_word' id='word_1_303' title='bbox 373 2491 559 2531; x_wconf 83' lang='lat' dir='ltr'>quaerebant</span> <span class='ocrx_word' id='word_1_304' title='bbox 573 2491 749 2522; x_wconf 86' lang='lat' dir='ltr'>interficere</span> <span class='ocrx_word' id='word_1_305' title='bbox 763 2491 927 2523; x_wconf 88' lang='lat' dir='ltr'>Doctorem</span> 
     </span>
    </p>
   </div>
   <div class='ocr_carea' id='block_1_4' title="bbox 162 2590 927 2693">
    <p class='ocr_par' dir='ltr' id='par_1_5' title="bbox 162 2590 927 2693">
     <span class='ocr_line' id='line_1_46' title="bbox 193 2590 927 2623; baseline 0.003 -10"><span class='ocrx_word' id='word_1_306' title='bbox 193 2590 291 2619; x_wconf 81' lang='lat' dir='ltr'>¹Jocm.‚</span> <span class='ocrx_word' id='word_1_307' title='bbox 306 2596 363 2621; x_wconf 81' lang='lat' dir='ltr'>xm,</span> <span class='ocrx_word' id='word_1_308' title='bbox 382 2593 439 2613; x_wconf 86' lang='lat' dir='ltr'>t.—</span> <span class='ocrx_word' id='word_1_309' title='bbox 454 2591 463 2607; x_wconf 82' lang='lat'><strong>²</strong></span> <span class='ocrx_word' id='word_1_310' title='bbox 480 2590 582 2619; x_wconf 69' lang='lat' dir='ltr'>Matth..</span> <span class='ocrx_word' id='word_1_311' title='bbox 595 2596 666 2620; x_wconf 76' lang='lat' dir='ltr'>xxvi,</span> <span class='ocrx_word' id='word_1_312' title='bbox 684 2591 744 2614; x_wconf 76' lang='lat'>2.—</span> <span class='ocrx_word' id='word_1_313' title='bbox 759 2591 767 2605; x_wconf 80' lang='lat'><strong>³</strong></span> <span class='ocrx_word' id='word_1_314' title='bbox 783 2591 866 2620; x_wconf 63' lang='lat' dir='ltr'>Ioum,</span> <span class='ocrx_word' id='word_1_315' title='bbox 881 2598 927 2623; x_wconf 67' lang='grc' dir='ltr'>ΧΗ,</span> 
     </span>
     <span class='ocr_line' id='line_1_47' title="bbox 162 2625 927 2657; baseline 0.003 -9"><span class='ocrx_word' id='word_1_316' title='bbox 162 2626 215 2648; x_wconf 78' lang='lat'>1-2.</span> <span class='ocrx_word' id='word_1_317' title='bbox 230 2638 256 2642; x_wconf 92' lang='lat'>-</span> <span class='ocrx_word' id='word_1_318' title='bbox 268 2625 279 2642; x_wconf 56' lang='grc' dir='ltr'><strong>ὅ</strong></span> <span class='ocrx_word' id='word_1_319' title='bbox 295 2626 365 2655; x_wconf 65' lang='lat' dir='ltr'>ibid„</span> <span class='ocrx_word' id='word_1_320' title='bbox 384 2627 461 2650; x_wconf 79' lang='lat'><strong>12-13.</strong></span> <span class='ocrx_word' id='word_1_321' title='bbox 473 2639 505 2643; x_wconf 92' lang='lat'><em>-</em></span> <span class='ocrx_word' id='word_1_322' title='bbox 517 2626 528 2642; x_wconf 74' lang='lat'>³</span> <span class='ocrx_word' id='word_1_323' title='bbox 544 2626 616 2657; x_wconf 79' lang='lat' dir='ltr'>ibid.²</span> <span class='ocrx_word' id='word_1_324' title='bbox 632 2631 676 2656; x_wconf 82' lang='lat' dir='ltr'>vu,</span> <span class='ocrx_word' id='word_1_325' title='bbox 694 2627 732 2650; x_wconf 83' lang='lat'>³0.</span> <span class='ocrx_word' id='word_1_326' title='bbox 747 2639 777 2643; x_wconf 95' lang='lat'><em>-</em></span> <span class='ocrx_word' id='word_1_327' title='bbox 792 2626 890 2655; x_wconf 70' lang='grc' dir='ltr'>811)ἰ(1.,</span> <span class='ocrx_word' id='word_1_328' title='bbox 902 2635 927 2655; x_wconf 77' lang='lat' dir='ltr'>x,</span> 
     </span>
     <span class='ocr_line' id='line_1_48' title="bbox 164 2661 924 2693; baseline 0.003 -10"><span class='ocrx_word' id='word_1_329' title='bbox 164 2661 200 2683; x_wconf 76' lang='lat'>18.</span> <span class='ocrx_word' id='word_1_330' title='bbox 214 2672 243 2677; x_wconf 94' lang='lat'>—</span> <span class='ocrx_word' id='word_1_331' title='bbox 260 2661 267 2674; x_wconf 82' lang='lat'>⁷</span> <span class='ocrx_word' id='word_1_332' title='bbox 286 2661 377 2691; x_wconf 68' lang='lat' dir='ltr'>Exod„</span> <span class='ocrx_word' id='word_1_333' title='bbox 391 2667 483 2691; x_wconf 74' lang='lat' dir='ltr'>xxvm,</span> <span class='ocrx_word' id='word_1_334' title='bbox 498 2663 536 2686; x_wconf 77' lang='lat'>4¹.</span> <span class='ocrx_word' id='word_1_335' title='bbox 554 2675 584 2679; x_wconf 96' lang='lat'><strong>—</strong></span> <span class='ocrx_word' id='word_1_336' title='bbox 600 2665 607 2674; x_wconf 67' lang='lat'>&#39;¹</span> <span class='ocrx_word' id='word_1_337' title='bbox 622 2662 765 2691; x_wconf 76' lang='lat' dir='ltr'>Isu.,1-15.</span> <span class='ocrx_word' id='word_1_338' title='bbox 779 2675 809 2679; x_wconf 92' lang='lat'>--</span> <span class='ocrx_word' id='word_1_339' title='bbox 821 2663 829 2675; x_wconf 75' lang='lat'>²¹</span> <span class='ocrx_word' id='word_1_340' title='bbox 843 2662 924 2693; x_wconf 62' lang='lat' dir='ltr'>laam,</span> 
     </span>
    </p>
   </div>
   <div class='ocr_carea' id='block_1_5' title="bbox 1708 217 1764 246">
    <p class='ocr_par' dir='ltr' id='par_1_6' title="bbox 1708 217 1764 246">
     <span class='ocr_line' id='line_1_49' title="bbox 1708 217 1764 246; baseline 0 0"><span class='ocrx_word' id='word_1_341' title='bbox 1708 217 1764 246; x_wconf 85' lang='lat'>173</span> 
     </span>
    </p>
   </div>
   <div class='ocr_carea' id='block_1_6' title="bbox 984 274 1771 2480">
    <p class='ocr_par' dir='ltr' id='par_1_7' title="bbox 985 274 1771 1265">
     <span class='ocr_line' id='line_1_50' title="bbox 993 274 1764 312; baseline 0.012 -9"><span class='ocrx_word' id='word_1_342' title='bbox 993 274 1177 312; x_wconf 88' lang='lat' dir='ltr'>veridicum,</span> <span class='ocrx_word' id='word_1_343' title='bbox 1193 275 1370 305; x_wconf 87' lang='lat' dir='ltr'>secundum</span> <span class='ocrx_word' id='word_1_344' title='bbox 1385 276 1462 307; x_wconf 88' lang='lat' dir='ltr'>illud</span> <span class='ocrx_word' id='word_1_345' title='bbox 1473 278 1483 294; x_wconf 80' lang='lat'>⁹</span> <span class='ocrx_word' id='word_1_346' title='bbox 1501 286 1508 308; x_wconf 94' lang='lat'>:</span> <span class='ocrx_word' id='word_1_347' title='bbox 1523 289 1537 307; x_wconf 91' lang='lat'>«</span> <span class='ocrx_word' id='word_1_348' title='bbox 1551 278 1642 310; x_wconf 87' lang='lat' dir='ltr'>Nunc</span> <span class='ocrx_word' id='word_1_349' title='bbox 1656 284 1764 312; x_wconf 83' lang='lat' dir='ltr'>autem</span> 
     </span>
     <span class='ocr_line' id='line_1_51' title="bbox 992 326 1765 371; baseline 0.012 -16"><span class='ocrx_word' id='word_1_350' title='bbox 992 326 1135 364; x_wconf 75' lang='lat' dir='ltr'>quaeritis</span> <span class='ocrx_word' id='word_1_351' title='bbox 1150 335 1201 357; x_wconf 87' lang='lat' dir='ltr'>me</span> <span class='ocrx_word' id='word_1_352' title='bbox 1217 327 1408 366; x_wconf 83' lang='lat' dir='ltr'>interficere,</span> <span class='ocrx_word' id='word_1_353' title='bbox 1425 329 1588 361; x_wconf 88' lang='lat' dir='ltr'>hominem</span> <span class='ocrx_word' id='word_1_354' title='bbox 1611 333 1665 371; x_wconf 89' lang='lat' dir='ltr'>qui</span> <span class='ocrx_word' id='word_1_355' title='bbox 1681 334 1765 364; x_wconf 91' lang='lat' dir='ltr'>veri-</span> 
     </span>
     <span class='ocr_line' id='line_1_52' title="bbox 992 379 1764 416; baseline 0.01 -8"><span class='ocrx_word' id='word_1_356' title='bbox 992 380 1088 408; x_wconf 83' lang='lat' dir='ltr'>tatem</span> <span class='ocrx_word' id='word_1_357' title='bbox 1100 380 1189 410; x_wconf 89' lang='lat' dir='ltr'>vobis</span> <span class='ocrx_word' id='word_1_358' title='bbox 1200 379 1323 410; x_wconf 84' lang='lat' dir='ltr'>loeutus</span> <span class='ocrx_word' id='word_1_359' title='bbox 1332 390 1416 411; x_wconf 87' lang='lat' dir='ltr'>sum.</span> <span class='ocrx_word' id='word_1_360' title='bbox 1426 392 1439 409; x_wconf 80' lang='lat'>›)</span> <span class='ocrx_word' id='word_1_361' title='bbox 1458 382 1497 412; x_wconf 90' lang='lat' dir='ltr'>Hi</span> <span class='ocrx_word' id='word_1_362' title='bbox 1512 386 1618 414; x_wconf 81' lang='lat' dir='ltr'>autem</span> <span class='ocrx_word' id='word_1_363' title='bbox 1634 386 1764 416; x_wconf 87' lang='lat' dir='ltr'>fraudu-</span> 
     </span>
     <span class='ocr_line' id='line_1_53' title="bbox 992 431 1764 472; baseline 0.01 -11"><span class='ocrx_word' id='word_1_364' title='bbox 992 431 1091 462; x_wconf 84' lang='lat' dir='ltr'>lenter</span> <span class='ocrx_word' id='word_1_365' title='bbox 1102 433 1302 472; x_wconf 80' lang='lat' dir='ltr'>quaerebant3</span> <span class='ocrx_word' id='word_1_366' title='bbox 1323 434 1393 465; x_wconf 90' lang='lat' dir='ltr'>ideo</span> <span class='ocrx_word' id='word_1_367' title='bbox 1404 435 1504 467; x_wconf 88' lang='lat' dir='ltr'>addit:</span> <span class='ocrx_word' id='word_1_368' title='bbox 1518 437 1543 467; x_wconf 87' lang='lat' dir='ltr'><em>T</em></span> <span class='ocrx_word' id='word_1_369' title='bbox 1542 438 1764 470; x_wconf 72' lang='lat' dir='ltr'>r&#39;mebantverv</span> 
     </span>
     <span class='ocr_line' id='line_1_54' title="bbox 985 484 1765 527; baseline 0.012 -14"><span class='ocrx_word' id='word_1_370' title='bbox 985 484 1123 523; x_wconf 76' lang='lat' dir='ltr'>plebem.</span> <span class='ocrx_word' id='word_1_371' title='bbox 1147 485 1233 516; x_wconf 87' lang='lat' dir='ltr'>Unde</span> <span class='ocrx_word' id='word_1_372' title='bbox 1246 486 1460 527; x_wconf 88' lang='lat' dir='ltr'>Hieronymus</span> <span class='ocrx_word' id='word_1_373' title='bbox 1486 500 1492 520; x_wconf 89' lang='lat'><strong>:</strong></span> <span class='ocrx_word' id='word_1_374' title='bbox 1517 489 1615 521; x_wconf 84' lang='lat' dir='ltr'>«Non</span> <span class='ocrx_word' id='word_1_375' title='bbox 1635 491 1765 522; x_wconf 81' lang='lat' dir='ltr'>seditio-</span> 
     </span>
     <span class='ocr_line' id='line_1_55' title="bbox 990 540 1764 583; baseline 0.012 -17"><span class='ocrx_word' id='word_1_376' title='bbox 990 546 1063 567; x_wconf 91' lang='lat' dir='ltr'>nem</span> <span class='ocrx_word' id='word_1_377' title='bbox 1077 540 1263 577; x_wconf 74' lang='lat' dir='ltr'>metuenteS,</span> <span class='ocrx_word' id='word_1_378' title='bbox 1277 540 1331 570; x_wconf 88' lang='lat' dir='ltr'>sed</span> <span class='ocrx_word' id='word_1_379' title='bbox 1344 550 1383 571; x_wconf 87' lang='lat' dir='ltr'>ne</span> <span class='ocrx_word' id='word_1_380' title='bbox 1396 542 1515 573; x_wconf 78' lang='lat' dir='ltr'>auxilio</span> <span class='ocrx_word' id='word_1_381' title='bbox 1526 544 1635 583; x_wconf 89' lang='lat' dir='ltr'>populi</span> <span class='ocrx_word' id='word_1_382' title='bbox 1647 545 1685 574; x_wconf 86' lang='lat' dir='ltr'>de</span> <span class='ocrx_word' id='word_1_383' title='bbox 1696 546 1764 575; x_wconf 88' lang='lat' dir='ltr'>suis</span> 
     </span>
     <span class='ocr_line' id='line_1_56' title="bbox 990 590 1765 628; baseline 0.012 -9"><span class='ocrx_word' id='word_1_384' title='bbox 990 590 1138 620; x_wconf 87' lang='lat' dir='ltr'>manibus</span> <span class='ocrx_word' id='word_1_385' title='bbox 1149 592 1320 623; x_wconf 82' lang='lat' dir='ltr'>tolleretur.</span> <span class='ocrx_word' id='word_1_386' title='bbox 1335 603 1349 621; x_wconf 80' lang='lat'>1&gt;</span> <span class='ocrx_word' id='word_1_387' title='bbox 1361 593 1398 624; x_wconf 86' lang='lat' dir='ltr'>Et</span> <span class='ocrx_word' id='word_1_388' title='bbox 1408 594 1478 625; x_wconf 88' lang='lat' dir='ltr'>ideo</span> <span class='ocrx_word' id='word_1_389' title='bbox 1492 595 1635 626; x_wconf 86' lang='lat' dir='ltr'>dicitur¹⁰</span> <span class='ocrx_word' id='word_1_390' title='bbox 1647 608 1654 627; x_wconf 70' lang='grc' dir='ltr'><strong>ι</strong></span> <span class='ocrx_word' id='word_1_391' title='bbox 1670 608 1684 626; x_wconf 61' lang='grc'>(1</span> <span class='ocrx_word' id='word_1_392' title='bbox 1695 597 1765 628; x_wconf 90' lang='lat' dir='ltr'>Non</span> 
     </span>
     <span class='ocr_line' id='line_1_57' title="bbox 990 643 1763 690; baseline 0.013 -18"><span class='ocrx_word' id='word_1_393' title='bbox 990 643 1022 672; x_wconf 91' lang='lat' dir='ltr'>in</span> <span class='ocrx_word' id='word_1_394' title='bbox 1038 643 1087 673; x_wconf 90' lang='lat' dir='ltr'>die</span> <span class='ocrx_word' id='word_1_395' title='bbox 1102 643 1194 682; x_wconf 74' lang='lat' dir='ltr'>festo,</span> <span class='ocrx_word' id='word_1_396' title='bbox 1219 654 1259 675; x_wconf 88' lang='lat' dir='ltr'>ne</span> <span class='ocrx_word' id='word_1_397' title='bbox 1280 646 1359 677; x_wconf 87' lang='lat' dir='ltr'>sorte</span> <span class='ocrx_word' id='word_1_398' title='bbox 1379 648 1536 679; x_wconf 88' lang='lat' dir='ltr'>tumultus</span> <span class='ocrx_word' id='word_1_399' title='bbox 1550 650 1640 680; x_wconf 88' lang='lat' dir='ltr'>fieret</span> <span class='ocrx_word' id='word_1_400' title='bbox 1658 651 1692 680; x_wconf 89' lang='lat' dir='ltr'>in</span> <span class='ocrx_word' id='word_1_401' title='bbox 1708 660 1763 690; x_wconf 90' lang='lat' dir='ltr'>po-</span> 
     </span>
     <span class='ocr_line' id='line_1_58' title="bbox 989 696 1764 743; baseline 0.013 -18"><span class='ocrx_word' id='word_1_402' title='bbox 989 696 1074 735; x_wconf 89' lang='lat' dir='ltr'>pulo.</span> <span class='ocrx_word' id='word_1_403' title='bbox 1092 708 1106 725; x_wconf 80' lang='grc'><em>»</em></span> <span class='ocrx_word' id='word_1_404' title='bbox 1125 697 1163 728; x_wconf 77' lang='lat' dir='ltr'>Et</span> <span class='ocrx_word' id='word_1_405' title='bbox 1184 698 1253 728; x_wconf 89' lang='lat' dir='ltr'>ideo</span> <span class='ocrx_word' id='word_1_406' title='bbox 1269 699 1328 729; x_wconf 85' lang='lat' dir='ltr'>hoc</span> <span class='ocrx_word' id='word_1_407' title='bbox 1344 700 1491 732; x_wconf 85' lang='lat' dir='ltr'>volebant</span> <span class='ocrx_word' id='word_1_408' title='bbox 1511 703 1611 733; x_wconf 85' lang='lat' dir='ltr'>facere</span> <span class='ocrx_word' id='word_1_409' title='bbox 1626 704 1716 743; x_wconf 85' lang='lat' dir='ltr'>quasi</span> <span class='ocrx_word' id='word_1_410' title='bbox 1732 704 1764 734; x_wconf 90' lang='lat' dir='ltr'>in</span> 
     </span>
     <span class='ocr_line' id='line_1_59' title="bbox 989 749 1764 794; baseline 0.012 -15"><span class='ocrx_word' id='word_1_411' title='bbox 989 749 1120 780; x_wconf 88' lang='lat' dir='ltr'>occulto.</span> <span class='ocrx_word' id='word_1_412' title='bbox 1137 750 1216 780; x_wconf 82' lang='lat' dir='ltr'>Nam</span> <span class='ocrx_word' id='word_1_413' title='bbox 1231 751 1283 781; x_wconf 88' lang='lat' dir='ltr'>hic</span> <span class='ocrx_word' id='word_1_414' title='bbox 1302 755 1348 782; x_wconf 91' lang='lat' dir='ltr'>est</span> <span class='ocrx_word' id='word_1_415' title='bbox 1371 762 1438 783; x_wconf 84' lang='lat' dir='ltr'>mos</span> <span class='ocrx_word' id='word_1_416' title='bbox 1459 763 1697 794; x_wconf 88' lang='lat' dir='ltr'>perversorum,</span> <span class='ocrx_word' id='word_1_417' title='bbox 1716 766 1764 787; x_wconf 86' lang='lat' dir='ltr'>se-</span> 
     </span>
     <span class='ocr_line' id='line_1_60' title="bbox 989 802 1763 840; baseline 0.01 -9"><span class='ocrx_word' id='word_1_418' title='bbox 989 802 1130 832; x_wconf 88' lang='lat' dir='ltr'>cundum</span> <span class='ocrx_word' id='word_1_419' title='bbox 1145 802 1223 833; x_wconf 89' lang='lat' dir='ltr'>illud</span> <span class='ocrx_word' id='word_1_420' title='bbox 1241 806 1262 822; x_wconf 88' lang='lat'>¹¹</span> <span class='ocrx_word' id='word_1_421' title='bbox 1283 815 1289 834; x_wconf 82' lang='lat' dir='ltr'>z</span> <span class='ocrx_word' id='word_1_422' title='bbox 1306 804 1429 835; x_wconf 82' lang='lat' dir='ltr'>«Pedes</span> <span class='ocrx_word' id='word_1_423' title='bbox 1442 806 1573 838; x_wconf 90' lang='lat' dir='ltr'>illorum</span> <span class='ocrx_word' id='word_1_424' title='bbox 1588 808 1626 839; x_wconf 83' lang='lat' dir='ltr'>ad</span> <span class='ocrx_word' id='word_1_425' title='bbox 1643 809 1763 840; x_wconf 86' lang='lat' dir='ltr'>malum</span> 
     </span>
     <span class='ocr_line' id='line_1_61' title="bbox 989 856 1764 901; baseline 0.012 -17"><span class='ocrx_word' id='word_1_426' title='bbox 989 857 1133 893; x_wconf 87' lang='lat' dir='ltr'>currunt,</span> <span class='ocrx_word' id='word_1_427' title='bbox 1159 858 1190 886; x_wconf 86' lang='lat' dir='ltr'>et</span> <span class='ocrx_word' id='word_1_428' title='bbox 1211 856 1361 893; x_wconf 85' lang='lat' dir='ltr'>festinant</span> <span class='ocrx_word' id='word_1_429' title='bbox 1385 861 1420 888; x_wconf 90' lang='lat' dir='ltr'>ut</span> <span class='ocrx_word' id='word_1_430' title='bbox 1445 859 1610 891; x_wconf 85' lang='lat' dir='ltr'>effundant</span> <span class='ocrx_word' id='word_1_431' title='bbox 1631 862 1764 901; x_wconf 87' lang='lat' dir='ltr'>sangui-</span> 
     </span>
     <span class='ocr_line' id='line_1_62' title="bbox 988 908 1763 952; baseline 0.009 -15"><span class='ocrx_word' id='word_1_432' title='bbox 988 916 1073 937; x_wconf 82' lang='lat' dir='ltr'>nem.</span> <span class='ocrx_word' id='word_1_433' title='bbox 1091 919 1105 935; x_wconf 79' lang='grc'>»</span> <span class='ocrx_word' id='word_1_434' title='bbox 1132 908 1170 938; x_wconf 87' lang='lat' dir='ltr'>Et</span> <span class='ocrx_word' id='word_1_435' title='bbox 1194 911 1262 948; x_wconf 84' lang='lat' dir='ltr'>post</span> <span class='ocrx_word' id='word_1_436' title='bbox 1284 920 1290 939; x_wconf 88' lang='lat'>:</span> <span class='ocrx_word' id='word_1_437' title='bbox 1317 921 1331 937; x_wconf 87' lang='lat'>«</span> <span class='ocrx_word' id='word_1_438' title='bbox 1352 910 1415 950; x_wconf 88' lang='lat' dir='ltr'>Ipsi</span> <span class='ocrx_word' id='word_1_439' title='bbox 1439 914 1549 943; x_wconf 81' lang='lat' dir='ltr'>contra</span> <span class='ocrx_word' id='word_1_440' title='bbox 1571 915 1763 952; x_wconf 81' lang='lat' dir='ltr'>sanguinem</span> 
     </span>
     <span class='ocr_line' id='line_1_63' title="bbox 989 961 1771 1000; baseline 0.012 -11"><span class='ocrx_word' id='word_1_441' title='bbox 989 969 1084 990; x_wconf 86' lang='lat' dir='ltr'>suum</span> <span class='ocrx_word' id='word_1_442' title='bbox 1099 961 1299 1000; x_wconf 82' lang='lat' dir='ltr'>insidiantur,</span> <span class='ocrx_word' id='word_1_443' title='bbox 1317 965 1347 992; x_wconf 87' lang='lat' dir='ltr'>et</span> <span class='ocrx_word' id='word_1_444' title='bbox 1360 964 1539 996; x_wconf 88' lang='lat' dir='ltr'>moliuntur</span> <span class='ocrx_word' id='word_1_445' title='bbox 1553 966 1678 997; x_wconf 80' lang='lat' dir='ltr'>fraudes</span> <span class='ocrx_word' id='word_1_446' title='bbox 1694 976 1771 998; x_wconf 33' lang='lat' dir='ltr'>con-⁷</span> 
     </span>
     <span class='ocr_line' id='line_1_64' title="bbox 989 1014 1763 1057; baseline 0.009 -14"><span class='ocrx_word' id='word_1_447' title='bbox 989 1015 1037 1043; x_wconf 85' lang='lat' dir='ltr'>tra</span> <span class='ocrx_word' id='word_1_448' title='bbox 1051 1014 1172 1044; x_wconf 87' lang='lat' dir='ltr'>animas</span> <span class='ocrx_word' id='word_1_449' title='bbox 1186 1023 1270 1051; x_wconf 77' lang='lat' dir='ltr'>suas.</span> <span class='ocrx_word' id='word_1_450' title='bbox 1288 1026 1301 1043; x_wconf 71' lang='grc' dir='ltr'>ι)</span> <span class='ocrx_word' id='word_1_451' title='bbox 1321 1016 1400 1052; x_wconf 85' lang='lat' dir='ltr'>Quia</span> <span class='ocrx_word' id='word_1_452' title='bbox 1414 1016 1489 1047; x_wconf 89' lang='lat' dir='ltr'>dum</span> <span class='ocrx_word' id='word_1_453' title='bbox 1505 1021 1655 1057; x_wconf 81' lang='lat' dir='ltr'>quaerunt</span> <span class='ocrx_word' id='word_1_454' title='bbox 1668 1019 1763 1050; x_wconf 88' lang='lat' dir='ltr'>inter-</span> 
     </span>
     <span class='ocr_line' id='line_1_65' title="bbox 988 1066 1761 1109; baseline 0.01 -14"><span class='ocrx_word' id='word_1_455' title='bbox 988 1066 1081 1096; x_wconf 82' lang='lat' dir='ltr'>ficere</span> <span class='ocrx_word' id='word_1_456' title='bbox 1089 1067 1206 1096; x_wconf 87' lang='lat' dir='ltr'>fontem</span> <span class='ocrx_word' id='word_1_457' title='bbox 1217 1068 1300 1106; x_wconf 71' lang='lat' dir='ltr'>vitae,</span> <span class='ocrx_word' id='word_1_458' title='bbox 1313 1068 1482 1100; x_wconf 87' lang='lat' dir='ltr'>inveniunt</span> <span class='ocrx_word' id='word_1_459' title='bbox 1491 1073 1636 1109; x_wconf 88' lang='lat' dir='ltr'>mortem,</span> <span class='ocrx_word' id='word_1_460' title='bbox 1647 1081 1761 1103; x_wconf 89' lang='lat' dir='ltr'>secun-</span> 
     </span>
     <span class='ocr_line' id='line_1_66' title="bbox 988 1119 1763 1164; baseline 0.009 -16"><span class='ocrx_word' id='word_1_461' title='bbox 988 1120 1064 1149; x_wconf 87' lang='lat' dir='ltr'>dum</span> <span class='ocrx_word' id='word_1_462' title='bbox 1080 1119 1157 1150; x_wconf 88' lang='lat' dir='ltr'>illud</span> <span class='ocrx_word' id='word_1_463' title='bbox 1171 1120 1191 1136; x_wconf 75' lang='lat'>¹²</span> <span class='ocrx_word' id='word_1_464' title='bbox 1210 1131 1215 1150; x_wconf 88' lang='lat'>:</span> <span class='ocrx_word' id='word_1_465' title='bbox 1235 1132 1249 1149; x_wconf 85' lang='lat'>(‹</span> <span class='ocrx_word' id='word_1_466' title='bbox 1261 1121 1344 1151; x_wconf 88' lang='lat' dir='ltr'>Bene</span> <span class='ocrx_word' id='word_1_467' title='bbox 1358 1123 1524 1162; x_wconf 78' lang='lat' dir='ltr'>consurgit</span> <span class='ocrx_word' id='word_1_468' title='bbox 1538 1123 1690 1162; x_wconf 87' lang='lat' dir='ltr'>diluculo,</span> <span class='ocrx_word' id='word_1_469' title='bbox 1707 1124 1763 1164; x_wconf 87' lang='lat' dir='ltr'>qui</span> 
     </span>
     <span class='ocr_line' id='line_1_67' title="bbox 989 1172 1762 1214; baseline 0.008 -13"><span class='ocrx_word' id='word_1_470' title='bbox 989 1172 1103 1211; x_wconf 83' lang='lat' dir='ltr'>quaerit</span> <span class='ocrx_word' id='word_1_471' title='bbox 1116 1173 1217 1209; x_wconf 85' lang='lat' dir='ltr'>bona;</span> <span class='ocrx_word' id='word_1_472' title='bbox 1241 1174 1298 1213; x_wconf 89' lang='lat' dir='ltr'>qui</span> <span class='ocrx_word' id='word_1_473' title='bbox 1315 1176 1423 1205; x_wconf 88' lang='lat' dir='ltr'>autem</span> <span class='ocrx_word' id='word_1_474' title='bbox 1440 1175 1648 1214; x_wconf 81' lang='lat' dir='ltr'>investigator</span> <span class='ocrx_word' id='word_1_475' title='bbox 1663 1177 1762 1207; x_wconf 87' lang='lat' dir='ltr'>malo-</span> 
     </span>
     <span class='ocr_line' id='line_1_68' title="bbox 988 1227 1501 1265; baseline 0.006 -11"><span class='ocrx_word' id='word_1_476' title='bbox 988 1234 1060 1255; x_wconf 90' lang='lat' dir='ltr'>rum</span> <span class='ocrx_word' id='word_1_477' title='bbox 1078 1228 1133 1264; x_wconf 86' lang='lat' dir='ltr'>est,</span> <span class='ocrx_word' id='word_1_478' title='bbox 1151 1227 1349 1265; x_wconf 83' lang='lat' dir='ltr'>opprimetur</span> <span class='ocrx_word' id='word_1_479' title='bbox 1363 1229 1402 1258; x_wconf 83' lang='lat' dir='ltr'>ab</span> <span class='ocrx_word' id='word_1_480' title='bbox 1418 1228 1501 1259; x_wconf 84' lang='lat' dir='ltr'>eis.»</span> 
     </span>
    </p>

    <p class='ocr_par' dir='ltr' id='par_1_8' title="bbox 984 1277 1763 2480">
     <span class='ocr_line' id='line_1_69' title="bbox 1028 1277 1760 1321; baseline 0.01 -14"><span class='ocrx_word' id='word_1_481' title='bbox 1028 1277 1143 1315; x_wconf 87' lang='lat' dir='ltr'>Tertio,</span> <span class='ocrx_word' id='word_1_482' title='bbox 1161 1281 1319 1317; x_wconf 87' lang='lat' dir='ltr'>quantum</span> <span class='ocrx_word' id='word_1_483' title='bbox 1340 1281 1379 1309; x_wconf 82' lang='lat' dir='ltr'>ad</span> <span class='ocrx_word' id='word_1_484' title='bbox 1399 1281 1560 1313; x_wconf 81' lang='lat' dir='ltr'>diabolicae</span> <span class='ocrx_word' id='word_1_485' title='bbox 1580 1284 1760 1321; x_wconf 76' lang='lat' dir='ltr'>suggestio-</span> 
     </span>
     <span class='ocr_line' id='line_1_70' title="bbox 989 1330 1763 1374; baseline 0.01 -16"><span class='ocrx_word' id='word_1_486' title='bbox 989 1330 1038 1359; x_wconf 86' lang='lat' dir='ltr'>nis</span> <span class='ocrx_word' id='word_1_487' title='bbox 1054 1330 1298 1369; x_wconf 76' lang='lat' dir='ltr'>improbitatem,</span> <span class='ocrx_word' id='word_1_488' title='bbox 1318 1333 1466 1372; x_wconf 72' lang='lat' dir='ltr'>adJungit</span> <span class='ocrx_word' id='word_1_489' title='bbox 1487 1336 1529 1373; x_wconf 85' lang='lat' dir='ltr'>(v.</span> <span class='ocrx_word' id='word_1_490' title='bbox 1553 1337 1582 1374; x_wconf 88' lang='lat'>3)</span> <span class='ocrx_word' id='word_1_491' title='bbox 1602 1347 1607 1366; x_wconf 90' lang='lat'>:</span> <span class='ocrx_word' id='word_1_492' title='bbox 1626 1336 1763 1366; x_wconf 73' lang='grc' dir='ltr'><em>[ηίναυίι</em></span> 
     </span>
     <span class='ocr_line' id='line_1_71' title="bbox 989 1384 1762 1427; baseline 0.01 -16"><span class='ocrx_word' id='word_1_493' title='bbox 989 1387 1095 1413; x_wconf 75' lang='lat' dir='ltr'>(lucem</span> <span class='ocrx_word' id='word_1_494' title='bbox 1118 1384 1258 1415; x_wconf 72' lang='lat' dir='ltr'>Satanas</span> <span class='ocrx_word' id='word_1_495' title='bbox 1283 1385 1315 1415; x_wconf 72' lang='lat' dir='ltr'>z&#39;lz</span> <span class='ocrx_word' id='word_1_496' title='bbox 1336 1386 1467 1424; x_wconf 72' lang='lat' dir='ltr'>ludam,</span> <span class='ocrx_word' id='word_1_497' title='bbox 1484 1389 1542 1427; x_wconf 67' lang='lat' dir='ltr'>qul</span> <span class='ocrx_word' id='word_1_498' title='bbox 1555 1389 1762 1427; x_wconf 72' lang='lat' dir='ltr'>cofflzomina-</span> 
     </span>
     <span class='ocr_line' id='line_1_72' title="bbox 989 1433 1762 1471; baseline 0.009 -9"><span class='ocrx_word' id='word_1_499' title='bbox 989 1433 1082 1463; x_wconf 68' lang='lat' dir='ltr'>baim*</span> <span class='ocrx_word' id='word_1_500' title='bbox 1091 1434 1268 1471; x_wconf 72' lang='lat' dir='ltr'>Isearz&#39;otes,</span> <span class='ocrx_word' id='word_1_501' title='bbox 1278 1444 1379 1466; x_wconf 70' lang='lat' dir='ltr'>umam</span> <span class='ocrx_word' id='word_1_502' title='bbox 1390 1436 1427 1466; x_wconf 81' lang='lat' dir='ltr'>(Ze</span> <span class='ocrx_word' id='word_1_503' title='bbox 1436 1437 1614 1468; x_wconf 74' lang='lat' dir='ltr'>duodecim.</span> <span class='ocrx_word' id='word_1_504' title='bbox 1628 1438 1762 1469; x_wconf 77' lang='lat' dir='ltr'>intrasse</span> 
     </span>
     <span class='ocr_line' id='line_1_73' title="bbox 988 1486 1759 1530; baseline 0.009 -15"><span class='ocrx_word' id='word_1_505' title='bbox 988 1488 1094 1516; x_wconf 85' lang='lat' dir='ltr'>autem</span> <span class='ocrx_word' id='word_1_506' title='bbox 1103 1486 1289 1518; x_wconf 83' lang='lat' dir='ltr'>diciturnon</span> <span class='ocrx_word' id='word_1_507' title='bbox 1304 1498 1359 1528; x_wconf 86' lang='lat' dir='ltr'>per</span> <span class='ocrx_word' id='word_1_508' title='bbox 1374 1489 1522 1530; x_wconf 86' lang='lat' dir='ltr'>illapsum</span> <span class='ocrx_word' id='word_1_509' title='bbox 1535 1491 1691 1529; x_wconf 81' lang='lat' dir='ltr'>essentiae‚</span> <span class='ocrx_word' id='word_1_510' title='bbox 1706 1493 1759 1523; x_wconf 87' lang='lat' dir='ltr'>sed</span> 
     </span>
     <span class='ocr_line' id='line_1_74' title="bbox 988 1541 1758 1582; baseline 0.009 -13"><span class='ocrx_word' id='word_1_511' title='bbox 988 1548 1043 1578; x_wconf 90' lang='lat' dir='ltr'>per</span> <span class='ocrx_word' id='word_1_512' title='bbox 1066 1541 1308 1579; x_wconf 78' lang='lat' dir='ltr'>suggestionem</span> <span class='ocrx_word' id='word_1_513' title='bbox 1334 1543 1498 1582; x_wconf 70' lang='lat' dir='ltr'>nequitiae,</span> <span class='ocrx_word' id='word_1_514' title='bbox 1526 1545 1700 1575; x_wconf 84' lang='lat' dir='ltr'>secundum</span> <span class='ocrx_word' id='word_1_515' title='bbox 1720 1545 1758 1575; x_wconf 85' lang='lat' dir='ltr'>il-</span> 
     </span>
     <span class='ocr_line' id='line_1_75' title="bbox 987 1593 1760 1634; baseline 0.008 -11"><span class='ocrx_word' id='word_1_516' title='bbox 987 1593 1042 1623; x_wconf 89' lang='lat' dir='ltr'>lud</span> <span class='ocrx_word' id='word_1_517' title='bbox 1058 1594 1082 1611; x_wconf 80' lang='lat'>¹³</span> <span class='ocrx_word' id='word_1_518' title='bbox 1099 1604 1128 1623; x_wconf 87' lang='lat'>:«</span> <span class='ocrx_word' id='word_1_519' title='bbox 1144 1593 1182 1623; x_wconf 89' lang='lat' dir='ltr'>Et</span> <span class='ocrx_word' id='word_1_520' title='bbox 1194 1596 1262 1633; x_wconf 87' lang='lat' dir='ltr'>post</span> <span class='ocrx_word' id='word_1_521' title='bbox 1277 1595 1462 1634; x_wconf 87' lang='lat' dir='ltr'>buccellam,</span> <span class='ocrx_word' id='word_1_522' title='bbox 1479 1597 1622 1628; x_wconf 87' lang='lat' dir='ltr'>introivit</span> <span class='ocrx_word' id='word_1_523' title='bbox 1637 1598 1670 1628; x_wconf 94' lang='lat' dir='ltr'>in</span> <span class='ocrx_word' id='word_1_524' title='bbox 1685 1607 1760 1629; x_wconf 87' lang='lat' dir='ltr'>eum</span> 
     </span>
     <span class='ocr_line' id='line_1_76' title="bbox 989 1645 1759 1683; baseline 0.01 -8"><span class='ocrx_word' id='word_1_525' title='bbox 989 1645 1130 1676; x_wconf 75' lang='lat' dir='ltr'>Satanas.</span> <span class='ocrx_word' id='word_1_526' title='bbox 1142 1657 1156 1674; x_wconf 92' lang='lat'>»</span> <span class='ocrx_word' id='word_1_527' title='bbox 1171 1646 1232 1677; x_wconf 86' lang='lat' dir='ltr'>Sed</span> <span class='ocrx_word' id='word_1_528' title='bbox 1242 1646 1351 1678; x_wconf 85' lang='lat' dir='ltr'>Glossa</span> <span class='ocrx_word' id='word_1_529' title='bbox 1361 1648 1619 1681; x_wconf 86' lang='lat' dir='ltr'>dissolvitdicens</span> <span class='ocrx_word' id='word_1_530' title='bbox 1633 1662 1639 1682; x_wconf 89' lang='lat'>:</span> <span class='ocrx_word' id='word_1_531' title='bbox 1656 1651 1759 1683; x_wconf 85' lang='lat' dir='ltr'>«Ante</span> 
     </span>
     <span class='ocr_line' id='line_1_77' title="bbox 988 1698 1759 1744; baseline 0.01 -16"><span class='ocrx_word' id='word_1_532' title='bbox 988 1698 1160 1729; x_wconf 82' lang='lat' dir='ltr'>buccellam</span> <span class='ocrx_word' id='word_1_533' title='bbox 1180 1700 1338 1731; x_wconf 88' lang='lat' dir='ltr'>invaserat</span> <span class='ocrx_word' id='word_1_534' title='bbox 1358 1711 1433 1732; x_wconf 90' lang='lat' dir='ltr'>eum</span> <span class='ocrx_word' id='word_1_535' title='bbox 1449 1702 1593 1742; x_wconf 79' lang='lat' dir='ltr'>Satanas,</span> <span class='ocrx_word' id='word_1_536' title='bbox 1610 1706 1640 1734; x_wconf 87' lang='lat' dir='ltr'>et</span> <span class='ocrx_word' id='word_1_537' title='bbox 1663 1714 1759 1744; x_wconf 88' lang='lat' dir='ltr'>quem</span> 
     </span>
     <span class='ocr_line' id='line_1_78' title="bbox 987 1751 1759 1796; baseline 0.012 -16"><span class='ocrx_word' id='word_1_538' title='bbox 987 1751 1075 1790; x_wconf 90' lang='lat' dir='ltr'>prius</span> <span class='ocrx_word' id='word_1_539' title='bbox 1095 1752 1285 1790; x_wconf 84' lang='lat' dir='ltr'>intraverat,</span> <span class='ocrx_word' id='word_1_540' title='bbox 1307 1756 1343 1783; x_wconf 92' lang='lat' dir='ltr'>ut</span> <span class='ocrx_word' id='word_1_541' title='bbox 1357 1754 1528 1794; x_wconf 86' lang='lat' dir='ltr'>deciperet,</span> <span class='ocrx_word' id='word_1_542' title='bbox 1556 1758 1759 1796; x_wconf 87' lang='lat' dir='ltr'>postmodum</span> 
     </span>
     <span class='ocr_line' id='line_1_79' title="bbox 988 1804 1754 1848; baseline 0.007 -14"><span class='ocrx_word' id='word_1_543' title='bbox 988 1804 1127 1842; x_wconf 83' lang='lat' dir='ltr'>intravit,</span> <span class='ocrx_word' id='word_1_544' title='bbox 1138 1810 1173 1835; x_wconf 85' lang='lat' dir='ltr'>ut</span> <span class='ocrx_word' id='word_1_545' title='bbox 1184 1806 1242 1835; x_wconf 91' lang='lat' dir='ltr'>sibi</span> <span class='ocrx_word' id='word_1_546' title='bbox 1255 1807 1404 1837; x_wconf 82' lang='lat' dir='ltr'>traditum</span> <span class='ocrx_word' id='word_1_547' title='bbox 1415 1808 1539 1847; x_wconf 87' lang='lat' dir='ltr'>plenius</span> <span class='ocrx_word' id='word_1_548' title='bbox 1555 1810 1754 1848; x_wconf 85' lang='lat' dir='ltr'>possideret.»</span> 
     </span>
     <span class='ocr_line' id='line_1_80' title="bbox 988 1856 1759 1901; baseline 0.01 -15"><span class='ocrx_word' id='word_1_549' title='bbox 988 1856 1059 1887; x_wconf 89' lang='lat' dir='ltr'>ldeo</span> <span class='ocrx_word' id='word_1_550' title='bbox 1073 1860 1179 1888; x_wconf 83' lang='lat' dir='ltr'>autem</span> <span class='ocrx_word' id='word_1_551' title='bbox 1193 1860 1396 1897; x_wconf 82' lang='lat' dir='ltr'>cognominat</span> <span class='ocrx_word' id='word_1_552' title='bbox 1408 1870 1494 1899; x_wconf 82' lang='lat' dir='ltr'>eum,</span> <span class='ocrx_word' id='word_1_553' title='bbox 1506 1864 1541 1891; x_wconf 89' lang='lat' dir='ltr'>ut</span> <span class='ocrx_word' id='word_1_554' title='bbox 1551 1862 1759 1901; x_wconf 85' lang='lat' dir='ltr'>distinguata</span> 
     </span>
     <span class='ocr_line' id='line_1_81' title="bbox 986 1910 1759 1953; baseline 0.01 -14"><span class='ocrx_word' id='word_1_555' title='bbox 986 1910 1067 1940; x_wconf 83' lang='lat' dir='ltr'>Juda</span> <span class='ocrx_word' id='word_1_556' title='bbox 1077 1911 1170 1941; x_wconf 84' lang='lat' dir='ltr'>fratre</span> <span class='ocrx_word' id='word_1_557' title='bbox 1180 1911 1196 1941; x_wconf 85' lang='lat' dir='ltr'>J</span> <span class='ocrx_word' id='word_1_558' title='bbox 1199 1912 1302 1950; x_wconf 81' lang='lat' dir='ltr'>acobi3</span> <span class='ocrx_word' id='word_1_559' title='bbox 1315 1913 1382 1943; x_wconf 90' lang='lat' dir='ltr'>sive</span> <span class='ocrx_word' id='word_1_560' title='bbox 1397 1914 1471 1953; x_wconf 87' lang='lat' dir='ltr'>quia</span> <span class='ocrx_word' id='word_1_561' title='bbox 1486 1914 1652 1946; x_wconf 76' lang='lat' dir='ltr'>[scariotes</span> <span class='ocrx_word' id='word_1_562' title='bbox 1665 1916 1759 1947; x_wconf 88' lang='lat' dir='ltr'>inter-</span> 
     </span>
     <span class='ocr_line' id='line_1_82' title="bbox 988 1966 1758 2006; baseline 0.01 -13"><span class='ocrx_word' id='word_1_563' title='bbox 988 1966 1131 2003; x_wconf 84' lang='lat' dir='ltr'>pretatur</span> <span class='ocrx_word' id='word_1_564' title='bbox 1142 1966 1296 1995; x_wconf 82' lang='lat' dir='ltr'>memoria</span> <span class='ocrx_word' id='word_1_565' title='bbox 1308 1967 1329 1985; x_wconf 59' lang='lat'>¹⁴</span> <span class='ocrx_word' id='word_1_566' title='bbox 1340 1967 1555 2006; x_wconf 82' lang='lat' dir='ltr'>mortalitatis3</span> <span class='ocrx_word' id='word_1_567' title='bbox 1568 1970 1599 1999; x_wconf 88' lang='lat' dir='ltr'>et</span> <span class='ocrx_word' id='word_1_568' title='bbox 1613 1969 1682 2000; x_wconf 86' lang='lat' dir='ltr'>ideo</span> <span class='ocrx_word' id='word_1_569' title='bbox 1698 1970 1758 2001; x_wconf 85' lang='lat' dir='ltr'>hoc</span> 
     </span>
     <span class='ocr_line' id='line_1_83' title="bbox 986 2017 1756 2060; baseline 0.009 -14"><span class='ocrx_word' id='word_1_570' title='bbox 986 2017 1070 2055; x_wconf 86' lang='lat' dir='ltr'>dicit,</span> <span class='ocrx_word' id='word_1_571' title='bbox 1088 2017 1163 2056; x_wconf 86' lang='lat' dir='ltr'>quia</span> <span class='ocrx_word' id='word_1_572' title='bbox 1180 2018 1210 2047; x_wconf 87' lang='lat' dir='ltr'>in</span> <span class='ocrx_word' id='word_1_573' title='bbox 1225 2018 1285 2048; x_wconf 86' lang='lat' dir='ltr'>hoc</span> <span class='ocrx_word' id='word_1_574' title='bbox 1305 2018 1495 2058; x_wconf 86' lang='lat' dir='ltr'>insinuatur,</span> <span class='ocrx_word' id='word_1_575' title='bbox 1518 2022 1603 2060; x_wconf 88' lang='lat' dir='ltr'>quod</span> <span class='ocrx_word' id='word_1_576' title='bbox 1624 2031 1689 2052; x_wconf 90' lang='lat' dir='ltr'>non</span> <span class='ocrx_word' id='word_1_577' title='bbox 1704 2031 1756 2053; x_wconf 88' lang='lat' dir='ltr'>re-</span> 
     </span>
     <span class='ocr_line' id='line_1_84' title="bbox 986 2071 1756 2109; baseline 0.01 -11"><span class='ocrx_word' id='word_1_578' title='bbox 986 2071 1079 2109; x_wconf 80' lang='lat' dir='ltr'>pente</span> <span class='ocrx_word' id='word_1_579' title='bbox 1102 2079 1289 2109; x_wconf 81' lang='lat' dir='ltr'>persuasus,</span> <span class='ocrx_word' id='word_1_580' title='bbox 1315 2071 1369 2101; x_wconf 86' lang='lat' dir='ltr'>sed</span> <span class='ocrx_word' id='word_1_581' title='bbox 1391 2072 1447 2102; x_wconf 91' lang='lat' dir='ltr'>diu</span> <span class='ocrx_word' id='word_1_582' title='bbox 1466 2073 1569 2104; x_wconf 87' lang='lat' dir='ltr'>fuerat</span> <span class='ocrx_word' id='word_1_583' title='bbox 1588 2075 1756 2106; x_wconf 88' lang='lat' dir='ltr'>meditatus</span> 
     </span>
     <span class='ocr_line' id='line_1_85' title="bbox 986 2122 1756 2166; baseline 0.008 -14"><span class='ocrx_word' id='word_1_584' title='bbox 986 2123 1098 2153; x_wconf 85' lang='lat' dir='ltr'>scelus.</span> <span class='ocrx_word' id='word_1_585' title='bbox 1120 2122 1277 2162; x_wconf 78' lang='lat' dir='ltr'>Exprimit</span> <span class='ocrx_word' id='word_1_586' title='bbox 1291 2124 1387 2154; x_wconf 82' lang='lat' dir='ltr'>etiam</span> <span class='ocrx_word' id='word_1_587' title='bbox 1411 2126 1479 2163; x_wconf 82' lang='lat' dir='ltr'>ejus</span> <span class='ocrx_word' id='word_1_588' title='bbox 1502 2126 1702 2166; x_wconf 82' lang='lat' dir='ltr'>dignitatem,</span> <span class='ocrx_word' id='word_1_589' title='bbox 1720 2130 1756 2158; x_wconf 92' lang='lat' dir='ltr'>ut</span> 
     </span>
     <span class='ocr_line' id='line_1_86' title="bbox 986 2175 1756 2215; baseline 0.008 -10"><span class='ocrx_word' id='word_1_590' title='bbox 986 2175 1128 2206; x_wconf 83' lang='lat' dir='ltr'>ostendat</span> <span class='ocrx_word' id='word_1_591' title='bbox 1143 2176 1241 2215; x_wconf 89' lang='lat' dir='ltr'>ipsius</span> <span class='ocrx_word' id='word_1_592' title='bbox 1257 2176 1518 2215; x_wconf 84' lang='lat' dir='ltr'>ingratitudinem</span> <span class='ocrx_word' id='word_1_593' title='bbox 1532 2179 1554 2197; x_wconf 78' lang='lat'>¹⁵</span> <span class='ocrx_word' id='word_1_594' title='bbox 1571 2190 1601 2210; x_wconf 77' lang='lat' dir='ltr'>t«</span> <span class='ocrx_word' id='word_1_595' title='bbox 1614 2179 1682 2210; x_wconf 87' lang='lat' dir='ltr'>Non</span> <span class='ocrx_word' id='word_1_596' title='bbox 1699 2189 1756 2211; x_wconf 93' lang='lat' dir='ltr'>vos</span> 
     </span>
     <span class='ocr_line' id='line_1_87' title="bbox 986 2229 1754 2272; baseline 0.008 -14"><span class='ocrx_word' id='word_1_597' title='bbox 986 2237 1037 2259; x_wconf 91' lang='lat' dir='ltr'>me</span> <span class='ocrx_word' id='word_1_598' title='bbox 1052 2229 1201 2267; x_wconf 76' lang='lat' dir='ltr'>elegistiS‚</span> <span class='ocrx_word' id='word_1_599' title='bbox 1218 2229 1271 2259; x_wconf 91' lang='lat' dir='ltr'>sed</span> <span class='ocrx_word' id='word_1_600' title='bbox 1288 2238 1350 2268; x_wconf 87' lang='lat' dir='ltr'>ego</span> <span class='ocrx_word' id='word_1_601' title='bbox 1365 2230 1445 2270; x_wconf 82' lang='lat' dir='ltr'>elegi</span> <span class='ocrx_word' id='word_1_602' title='bbox 1466 2240 1531 2269; x_wconf 89' lang='lat' dir='ltr'>vos,</span> <span class='ocrx_word' id='word_1_603' title='bbox 1549 2243 1563 2260; x_wconf 91' lang='lat'>»</span> <span class='ocrx_word' id='word_1_604' title='bbox 1584 2232 1623 2262; x_wconf 83' lang='lat' dir='ltr'>Et</span> <span class='ocrx_word' id='word_1_605' title='bbox 1635 2233 1754 2272; x_wconf 87' lang='lat' dir='ltr'>specia-</span> 
     </span>
     <span class='ocr_line' id='line_1_88' title="bbox 985 2282 1753 2326; baseline 0.008 -15"><span class='ocrx_word' id='word_1_606' title='bbox 985 2282 1056 2311; x_wconf 91' lang='lat' dir='ltr'>liter</span> <span class='ocrx_word' id='word_1_607' title='bbox 1077 2282 1235 2321; x_wconf 81' lang='lat' dir='ltr'>apostolos</span> <span class='ocrx_word' id='word_1_608' title='bbox 1258 2283 1354 2321; x_wconf 80' lang='lat' dir='ltr'>elegit</span> <span class='ocrx_word' id='word_1_609' title='bbox 1373 2283 1410 2314; x_wconf 91' lang='lat' dir='ltr'>de</span> <span class='ocrx_word' id='word_1_610' title='bbox 1429 2293 1564 2315; x_wconf 88' lang='lat' dir='ltr'>numero</span> <span class='ocrx_word' id='word_1_611' title='bbox 1584 2285 1753 2326; x_wconf 89' lang='lat' dir='ltr'>discipulo-</span> 
     </span>
     <span class='ocr_line' id='line_1_89' title="bbox 985 2335 1755 2375; baseline 0.009 -11"><span class='ocrx_word' id='word_1_612' title='bbox 985 2344 1060 2365; x_wconf 91' lang='lat' dir='ltr'>rum</span> <span class='ocrx_word' id='word_1_613' title='bbox 1085 2335 1123 2365; x_wconf 84' lang='lat' dir='ltr'>ad</span> <span class='ocrx_word' id='word_1_614' title='bbox 1154 2335 1342 2373; x_wconf 84' lang='lat' dir='ltr'>dignitatem</span> <span class='ocrx_word' id='word_1_615' title='bbox 1367 2337 1577 2375; x_wconf 82' lang='lat' dir='ltr'>pontificatus.</span> <span class='ocrx_word' id='word_1_616' title='bbox 1610 2338 1696 2370; x_wconf 90' lang='lat' dir='ltr'>Unde</span> <span class='ocrx_word' id='word_1_617' title='bbox 1722 2340 1755 2371; x_wconf 89' lang='lat' dir='ltr'>in</span> 
     </span>
     <span class='ocr_line' id='line_1_90' title="bbox 984 2387 1754 2429; baseline 0.006 -11"><span class='ocrx_word' id='word_1_618' title='bbox 984 2388 1107 2419; x_wconf 79' lang='lat' dir='ltr'>Jocmne</span> <span class='ocrx_word' id='word_1_619' title='bbox 1125 2388 1161 2427; x_wconf 82' lang='lat' dir='ltr'>(b)</span> <span class='ocrx_word' id='word_1_620' title='bbox 1188 2388 1207 2404; x_wconf 72' lang='lat'>¹²³</span> <span class='ocrx_word' id='word_1_621' title='bbox 1225 2397 1235 2418; x_wconf 89' lang='lat'><em>:</em></span> <span class='ocrx_word' id='word_1_622' title='bbox 1254 2399 1268 2416; x_wconf 85' lang='lat'>«</span> <span class='ocrx_word' id='word_1_623' title='bbox 1287 2387 1398 2420; x_wconf 90' lang='lat' dir='ltr'>Nonne</span> <span class='ocrx_word' id='word_1_624' title='bbox 1422 2399 1485 2429; x_wconf 88' lang='lat' dir='ltr'>ego</span> <span class='ocrx_word' id='word_1_625' title='bbox 1506 2399 1563 2422; x_wconf 90' lang='lat' dir='ltr'>vos</span> <span class='ocrx_word' id='word_1_626' title='bbox 1587 2392 1754 2423; x_wconf 88' lang='lat' dir='ltr'>duodecim</span> 
     </span>
     <span class='ocr_line' id='line_1_91' title="bbox 985 2440 1755 2480; baseline 0.009 -10"><span class='ocrx_word' id='word_1_627' title='bbox 985 2441 1079 2480; x_wconf 88' lang='lat' dir='ltr'>elegi,</span> <span class='ocrx_word' id='word_1_628' title='bbox 1091 2443 1122 2471; x_wconf 86' lang='lat' dir='ltr'>et</span> <span class='ocrx_word' id='word_1_629' title='bbox 1135 2450 1175 2471; x_wconf 75' lang='lat' dir='ltr'>ex</span> <span class='ocrx_word' id='word_1_630' title='bbox 1186 2440 1275 2472; x_wconf 85' lang='lat' dir='ltr'>vobis</span> <span class='ocrx_word' id='word_1_631' title='bbox 1290 2450 1374 2472; x_wconf 89' lang='lat' dir='ltr'>unus</span> <span class='ocrx_word' id='word_1_632' title='bbox 1388 2442 1531 2474; x_wconf 89' lang='lat' dir='ltr'>diabolus</span> <span class='ocrx_word' id='word_1_633' title='bbox 1545 2445 1612 2475; x_wconf 84' lang='lat' dir='ltr'>est?</span> <span class='ocrx_word' id='word_1_634' title='bbox 1627 2445 1755 2476; x_wconf 86' lang='lat' dir='ltr'>Dicebat</span> 
     </span>
    </p>
   </div>
   <div class='ocr_carea' id='block_1_7' title="bbox 984 2510 1754 2616">
    <p class='ocr_par' dir='ltr' id='par_1_9' title="bbox 984 2510 1754 2616">
     <span class='ocr_line' id='line_1_92' title="bbox 985 2510 1754 2546; baseline 0.004 -12"><span class='ocrx_word' id='word_1_635' title='bbox 985 2517 1042 2541; x_wconf 78' lang='lat' dir='ltr'>vm,</span> <span class='ocrx_word' id='word_1_636' title='bbox 1069 2514 1104 2535; x_wconf 84' lang='lat' dir='ltr'>lO.</span> <span class='ocrx_word' id='word_1_637' title='bbox 1123 2524 1152 2528; x_wconf 86' lang='lat'>—</span> <span class='ocrx_word' id='word_1_638' title='bbox 1167 2511 1187 2527; x_wconf 88' lang='lat'>¹⁰</span> <span class='ocrx_word' id='word_1_639' title='bbox 1208 2510 1313 2538; x_wconf 59' lang='lat' dir='ltr'>amuli„</span> <span class='ocrx_word' id='word_1_640' title='bbox 1331 2518 1405 2543; x_wconf 76' lang='lat' dir='ltr'>xxvt,</span> <span class='ocrx_word' id='word_1_641' title='bbox 1420 2514 1443 2536; x_wconf 85' lang='lat'>5.</span> <span class='ocrx_word' id='word_1_642' title='bbox 1458 2526 1489 2531; x_wconf 89' lang='lat'><strong>—</strong></span> <span class='ocrx_word' id='word_1_643' title='bbox 1505 2515 1523 2530; x_wconf 86' lang='lat'>¹¹</span> <span class='ocrx_word' id='word_1_644' title='bbox 1541 2515 1625 2543; x_wconf 73' lang='lat' dir='ltr'>Prov..</span> <span class='ocrx_word' id='word_1_645' title='bbox 1640 2522 1658 2546; x_wconf 82' lang='lat'>1,</span> <span class='ocrx_word' id='word_1_646' title='bbox 1676 2518 1754 2540; x_wconf 80' lang='grc'><strong>16-18,</strong></span> 
     </span>
     <span class='ocr_line' id='line_1_93' title="bbox 986 2546 1754 2581; baseline 0.009 -13"><span class='ocrx_word' id='word_1_647' title='bbox 986 2548 1003 2563; x_wconf 88' lang='lat'>¹²</span> <span class='ocrx_word' id='word_1_648' title='bbox 1018 2548 1100 2575; x_wconf 61' lang='lat' dir='ltr'>Pron„</span> <span class='ocrx_word' id='word_1_649' title='bbox 1115 2552 1151 2575; x_wconf 76' lang='lat' dir='ltr'>xi,</span> <span class='ocrx_word' id='word_1_650' title='bbox 1162 2547 1200 2570; x_wconf 75' lang='lat'>27.</span> <span class='ocrx_word' id='word_1_651' title='bbox 1216 2559 1241 2563; x_wconf 87' lang='lat'><em>-</em></span> <span class='ocrx_word' id='word_1_652' title='bbox 1259 2546 1278 2562; x_wconf 78' lang='lat'>¹³</span> <span class='ocrx_word' id='word_1_653' title='bbox 1292 2548 1374 2577; x_wconf 57' lang='lat' dir='ltr'>doun„</span> <span class='ocrx_word' id='word_1_654' title='bbox 1389 2554 1446 2579; x_wconf 76' lang='lat' dir='ltr'>xiii,</span> <span class='ocrx_word' id='word_1_655' title='bbox 1461 2551 1499 2574; x_wconf 71' lang='grc' dir='ltr'>Ξῖ.</span> <span class='ocrx_word' id='word_1_656' title='bbox 1514 2563 1540 2566; x_wconf 86' lang='grc'>-</span> <span class='ocrx_word' id='word_1_657' title='bbox 1557 2550 1575 2566; x_wconf 59' lang='lat'>¹¹⁸</span> <span class='ocrx_word' id='word_1_658' title='bbox 1588 2555 1626 2580; x_wconf 66' lang='grc' dir='ltr'>Ἴ)</span> <span class='ocrx_word' id='word_1_659' title='bbox 1643 2570 1650 2581; x_wconf 83' lang='grc'><em>,</em></span> <span class='ocrx_word' id='word_1_660' title='bbox 1665 2552 1754 2575; x_wconf 85' lang='lat' dir='ltr'>Memi-</span> 
     </span>
     <span class='ocr_line' id='line_1_94' title="bbox 984 2582 1625 2616; baseline 0.011 -13"><span class='ocrx_word' id='word_1_661' title='bbox 984 2583 1028 2606; x_wconf 73' lang='lat' dir='ltr'>nit,</span> <span class='ocrx_word' id='word_1_662' title='bbox 1042 2595 1073 2599; x_wconf 98' lang='lat'><strong>—</strong></span> <span class='ocrx_word' id='word_1_663' title='bbox 1087 2583 1104 2598; x_wconf 71' lang='lat'>¹³</span> <span class='ocrx_word' id='word_1_664' title='bbox 1119 2582 1199 2610; x_wconf 63' lang='lat' dir='ltr'>Joan„</span> <span class='ocrx_word' id='word_1_665' title='bbox 1214 2587 1255 2612; x_wconf 79' lang='lat' dir='ltr'>xv,</span> <span class='ocrx_word' id='word_1_666' title='bbox 1274 2584 1310 2606; x_wconf 84' lang='lat'>16.</span> <span class='ocrx_word' id='word_1_667' title='bbox 1324 2596 1354 2600; x_wconf 89' lang='lat'>—</span> <span class='ocrx_word' id='word_1_668' title='bbox 1370 2584 1388 2599; x_wconf 74' lang='lat'>¹⁶</span> <span class='ocrx_word' id='word_1_669' title='bbox 1405 2584 1478 2616; x_wconf 56' lang='lat' dir='ltr'>thid„</span> <span class='ocrx_word' id='word_1_670' title='bbox 1492 2592 1526 2616; x_wconf 68' lang='lat' dir='ltr'>vu,</span> <span class='ocrx_word' id='word_1_671' title='bbox 1542 2587 1625 2610; x_wconf 77' lang='lat'><strong>71-72.</strong></span> 
     </span>
    </p>
   </div>
   <div class='ocr_carea' id='block_1_8' title="bbox 984 2625 1752 2686">
    <p class='ocr_par' dir='ltr' id='par_1_10' title="bbox 984 2625 1752 2686">
     <span class='ocr_line' id='line_1_95' title="bbox 1017 2625 1752 2660; baseline 0.012 -12"><span class='ocrx_word' id='word_1_672' title='bbox 1017 2626 1048 2655; x_wconf 74' lang='grc' dir='ltr'>(ιι)</span> <span class='ocrx_word' id='word_1_673' title='bbox 1065 2626 1125 2649; x_wconf 70' lang='lat' dir='ltr'>Coet.</span> <span class='ocrx_word' id='word_1_674' title='bbox 1142 2625 1199 2649; x_wconf 72' lang='lat' dir='ltr'>edit.</span> <span class='ocrx_word' id='word_1_675' title='bbox 1218 2626 1281 2657; x_wconf 83' lang='lat' dir='ltr'>ejus.</span> <span class='ocrx_word' id='word_1_676' title='bbox 1297 2627 1449 2653; x_wconf 78' lang='lat' dir='ltr'>Joaunes.-</span> <span class='ocrx_word' id='word_1_677' title='bbox 1464 2629 1497 2660; x_wconf 86' lang='lat' dir='ltr'>(b)</span> <span class='ocrx_word' id='word_1_678' title='bbox 1513 2631 1574 2654; x_wconf 79' lang='lat' dir='ltr'>Item</span> <span class='ocrx_word' id='word_1_679' title='bbox 1590 2631 1661 2656; x_wconf 83' lang='lat' dir='ltr'>Unde</span> <span class='ocrx_word' id='word_1_680' title='bbox 1675 2631 1752 2656; x_wconf 81' lang='lat' dir='ltr'>Joau-</span> 
     </span>
     <span class='ocr_line' id='line_1_96' title="bbox 984 2670 1038 2686; baseline -0.037 0"><span class='ocrx_word' id='word_1_681' title='bbox 984 2670 1038 2686; x_wconf 66' lang='lat' dir='ltr'>Hes.</span> 
     </span>
    </p>
   </div>
  </div>
 </body>
</html>
