1987 3032
646 238 686 269 IN
709 238 793 269 CAP.
818 237 856 268 IV
878 238 1016 269 SANCTI
1039 239 1214 272 ιῙΟΑΝΝῙΞ.

127 307 185 335 loci
201 307 240 334 ad
250 305 461 342 quiescendum
474 305 758 340 impraeparabilitas,
774 304 813 331 ibi
831 313 836 331 τ
851 304 894 331 Se-

129 353 205 380 debat
219 360 297 388 super
311 353 420 386 fontem,
440 353 468 378 et
480 351 520 378 sic
535 358 623 386 super
637 353 744 378 terram
758 350 870 377 nudam
887 359 892 376 :

129 399 185 426 sibi
203 398 282 426 enim
296 397 406 425 sedenti
421 399 486 432 post
499 397 633 424 laborem
649 399 709 424 erat
724 398 894 423 ornatorum

129 444 303 478 deficientia,
323 443 496 470 deliciarum
519 443 656 477 carentia,
681 442 895 470 consolantium

128 490 176 517 vel
198 489 424 516 ministrantium
444 489 526 516 nulla
541 489 678 516 comitiva
694 497 700 514 ;
717 488 797 515 solus
818 488 896 515 enim

128 536 258 563 sedebat.
280 535 359 562 Unde
377 536 600 571 Chrysostomus
614 535 622 550 ¹
639 544 645 561 ε
665 544 678 559 ι(
694 535 819 562 sedebat
836 542 897 562 non

128 581 159 608 in
183 581 300 615 throno,
325 589 385 609 non
414 582 443 608 in
467 581 629 617 pulvinari,
654 581 706 608 sed
729 581 898 616 simpliciter

129 626 327 662 contingebat,
343 627 450 654 seilicet
472 630 588 661 terram,
610 627 796 663 requiescens
820 626 899 654 fove-

130 672 181 700 bat
196 681 322 708 corpus,
344 675 371 700 et
389 673 469 708 apud
492 673 603 700 fontem
623 673 822 707 refrigerabat,
839 680 899 700 non

130 719 226 746 solum
240 719 435 754 laboriosum,
451 720 502 746 sed
519 719 697 747 intumidum
718 727 747 746 se
763 718 898 752 ostendit,

122 773 192 793 *non
208 766 238 792 in
252 765 430 799 laborando,
446 774 542 801 neque
558 766 587 792 in
600 765 731 792 sedendo
747 765 775 791 in
791 764 837 791 via
852 772 901 791 so-

131 811 193 838 lum
212 812 264 846 (α),
286 812 384 838 sedin
404 820 450 845 eo,
475 811 557 846 quod
578 811 657 838 solus
676 810 900 845 derelinqueba-

132 859 187 884 tur.
204 868 216 883 n
236 859 299 885 Haec
311 858 370 885 ille.
388 858 455 885 ldeo
471 858 511 885 ait
524 857 533 872 Ξ
550 867 576 884 ;«
592 857 678 884 Filius
698 856 825 883 hominis
841 864 900 883 non

132 903 221 931 habet
235 904 287 931 ubi
308 904 428 931 reclinet
442 905 538 939 caput,
556 914 568 928 »
587 905 639 930 etc.
657 905 688 930 Et
706 903 735 929 in
751 903 902 930 montibus

133 950 324 984 pernoctabat
345 951 363 976 3.
381 952 412 977 Et
431 950 467 977 de
487 950 551 984 ipso
566 950 604 976 ait
622 949 765 984 Propheta
784 950 794 965 ³*
810 958 816 976 z
836 960 848 974 ι(
864 950 901 976 De

132 998 258 1023 torrente
274 996 304 1023 in
319 996 367 1023 via
393 996 483 1023 bibet.
509 1007 521 1021 υ
545 997 576 1023 Ε1
594 995 687 1022 alibi5
706 1005 712 1021 :
740 1005 753 1021 «
776 995 901 1028 Quaesivi

133 1042 183 1077 qui
195 1042 405 1075 consolaretur,
417 1045 444 1069 et
458 1050 518 1069 non
533 1041 642 1069 inveni.
652 1052 665 1067 1>
676 1044 707 1069 Et
718 1042 774 1069 hoc
784 1041 860 1074 fecit,
877 1043 903 1068 et

133 1088 266 1115 sustinuit
277 1088 316 1115 ad
330 1088 568 1115 informationem
583 1088 805 1123 discipulorum.
822 1087 902 1114 Unde

133 1133 356 1168 chrysostomus
370 1133 380 1148 ‘³
395 1134 446 1161 ubi
473 1142 562 1169 supra
584 1143 590 1161 :
614 1144 627 1158 ι(
649 1136 708 1161 Hoc
732 1133 800 1160 ideo
826 1133 903 1167 fecit,

134 1179 203 1215 quia
219 1179 378 1215 discipulos
403 1180 595 1207 assuefecerat
616 1187 735 1207 omnem
757 1181 902 1206 tumorem

134 1225 316 1253 conculcare.
334 1236 346 1251 n
369 1228 432 1253 Haec
447 1226 505 1253 ille,
522 1226 662 1261 Exemplo
678 1234 749 1260 ergo
764 1225 827 1252 Filii
843 1225 902 1259 Dei,

134 1271 163 1298 in
181 1271 310 1299 virtuoso
334 1271 435 1298 itinere
456 1272 643 1306 laboremus,
665 1271 849 1299 ambulando
867 1271 903 1298 de

132 1315 236 1343 virtute
251 1316 281 1342 in
296 1315 442 1343 virtutem.
467 1317 504 1342 De
521 1324 580 1351 quo
596 1316 696 1343 itinere
711 1317 720 1332 ⁷
739 1325 744 1342 :
765 1325 778 1340 «
800 1315 904 1342 Itinera

133 1364 183 1389 tua
198 1362 234 1397 (b)
250 1361 459 1397 producentur.
480 1372 493 1387 »
518 1364 548 1389 Et
570 1362 610 1389 sic
630 1362 800 1389 laboremus
825 1363 856 1388 ut
870 1361 905 1387 si-

134 1415 199 1434 mus
213 1407 334 1442 fatigati,
349 1410 381 1434 ut
394 1408 425 1434 in
439 1408 656 1443 nobismetipsis
679 1408 861 1441 deficiamus,
878 1410 905 1434 et

134 1453 164 1480 in
179 1454 305 1487 Christo,
321 1454 371 1489 qui
394 1456 434 1481 est
453 1453 518 1481 fons
539 1453 698 1489 sapientiae,
720 1454 904 1489 quiescamus

135 1502 162 1527 et
174 1500 330 1527 sedeamus
343 1500 352 1516 ⁸
365 1509 371 1527 :
393 1500 435 1527 lbi
449 1500 657 1535 requieverunt
671 1500 737 1527 fessi
752 1500 870 1534 robore,
888 1510 900 1525 ι)

134 1546 165 1573 id
180 1548 233 1580 est,
253 1547 284 1573 in
300 1547 358 1573 Deo
379 1546 471 1580 electi,
494 1547 523 1573 in
549 1554 579 1573 se
599 1546 777 1580 deficientes,
801 1547 840 1573 ait
863 1546 904 1573 ibi

134 1592 290 1627 Gregorius
304 1593 324 1618 ⁹.
337 1593 357 1609 ¹⁰
375 1603 387 1618 ι(
403 1592 508 1619 Defecit
521 1592 599 1619 enim
613 1592 712 1619 anima
727 1600 794 1619 mea
812 1591 842 1618 in
857 1600 903 1619 sa-

133 1638 226 1666 lutare
247 1641 341 1673 tuum,
358 1649 370 1664 »
390 1638 429 1666 ait
449 1639 602 1674 Propheta.
621 1638 639 1654 ¹¹
658 1638 739 1671 «Qui
758 1638 808 1665 dat
828 1638 904 1666 lasso

134 1684 281 1712 virtutem.
303 1694 317 1709 ›>
340 1686 371 1711 Et
390 1686 456 1719 post
477 1684 595 1711 labores
619 1684 739 1711 delicias
763 1684 905 1717 carnales,

135 1737 189 1757 nec
208 1730 356 1766 superflua
375 1730 569 1765 inquiramuS,
593 1730 729 1765 exemplo
751 1730 813 1757 Filii
835 1730 904 1764 Dei3

135 1776 187 1803 sed
203 1784 270 1803 cum
283 1776 423 1812 Apostolo
438 1777 457 1792 ¹²
475 1785 480 1803 :
495 1786 507 1801 ι(
521 1776 663 1803 Habentes
677 1776 826 1809 alimenta,
843 1776 906 1811 qui-

138 1823 194 1850 bus
207 1825 353 1858 tegamur,
368 1822 413 1850 his
428 1822 554 1850 contenti
570 1822 669 1849 simus.
688 1832 700 1846 n

278 1926 390 1952 Collatio
409 1926 643 1960 vigesimaprima,
664 1933 701 1957 iv,
723 1927 764 1951 13.

174 2012 227 2045 Qui
241 2013 306 2038 bibit
321 2020 353 2039 ea:
368 2013 416 2039 hac
434 2020 516 2046 aqua,
531 2013 605 2039 sitiet
623 2014 735 2044 ίιειίινης
752 2013 799 2046 qui
819 2014 907 2038 autem

140 2058 233 2085 biberit
250 2066 282 2085 επ
296 2066 368 2093 aqua
383 2066 462 2093 quam
478 2066 523 2092 eqo
539 2058 614 2092 (labo,
631 2066 682 2084 non
697 2059 771 2085 sitiet
786 2059 813 2084 in
831 2060 907 2085 oeter-

140 2105 255 2131 num.1n
269 2103 314 2131 his
324 2104 422 2131 verbis
438 2104 497 2131 duo
512 2105 675 2139 figurantur
688 2112 694 2130 :
707 2112 834 2139 quorum
849 2104 908 2139 pri-

140 2158 223 2178 mum
246 2153 287 2178 est
315 2151 439 2178 carnalis
466 2151 666 2179 delectationis
695 2150 907 2185 defectibilitas,

140 2196 181 2224 ibi
198 2206 204 2224 :
219 2197 273 2229 Qui
285 2198 379 2224 biberit
395 2206 427 2225 eae
448 2199 495 2225 hac
509 2206 597 2232 aqua3
622 2197 786 2224 secundum
808 2199 849 2224 est
868 2197 909 2224 in-

141 2243 266 2270 ssuentioe
281 2243 404 2271 coelestis
418 2243 593 2279 potestativa
604 2243 779 2277 virtuositas‚
792 2243 831 2270 ibi
850 2252 855 2269 ;
868 2244 910 2269 Ea·

140 2297 211 2323 aqua
225 2297 305 2323 quam
320 2297 364 2323 eqo
379 2290 455 2316 dabo.

177 2335 221 2363 Ait
235 2343 304 2370 ergo
314 2325 327 2361 ¹:
346 2336 398 2368 Qui
412 2335 506 2362 biberit
523 2344 555 2363 eoe
566 2344 646 2370 aqua,
662 2338 715 2362 etc.
733 2336 764 2361 Ut
779 2334 856 2362 enim
872 2335 911 2362 ait

176 2421 180 2432 ¹
198 2419 341 2449 Chrysost.,
355 2418 396 2441 ubi
412 2425 467 2448 sup,
482 2431 499 2434 —
525 2419 533 2431 2'
544 2418 645 2446 matth„
661 2419 766 2446 v111,*2‘·.
781 2429 809 2433 —
822 2417 830 2429 ³
843 2417 910 2447 Luci,

145 2459 182 2483 νι,
200 2457 237 2477 12.
258 2467 288 2471 -—
308 2454 318 2470 ὁ
335 2453 401 2477 Psul.
424 2459 480 2482 «;ι·<,
500 2454 522 2475 7.
541 2466 571 2470 —
593 2454 601 2466 ὃ
621 2452 684 2475 Psal.
708 2458 804 2481 vam,
828 2454 866 2475 21.
881 2465 910 2470 —-

144 2490 153 2503 ⁰
168 2489 308 2519 chrysost„
325 2489 367 2512 ubi
384 2496 439 2518 sup.
455 2500 485 2505 —-
505 2488 512 2501 v
528 2488 609 2513 Pron..
627 2492 661 2517 lv,
680 2489 714 2511 17.
733 2500 755 2503 -
775 2486 855 2515 ⁸Job,
871 2493 909 2517 111,

146 2526 183 2547 Π.
203 2537 230 2541 -
251 2525 260 2538 ⁹
275 2525 360 2555 Greg,
380 2523 480 2551 Moral„
502 2522 544 2545 lib.
568 2522 609 2550 1v,
631 2528 652 2545 c.
672 2529 738 2551 xxx,
758 2522 790 2545 al.
813 2527 910 2552 xxxm,

144 2565 169 2582 n.
189 2560 227 2583 67.
245 2573 271 2576 —
293 2560 313 2576 ι’
334 2559 382 2582 Istc.
407 2563 505 2585 (11111,
529 2559 567 2580 81.
587 2569 616 2574 -
641 2558 655 2570 '¹
677 2557 735 2585 Ira.y
759 2562 804 2586 M„
825 2558 862 2580 29.
882 2569 911 2573 —

146 2594 163 2610 ¹²
185 2595 191 2617 Ι
216 2595 289 2625 Tim„
310 2601 348 2625 vt,
368 2597 389 2618 8.
412 2608 440 2612 —
461 2594 479 2610 ¹³
500 2594 578 2624 llug„
598 2593 627 2615 de
646 2593 701 2616 Arc.
724 2593 788 2622 Noe,
808 2593 850 2616 lib.
870 2593 911 2623 Ν,

147 2636 167 2652 c.
185 2634 234 2659 vu,
249 2631 305 2653 ante
323 2630 390 2653 med⁴
407 2643 436 2646 —
452 2630 471 2645 ¹³
485 2629 583 2658 ,liv-em„
603 2634 629 2657 u,
648 2629 684 2650 18.
698 2641 726 2644 -
742 2628 759 2643 ¹⁵
776 2628 858 2657 Pseu„
876 2633 912 2655 tx,

148 2665 184 2688 Π.
201 2677 231 2682 -
249 2665 268 2680 ¹⁸
285 2665 371 2696 Greg.,
389 2664 490 2694 Moral.,
507 2663 548 2687 lib.
566 2663 633 2692 XtX,
649 2668 720 2691 c.1v,
739 2663 770 2685 al.
789 2668 826 2690 vi,
844 2669 869 2686 n.
889 2664 910 2686 9.

265 2719 339 2740 Tou.
362 2718 406 2739 XI.

1657 249 1714 277 545

1124 308 1389 343 «Concupiscentia
1412 310 1517 338 dicitur
1538 319 1625 347 aqua,
1647 313 1718 348 quia

950 350 1039 385 fluxa,
1055 352 1124 386 quia
1143 353 1266 387 lubrica,
1283 357 1310 382 et
1333 355 1371 382 ad
1392 356 1612 385 similitudinem
1634 367 1718 394 aquae

951 398 1091 424 currentis
1105 398 1243 426 deorsum
1258 401 1317 428 ima
1331 401 1411 436 petit,
1426 410 1494 429 suos
1518 411 1657 439 sequaces
1672 405 1718 431 in-

951 443 1069 470 stabiles
1084 447 1110 471 et
1134 445 1291 473 dissolutos
1316 447 1423 475 reddit.
1442 458 1454 473 »
1477 450 1523 475 Est
1546 457 1617 484 ergo
1641 458 1720 485 aqua

952 489 1076 516 earnalis
1091 492 1331 526 concupiscentiae
1359 494 1529 522 fluxibilitas
1546 496 1565 514 Γ*
1586 505 1592 522 ;
1611 505 1629 521 τ(
1644 495 1720 529 Quid

953 534 1004 561 tibi
1033 535 1061 561 in
1085 536 1138 563 viis
1167 539 1300 573 AEgypti,
1323 541 1354 566 ut
1378 539 1463 567 bibas
1492 549 1601 576 aquam
1628 542 1720 569 turbi-

953 580 1042 608 dam?
1059 592 1070 606 n
1089 584 1142 609 etc.
1159 585 1191 610 Et
1204 587 1245 611 est
1268 593 1346 620 aqua
1365 586 1504 614 doctrinae
1519 595 1647 615 erroneae
1669 596 1720 623 ap-

954 635 1059 662 parens
1081 629 1207 657 suavitas
1229 631 1249 647 ¹⁵
1273 639 1279 657 ;
1300 642 1311 656 «
1326 634 1415 667 Aquae
1438 633 1551 661 furtivae
1576 635 1722 663 dulciores

954 676 1059 700 sunt.»
1083 676 1167 707 Quod
1191 677 1311 711 exponit
1334 679 1489 713 Gregorius
1505 681 1523 696 ‘⁶
1544 680 1580 707 de
1603 681 1722 708 scientia

954 719 1164 748 haeretieorum.
1194 724 1225 749 Et
1254 731 1332 758 aqua
1346 744 1356 758 ,
1389 725 1496 753 scilieet
1524 726 1722 754 delectationis

955 765 1121 801 mundanee,
1139 767 1199 794 sive
1215 770 1421 804 temporaneae,
1438 771 1474 798 de
1489 780 1677 808 quacumque
1691 781 1722 800 re

955 812 1119 853 transitoria
1133 813 1292 842 libidinosa
1304 816 1440 852 voluptas
1457 819 1473 834 ¹⁷
1485 827 1511 845 z«
1523 821 1562 846 Ne
1574 819 1625 846 des
1639 827 1723 854 aquae

957 859 1010 884 tuae
1021 859 1141 892 exitum,
1155 867 1207 886 nee
1218 861 1380 889 modicum.
1393 863 1489 890 »Unde
1502 864 1678 899 Augustinus
1686 865 1722 892 ¹⁸.-

960 913 972 928 «
989 904 1036 931 Hic
1052 912 1130 940 aqua
1145 905 1175 932 in
1190 909 1289 942 puteo,
1299 908 1434 943 voluptas
1449 910 1546 937 saeculi
1558 912 1600 937 est
1613 911 1644 938 in
1657 919 1724 946 pro-

956 950 1097 978 funditate
1121 953 1295 988 tenebrosa,
1317 963 1408 989 quam
1430 956 1569 984 hauriuut
1591 957 1725 985 homines

956 997 1062 1032 hydria
1086 998 1288 1034 cupiditatum.
1312 1011 1325 1026 n
1347 1003 1377 1029 Et
1398 1002 1502 1030 bibens
1523 1003 1559 1031 de
1579 1004 1624 1031 his
1641 1004 1725 1040 aquis

957 1043 1031 1070 sitiet
1046 1044 1150 1071 iterum
1166 1046 1204 1072 ol)
1216 1046 1470 1082 intemperantiam
1484 1049 1622 1084 bibentis,
1639 1052 1667 1078 et
1681 1051 1725 1078 in-

957 1089 1161 1118 sufficientiam
1185 1100 1268 1127 aquce
1292 1093 1391 1120 bibilis
1409 1095 1427 1112 ¹⁹
1445 1104 1450 1121 :
1470 1105 1484 1120 (ι
1504 1095 1580 1123 Sicut
1600 1097 1727 1124 somniat

958 1135 1057 1163 sitiens
1072 1138 1099 1163 et
1112 1137 1197 1171 bibit,
1215 1140 1242 1165 et
1255 1140 1414 1174 postquam
1435 1140 1520 1168 fuerit
1540 1142 1727 1177 expergefac-

959 1184 1015 1216 tus,
1032 1182 1128 1209 adhuc
1145 1183 1211 1216 sitit,
1224 1194 1236 1209 »
1256 1186 1308 1211 etc.
1325 1186 1344 1211 E
1361 1187 1506 1214 contrario
1521 1190 1563 1215 est
1586 1189 1623 1215 de
1638 1196 1726 1224 aqua,

959 1236 1049 1263 quam
1065 1229 1113 1256 dat
1138 1231 1276 1257 Dominus
1283 1241 1292 1265 3
1309 1240 1375 1267 quae
1397 1233 1517 1268 quidem
1541 1236 1584 1261 est
1601 1235 1729 1269 quadru-

958 1274 1036 1309 plex.
1054 1277 1099 1302 Est
1114 1275 1191 1302 enim
1206 1284 1284 1312 aqua
1299 1277 1406 1305 divinae
1425 1279 1523 1313 gratiae
1537 1280 1726 1315 purificantiS‚

959 1322 986 1347 et
1009 1320 1204 1355 refrigerantis
1225 1332 1231 1349 ε
1248 1323 1284 1350 (16
1300 1332 1359 1358 qua
1374 1325 1430 1359 hic,
1447 1328 1477 1352 ut
1497 1326 1537 1353 ait
1559 1326 1729 1362 Chrysosto-

959 1375 1025 1393 mus
1036 1368 1067 1400 2⁰,
1080 1368 1161 1402 quod
1177 1368 1246 1403 quia
1261 1369 1380 1404 Spiritus
1396 1372 1438 1398 est
1452 1372 1535 1406 quasi
1550 1380 1728 1407 purgamen-

960 1414 1033 1446 tum,
1049 1413 1119 1440 etin
1145 1414 1338 1450 refrigerium,
1355 1416 1422 1444 ideo
1443 1417 1563 1445 nomine
1586 1426 1671 1454 aquae
1691 1419 1729 1446 si-

960 1458 1124 1493 gnificatur.
1141 1462 1173 1487 Et
1186 1461 1268 1495 ponit
1283 1462 1452 1497 exemplum
1467 1472 1472 1490 :
1489 1466 1520 1490 ut
1534 1472 1612 1500 aqua
1626 1473 1729 1500 pome-

960 1504 1037 1531 rium
1051 1505 1161 1539 irrigat,
1178 1508 1205 1533 et
1220 1507 1340 1534 arbores
1354 1510 1482 1542 vegetat,
1498 1511 1525 1536 et
1538 1510 1647 1538 virides
1662 1519 1730 1538 con-

960 1552 1066 1585 servat,
1083 1553 1110 1578 et
1125 1551 1224 1586 ignem
1245 1553 1278 1588 (c)
1295 1553 1451 1588 extinguit,
1467 1555 1507 1582 sic
1523 1555 1626 1583 effusio
1641 1557 1730 1592 Spiri-

962 1599 1005 1623 tus
1019 1597 1110 1624 sancti
1126 1597 1156 1624 in
1179 1598 1278 1626 anima
1291 1600 1309 1614 ²¹
1328 1609 1333 1626 :
1358 1610 1370 1624 κ
1393 1600 1549 1628 Effundam
1569 1610 1657 1637 super
1677 1611 1731 1630 vos

962 1650 1070 1678 aquam
1077 1644 1251 1671 mundam.»
1266 1645 1334 1671 Item
1349 1647 1392 1672 est
1406 1653 1484 1681 aqua
1491 1647 1638 1681 sapientiae
1649 1648 1732 1676 clari-

962 1688 1075 1715 ficantis
1090 1689 1108 1704 ³²
1124 1697 1150 1715 :«
1164 1692 1248 1724 Aqua
1261 1690 1409 1725 sapientiae
1424 1693 1537 1727 potabit
1555 1693 1649 1721 illum.
1663 1705 1676 1720 n
1699 1696 1732 1721 Et

963 1737 1005 1761 est
1027 1743 1105 1770 aqua
1125 1743 1257 1770 supernae
1278 1737 1486 1765 consolationis
1503 1739 1677 1775 reficientis3
1701 1741 1731 1767 in

964 1780 1078 1808 Psalmo
1093 1781 1112 1797 '²³
1129 1790 1134 1807 :
1154 1792 1167 1806 «
1181 1783 1273 1817 Super
1292 1791 1401 1818 aquam
1416 1784 1581 1812 refectionis
1596 1785 1732 1814 educavit

963 1834 1019 1853 me.
1034 1838 1046 1852 »
1066 1829 1134 1855 ltem
1150 1829 1191 1855 est
1205 1836 1284 1863 aqua
1298 1830 1410 1856 aeternae
1431 1830 1533 1864 gloriae
1552 1831 1681 1859 satiantis
1705 1835 1733 1859 et

963 1873 1132 1900 mundantis
1146 1873 1166 1889 2¹⁴
1183 1882 1208 1900 :«
1223 1877 1320 1909 Agnus
1333 1877 1415 1910 reget
1431 1884 1496 1911 eOS,
1512 1878 1540 1904 et
1554 1877 1680 1905 deducet
1693 1878 1732 1905 ad

964 1919 1057 1946 fontes
1072 1928 1228 1955 aquarum.
1254 1932 1267 1947 »
1292 1922 1387 1949 Prima
1410 1931 1489 1958 aqua
1510 1923 1574 1951 fluit
1594 1924 1631 1952 de
1653 1925 1732 1952 fonte

965 1966 1101 1993 bonitatis
1116 1966 1222 1994 divinae
1237 1967 1273 1994 ad
1298 1968 1481 1996 abluendum
1495 1969 1516 1985 ²⁵
1532 1979 1538 1996 :
1563 1979 1577 1995 «
1591 1971 1648 1998 Erit
1668 1970 1733 1998 fons

965 2012 1072 2039 domus
1095 2013 1183 2040 David
1204 2014 1233 2040 in
1255 2013 1437 2042 ablutionem
1460 2016 1631 2051 peccatoris,
1648 2027 1661 2042 »
1678 2019 1730 2045 eto.

966 2058 1098 2085 Secunda
1109 2058 1145 2085 de
1160 2059 1238 2086 fonte
1252 2059 1401 2094 sapientiae
1409 2061 1448 2088 ad
1463 2061 1682 2090 clarificandum
1691 2063 1711 2079 ²⁶
1725 2071 1732 2089 z

969 2116 980 2128 u
997 2105 1071 2131 Fons
1085 2104 1233 2139 sapientire
1248 2105 1374 2133 verbum
1390 2107 1437 2134 Dei
1452 2107 1482 2134 in
1497 2108 1626 2136 excelsis.
1641 2119 1654 2135 >›
1671 2111 1734 2136 Ter-

966 2151 1004 2178 tia
1026 2151 1090 2178 fluit
1104 2151 1140 2178 de
1159 2151 1238 2178 fonte
1265 2152 1471 2180 misericordiae
1496 2155 1673 2182 consolantis
1694 2155 1733 2183 ad

966 2198 1192 2232 delectandum,
1212 2199 1242 2226 in
1262 2199 1377 2227 Psalmo
1397 2201 1415 2216 ²¹⁷
1434 2209 1440 2226 :
1464 2212 1475 2225 «
1492 2201 1569 2229 Sicut
1589 2202 1734 2230 desiderat

967 2252 1069 2271 cervus
1093 2245 1131 2271 acl
1152 2244 1246 2271 sontes
1270 2253 1425 2280 aquarum.
1448 2256 1460 2271 »
1487 2248 1594 2280 Quarta
1614 2248 1678 2275 fluit
1696 2248 1732 2275 de

965 2291 1044 2318 fonte
1059 2291 1124 2317 vitm
1139 2292 1253 2317 (eternas
1269 2291 1307 2318 ad
1323 2292 1499 2326 satiandum,
1516 2293 1544 2319 in
1559 2293 1674 2321 Psalmo
1689 2294 1709 2310 ²⁸
1725 2303 1731 2321 :

970 2347 982 2361 ι(
997 2337 1081 2371 Apud
1097 2339 1121 2363 te
1144 2339 1185 2364 est
1205 2336 1270 2363 fons
1284 2337 1357 2364 vitae.
1381 2348 1393 2362 »
1411 2340 1441 2365 Et
1456 2338 1507 2374 qui
1522 2339 1559 2366 de
1582 2339 1626 2366 his
1649 2340 1734 2375 aquis

951 306 1033 339 lingo
1056 306 1075 322 ¹³
1093 315 1098 332 :

967 2423 996 2427 -
1019 2411 1035 2426 ¹³
1052 2410 1139 2439 lja-cli„
1158 2416 1218 2438 xxv,
1234 2412 1271 2432 31.
1290 2423 1314 2425 —
1336 2411 1354 2425 ¹³
1373 2411 1445 2440 Aug„
1463 2411 1505 2434 ubi
1523 2419 1590 2441 sup,
1606 2419 1631 2435 11.
1654 2415 1688 2435 1ίίΔ
1706 2426 1733 2430 -

968 2445 987 2461 ¹⁰
1002 2445 1060 2474 lun,
1078 2450 1136 2467 xxix
1147 2463 1153 2474 ,
1167 2446 1189 2468 8.
1208 2458 1237 2461 —
1253 2445 1272 2461 '²0
1285 2445 1425 2475 chrysost,
1441 2446 1465 2468 ιἰι
1481 2447 1560 2476 Jorm.y
1577 2447 1645 2470 hom.
1662 2454 1738 2477 xxxij

968 2480 999 2503 al.
1020 2485 1105 2509 11111,
1123 2486 1147 2502 11.
1168 2482 1187 2503 1.
1203 2492 1231 2495 —
1253 2480 1269 2494 2¹
1288 2480 1385 2508 ΙίῑυιἸιἾ
1404 2486 1496 2510 xxxvi,
1512 2482 1550 2504 255.
1569 2494 1597 2498 -
1615 2483 1632 2495 ·²
1647 2482 1733 2510 Ecca,

969 2520 1010 2541 xv,
1035 2516 1057 2537 53.
1082 2528 1106 2531 —
1130 2514 1149 2530 ²³
1166 2514 1233 2537 psal.
1254 2520 1323 2543 ῐκΧΙΙ,
1344 2516 1366 2538 2.
1383 2528 1412 2532 -
1431 2516 1452 2530 Ἠ
1470 2515 1552 2545 Alma,
1574 2522 1623 2544 vn,
1649 2518 1683 2539 17.
1705 2529 1734 2533 —

968 2550 989 2565 2⁵
1003 2549 1067 2572 lach
1081 2567 1088 2578 ‚
1107 2555 1167 2578 xm,
1183 2552 1205 2571 :,·.
1221 2562 1245 2566 —
1266 2550 1286 2562 '³¹'
1305 2549 1390 2578 lia-cli..
1408 2556 1424 2579 1,
1445 2551 1467 2572 5.
1483 2563 1512 2567 —
1528 2551 1545 2564 ²¹⁷
1562 2551 1626 2574 l’sul.
1644 2557 1695 2580 xiii,
1711 2554 1734 2574 ’1.

969 2597 997 2601 -
1012 2584 1032 2599 ‘²⁸
1050 2583 1116 2608 I’sal.
1134 2589 1210 2613 xxxv,
1230 2586 1263 2607 10.

1000 2628 1033 2657 (a)
1060 2628 1119 2650 Cael.
1145 2627 1203 2649 odit.
1230 2627 1307 2650 solus.
1333 2641 1357 2643 —

1388 2628 1421 2657 (b)
1449 2628 1536 2658 Sama.
1563 2628 1587 2651 in
1613 2635 1681 2658 paee.
1705 2642 1734 2646 —

971 2664 999 2691 (c)
1017 2663 1076 2686 (Joet.
1092 2661 1151 2685 edil,
1167 2661 1249 2692 ignea.

1580 2712 1617 2739 35
