1987 3032
719 205 924 238 EXPOSITIO
946 204 988 237 ΙΝ
1010 205 1095 237 CAP.
1119 207 1201 239 VIII.

168 277 210 303 est
224 296 232 310 ,
255 284 269 301 n
285 275 325 302 sic
347 277 374 303 et
399 273 544 310 professio
573 273 635 300 sine
664 273 813 308 operibus.
840 283 852 298 (ι
872 274 935 299 Non

167 321 246 349 enim
261 323 269 339 ¹
285 321 395 354 omnis,
411 320 461 355 qui
476 319 547 346 dicit
561 327 567 345 :
586 319 722 352 Domine,
739 319 875 352 Domine,
890 319 936 345 in-

166 370 222 395 trat
236 368 266 395 in
280 375 402 401 regnum
418 366 559 393 coelorum
568 375 576 400 3
593 365 646 392 sed
665 365 716 400 qui
738 365 805 392 facit
827 364 935 392 volun-

166 415 257 441 tatem
273 413 370 440 Patris.
385 422 397 437 ν)
415 412 483 439 Ideo
499 411 694 446 gloriantibus
709 411 738 438 in
752 410 935 446 professione

166 460 226 486 sine
256 458 394 494 operibus
422 458 526 485 dieitur
541 459 550 474 Ξ
573 466 578 484 :
606 467 619 482 «
644 459 737 485 Bonas
764 456 847 484 facite
872 456 936 483 vias

165 507 294 537 vestras,
317 506 344 531 et
368 503 464 531 studia
486 506 592 531 vestra.
613 503 705 530 Nolite
734 502 881 530 confidere
905 502 936 529 in

165 551 262 578 verbis
278 549 422 577 mendacii
443 549 571 577 dicentes
595 559 601 577 z
622 549 776 584 Templum
800 548 934 582 Domini,

165 596 308 631 templum
322 595 450 627 Domini,
467 605 481 621 >³
500 598 553 623 eto.

200 644 232 669 Et
245 642 376 677 sequitur
396 641 447 669 illa
461 649 545 677 pars,
561 641 591 668 in
607 649 666 676 qua
687 641 890 676 gloriabantur
905 649 935 668 se

164 688 274 716 habere
287 690 377 715 Deum
390 690 516 723 patrem,
528 695 593 714 eum
605 695 709 714 eorum
725 687 934 721 confutatione,

164 733 228 760 ibi:
248 735 380 760 Diaeerunt
404 741 413 760 :
437 734 491 761 Nos
517 741 549 760 ew
571 735 750 766 fornicatione
771 742 823 760 non
846 742 935 761 sumus

1705 213 1762 244 383

994 273 1127 301 «Audire
1146 282 1207 302 non
1227 275 1378 310 poterant,
1393 275 1462 311 quia
1484 275 1591 311 corrigi
1612 277 1761 306 credendo

990 318 1141 347 nolebant.
1158 330 1171 345 ν)
1188 321 1269 348 Idem
1283 321 1506 357 Chrysostomus
1522 321 1542 339 ¹¹*
1558 324 1657 350 :«Non
1672 331 1759 358 posse

990 363 1054 397 hic,
1069 373 1130 392 non
1144 366 1220 394 velle
1235 369 1286 394 est.
1300 377 1314 393 »
1336 369 1374 394 De
1397 375 1536 403 processu
1551 368 1614 395 Filii
1629 377 1646 396 a
1661 370 1743 396 Patre
1753 390 1762 403 ‚

991 412 1018 436 et
1043 411 1171 439 adventu
1196 413 1227 440 in
1254 414 1415 448 mundum,
1439 414 1515 442 inira
1536 414 1555 431 ¹⁵
1577 424 1583 442 :
1614 425 1627 440 «
1642 415 1723 442 Exivi
1746 424 1764 443 a

990 457 1071 483 Patre
1083 478 1092 491 ,
1108 460 1135 485 et
1154 459 1220 485 veni
1234 459 1265 486 in
1280 460 1436 487 mundum.
1453 470 1466 485 ))

1027 504 1070 530 44.
1087 505 1117 531 Et
1133 505 1264 540 sequitur
1278 515 1357 542 pars,
1372 507 1403 534 in
1417 515 1477 542 qua
1493 507 1619 535 ostendit
1635 515 1685 535 eos
1701 515 1763 535 esse

991 556 1027 576 ex
1055 552 1138 585 patre
1165 551 1304 586 diabolo,
1327 553 1380 580 ubi
1398 562 1404 580 z
1423 555 1476 581 Vos
1505 561 1538 580 ex
1563 555 1641 588 patre
1656 554 1763 581 diabolo

990 597 1063 627 estis,
1079 595 1187 623 scilicet
1208 597 1369 625 imitatione
1385 608 1392 626 z
1409 600 1443 626 Et
1457 600 1592 626 desideria
1605 602 1694 634 patris
1705 608 1763 627 ves-

991 643 1028 667 tri
1041 642 1124 668 vultis
1139 644 1238 676 facere,
1253 643 1363 671 scilicet
1376 644 1529 672 affectione
1541 646 1760 681 etoperatione.

990 687 1071 714 Unde
1087 689 1265 722 Augustinus
1280 690 1299 705 ¹⁶
1316 700 1322 716 ε
1343 699 1356 715 ι(
1371 692 1469 718 Patres
1484 692 1617 726 mutam,
1634 692 1764 720 dicentes

989 734 1103 767 patrem
1124 736 1253 762 vestrum
1275 743 1354 762 nunc
1370 736 1530 771 Abraham,
1545 745 1624 765 nunc
1651 740 1761 766 Deum:

163 781 232 806 nati.
257 780 290 806 L't
303 779 381 806 enim
403 779 443 806 ait
462 780 638 813 Augustinus
663 780 673 796 ³
695 788 701 806 :
721 789 734 804 «
755 780 937 807 Mutaverunt

163 825 386 860 responsionem
404 834 410 852 ε
427 826 521 852 tacent
537 825 615 852 enim
640 825 677 852 de
702 827 785 860 patre
808 825 935 853 Abraha-

163 879 228 905 mo,
245 874 273 898 et
296 871 397 898 dicunt
410 874 525 906 patrem
549 879 578 898 se
597 871 706 898 habere
722 872 829 905 Deum,
846 873 878 898 ut
891 871 935 898 vi-

165 916 269 950 deant,
286 917 360 952 quid
387 917 426 944 ad
451 917 508 944 hoc
535 917 627 952 possit
656 917 763 945 dicere.
786 928 799 943 n
818 919 936 952 Propter

990 786 1068 806 nunc
1084 779 1182 807 audite
1197 788 1215 807 a
1229 780 1301 808 Filio
1321 782 1379 816 Dei,
1396 782 1462 817 quis
1474 784 1516 809 est
1530 786 1612 818 pater
1626 787 1730 812 vester.
1743 786 1763 802 ¹⁷
1788 788 1883 822 naeresis

990 824 1039 851 Hie
1047 825 1109 860 jam
1125 827 1257 854 cavenda
1272 829 1314 854 est
1323 828 1438 855 haeresis
1451 829 1686 864 Manichaeorum,
1696 839 1763 866 quae
1794 820 1867 869 ἓξὲξ

989 871 1088 906 posuit
1118 874 1235 906 gentem
1263 873 1450 901 tenebrarum
1474 882 1543 902 cum
1579 876 1763 911 principibus
1784 887 1833 901 rum
1845 886 1881 900 ca-

990 917 1049 944 suis
1061 926 1207 953 pugnasse
1222 921 1324 947 contra
1339 921 1440 953 Deum,
1457 921 1536 948 unde
1553 921 1691 949 diabolus
1705 922 1763 950 ori-
1790 911 1869 932 venda.

165 963 247 998 quod
262 963 412 998 inquirunt
429 973 435 990 :
451 965 506 991 Nos
522 972 573 990 non
586 972 675 991 sumus
698 972 730 990 επ
744 965 933 997 fornicatione.

165 1011 197 1036 Et
211 1010 240 1037 in
253 1010 309 1037 hoc
329 1012 394 1037 sunt
411 1010 522 1037 mentiti
538 1019 545 1036 ε
563 1009 632 1045 quia
647 1018 763 1037 summa
782 1009 935 1038 fornicatio

165 1058 220 1089 est,
236 1056 316 1083 nasei
338 1064 374 1083 ex
398 1056 519 1083 diabolo
538 1055 717 1089 imitatione,
734 1057 762 1083 et
775 1056 841 1083 vitae
856 1056 935 1083 simi-

163 1101 296 1128 litudine.
326 1102 394 1129 ldeo
421 1102 503 1129 addit
532 1101 663 1129 Salvator
674 1102 684 1117 ¹*
706 1111 713 1128 ι
742 1111 755 1127 (ι
782 1102 934 1129 Generatio

164 1147 242 1174 mala
258 1150 284 1175 et
299 1147 433 1175 adultera
454 1147 571 1182 signum
596 1147 714 1182 quaerit,
734 1157 747 1173 n
767 1149 821 1175 etc.
849 1149 935 1175 Unum

160 1196 267 1227 patrem
287 1194 412 1221 habemus
428 1195 525 1228 Deum,
544 1201 634 1229 quem
656 1194 780 1220 colimus
803 1194 932 1222 scilicet:

163 1247 234 1266 nam
256 1240 265 1256 ⁵
293 1240 380 1267 lsrael
409 1242 495 1267 vocat
524 1241 598 1266 Deus
626 1249 638 1264 α
663 1240 904 1275 primogenitum.
919 1252 931 1265 n

162 1285 173 1301 ⁶
186 1295 200 1310 «
213 1285 363 1320 Numquid
376 1293 436 1312 non
448 1288 529 1321 pater
543 1293 618 1312 unus
634 1286 788 1312 omnium?
804 1297 817 1312 ›>

199 1334 242 1359 42.
264 1333 295 1358 Et
309 1331 444 1358 subditur
466 1339 569 1358 eorum
585 1331 762 1366 confutatio,
777 1332 934 1360 ostenden-

164 1377 203 1404 do
219 1379 309 1404 Deum
327 1385 387 1404 non
403 1385 464 1404 esse
484 1385 586 1404 eorum
601 1379 728 1413 patrem,
746 1380 777 1405 ut
791 1378 871 1413 prius
887 1387 934 1406 os-

163 1424 256 1450 tendit
269 1424 433 1458 Abraham,
449 1424 521 1452 sicut
536 1425 686 1452 continuat
701 1425 810 1452 Glossa.
827 1427 858 1453 Et
872 1426 934 1461 pri-

162 1478 213 1497 mo
242 1470 422 1504 manifestat,
437 1471 519 1506 quod
543 1479 603 1499 non
633 1474 694 1499 erat
722 1480 825 1499 eorum
853 1475 935 1507 pater

162 1517 256 1550 Deus,
271 1517 402 1544 secundo
424 1517 567 1550 ostendit,
584 1518 666 1553 quod
689 1520 771 1546 erant
795 1526 830 1545 ex
852 1521 934 1553 patre

163 1561 302 1596 diabolo,
318 1562 359 1590 ibi
378 1571 384 1590 :
402 1564 454 1591 Vos
469 1572 501 1590 eoe
512 1566 605 1598 patre,
619 1567 672 1591 etc.

197 1608 241 1636 Ait
253 1617 324 1644 ergo
342 1618 348 1636 :
363 1609 393 1636 Si
408 1611 477 1637 Deus
491 1613 568 1645 pater
581 1614 667 1638 vester·
690 1614 773 1646 esset,
792 1611 866 1639 sicut
881 1620 934 1640 vos

159 1655 288 1689 Jactatis‚
303 1656 454 1690 diligeretis
472 1658 567 1691 utique
585 1666 626 1684 me
638 1678 647 1691 ,
663 1658 772 1685 seilicet
790 1669 802 1683 «
823 1661 855 1686 ut
875 1659 935 1686 sra-

163 1703 253 1734 trem,
268 1711 281 1727 »
297 1701 336 1729 ait
349 1703 528 1737 Augustinus
541 1703 560 1728 ⁷.
579 1704 635 1737 Ego
659 1705 729 1730 enim
752 1713 768 1730 α
793 1706 846 1731 Deo
868 1713 935 1738 pro-

162 1750 243 1782 cessi,
259 1748 368 1776 scilicet
382 1751 413 1776 ut
426 1749 571 1776 Vei-bum:
588 1760 601 1774 (ι
611 1751 718 1777 aeterna
729 1751 808 1777 enim
823 1751 885 1785 ejus
897 1751 933 1786 (a)

162 1795 329 1829 processio,
343 1805 356 1820 n
381 1795 420 1822 ait
443 1796 619 1829 Augustinus
635 1796 656 1822 ⁸.
679 1797 715 1822 Et
733 1798 809 1830 veni,
825 1796 934 1824 scilicet

162 1841 193 1868 in
208 1849 325 1868 carnem
342 1850 348 1868 ε
367 1851 381 1866 ι(
397 1842 524 1869 Verbum
539 1843 617 1869 enim
633 1850 700 1870 earo
716 1843 826 1870 factum
841 1846 898 1878 est,
916 1855 929 1871 »

162 1888 276 1922 supra‘J.
288 1889 378 1922 Neque
390 1897 406 1914 α
420 1896 458 1915 me
472 1890 529 1922 ipso
542 1891 611 1923 veni,
625 1889 694 1924 quia
708 1898 725 1917 a
740 1898 786 1917 me
795 1890 859 1925 ipso
872 1898 933 1918 non

162 1941 237 1959 sum.
266 1933 317 1960 Sed
337 1935 383 1961 ille
401 1935 475 1961 misit
490 1942 529 1961 me
543 1955 552 1968 ,
567 1935 675 1962 scilieet
688 1935 718 1962 in
733 1943 861 1963 carnem.
879 1938 934 1964 Hu-

163 1979 287 2007 manitas
302 1980 380 2007 enim
393 1980 454 2014 ejus
469 1980 568 2007 missio
583 1982 655 2015 ejus,
665 1981 704 2008 ait
718 1982 894 2016 Augustinus
905 1983 931 2010 ¹⁰.

162 2029 194 2054 Et
208 2027 288 2054 idem
300 2027 468 2062 Anselmus,
484 2027 566 2063 quod
585 2027 663 2055 illius
678 2028 796 2062 missio,
813 2029 875 2063 ejus
890 2029 933 2056 in-

162 2074 301 2101 carnatio.
319 2075 349 2101 Et
364 2074 429 2101 licet
443 2074 482 2101 ita
496 2074 531 2100 sit
546 2074 584 2109 (v.
602 2074 647 2109 43)
665 2083 671 2100 :
688 2075 832 2109 Loquclam
849 2083 933 2103 meam

161 2128 213 2147 non
228 2122 401 2154 cognoscitis,
422 2120 531 2147 scilicet
543 2127 711 2147 sermonem
726 2129 826 2148 meum
842 2130 848 2148 z
861 2122 932 2154 Quia

161 2174 213 2193 non
226 2168 336 2201 potestis
357 2167 468 2199 audire,
491 2166 522 2193 id
546 2168 602 2199 est,
620 2166 755 2201 credere,
772 2167 810 2194 ait
824 2169 933 2202 Augus-

160 2212 238 2239 tinus
253 2213 283 2239 ¹¹.
308 2212 364 2240 Sed
392 2212 517 2247 qualiter
536 2212 576 2239 ait
604 2212 660 2240 hoc
675 2213 688 2239 ἱ)
706 2222 720 2237 «
744 2212 827 2240 Dedit
855 2213 933 2241 enim

161 2258 202 2285 eis
216 2260 389 2293 potestatem
404 2258 480 2285 filios
499 2258 548 2285 Dei
571 2257 645 2292 fieri,
660 2269 673 2284 »
696 2266 786 2294 supra
805 2259 825 2275 ¹³
841 2267 847 2286 ε
862 2267 932 2294 ergo

162 2306 297 2339 poterant
320 2304 433 2331 audire.
460 2306 491 2331 Et
520 2304 559 2331 ad
584 2304 641 2331 hoc
669 2304 930 2341 respondendum,

161 2350 325 2377 secundum
339 2350 481 2384 Glossam,
494 2350 577 2385 quod
591 2358 651 2377 non
666 2352 801 2385 poterant
816 2350 931 2385 audire,

161 2399 312 2424 manentes
333 2396 363 2423 in
388 2396 439 2423 illo
468 2398 553 2423 statu.
582 2396 662 2423 Unde
690 2397 870 2431 Augustinus
886 2397 930 2425 ¹³:

193 2458 201 2473 ¹
218 2457 319 2487 Matth„
334 2463 377 2485 vu,
393 2458 433 2480 21.
449 2469 480 2473 -
497 2456 507 2471 2
526 2456 627 2485 larem„
650 2462 693 2483 vn,
709 2458 731 2484 3,
751 2458 772 2480 4.
788 2471 817 2474 -
833 2457 841 2471 ³
856 2458 930 2488 Aug„

163 2491 204 2515 nbi
219 2499 274 2522 sup.
291 2499 317 2515 ιι.
331 2493 354 2516 7.
374 2505 403 2509 -
418 2493 424 2505 ⁴
440 2491 540 2520 Mattlz„
557 2497 607 2520 xu,
624 2494 662 2515 39.
681 2505 710 2510 -
725 2492 734 2508 ⁵
749 2493 837 2523 Micia„
852 2499 886 2524 Vl,
907 2495 928 2518 7.

164 2539 189 2542 —
211 2527 219 2540 ὃ
241 2527 343 2555 Malae„
362 2532 395 2557 11,
422 2529 458 2550 10.
477 2539 507 2544 ——
530 2526 536 2537 ³
561 2528 636 2557 Aug„
659 2527 701 2550 ubi
721 2534 788 2558 sup.,
807 2534 833 2551 n.
858 2529 880 2551 Β.
900 2540 931 2545 —

162 2561 170 2573 ⁸
184 2559 245 2584 mid.
266 2574 295 2578 —
315 2563 324 2576 ν
340 2563 412 2592 sup„
430 2568 452 2592 1,
474 2563 511 2585 Μ.
527 2573 553 2578 -
572 2562 590 2577 ¹⁰
605 2563 680 2593 Aug„
700 2562 760 2585 ihm.
777 2576 802 2579 -
822 2563 838 2579 ¹¹
856 2563 931 2594 ibid„

163 2602 188 2619 n.
204 2598 265 2619 9.-
279 2597 298 2612 ¹³
311 2597 382 2627 Sup.,
400 2603 418 2626 ι,
435 2598 510 2620 12.--
524 2596 545 2612 ¹³
556 2597 631 2627 Aug„
646 2598 706 2621 ibid.
716 2611 746 2615 -—
759 2598 776 2614 Η
789 2598 929 2629 Chrysost„

162 2638 188 2655 m
202 2632 283 2662 doun„
298 2631 369 2656 hom.
387 2638 448 2663 Lux,
463 2632 496 2656 al.
512 2637 565 2663 Liv,
582 2638 608 2657 n.
628 2633 651 2658 3.
666 2647 696 2651 -
711 2634 729 2650 ¹⁵
746 2634 804 2665 tuf„
818 2640 871 2665 xvi,
890 2635 929 2658 28.

991 963 1088 998 ginem
1105 964 1203 997 duxit3
1221 967 1247 992 et
1274 965 1342 992 hinc
1367 965 1468 993 dieunt
1488 967 1594 994 ducere
1620 968 1764 1003 originem

990 1012 1130 1037 nostram.
1146 1020 1159 1035 n
1179 1012 1209 1037 Et
1224 1010 1264 1038 ibi
1279 1011 1406 1038 multum
1418 1012 1454 1039 de
1467 1012 1534 1040 hoe.
1551 1013 1606 1041 Sed
1621 1014 1697 1041 absit
1710 1015 1765 1043 ista

990 1056 1109 1083 credere
1136 1064 1153 1084 a
1171 1057 1318 1084 mentibus
1337 1058 1482 1085 fidelium.
1501 1061 1609 1088 «Bona
1624 1063 1666 1089 est
1685 1061 1764 1089 enim

990 1102 1086 1129 omnis
1114 1105 1234 1138 natura3
1265 1104 1316 1132 sed
1341 1104 1443 1132 vitiata
1464 1107 1505 1132 est
1518 1105 1646 1133 hominis
1660 1109 1765 1135 natura

989 1156 1042 1183 per
1050 1149 1160 1176 malam
1169 1149 1360 1183 voluntatem,
1369 1160 1381 1176 »
1395 1150 1435 1178 ait
1445 1152 1621 1186 Augustinus
1629 1153 1683 1180 ¹⁸.¹⁹
1695 1163 1709 1178 «
1720 1154 1765 1180 Vi-

990 1196 1032 1222 dit
1048 1197 1121 1223 Deus
1147 1198 1251 1224 cuncta
1273 1205 1339 1232 quae
1367 1197 1486 1232 fecerat,
1515 1200 1542 1226 et
1568 1201 1650 1227 erant
1676 1200 1764 1227 valde

989 1241 1080 1269 bona.
1097 1252 1110 1267 x>
1128 1244 1159 1269 Et
1183 1243 1303 1278 subdit,
1328 1252 1393 1279 quae
1408 1247 1490 1272 erant
1511 1245 1659 1274 desideria
1685 1247 1764 1274 illius

990 1288 1078 1315 Patris
1095 1297 1100 1315 :
1117 1290 1167 1316 Ille
1186 1290 1322 1317 homicida
1343 1295 1400 1318 erat
1416 1293 1447 1318 ab
1467 1294 1558 1320 initio.
1576 1294 1607 1320 Ut
1626 1293 1704 1320 enim
1725 1295 1765 1321 ait

990 1334 1168 1368 Augustinus
1192 1334 1213 1351 ²⁰
1230 1344 1262 1362 :«
1279 1336 1418 1364 Diabolus
1447 1345 1515 1365 cum
1541 1338 1686 1379 invideret
1709 1339 1764 1367 ho-

990 1380 1077 1414 mini,
1103 1383 1236 1416 serpente
1258 1382 1379 1410 indutus
1404 1383 1520 1411 locutus
1535 1386 1577 1412 est
1591 1385 1720 1420 mulieri,
1737 1389 1765 1414 et

990 1426 1027 1453 de
1042 1426 1164 1454 muliere
1190 1429 1346 1456 venenavit
1372 1429 1470 1457 virum
1495 1439 1501 1457 :
1518 1433 1545 1458 et
1558 1431 1667 1458 mortui
1697 1435 1765 1460 sunt

990 1473 1140 1500 audiendo
1156 1473 1321 1501 diabolum.
1337 1475 1476 1503 Diabolus
1497 1477 1576 1504 enim
1588 1485 1649 1504 non
1663 1478 1763 1512 gladio

990 1521 1130 1553 armatus,
1144 1527 1206 1547 non
1220 1520 1298 1548 ferro
1312 1521 1473 1554 accinctus,
1496 1523 1623 1550 verbum
1637 1523 1761 1559 malum,

990 1564 1024 1599 (b)
1049 1565 1203 1593 seminavit
1226 1568 1253 1593 et
1268 1567 1384 1594 oceidit.
1399 1578 1413 1594 »
1444 1570 1507 1595 Haec
1529 1569 1589 1596 ille.
1619 1578 1632 1594 <‹
1650 1570 1764 1599 Invidia

990 1610 1069 1637 enim
1092 1612 1113 1628 ²¹
1129 1611 1242 1639 diaboli
1268 1621 1348 1640 mors
1370 1613 1488 1641 intravit
1503 1614 1533 1641 in
1551 1615 1655 1643 orbem
1677 1618 1765 1644 terra-

989 1664 1064 1683 rum.
1082 1667 1094 1682 n
1112 1658 1147 1684 Et
1175 1660 1230 1685 erat
1255 1659 1391 1686 homicida
1417 1661 1450 1687 ab
1473 1662 1570 1696 initio,
1598 1661 1705 1689 scilicet
1734 1662 1765 1690 in

989 1702 1085 1737 primo
1093 1703 1213 1731 homine
1226 1713 1232 1731 :
1247 1714 1259 1730 ι(
1271 1713 1306 1732 ex
1322 1705 1373 1733 illo
1386 1706 1464 1733 enim
1478 1707 1572 1741 potuit
1586 1707 1649 1735 fieri
1665 1708 1763 1735 homi-

990 1748 1109 1780 cidium,
1125 1757 1160 1776 ex
1173 1758 1232 1785 quo
1245 1750 1336 1778 factus
1352 1753 1393 1778 est
1407 1752 1510 1787 homo,
1523 1763 1537 1779 »
1553 1755 1585 1781 ut
1599 1753 1639 1781 ait
1650 1756 1763 1789 Augus-

990 1795 1143 1823 tinus.²²1‹:c
1154 1799 1181 1824 in
1196 1800 1309 1825 veritate
1325 1807 1376 1825 non
1391 1801 1477 1832 stetit,
1493 1800 1545 1827 sed
1559 1808 1646 1828 «non
1657 1802 1762 1829 stando

990 1841 1103 1876 cecidit,
1118 1852 1132 1868 »
1148 1843 1186 1870 ait
1200 1844 1376 1878 Augustinus
1390 1843 1422 1872 Ἢ.
1439 1847 1470 1872 Et
1484 1845 1541 1873 hoe
1555 1846 1634 1880 ideo,
1650 1849 1716 1882 quia
1733 1849 1764 1875 in

990 1896 1017 1915 eo
1031 1897 1083 1915 non
1104 1891 1142 1916 est
1156 1892 1273 1923 veritas,
1299 1890 1331 1917 id
1346 1893 1404 1925 est,
1430 1891 1559 1919 Verbum
1580 1894 1607 1920 et
1621 1893 1764 1928 sapientia

989 1934 1077 1961 Patris
1094 1943 1100 1961 :
1118 1937 1146 1962 et
1159 1935 1198 1962 ait
1218 1936 1319 1963 Glossa
1335 1946 1342 1963 ε
1363 1946 1375 1962 α
1391 1938 1566 1966 Recedendo
1591 1947 1609 1966 a
1629 1939 1762 1975 veritate,

989 1989 1050 2008 non
1061 1981 1150 2009 habet
1166 1983 1326 2010 veritatem.
1349 1985 1382 2011 Et
1396 1984 1467 2019 quia
1480 1985 1545 2013 talis
1567 1987 1609 2013 est
1624 1987 1763 2021 mandari,

989 2027 1057 2055 ideo
1072 2027 1172 2055 subdit
1187 2037 1193 2056 ε
1211 2030 1274 2056 Cum
1292 2031 1412 2064 loquitur
1425 2032 1604 2059 mendacium.
1629 2034 1661 2060 Et
1673 2033 1762 2068 poni-

989 2075 1035 2101 tur
1055 2082 1122 2101 cum
1147 2076 1352 2110 prosecutione
1368 2077 1532 2104 secundum
1546 2078 1678 2105 Glossam
1695 2087 1702 2106 :
1716 2080 1762 2106 Em

986 2122 1108 2155 propriis
1122 2122 1253 2155 quuitur,
1268 2121 1300 2148 id
1315 2123 1368 2155 est,
1384 2129 1401 2149 a
1415 2130 1461 2156 se,
1478 2131 1539 2150 non
1554 2131 1571 2151 a
1583 2124 1714 2152 veritate.
1729 2126 1760 2153 Et

989 2174 1049 2193 non
1063 2166 1161 2193 solum
1175 2169 1216 2194 est
1229 2167 1376 2202 mendax3
1399 2169 1445 2195 sed
1454 2172 1535 2203 pater
1549 2170 1620 2204 ejus,
1640 2180 1653 2195 «
1667 2170 1699 2197 id
1709 2173 1762 2206 est,

989 2213 1146 2247 mendacii,
1161 2223 1174 2238 »
1191 2215 1222 2240 ut
1240 2213 1280 2241 ait
1294 2215 1481 2248 Augustinus.
1492 2214 1514 2230 ‘²‘
1533 2225 1546 2240 «
1560 2216 1618 2247 llle,
1635 2217 1687 2252 qui
1701 2225 1762 2245 non

989 2259 1108 2286 aliunde
1124 2259 1235 2294 accepit
1255 2260 1456 2295 mendacium,
1480 2263 1521 2288 est
1540 2264 1622 2296 pater
1637 2264 1759 2292 menda-

989 2305 1025 2332 cii
1041 2314 1048 2332 ε
1064 2307 1095 2332 tu
1110 2307 1218 2339 autem,
1235 2313 1303 2332 cum
1316 2306 1448 2341 loqueris
1462 2307 1661 2344 mendacium,
1673 2317 1690 2337 a
1700 2310 1762 2339 dia-

988 2350 1059 2378 bolo
1074 2351 1219 2386 accepisti.
1237 2361 1249 2376 »
1269 2353 1332 2378 Haec
1358 2351 1418 2378 ille.
1443 2354 1475 2379 Et
1495 2353 1531 2380 de
1553 2353 1599 2381 his
1622 2355 1761 2391 Chrysos-

988 2399 1087 2425 tomus
1102 2397 1124 2414 ²³
1140 2406 1165 2424 1«
1182 2400 1276 2433 Opera
1287 2398 1409 2426 Abrahae
1423 2398 1540 2428 fuerunt
1551 2403 1759 2438 mansuetudo,

988 2491 1018 2496 -
1039 2479 1057 2494 ¹¹¹
1079 2480 1154 2508 Aug„
1177 2479 1218 2502 ubi
1242 2486 1309 2510 sup„
1331 2486 1356 2503 n.
1379 2481 1403 2504 9.
1426 2493 1456 2498 —
1479 2482 1498 2497 ¹⁷
1522 2482 1595 2513 thid„
1621 2490 1646 2507 n.
1672 2486 1708 2509 10.
1728 2498 1759 2503 —

990 2514 1009 2530 ¹⁸
1025 2513 1086 2538 thid.
1100 2527 1131 2530 —
1150 2514 1167 2530 ¹9
1182 2515 1252 2544 Gen„
1269 2520 1285 2544 1,
1309 2517 1347 2538 31.
1363 2528 1394 2532 -—
1412 2516 1435 2532 ²⁰
1449 2518 1525 2547 Aug„
1542 2518 1614 2549 ibid„
1633 2522 1712 2544 n.11.
1728 2533 1759 2538 ·-

987 2550 1006 2579 ξι
1021 2550 1090 2579 Sap„
1105 2555 1137 2578 11,
1153 2550 1191 2572 24.
1204 2562 1233 2566 —
1249 2550 1269 2565 22
1284 2551 1357 2581 Aug„
1372 2551 1432 2575 ibid.
1447 2564 1478 2570 —
1492 2553 1513 2569 ²³
1529 2553 1591 2577 ibid.
1607 2567 1634 2571 —
1648 2555 1756 2584 ²¹01bid„

987 2591 1012 2608 n.
1030 2587 1066 2609 13,
1083 2596 1110 2601 -
1128 2584 1147 2600 ²⁵
1161 2584 1302 2616 Chrysost„
1315 2586 1360 2610 ubi
1376 2593 1431 2617 sup.

1018 2633 1049 2663 (a)
1066 2633 1125 2658 Coet.
1141 2632 1200 2657 edil.
1216 2633 1293 2658 eis.·-
1310 2635 1342 2666 (b)
1360 2635 1421 2660 Caet.
1436 2636 1496 2661 edil.
1510 2637 1567 2662 add.
1584 2640 1617 2663 et.
