<?xml version="1.0" encoding="UTF-8"?>
<!DOCTYPE html PUBLIC "-//W3C//DTD XHTML 1.0 Transitional//EN"
    "http://www.w3.org/TR/xhtml1/DTD/xhtml1-transitional.dtd">
<html xmlns="http://www.w3.org/1999/xhtml" xml:lang="en" lang="en">
 <head>
  <title>
</title>
<meta http-equiv="Content-Type" content="text/html;charset=utf-8" />
  <meta name='ocr-system' content='tesseract 3.04.00' />
  <meta name='ocr-capabilities' content='ocr_page ocr_carea ocr_par ocr_line ocrx_word'/>
</head>
<body>
  <div class='ocr_page' id='page_1' title='image "./operaomniasixtiv11bonauoft/operaomniasixtiv11bonauoft_0160.png"; bbox 0 0 1987 3032; ppageno 0'>
   <div class='ocr_carea' id='block_1_1' title="bbox 203 233 1252 274">
    <p class='ocr_par' dir='ltr' id='par_1_1' title="bbox 203 233 1252 274">
     <span class='ocr_line' id='line_1_1' title="bbox 203 233 1252 274; baseline -0.008 0"><span class='ocrx_word' id='word_1_1' title='bbox 203 246 261 274; x_wconf 74' lang='lat'>144</span> <span class='ocrx_word' id='word_1_2' title='bbox 743 234 957 268; x_wconf 82' lang='lat' dir='ltr'><strong>EVANGELII</strong></span> <span class='ocrx_word' id='word_1_3' title='bbox 980 233 1117 266; x_wconf 80' lang='lat' dir='ltr'>SANCTI</span> <span class='ocrx_word' id='word_1_4' title='bbox 1140 234 1252 266; x_wconf 88' lang='lat' dir='ltr'>LUCAE</span> 
     </span>
    </p>
   </div>
   <div class='ocr_carea' id='block_1_2' title="bbox 199 303 973 2569">
    <p class='ocr_par' dir='ltr' id='par_1_2' title="bbox 201 303 971 716">
     <span class='ocr_line' id='line_1_2' title="bbox 201 303 971 350; baseline -0.01 -9"><span class='ocrx_word' id='word_1_5' title='bbox 201 312 254 341; x_wconf 87' lang='lat' dir='ltr'>tur</span> <span class='ocrx_word' id='word_1_6' title='bbox 267 318 324 350; x_wconf 88' lang='lat' dir='ltr'>per</span> <span class='ocrx_word' id='word_1_7' title='bbox 341 308 508 340; x_wconf 88' lang='lat' dir='ltr'>mulierem</span> <span class='ocrx_word' id='word_1_8' title='bbox 523 308 554 337; x_wconf 85' lang='lat' dir='ltr'>et</span> <span class='ocrx_word' id='word_1_9' title='bbox 567 305 709 345; x_wconf 88' lang='lat' dir='ltr'>quinque</span> <span class='ocrx_word' id='word_1_10' title='bbox 723 304 810 335; x_wconf 82' lang='lat' dir='ltr'>viros</span> <span class='ocrx_word' id='word_1_11' title='bbox 824 304 893 342; x_wconf 80' lang='lat' dir='ltr'>eJus</span> <span class='ocrx_word' id='word_1_12' title='bbox 906 327 914 341; x_wconf 91' lang='lat'>‚</span> <span class='ocrx_word' id='word_1_13' title='bbox 933 303 971 333; x_wconf 87' lang='lat' dir='ltr'>de</span> 
     </span>
     <span class='ocr_line' id='line_1_3' title="bbox 203 356 971 402; baseline -0.01 -8"><span class='ocrx_word' id='word_1_14' title='bbox 203 363 318 402; x_wconf 88' lang='lat' dir='ltr'>quibus</span> <span class='ocrx_word' id='word_1_15' title='bbox 331 361 464 393; x_wconf 86' lang='lat' dir='ltr'>dicitur¹</span> <span class='ocrx_word' id='word_1_16' title='bbox 484 371 491 390; x_wconf 73' lang='grc' dir='ltr'>ι</span> <span class='ocrx_word' id='word_1_17' title='bbox 508 371 522 388; x_wconf 87' lang='lat'>«</span> <span class='ocrx_word' id='word_1_18' title='bbox 533 359 617 389; x_wconf 89' lang='lat' dir='ltr'>Voca</span> <span class='ocrx_word' id='word_1_19' title='bbox 632 358 739 387; x_wconf 91' lang='lat' dir='ltr'>virum</span> <span class='ocrx_word' id='word_1_20' title='bbox 756 359 859 387; x_wconf 87' lang='lat' dir='ltr'>tunm.</span> <span class='ocrx_word' id='word_1_21' title='bbox 872 367 886 384; x_wconf 90' lang='lat'>»</span> <span class='ocrx_word' id='word_1_22' title='bbox 913 356 971 393; x_wconf 83' lang='lat' dir='ltr'>Qui</span> 
     </span>
     <span class='ocr_line' id='line_1_4' title="bbox 202 410 970 454; baseline -0.012 -7"><span class='ocrx_word' id='word_1_23' title='bbox 202 416 288 447; x_wconf 87' lang='lat' dir='ltr'>enim</span> <span class='ocrx_word' id='word_1_24' title='bbox 308 415 431 454; x_wconf 84' lang='lat' dir='ltr'>subjicit</span> <span class='ocrx_word' id='word_1_25' title='bbox 457 423 489 444; x_wconf 88' lang='lat' dir='ltr'>se</span> <span class='ocrx_word' id='word_1_26' title='bbox 513 412 659 443; x_wconf 80' lang='lat' dir='ltr'><strong>sensibus</strong></span> <span class='ocrx_word' id='word_1_27' title='bbox 683 410 805 447; x_wconf 84' lang='lat' dir='ltr'>earnis,</span> <span class='ocrx_word' id='word_1_28' title='bbox 831 410 970 440; x_wconf 85' lang='lat' dir='ltr'>fructum</span> 
     </span>
     <span class='ocr_line' id='line_1_5' title="bbox 201 463 968 508; baseline -0.009 -9"><span class='ocrx_word' id='word_1_29' title='bbox 201 478 266 500; x_wconf 88' lang='lat' dir='ltr'>non</span> <span class='ocrx_word' id='word_1_30' title='bbox 282 469 363 508; x_wconf 85' lang='lat' dir='ltr'>parit</span> <span class='ocrx_word' id='word_1_31' title='bbox 376 470 396 498; x_wconf 72' lang='lat'>2.</span> <span class='ocrx_word' id='word_1_32' title='bbox 419 479 432 495; x_wconf 74' lang='grc' dir='ltr'>α</span> <span class='ocrx_word' id='word_1_33' title='bbox 449 466 538 497; x_wconf 84' lang='lat' dir='ltr'>Pavit</span> <span class='ocrx_word' id='word_1_34' title='bbox 560 464 645 495; x_wconf 89' lang='lat' dir='ltr'>enim</span> <span class='ocrx_word' id='word_1_35' title='bbox 661 463 810 500; x_wconf 81' lang='lat' dir='ltr'>sterilem,</span> <span class='ocrx_word' id='word_1_36' title='bbox 839 465 869 493; x_wconf 88' lang='lat' dir='ltr'>et</span> <span class='ocrx_word' id='word_1_37' title='bbox 897 472 968 502; x_wconf 81' lang='lat' dir='ltr'>quae</span> 
     </span>
     <span class='ocr_line' id='line_1_6' title="bbox 201 516 969 561; baseline -0.01 -8"><span class='ocrx_word' id='word_1_38' title='bbox 201 531 266 553; x_wconf 90' lang='lat' dir='ltr'>non</span> <span class='ocrx_word' id='word_1_39' title='bbox 281 522 376 561; x_wconf 85' lang='lat' dir='ltr'>parit,</span> <span class='ocrx_word' id='word_1_40' title='bbox 391 523 421 550; x_wconf 89' lang='lat' dir='ltr'>et</span> <span class='ocrx_word' id='word_1_41' title='bbox 435 519 541 550; x_wconf 81' lang='lat' dir='ltr'>viduae</span> <span class='ocrx_word' id='word_1_42' title='bbox 555 517 634 547; x_wconf 87' lang='lat' dir='ltr'>bene</span> <span class='ocrx_word' id='word_1_43' title='bbox 655 526 720 547; x_wconf 88' lang='lat' dir='ltr'>non</span> <span class='ocrx_word' id='word_1_44' title='bbox 741 516 812 546; x_wconf 85' lang='lat' dir='ltr'>feeit</span> <span class='ocrx_word' id='word_1_45' title='bbox 827 525 833 546; x_wconf 90' lang='lat'><strong>:</strong></span> <span class='ocrx_word' id='word_1_46' title='bbox 850 527 864 544; x_wconf 72' lang='lat' dir='ltr'>n</span> <span class='ocrx_word' id='word_1_47' title='bbox 883 516 969 555; x_wconf 83' lang='lat' dir='ltr'>quia,</span> 
     </span>
     <span class='ocr_line' id='line_1_7' title="bbox 202 568 971 607; baseline -0.01 -1"><span class='ocrx_word' id='word_1_48' title='bbox 202 575 285 605; x_wconf 84' lang='lat' dir='ltr'>sicut</span> <span class='ocrx_word' id='word_1_49' title='bbox 308 572 465 605; x_wconf 78' lang='lat' dir='ltr'>dicitur³:</span> <span class='ocrx_word' id='word_1_50' title='bbox 489 583 503 600; x_wconf 79' lang='grc' dir='ltr'>α</span> <span class='ocrx_word' id='word_1_51' title='bbox 519 570 579 607; x_wconf 80' lang='lat' dir='ltr'>Qui</span> <span class='ocrx_word' id='word_1_52' title='bbox 594 569 728 600; x_wconf 88' lang='lat' dir='ltr'>seminat</span> <span class='ocrx_word' id='word_1_53' title='bbox 742 569 775 599; x_wconf 89' lang='lat' dir='ltr'>in</span> <span class='ocrx_word' id='word_1_54' title='bbox 795 578 906 606; x_wconf 86' lang='lat' dir='ltr'>carne,</span> <span class='ocrx_word' id='word_1_55' title='bbox 933 568 971 598; x_wconf 88' lang='lat' dir='ltr'>de</span> 
     </span>
     <span class='ocr_line' id='line_1_8' title="bbox 202 621 970 663; baseline -0.009 -5"><span class='ocrx_word' id='word_1_56' title='bbox 202 636 295 658; x_wconf 88' lang='lat' dir='ltr'>carne</span> <span class='ocrx_word' id='word_1_57' title='bbox 303 630 334 657; x_wconf 87' lang='lat' dir='ltr'>et</span> <span class='ocrx_word' id='word_1_58' title='bbox 347 628 442 656; x_wconf 85' lang='lat' dir='ltr'>metet</span> <span class='ocrx_word' id='word_1_59' title='bbox 455 623 701 663; x_wconf 91' lang='lat' dir='ltr'>corruptionem.</span> <span class='ocrx_word' id='word_1_60' title='bbox 726 633 740 650; x_wconf 87' lang='lat'>»</span> <span class='ocrx_word' id='word_1_61' title='bbox 756 621 833 652; x_wconf 80' lang='lat' dir='ltr'>Et·:</span> <span class='ocrx_word' id='word_1_62' title='bbox 857 621 970 652; x_wconf 84' lang='lat' dir='ltr'>«Mun-</span> 
     </span>
     <span class='ocr_line' id='line_1_9' title="bbox 201 675 844 716; baseline -0.011 -6"><span class='ocrx_word' id='word_1_63' title='bbox 201 680 260 710; x_wconf 88' lang='lat' dir='ltr'>dus</span> <span class='ocrx_word' id='word_1_64' title='bbox 274 679 385 710; x_wconf 83' lang='lat' dir='ltr'>transit</span> <span class='ocrx_word' id='word_1_65' title='bbox 396 702 405 716; x_wconf 92' lang='lat'>,</span> <span class='ocrx_word' id='word_1_66' title='bbox 422 681 452 709; x_wconf 87' lang='lat' dir='ltr'>et</span> <span class='ocrx_word' id='word_1_67' title='bbox 465 675 716 716; x_wconf 83' lang='lat' dir='ltr'>eoncupiscentia</span> <span class='ocrx_word' id='word_1_68' title='bbox 730 676 756 714; x_wconf 84' lang='lat' dir='ltr'>ej</span> <span class='ocrx_word' id='word_1_69' title='bbox 764 683 810 705; x_wconf 81' lang='lat' dir='ltr'>uS.</span> <span class='ocrx_word' id='word_1_70' title='bbox 829 685 844 702; x_wconf 71' lang='grc' dir='ltr'>υ</span> 
     </span>
    </p>

    <p class='ocr_par' dir='ltr' id='par_1_3' title="bbox 199 727 973 2146">
     <span class='ocr_line' id='line_1_10' title="bbox 242 727 969 771; baseline -0.011 -7"><span class='ocrx_word' id='word_1_71' title='bbox 242 732 378 770; x_wconf 82' lang='lat' dir='ltr'>Quarto,</span> <span class='ocrx_word' id='word_1_72' title='bbox 397 733 554 771; x_wconf 87' lang='lat' dir='ltr'>quantum</span> <span class='ocrx_word' id='word_1_73' title='bbox 575 729 615 759; x_wconf 84' lang='lat' dir='ltr'>ad</span> <span class='ocrx_word' id='word_1_74' title='bbox 639 728 870 759; x_wconf 81' lang='lat' dir='ltr'>cavillationem</span> <span class='ocrx_word' id='word_1_75' title='bbox 891 727 969 757; x_wconf 86' lang='lat' dir='ltr'>Sad-</span> 
     </span>
     <span class='ocr_line' id='line_1_11' title="bbox 200 780 971 822; baseline -0.009 -5"><span class='ocrx_word' id='word_1_76' title='bbox 200 786 385 817; x_wconf 77' lang='lat' dir='ltr'>ducaeorum</span> <span class='ocrx_word' id='word_1_77' title='bbox 409 783 677 822; x_wconf 78' lang='lat' dir='ltr'>interrogantium</span> <span class='ocrx_word' id='word_1_78' title='bbox 693 781 825 813; x_wconf 85' lang='lat' dir='ltr'>dubium</span> <span class='ocrx_word' id='word_1_79' title='bbox 837 804 846 818; x_wconf 93' lang='lat'>,</span> <span class='ocrx_word' id='word_1_80' title='bbox 865 780 971 811; x_wconf 90' lang='lat' dir='ltr'>subdi-</span> 
     </span>
     <span class='ocr_line' id='line_1_12' title="bbox 200 833 971 878; baseline -0.009 -8"><span class='ocrx_word' id='word_1_81' title='bbox 200 841 252 869; x_wconf 93' lang='lat' dir='ltr'>tur</span> <span class='ocrx_word' id='word_1_82' title='bbox 277 840 318 878; x_wconf 89' lang='lat' dir='ltr'>(v.</span> <span class='ocrx_word' id='word_1_83' title='bbox 343 840 390 877; x_wconf 84' lang='lat'>33)</span> <span class='ocrx_word' id='word_1_84' title='bbox 414 849 421 868; x_wconf 78' lang='lat' dir='ltr'>t</span> <span class='ocrx_word' id='word_1_85' title='bbox 448 838 488 868; x_wconf 81' lang='lat' dir='ltr'>In</span> <span class='ocrx_word' id='word_1_86' title='bbox 509 836 737 867; x_wconf 70' lang='lat' dir='ltr'>resurrectione</span> <span class='ocrx_word' id='word_1_87' title='bbox 756 843 851 874; x_wconf 67' lang='lat' dir='ltr'>erqo,</span> <span class='ocrx_word' id='word_1_88' title='bbox 880 833 971 872; x_wconf 66' lang='lat' dir='ltr'>cujus</span> 
     </span>
     <span class='ocr_line' id='line_1_13' title="bbox 201 887 969 930; baseline -0.009 -7"><span class='ocrx_word' id='word_1_89' title='bbox 201 902 311 923; x_wconf 80' lang='lat' dir='ltr'>eorum</span> <span class='ocrx_word' id='word_1_90' title='bbox 330 892 389 922; x_wconf 80' lang='lat' dir='ltr'>erit</span> <span class='ocrx_word' id='word_1_91' title='bbox 412 891 522 921; x_wconf 66' lang='lat' dir='ltr'>uxor?</span> <span class='ocrx_word' id='word_1_92' title='bbox 536 889 693 930; x_wconf 76' lang='lat' dir='ltr'>siquidem</span> <span class='ocrx_word' id='word_1_93' title='bbox 712 892 829 928; x_wconf 66' lang='lat' dir='ltr'>septem</span> <span class='ocrx_word' id='word_1_94' title='bbox 850 887 969 917; x_wconf 78' lang='lat' dir='ltr'>halme-</span> 
     </span>
     <span class='ocr_line' id='line_1_14' title="bbox 200 939 971 979; baseline -0.009 -3"><span class='ocrx_word' id='word_1_95' title='bbox 200 949 277 976; x_wconf 72' lang='lat' dir='ltr'>runt</span> <span class='ocrx_word' id='word_1_96' title='bbox 302 954 373 975; x_wconf 74' lang='lat' dir='ltr'>eam</span> <span class='ocrx_word' id='word_1_97' title='bbox 399 953 543 974; x_wconf 72' lang='lat' dir='ltr'>uxorem.</span> <span class='ocrx_word' id='word_1_98' title='bbox 577 942 672 979; x_wconf 81' lang='lat' dir='ltr'>Quasi</span> <span class='ocrx_word' id='word_1_99' title='bbox 700 941 841 971; x_wconf 81' lang='lat' dir='ltr'>dicerent</span> <span class='ocrx_word' id='word_1_100' title='bbox 866 951 871 970; x_wconf 92' lang='lat'>:</span> <span class='ocrx_word' id='word_1_101' title='bbox 901 939 971 970; x_wconf 91' lang='lat' dir='ltr'>Non</span> 
     </span>
     <span class='ocr_line' id='line_1_15' title="bbox 200 995 971 1036; baseline -0.006 -8"><span class='ocrx_word' id='word_1_102' title='bbox 200 998 305 1036; x_wconf 79' lang='lat' dir='ltr'>magis</span> <span class='ocrx_word' id='word_1_103' title='bbox 327 999 372 1028; x_wconf 87' lang='lat' dir='ltr'>est</span> <span class='ocrx_word' id='word_1_104' title='bbox 392 998 507 1034; x_wconf 91' lang='lat' dir='ltr'>unius,</span> <span class='ocrx_word' id='word_1_105' title='bbox 529 1004 626 1035; x_wconf 87' lang='lat' dir='ltr'>quam</span> <span class='ocrx_word' id='word_1_106' title='bbox 645 995 777 1025; x_wconf 84' lang='lat' dir='ltr'>alterius</span> <span class='ocrx_word' id='word_1_107' title='bbox 795 1005 801 1024; x_wconf 81' lang='lat' dir='ltr'>z</span> <span class='ocrx_word' id='word_1_108' title='bbox 820 1002 899 1033; x_wconf 80' lang='lat' dir='ltr'>ergo</span> <span class='ocrx_word' id='word_1_109' title='bbox 916 995 971 1023; x_wconf 87' lang='lat' dir='ltr'>aut</span> 
     </span>
     <span class='ocr_line' id='line_1_16' title="bbox 199 1048 971 1088; baseline -0.008 -6"><span class='ocrx_word' id='word_1_110' title='bbox 199 1051 364 1082; x_wconf 84' lang='lat' dir='ltr'>habebunt</span> <span class='ocrx_word' id='word_1_111' title='bbox 373 1059 493 1088; x_wconf 83' lang='lat' dir='ltr'>omnes,</span> <span class='ocrx_word' id='word_1_112' title='bbox 511 1049 702 1080; x_wconf 82' lang='lat' dir='ltr'>autnullus:</span> <span class='ocrx_word' id='word_1_113' title='bbox 718 1048 743 1077; x_wconf 86' lang='lat' dir='ltr'>si</span> <span class='ocrx_word' id='word_1_114' title='bbox 755 1056 833 1086; x_wconf 76' lang='lat' dir='ltr'>ergo</span> <span class='ocrx_word' id='word_1_115' title='bbox 849 1049 971 1077; x_wconf 88' lang='lat' dir='ltr'>utrum-</span> 
     </span>
     <span class='ocr_line' id='line_1_17' title="bbox 200 1101 970 1144; baseline -0.008 -9"><span class='ocrx_word' id='word_1_116' title='bbox 200 1113 262 1144; x_wconf 87' lang='lat' dir='ltr'>que</span> <span class='ocrx_word' id='word_1_117' title='bbox 277 1104 518 1141; x_wconf 87' lang='lat' dir='ltr'>inconveniens,</span> <span class='ocrx_word' id='word_1_118' title='bbox 541 1105 650 1133; x_wconf 84' lang='lat' dir='ltr'>eontra</span> <span class='ocrx_word' id='word_1_119' title='bbox 669 1101 774 1139; x_wconf 79' lang='lat' dir='ltr'>legem</span> <span class='ocrx_word' id='word_1_120' title='bbox 789 1103 835 1130; x_wconf 87' lang='lat' dir='ltr'>est</span> <span class='ocrx_word' id='word_1_121' title='bbox 854 1108 970 1139; x_wconf 85' lang='lat' dir='ltr'>ponere</span> 
     </span>
     <span class='ocr_line' id='line_1_18' title="bbox 200 1152 970 1194; baseline -0.008 -7"><span class='ocrx_word' id='word_1_122' title='bbox 200 1157 477 1187; x_wconf 78' lang='lat' dir='ltr'>resurrectionem.</span> <span class='ocrx_word' id='word_1_123' title='bbox 507 1155 554 1186; x_wconf 83' lang='lat' dir='ltr'>Ex</span> <span class='ocrx_word' id='word_1_124' title='bbox 577 1164 640 1194; x_wconf 87' lang='lat' dir='ltr'>quo</span> <span class='ocrx_word' id='word_1_125' title='bbox 665 1156 795 1193; x_wconf 87' lang='lat' dir='ltr'>apparet</span> <span class='ocrx_word' id='word_1_126' title='bbox 817 1153 902 1192; x_wconf 87' lang='lat' dir='ltr'>quod</span> <span class='ocrx_word' id='word_1_127' title='bbox 925 1152 970 1182; x_wconf 91' lang='lat' dir='ltr'>illi</span> 
     </span>
     <span class='ocr_line' id='line_1_19' title="bbox 201 1208 971 1246; baseline -0.006 -6"><span class='ocrx_word' id='word_1_128' title='bbox 201 1210 349 1240; x_wconf 79' lang='lat' dir='ltr'>errabant</span> <span class='ocrx_word' id='word_1_129' title='bbox 365 1210 447 1239; x_wconf 83' lang='lat' dir='ltr'>circa</span> <span class='ocrx_word' id='word_1_130' title='bbox 470 1208 732 1239; x_wconf 81' lang='lat' dir='ltr'>resurrectionem</span> <span class='ocrx_word' id='word_1_131' title='bbox 756 1208 883 1246; x_wconf 87' lang='lat' dir='ltr'>propter</span> <span class='ocrx_word' id='word_1_132' title='bbox 901 1215 971 1236; x_wconf 76' lang='lat' dir='ltr'>car-</span> 
     </span>
     <span class='ocr_line' id='line_1_20' title="bbox 200 1260 971 1300; baseline -0.006 -7"><span class='ocrx_word' id='word_1_133' title='bbox 200 1263 305 1292; x_wconf 85' lang='lat' dir='ltr'>nalem</span> <span class='ocrx_word' id='word_1_134' title='bbox 329 1262 522 1292; x_wconf 85' lang='lat' dir='ltr'>intellectum</span> <span class='ocrx_word' id='word_1_135' title='bbox 547 1260 718 1300; x_wconf 84' lang='lat' dir='ltr'>spiritualis</span> <span class='ocrx_word' id='word_1_136' title='bbox 737 1260 920 1298; x_wconf 72' lang='lat' dir='ltr'>scripturffl,</span> <span class='ocrx_word' id='word_1_137' title='bbox 940 1260 971 1288; x_wconf 90' lang='lat' dir='ltr'>et</span> 
     </span>
     <span class='ocr_line' id='line_1_21' title="bbox 201 1312 971 1355; baseline -0.005 -11"><span class='ocrx_word' id='word_1_138' title='bbox 201 1315 372 1355; x_wconf 85' lang='lat' dir='ltr'>spiritualis</span> <span class='ocrx_word' id='word_1_139' title='bbox 381 1315 504 1354; x_wconf 79' lang='lat' dir='ltr'>gloriae.</span> <span class='ocrx_word' id='word_1_140' title='bbox 517 1314 604 1344; x_wconf 86' lang='lat' dir='ltr'>Unde</span> <span class='ocrx_word' id='word_1_141' title='bbox 615 1313 749 1343; x_wconf 85' lang='lat' dir='ltr'>earnalis</span> <span class='ocrx_word' id='word_1_142' title='bbox 760 1312 971 1350; x_wconf 74' lang='lat' dir='ltr'>intelligentia</span> 
     </span>
     <span class='ocr_line' id='line_1_22' title="bbox 201 1365 969 1407; baseline -0.007 -8"><span class='ocrx_word' id='word_1_143' title='bbox 201 1371 310 1407; x_wconf 84' lang='lat' dir='ltr'>necat,</span> <span class='ocrx_word' id='word_1_144' title='bbox 327 1369 403 1399; x_wconf 90' lang='lat' dir='ltr'>dum</span> <span class='ocrx_word' id='word_1_145' title='bbox 419 1367 597 1407; x_wconf 73' lang='lat' dir='ltr'>spirituales</span> <span class='ocrx_word' id='word_1_146' title='bbox 612 1367 763 1405; x_wconf 82' lang='lat' dir='ltr'>depravat</span> <span class='ocrx_word' id='word_1_147' title='bbox 778 1365 949 1404; x_wconf 87' lang='lat' dir='ltr'>scripturas</span> <span class='ocrx_word' id='word_1_148' title='bbox 962 1374 969 1402; x_wconf 80' lang='lat'><em>3</em></span> 
     </span>
     <span class='ocr_line' id='line_1_23' title="bbox 200 1418 968 1461; baseline -0.007 -9"><span class='ocrx_word' id='word_1_149' title='bbox 200 1424 329 1461; x_wconf 87' lang='lat' dir='ltr'>propter</span> <span class='ocrx_word' id='word_1_150' title='bbox 355 1421 441 1461; x_wconf 85' lang='lat' dir='ltr'>quod</span> <span class='ocrx_word' id='word_1_151' title='bbox 464 1420 578 1450; x_wconf 89' lang='lat' dir='ltr'>dicitur</span> <span class='ocrx_word' id='word_1_152' title='bbox 598 1420 630 1449; x_wconf 74' lang='lat'>⁵:</span> <span class='ocrx_word' id='word_1_153' title='bbox 651 1430 665 1448; x_wconf 73' lang='grc' dir='ltr'>(ι</span> <span class='ocrx_word' id='word_1_154' title='bbox 694 1418 810 1448; x_wconf 81' lang='lat' dir='ltr'>Littera</span> <span class='ocrx_word' id='word_1_155' title='bbox 833 1418 945 1448; x_wconf 85' lang='lat' dir='ltr'>oceidit</span> <span class='ocrx_word' id='word_1_156' title='bbox 961 1442 968 1456; x_wconf 82' lang='lat'>,</span> 
     </span>
     <span class='ocr_line' id='line_1_24' title="bbox 200 1470 970 1514; baseline -0.006 -9"><span class='ocrx_word' id='word_1_157' title='bbox 200 1475 330 1514; x_wconf 87' lang='lat' dir='ltr'>spiritus</span> <span class='ocrx_word' id='word_1_158' title='bbox 339 1477 443 1504; x_wconf 85' lang='lat' dir='ltr'>autem</span> <span class='ocrx_word' id='word_1_159' title='bbox 454 1473 602 1503; x_wconf 74' lang='lat' dir='ltr'>viviticat.</span> <span class='ocrx_word' id='word_1_160' title='bbox 612 1482 626 1499; x_wconf 64' lang='lat'>&gt;³</span> <span class='ocrx_word' id='word_1_161' title='bbox 642 1472 713 1502; x_wconf 88' lang='lat' dir='ltr'>Ideo</span> <span class='ocrx_word' id='word_1_162' title='bbox 725 1471 887 1501; x_wconf 75' lang='lat' dir='ltr'>inJomzne</span> <span class='ocrx_word' id='word_1_163' title='bbox 897 1472 932 1508; x_wconf 84' lang='lat' dir='ltr'>(c)</span> <span class='ocrx_word' id='word_1_164' title='bbox 942 1470 970 1500; x_wconf 77' lang='lat'>⁶:</span> 
     </span>
     <span class='ocr_line' id='line_1_25' title="bbox 206 1523 972 1566; baseline -0.004 -10"><span class='ocrx_word' id='word_1_165' title='bbox 206 1539 220 1556; x_wconf 74' lang='grc' dir='ltr'>α</span> <span class='ocrx_word' id='word_1_166' title='bbox 234 1527 334 1558; x_wconf 85' lang='lat' dir='ltr'>Verba</span> <span class='ocrx_word' id='word_1_167' title='bbox 347 1551 356 1565; x_wconf 94' lang='lat'>,</span> <span class='ocrx_word' id='word_1_168' title='bbox 377 1536 449 1566; x_wconf 79' lang='lat' dir='ltr'>quae</span> <span class='ocrx_word' id='word_1_169' title='bbox 473 1535 536 1564; x_wconf 83' lang='lat' dir='ltr'>ego</span> <span class='ocrx_word' id='word_1_170' title='bbox 555 1523 683 1556; x_wconf 85' lang='lat' dir='ltr'>locutus</span> <span class='ocrx_word' id='word_1_171' title='bbox 699 1533 770 1555; x_wconf 85' lang='lat' dir='ltr'>sum</span> <span class='ocrx_word' id='word_1_172' title='bbox 787 1525 895 1561; x_wconf 78' lang='lat' dir='ltr'>vobis,</span> <span class='ocrx_word' id='word_1_173' title='bbox 911 1524 972 1563; x_wconf 89' lang='lat' dir='ltr'>spi-</span> 
     </span>
     <span class='ocr_line' id='line_1_26' title="bbox 201 1577 969 1617; baseline -0.005 -7"><span class='ocrx_word' id='word_1_174' title='bbox 201 1580 282 1610; x_wconf 90' lang='lat' dir='ltr'>ritus</span> <span class='ocrx_word' id='word_1_175' title='bbox 297 1582 327 1610; x_wconf 87' lang='lat' dir='ltr'>et</span> <span class='ocrx_word' id='word_1_176' title='bbox 344 1580 408 1609; x_wconf 85' lang='lat' dir='ltr'>vita</span> <span class='ocrx_word' id='word_1_177' title='bbox 422 1581 506 1609; x_wconf 86' lang='lat' dir='ltr'>sunt.</span> <span class='ocrx_word' id='word_1_178' title='bbox 525 1589 546 1617; x_wconf 28' lang='grc' dir='ltr'>Ι»</span> <span class='ocrx_word' id='word_1_179' title='bbox 566 1577 697 1617; x_wconf 84' lang='lat' dir='ltr'>Propter</span> <span class='ocrx_word' id='word_1_180' title='bbox 711 1577 794 1616; x_wconf 93' lang='lat' dir='ltr'>quod</span> <span class='ocrx_word' id='word_1_181' title='bbox 810 1577 944 1607; x_wconf 84' lang='lat' dir='ltr'>dicitur⁷</span> <span class='ocrx_word' id='word_1_182' title='bbox 963 1587 969 1606; x_wconf 92' lang='lat'>:</span> 
     </span>
     <span class='ocr_line' id='line_1_27' title="bbox 207 1630 972 1669; baseline -0.004 -7"><span class='ocrx_word' id='word_1_183' title='bbox 207 1644 221 1662; x_wconf 88' lang='lat'>«</span> <span class='ocrx_word' id='word_1_184' title='bbox 233 1632 298 1663; x_wconf 88' lang='lat' dir='ltr'>Hoc</span> <span class='ocrx_word' id='word_1_185' title='bbox 315 1634 422 1662; x_wconf 87' lang='lat' dir='ltr'>autem</span> <span class='ocrx_word' id='word_1_186' title='bbox 437 1632 506 1662; x_wconf 89' lang='lat' dir='ltr'>dico</span> <span class='ocrx_word' id='word_1_187' title='bbox 517 1655 524 1667; x_wconf 82' lang='lat'><strong>‚</strong></span> <span class='ocrx_word' id='word_1_188' title='bbox 542 1632 664 1668; x_wconf 76' lang='lat' dir='ltr'>fratres,</span> <span class='ocrx_word' id='word_1_189' title='bbox 681 1630 756 1669; x_wconf 88' lang='lat' dir='ltr'>quia</span> <span class='ocrx_word' id='word_1_190' title='bbox 770 1639 842 1660; x_wconf 83' lang='lat' dir='ltr'>caro</span> <span class='ocrx_word' id='word_1_191' title='bbox 858 1632 887 1660; x_wconf 87' lang='lat' dir='ltr'>et</span> <span class='ocrx_word' id='word_1_192' title='bbox 900 1639 972 1660; x_wconf 83' lang='lat' dir='ltr'>san-</span> 
     </span>
     <span class='ocr_line' id='line_1_28' title="bbox 203 1683 972 1724; baseline -0.005 -8"><span class='ocrx_word' id='word_1_193' title='bbox 203 1685 275 1724; x_wconf 79' lang='lat' dir='ltr'>guis</span> <span class='ocrx_word' id='word_1_194' title='bbox 290 1694 429 1723; x_wconf 78' lang='lat' dir='ltr'>regnum</span> <span class='ocrx_word' id='word_1_195' title='bbox 444 1684 498 1715; x_wconf 91' lang='lat' dir='ltr'>Dei</span> <span class='ocrx_word' id='word_1_196' title='bbox 514 1683 671 1723; x_wconf 86' lang='lat' dir='ltr'>possidere</span> <span class='ocrx_word' id='word_1_197' title='bbox 687 1692 752 1713; x_wconf 90' lang='lat' dir='ltr'>non</span> <span class='ocrx_word' id='word_1_198' title='bbox 764 1686 906 1722; x_wconf 77' lang='lat' dir='ltr'>possunt,</span> <span class='ocrx_word' id='word_1_199' title='bbox 920 1692 972 1713; x_wconf 81' lang='lat' dir='ltr'>ne-</span> 
     </span>
     <span class='ocr_line' id='line_1_29' title="bbox 202 1736 969 1777; baseline -0.003 -9"><span class='ocrx_word' id='word_1_200' title='bbox 202 1747 264 1777; x_wconf 85' lang='lat' dir='ltr'>que</span> <span class='ocrx_word' id='word_1_201' title='bbox 277 1737 435 1776; x_wconf 82' lang='lat' dir='ltr'>corruptio</span> <span class='ocrx_word' id='word_1_202' title='bbox 451 1736 697 1775; x_wconf 79' lang='lat' dir='ltr'>incorruptelam</span> <span class='ocrx_word' id='word_1_203' title='bbox 712 1736 889 1775; x_wconf 81' lang='lat' dir='ltr'>possidebit,</span> <span class='ocrx_word' id='word_1_204' title='bbox 901 1747 914 1763; x_wconf 89' lang='lat'>»</span> <span class='ocrx_word' id='word_1_205' title='bbox 931 1736 969 1775; x_wconf 74' lang='lat' dir='ltr'>(a)</span> 
     </span>
     <span class='ocr_line' id='line_1_30' title="bbox 202 1788 972 1829; baseline -0.001 -9"><span class='ocrx_word' id='word_1_206' title='bbox 202 1790 258 1829; x_wconf 88' lang='lat' dir='ltr'>qui</span> <span class='ocrx_word' id='word_1_207' title='bbox 286 1789 453 1820; x_wconf 79' lang='lat' dir='ltr'>carnaliter</span> <span class='ocrx_word' id='word_1_208' title='bbox 477 1789 615 1828; x_wconf 87' lang='lat' dir='ltr'>sapiunt.</span> <span class='ocrx_word' id='word_1_209' title='bbox 653 1788 691 1818; x_wconf 84' lang='lat' dir='ltr'>Et</span> <span class='ocrx_word' id='word_1_210' title='bbox 725 1788 800 1818; x_wconf 83' lang='lat' dir='ltr'>tales</span> <span class='ocrx_word' id='word_1_211' title='bbox 829 1788 863 1818; x_wconf 89' lang='lat' dir='ltr'>hi</span> <span class='ocrx_word' id='word_1_212' title='bbox 893 1788 972 1819; x_wconf 88' lang='lat' dir='ltr'>Sad-</span> 
     </span>
     <span class='ocr_line' id='line_1_31' title="bbox 201 1841 971 1880; baseline -0.003 -8"><span class='ocrx_word' id='word_1_213' title='bbox 201 1843 302 1873; x_wconf 83' lang='lat' dir='ltr'>ducaei</span> <span class='ocrx_word' id='word_1_214' title='bbox 318 1844 407 1872; x_wconf 84' lang='lat' dir='ltr'>erant</span> <span class='ocrx_word' id='word_1_215' title='bbox 418 1865 426 1878; x_wconf 86' lang='lat'>,</span> <span class='ocrx_word' id='word_1_216' title='bbox 443 1841 498 1880; x_wconf 88' lang='lat' dir='ltr'>qui</span> <span class='ocrx_word' id='word_1_217' title='bbox 517 1850 582 1871; x_wconf 88' lang='lat' dir='ltr'>non</span> <span class='ocrx_word' id='word_1_218' title='bbox 596 1841 808 1879; x_wconf 82' lang='lat' dir='ltr'>intelligentes</span> <span class='ocrx_word' id='word_1_219' title='bbox 822 1841 971 1871; x_wconf 82' lang='lat' dir='ltr'>nobilita-</span> 
     </span>
     <span class='ocr_line' id='line_1_32' title="bbox 202 1893 973 1935; baseline -0.004 -10"><span class='ocrx_word' id='word_1_220' title='bbox 202 1897 265 1926; x_wconf 89' lang='lat' dir='ltr'>tem</span> <span class='ocrx_word' id='word_1_221' title='bbox 278 1895 407 1935; x_wconf 87' lang='lat' dir='ltr'>spiritus</span> <span class='ocrx_word' id='word_1_222' title='bbox 418 1893 591 1932; x_wconf 85' lang='lat' dir='ltr'>rationalis,</span> <span class='ocrx_word' id='word_1_223' title='bbox 603 1902 661 1923; x_wconf 89' lang='lat' dir='ltr'>nee</span> <span class='ocrx_word' id='word_1_224' title='bbox 670 1893 863 1923; x_wconf 86' lang='lat' dir='ltr'>intellectum</span> <span class='ocrx_word' id='word_1_225' title='bbox 878 1893 973 1933; x_wconf 87' lang='lat' dir='ltr'>scrip-</span> 
     </span>
     <span class='ocr_line' id='line_1_33' title="bbox 201 1945 970 1987; baseline -0.004 -9"><span class='ocrx_word' id='word_1_226' title='bbox 201 1950 282 1978; x_wconf 83' lang='lat' dir='ltr'>turae</span> <span class='ocrx_word' id='word_1_227' title='bbox 298 1947 468 1987; x_wconf 89' lang='lat' dir='ltr'>spiritualis</span> <span class='ocrx_word' id='word_1_228' title='bbox 481 1970 488 1984; x_wconf 84' lang='lat'><strong>‚</strong></span> <span class='ocrx_word' id='word_1_229' title='bbox 506 1955 564 1977; x_wconf 88' lang='lat' dir='ltr'>nec</span> <span class='ocrx_word' id='word_1_230' title='bbox 579 1948 764 1985; x_wconf 85' lang='lat' dir='ltr'>potestatem</span> <span class='ocrx_word' id='word_1_231' title='bbox 789 1945 843 1975; x_wconf 88' lang='lat' dir='ltr'>Dei</span> <span class='ocrx_word' id='word_1_232' title='bbox 867 1946 970 1975; x_wconf 89' lang='lat' dir='ltr'>omni-</span> 
     </span>
     <span class='ocr_line' id='line_1_34' title="bbox 202 1998 972 2040; baseline -0.003 -10"><span class='ocrx_word' id='word_1_233' title='bbox 202 2001 337 2040; x_wconf 86' lang='lat' dir='ltr'>potentis</span> <span class='ocrx_word' id='word_1_234' title='bbox 349 2023 357 2037; x_wconf 85' lang='lat'>,</span> <span class='ocrx_word' id='word_1_235' title='bbox 377 2009 441 2030; x_wconf 89' lang='lat' dir='ltr'>non</span> <span class='ocrx_word' id='word_1_236' title='bbox 463 1999 616 2039; x_wconf 86' lang='lat' dir='ltr'>putabant</span> <span class='ocrx_word' id='word_1_237' title='bbox 636 1998 900 2029; x_wconf 81' lang='lat' dir='ltr'>resurrectionem</span> <span class='ocrx_word' id='word_1_238' title='bbox 919 1999 972 2029; x_wconf 85' lang='lat' dir='ltr'>fu—</span> 
     </span>
     <span class='ocr_line' id='line_1_35' title="bbox 202 2052 972 2090; baseline -0.004 -6"><span class='ocrx_word' id='word_1_239' title='bbox 202 2057 317 2084; x_wconf 84' lang='lat' dir='ltr'>turam.</span> <span class='ocrx_word' id='word_1_240' title='bbox 334 2053 406 2084; x_wconf 89' lang='lat' dir='ltr'>Ideo</span> <span class='ocrx_word' id='word_1_241' title='bbox 429 2053 543 2084; x_wconf 88' lang='lat' dir='ltr'>dicitur</span> <span class='ocrx_word' id='word_1_242' title='bbox 558 2054 568 2070; x_wconf 72' lang='lat'>³</span> <span class='ocrx_word' id='word_1_243' title='bbox 587 2064 593 2083; x_wconf 92' lang='lat'>:</span> <span class='ocrx_word' id='word_1_244' title='bbox 614 2064 628 2081; x_wconf 87' lang='lat'>«</span> <span class='ocrx_word' id='word_1_245' title='bbox 647 2052 780 2090; x_wconf 80' lang='lat' dir='ltr'>Erratis,</span> <span class='ocrx_word' id='word_1_246' title='bbox 797 2052 972 2082; x_wconf 85' lang='lat' dir='ltr'>nescientes</span> 
     </span>
     <span class='ocr_line' id='line_1_36' title="bbox 203 2105 787 2146; baseline -0.005 -9"><span class='ocrx_word' id='word_1_247' title='bbox 203 2107 381 2146; x_wconf 80' lang='lat' dir='ltr'>Scripturas</span> <span class='ocrx_word' id='word_1_248' title='bbox 392 2130 400 2142; x_wconf 86' lang='lat'>,</span> <span class='ocrx_word' id='word_1_249' title='bbox 416 2115 518 2145; x_wconf 85' lang='lat' dir='ltr'>neque</span> <span class='ocrx_word' id='word_1_250' title='bbox 534 2106 686 2136; x_wconf 86' lang='lat' dir='ltr'>virtutem</span> <span class='ocrx_word' id='word_1_251' title='bbox 702 2105 787 2135; x_wconf 87' lang='lat' dir='ltr'>Dei.»</span> 
     </span>
    </p>

    <p class='ocr_par' dir='ltr' id='par_1_4' title="bbox 201 2157 971 2456">
     <span class='ocr_line' id='line_1_37' title="bbox 243 2157 970 2196; baseline -0.003 -6"><span class='ocrx_word' id='word_1_252' title='bbox 243 2162 291 2190; x_wconf 72' lang='lat'>34.</span> <span class='ocrx_word' id='word_1_253' title='bbox 310 2161 354 2191; x_wconf 75' lang='lat' dir='ltr'>Et</span> <span class='ocrx_word' id='word_1_254' title='bbox 368 2160 415 2190; x_wconf 74' lang='lat' dir='ltr'>ait</span> <span class='ocrx_word' id='word_1_255' title='bbox 431 2159 493 2189; x_wconf 72' lang='lat' dir='ltr'>illis</span> <span class='ocrx_word' id='word_1_256' title='bbox 507 2159 612 2196; x_wconf 82' lang='lat' dir='ltr'>Jesus,</span> <span class='ocrx_word' id='word_1_257' title='bbox 628 2160 687 2188; x_wconf 84' lang='lat' dir='ltr'>ete.</span> <span class='ocrx_word' id='word_1_258' title='bbox 706 2157 778 2188; x_wconf 85' lang='lat' dir='ltr'>Post</span> <span class='ocrx_word' id='word_1_259' title='bbox 793 2157 970 2196; x_wconf 86' lang='lat' dir='ltr'>inquisitio-</span> 
     </span>
     <span class='ocr_line' id='line_1_38' title="bbox 203 2211 971 2251; baseline -0.005 -7"><span class='ocrx_word' id='word_1_260' title='bbox 203 2222 276 2244; x_wconf 87' lang='lat' dir='ltr'>nem</span> <span class='ocrx_word' id='word_1_261' title='bbox 291 2221 468 2250; x_wconf 85' lang='lat' dir='ltr'>erroneam,</span> <span class='ocrx_word' id='word_1_262' title='bbox 484 2211 652 2251; x_wconf 80' lang='lat' dir='ltr'>subjungit</span> <span class='ocrx_word' id='word_1_263' title='bbox 665 2211 717 2241; x_wconf 90' lang='lat' dir='ltr'>hic</span> <span class='ocrx_word' id='word_1_264' title='bbox 732 2211 971 2250; x_wconf 83' lang='lat' dir='ltr'>responsionem</span> 
     </span>
     <span class='ocr_line' id='line_1_39' title="bbox 201 2264 971 2304; baseline -0.005 -7"><span class='ocrx_word' id='word_1_265' title='bbox 201 2266 388 2303; x_wconf 82' lang='lat' dir='ltr'>veridicam;</span> <span class='ocrx_word' id='word_1_266' title='bbox 405 2265 487 2295; x_wconf 88' lang='lat' dir='ltr'>circa</span> <span class='ocrx_word' id='word_1_267' title='bbox 512 2273 609 2304; x_wconf 82' lang='lat' dir='ltr'>quam</span> <span class='ocrx_word' id='word_1_268' title='bbox 624 2264 872 2294; x_wconf 87' lang='lat' dir='ltr'>introducuntur</span> <span class='ocrx_word' id='word_1_269' title='bbox 889 2272 971 2303; x_wconf 87' lang='lat' dir='ltr'>qua-</span> 
     </span>
     <span class='ocr_line' id='line_1_40' title="bbox 202 2317 970 2357; baseline -0.004 -8"><span class='ocrx_word' id='word_1_270' title='bbox 202 2322 284 2357; x_wconf 88' lang='lat' dir='ltr'>tuor,</span> <span class='ocrx_word' id='word_1_271' title='bbox 308 2319 424 2349; x_wconf 85' lang='lat' dir='ltr'>scilicet</span> <span class='ocrx_word' id='word_1_272' title='bbox 446 2318 586 2350; x_wconf 85' lang='lat' dir='ltr'>veritatis</span> <span class='ocrx_word' id='word_1_273' title='bbox 608 2317 739 2348; x_wconf 83' lang='lat' dir='ltr'>assertio</span> <span class='ocrx_word' id='word_1_274' title='bbox 753 2340 760 2354; x_wconf 88' lang='lat'>,</span> <span class='ocrx_word' id='word_1_275' title='bbox 789 2317 970 2348; x_wconf 82' lang='lat' dir='ltr'>assertionis</span> 
     </span>
     <span class='ocr_line' id='line_1_41' title="bbox 202 2370 970 2409; baseline -0.003 -7"><span class='ocrx_word' id='word_1_276' title='bbox 202 2372 292 2409; x_wconf 84' lang='lat' dir='ltr'>ratio,</span> <span class='ocrx_word' id='word_1_277' title='bbox 304 2372 434 2402; x_wconf 82' lang='lat' dir='ltr'>rationis</span> <span class='ocrx_word' id='word_1_278' title='bbox 448 2371 659 2408; x_wconf 85' lang='lat' dir='ltr'>confirmatio,</span> <span class='ocrx_word' id='word_1_279' title='bbox 675 2373 706 2401; x_wconf 85' lang='lat' dir='ltr'>et</span> <span class='ocrx_word' id='word_1_280' title='bbox 720 2370 970 2402; x_wconf 82' lang='lat' dir='ltr'>confirmationis</span> 
     </span>
     <span class='ocr_line' id='line_1_42' title="bbox 201 2425 352 2456; baseline 0 -1"><span class='ocrx_word' id='word_1_281' title='bbox 201 2425 352 2456; x_wconf 84' lang='lat' dir='ltr'>laudatio.</span> 
     </span>
    </p>

    <p class='ocr_par' dir='ltr' id='par_1_5' title="bbox 202 2476 973 2569">
     <span class='ocr_line' id='line_1_43' title="bbox 242 2476 967 2516; baseline -0.004 -7"><span class='ocrx_word' id='word_1_282' title='bbox 242 2478 361 2515; x_wconf 89' lang='lat' dir='ltr'>Primo,</span> <span class='ocrx_word' id='word_1_283' title='bbox 373 2478 529 2516; x_wconf 86' lang='lat' dir='ltr'>quantum</span> <span class='ocrx_word' id='word_1_284' title='bbox 541 2476 580 2507; x_wconf 88' lang='lat' dir='ltr'>ad</span> <span class='ocrx_word' id='word_1_285' title='bbox 594 2476 733 2507; x_wconf 87' lang='lat' dir='ltr'>veritatis</span> <span class='ocrx_word' id='word_1_286' title='bbox 749 2476 967 2514; x_wconf 84' lang='lat' dir='ltr'>assertionem,</span> 
     </span>
     <span class='ocr_line' id='line_1_44' title="bbox 202 2528 973 2569; baseline -0.005 -6"><span class='ocrx_word' id='word_1_287' title='bbox 202 2532 295 2563; x_wconf 85' lang='lat' dir='ltr'>dicit:</span> <span class='ocrx_word' id='word_1_288' title='bbox 313 2531 358 2562; x_wconf 83' lang='lat' dir='ltr'>Et</span> <span class='ocrx_word' id='word_1_289' title='bbox 371 2530 416 2560; x_wconf 74' lang='lat' dir='ltr'>ait</span> <span class='ocrx_word' id='word_1_290' title='bbox 432 2529 492 2560; x_wconf 83' lang='lat' dir='ltr'>illis</span> <span class='ocrx_word' id='word_1_291' title='bbox 509 2529 598 2560; x_wconf 65' lang='lat' dir='ltr'>«Iesus</span> <span class='ocrx_word' id='word_1_292' title='bbox 617 2538 628 2559; x_wconf 92' lang='lat'>.·</span> <span class='ocrx_word' id='word_1_293' title='bbox 648 2529 725 2560; x_wconf 87' lang='lat' dir='ltr'>Filii</span> <span class='ocrx_word' id='word_1_294' title='bbox 745 2529 840 2569; x_wconf 71' lang='lat' dir='ltr'>liujus</span> <span class='ocrx_word' id='word_1_295' title='bbox 862 2528 973 2559; x_wconf 76' lang='lat' dir='ltr'>soeculi</span> 
     </span>
    </p>
   </div>
   <div class='ocr_carea' id='block_1_3' title="bbox 202 2625 970 2730">
    <p class='ocr_par' dir='ltr' id='par_1_6' title="bbox 202 2625 970 2730">
     <span class='ocr_line' id='line_1_45' title="bbox 233 2625 970 2658; baseline -0.005 -5"><span class='ocrx_word' id='word_1_296' title='bbox 233 2630 240 2646; x_wconf 89' lang='lat'><strong>¹</strong></span> <span class='ocrx_word' id='word_1_297' title='bbox 255 2630 335 2658; x_wconf 65' lang='lat' dir='ltr'>doun„</span> <span class='ocrx_word' id='word_1_298' title='bbox 353 2635 388 2658; x_wconf 91' lang='lat' dir='ltr'>1v,</span> <span class='ocrx_word' id='word_1_299' title='bbox 407 2630 441 2651; x_wconf 68' lang='lat' dir='ltr'>lti.</span> <span class='ocrx_word' id='word_1_300' title='bbox 457 2639 486 2643; x_wconf 97' lang='lat'><strong>—</strong></span> <span class='ocrx_word' id='word_1_301' title='bbox 501 2626 510 2641; x_wconf 78' lang='lat'>²</span> <span class='ocrx_word' id='word_1_302' title='bbox 524 2625 576 2654; x_wconf 63' lang='grc' dir='ltr'>λοῦ,</span> <span class='ocrx_word' id='word_1_303' title='bbox 594 2631 664 2655; x_wconf 77' lang='lat' dir='ltr'>xxiv,</span> <span class='ocrx_word' id='word_1_304' title='bbox 681 2627 720 2650; x_wconf 72' lang='lat'>21.</span> <span class='ocrx_word' id='word_1_305' title='bbox 739 2639 769 2644; x_wconf 91' lang='lat'><strong>—</strong></span> <span class='ocrx_word' id='word_1_306' title='bbox 783 2626 794 2642; x_wconf 77' lang='lat'>³</span> <span class='ocrx_word' id='word_1_307' title='bbox 809 2626 878 2657; x_wconf 62' lang='lat' dir='ltr'>Gal„</span> <span class='ocrx_word' id='word_1_308' title='bbox 896 2632 929 2656; x_wconf 79' lang='lat' dir='ltr'>vl,</span> <span class='ocrx_word' id='word_1_309' title='bbox 946 2628 970 2651; x_wconf 87' lang='lat'>8.</span> 
     </span>
     <span class='ocr_line' id='line_1_46' title="bbox 202 2661 970 2694; baseline -0.005 -6"><span class='ocrx_word' id='word_1_310' title='bbox 202 2665 230 2688; x_wconf 65' lang='grc' dir='ltr'>*Ι</span> <span class='ocrx_word' id='word_1_311' title='bbox 247 2666 328 2694; x_wconf 75' lang='grc' dir='ltr'><em>.Ιοαη,,</em></span> <span class='ocrx_word' id='word_1_312' title='bbox 340 2670 369 2694; x_wconf 89' lang='lat'>11,</span> <span class='ocrx_word' id='word_1_313' title='bbox 383 2664 420 2687; x_wconf 80' lang='grc' dir='ltr'>Π.</span> <span class='ocrx_word' id='word_1_314' title='bbox 433 2675 464 2680; x_wconf 89' lang='lat'>-—</span> <span class='ocrx_word' id='word_1_315' title='bbox 477 2663 485 2676; x_wconf 75' lang='lat'><strong>⁵</strong></span> <span class='ocrx_word' id='word_1_316' title='bbox 496 2661 514 2684; x_wconf 82' lang='lat' dir='ltr'>il</span> <span class='ocrx_word' id='word_1_317' title='bbox 534 2661 600 2689; x_wconf 59' lang='lat' dir='ltr'>Corn,</span> <span class='ocrx_word' id='word_1_318' title='bbox 618 2667 658 2691; x_wconf 77' lang='lat'>11¹,</span> <span class='ocrx_word' id='word_1_319' title='bbox 673 2662 696 2684; x_wconf 86' lang='lat' dir='ltr'>G.</span> <span class='ocrx_word' id='word_1_320' title='bbox 710 2675 741 2678; x_wconf 97' lang='lat'><strong>—</strong></span> <span class='ocrx_word' id='word_1_321' title='bbox 755 2662 765 2678; x_wconf 62' lang='grc' dir='ltr'><strong><em>ὃ</em></strong></span> <span class='ocrx_word' id='word_1_322' title='bbox 779 2662 860 2691; x_wconf 68' lang='grc' dir='ltr'><em>Ιοῑιη.,</em></span> <span class='ocrx_word' id='word_1_323' title='bbox 877 2667 912 2691; x_wconf 83' lang='lat' dir='ltr'>vi,</span> <span class='ocrx_word' id='word_1_324' title='bbox 931 2662 970 2685; x_wconf 78' lang='lat'>64.</span> 
     </span>
     <span class='ocr_line' id='line_1_47' title="bbox 202 2696 970 2730; baseline -0.005 -5"><span class='ocrx_word' id='word_1_325' title='bbox 202 2702 209 2715; x_wconf 69' lang='lat'><em>7</em></span> <span class='ocrx_word' id='word_1_326' title='bbox 225 2702 234 2724; x_wconf 81' lang='grc' dir='ltr'>ι</span> <span class='ocrx_word' id='word_1_327' title='bbox 250 2702 318 2730; x_wconf 64' lang='grc' dir='ltr'>σωκ,</span> <span class='ocrx_word' id='word_1_328' title='bbox 332 2705 375 2730; x_wconf 78' lang='lat' dir='ltr'>xv,</span> <span class='ocrx_word' id='word_1_329' title='bbox 393 2700 432 2722; x_wconf 80' lang='lat'>50.</span> <span class='ocrx_word' id='word_1_330' title='bbox 447 2710 477 2716; x_wconf 90' lang='lat'>—</span> <span class='ocrx_word' id='word_1_331' title='bbox 490 2698 498 2711; x_wconf 79' lang='lat'>⁸</span> <span class='ocrx_word' id='word_1_332' title='bbox 513 2696 612 2724; x_wconf 70' lang='lat' dir='ltr'>Mami..</span> <span class='ocrx_word' id='word_1_333' title='bbox 629 2702 695 2727; x_wconf 74' lang='lat' dir='ltr'>xxti,</span> <span class='ocrx_word' id='word_1_334' title='bbox 706 2699 745 2721; x_wconf 73' lang='lat'>29.</span> <span class='ocrx_word' id='word_1_335' title='bbox 761 2710 791 2715; x_wconf 81' lang='lat'>—-</span> <span class='ocrx_word' id='word_1_336' title='bbox 805 2698 816 2714; x_wconf 78' lang='lat'>⁹</span> <span class='ocrx_word' id='word_1_337' title='bbox 833 2697 899 2728; x_wconf 64' lang='lat' dir='ltr'>Tob„</span> <span class='ocrx_word' id='word_1_338' title='bbox 913 2702 970 2727; x_wconf 79' lang='lat' dir='ltr'>vui,</span> 
     </span>
    </p>
   </div>
   <div class='ocr_carea' id='block_1_4' title="bbox 1022 301 1800 2567">
    <p class='ocr_par' dir='ltr' id='par_1_7' title="bbox 1024 301 1800 2398">
     <span class='ocr_line' id='line_1_48' title="bbox 1029 301 1797 341; baseline 0.001 -10"><span class='ocrx_word' id='word_1_339' title='bbox 1029 301 1173 339; x_wconf 77' lang='lat' dir='ltr'>nubunt,</span> <span class='ocrx_word' id='word_1_340' title='bbox 1191 305 1221 332; x_wconf 84' lang='lat' dir='ltr'>et</span> <span class='ocrx_word' id='word_1_341' title='bbox 1239 302 1411 333; x_wconf 77' lang='lat' dir='ltr'>traduntur</span> <span class='ocrx_word' id='word_1_342' title='bbox 1429 301 1475 332; x_wconf 76' lang='lat' dir='ltr'>acl</span> <span class='ocrx_word' id='word_1_343' title='bbox 1493 302 1622 341; x_wconf 76' lang='lat' dir='ltr'>nupcias</span> <span class='ocrx_word' id='word_1_344' title='bbox 1634 325 1643 339; x_wconf 86' lang='lat'><em>‚</em></span> <span class='ocrx_word' id='word_1_345' title='bbox 1669 303 1797 341; x_wconf 87' lang='lat' dir='ltr'>propter</span> 
     </span>
     <span class='ocr_line' id='line_1_49' title="bbox 1028 353 1794 394; baseline 0 -10"><span class='ocrx_word' id='word_1_346' title='bbox 1028 354 1207 385; x_wconf 84' lang='lat' dir='ltr'>habendam</span> <span class='ocrx_word' id='word_1_347' title='bbox 1236 356 1465 386; x_wconf 88' lang='lat' dir='ltr'>successionem</span> <span class='ocrx_word' id='word_1_348' title='bbox 1471 379 1482 394; x_wconf 89' lang='lat'>,</span> <span class='ocrx_word' id='word_1_349' title='bbox 1513 355 1593 384; x_wconf 90' lang='lat' dir='ltr'>sicut</span> <span class='ocrx_word' id='word_1_350' title='bbox 1621 353 1737 384; x_wconf 88' lang='lat' dir='ltr'>dicitur</span> <span class='ocrx_word' id='word_1_351' title='bbox 1754 354 1765 370; x_wconf 78' lang='lat'>⁹</span> <span class='ocrx_word' id='word_1_352' title='bbox 1787 364 1794 384; x_wconf 91' lang='lat'>:</span> 
     </span>
     <span class='ocr_line' id='line_1_50' title="bbox 1033 405 1797 447; baseline 0.001 -11"><span class='ocrx_word' id='word_1_353' title='bbox 1033 407 1103 437; x_wconf 86' lang='lat' dir='ltr'>«Tu</span> <span class='ocrx_word' id='word_1_354' title='bbox 1115 431 1122 443; x_wconf 97' lang='lat'>,</span> <span class='ocrx_word' id='word_1_355' title='bbox 1141 407 1282 444; x_wconf 84' lang='lat' dir='ltr'>Domine,</span> <span class='ocrx_word' id='word_1_356' title='bbox 1295 408 1366 444; x_wconf 88' lang='lat' dir='ltr'>scis,</span> <span class='ocrx_word' id='word_1_357' title='bbox 1382 408 1457 447; x_wconf 84' lang='lat' dir='ltr'>quia</span> <span class='ocrx_word' id='word_1_358' title='bbox 1471 416 1536 438; x_wconf 89' lang='lat' dir='ltr'>non</span> <span class='ocrx_word' id='word_1_359' title='bbox 1551 405 1689 437; x_wconf 80' lang='lat' dir='ltr'>luxuriae</span> <span class='ocrx_word' id='word_1_360' title='bbox 1704 415 1797 437; x_wconf 83' lang='lat' dir='ltr'>causa</span> 
     </span>
     <span class='ocr_line' id='line_1_51' title="bbox 1028 458 1798 500; baseline -0.001 -10"><span class='ocrx_word' id='word_1_361' title='bbox 1028 460 1145 500; x_wconf 75' lang='lat' dir='ltr'>accipio</span> <span class='ocrx_word' id='word_1_362' title='bbox 1161 469 1302 490; x_wconf 86' lang='lat' dir='ltr'>sororem</span> <span class='ocrx_word' id='word_1_363' title='bbox 1324 469 1427 490; x_wconf 88' lang='lat' dir='ltr'>meam</span> <span class='ocrx_word' id='word_1_364' title='bbox 1446 461 1637 499; x_wconf 74' lang='lat' dir='ltr'>conjugem,</span> <span class='ocrx_word' id='word_1_365' title='bbox 1660 459 1713 489; x_wconf 87' lang='lat' dir='ltr'>sed</span> <span class='ocrx_word' id='word_1_366' title='bbox 1731 458 1798 490; x_wconf 90' lang='lat' dir='ltr'>sola</span> 
     </span>
     <span class='ocr_line' id='line_1_52' title="bbox 1028 512 1798 552; baseline -0.001 -9"><span class='ocrx_word' id='word_1_367' title='bbox 1028 513 1218 552; x_wconf 80' lang='lat' dir='ltr'>posteritatis</span> <span class='ocrx_word' id='word_1_368' title='bbox 1242 513 1424 550; x_wconf 85' lang='lat' dir='ltr'>dilectione,</span> <span class='ocrx_word' id='word_1_369' title='bbox 1451 513 1483 542; x_wconf 89' lang='lat' dir='ltr'>in</span> <span class='ocrx_word' id='word_1_370' title='bbox 1508 522 1572 552; x_wconf 84' lang='lat' dir='ltr'>qua</span> <span class='ocrx_word' id='word_1_371' title='bbox 1593 512 1798 543; x_wconf 82' lang='lat' dir='ltr'>benedicatur</span> 
     </span>
     <span class='ocr_line' id='line_1_53' title="bbox 1028 564 1798 596; baseline 0.001 -1"><span class='ocrx_word' id='word_1_372' title='bbox 1028 574 1145 595; x_wconf 84' lang='lat' dir='ltr'>nomen</span> <span class='ocrx_word' id='word_1_373' title='bbox 1160 568 1253 595; x_wconf 91' lang='lat' dir='ltr'>tuum</span> <span class='ocrx_word' id='word_1_374' title='bbox 1268 566 1300 595; x_wconf 90' lang='lat' dir='ltr'>iu</span> <span class='ocrx_word' id='word_1_375' title='bbox 1315 565 1430 596; x_wconf 83' lang='lat' dir='ltr'>saecula</span> <span class='ocrx_word' id='word_1_376' title='bbox 1441 565 1644 596; x_wconf 61' lang='lat' dir='ltr'>saeculorum.</span> <span class='ocrx_word' id='word_1_377' title='bbox 1654 575 1670 594; x_wconf 88' lang='lat'>»</span> <span class='ocrx_word' id='word_1_378' title='bbox 1685 565 1723 596; x_wconf 87' lang='lat' dir='ltr'>Et</span> <span class='ocrx_word' id='word_1_379' title='bbox 1737 564 1798 596; x_wconf 88' lang='lat' dir='ltr'>hoc</span> 
     </span>
     <span class='ocr_line' id='line_1_54' title="bbox 1027 618 1796 658; baseline 0.001 -10"><span class='ocrx_word' id='word_1_380' title='bbox 1027 618 1267 649; x_wconf 85' lang='lat' dir='ltr'>matrimonium</span> <span class='ocrx_word' id='word_1_381' title='bbox 1284 618 1355 649; x_wconf 85' lang='lat' dir='ltr'>licet</span> <span class='ocrx_word' id='word_1_382' title='bbox 1370 621 1473 658; x_wconf 79' lang='lat' dir='ltr'>posset</span> <span class='ocrx_word' id='word_1_383' title='bbox 1487 627 1555 649; x_wconf 85' lang='lat' dir='ltr'>esse</span> <span class='ocrx_word' id='word_1_384' title='bbox 1571 619 1714 649; x_wconf 91' lang='lat' dir='ltr'>virorum</span> <span class='ocrx_word' id='word_1_385' title='bbox 1729 619 1796 658; x_wconf 86' lang='lat' dir='ltr'>spi-</span> 
     </span>
     <span class='ocr_line' id='line_1_55' title="bbox 1027 670 1795 709; baseline 0.003 -9"><span class='ocrx_word' id='word_1_386' title='bbox 1027 670 1192 701; x_wconf 82' lang='lat' dir='ltr'>ritualium</span> <span class='ocrx_word' id='word_1_387' title='bbox 1206 695 1214 709; x_wconf 87' lang='lat'>,</span> <span class='ocrx_word' id='word_1_388' title='bbox 1232 680 1296 701; x_wconf 90' lang='lat' dir='ltr'>non</span> <span class='ocrx_word' id='word_1_389' title='bbox 1317 673 1363 702; x_wconf 88' lang='lat' dir='ltr'>est</span> <span class='ocrx_word' id='word_1_390' title='bbox 1377 674 1484 702; x_wconf 81' lang='lat' dir='ltr'>tamen</span> <span class='ocrx_word' id='word_1_391' title='bbox 1507 671 1567 701; x_wconf 91' lang='lat' dir='ltr'>nisi</span> <span class='ocrx_word' id='word_1_392' title='bbox 1582 671 1615 701; x_wconf 88' lang='lat' dir='ltr'>iu</span> <span class='ocrx_word' id='word_1_393' title='bbox 1637 680 1732 702; x_wconf 85' lang='lat' dir='ltr'>carne</span> <span class='ocrx_word' id='word_1_394' title='bbox 1745 672 1795 702; x_wconf 89' lang='lat' dir='ltr'>vi-</span> 
     </span>
     <span class='ocr_line' id='line_1_56' title="bbox 1027 724 1798 763; baseline 0 -9"><span class='ocrx_word' id='word_1_395' title='bbox 1027 724 1182 755; x_wconf 87' lang='lat' dir='ltr'>ventium.</span> <span class='ocrx_word' id='word_1_396' title='bbox 1204 724 1291 755; x_wconf 88' lang='lat' dir='ltr'>Unde</span> <span class='ocrx_word' id='word_1_397' title='bbox 1308 725 1371 763; x_wconf 81' lang='lat' dir='ltr'>filii</span> <span class='ocrx_word' id='word_1_398' title='bbox 1391 725 1501 755; x_wconf 66' lang='lat' dir='ltr'>saec—uli</span> <span class='ocrx_word' id='word_1_399' title='bbox 1515 733 1579 755; x_wconf 91' lang='lat' dir='ltr'>non</span> <span class='ocrx_word' id='word_1_400' title='bbox 1594 726 1686 756; x_wconf 85' lang='lat' dir='ltr'>sonat</span> <span class='ocrx_word' id='word_1_401' title='bbox 1699 725 1732 755; x_wconf 88' lang='lat' dir='ltr'>in</span> <span class='ocrx_word' id='word_1_402' title='bbox 1747 726 1798 755; x_wconf 91' lang='lat' dir='ltr'>vi-</span> 
     </span>
     <span class='ocr_line' id='line_1_57' title="bbox 1026 777 1799 818; baseline 0.001 -11"><span class='ocrx_word' id='word_1_403' title='bbox 1026 778 1118 808; x_wconf 88' lang='lat' dir='ltr'>tium.</span> <span class='ocrx_word' id='word_1_404' title='bbox 1135 777 1197 808; x_wconf 90' lang='lat' dir='ltr'>Alii</span> <span class='ocrx_word' id='word_1_405' title='bbox 1219 787 1295 808; x_wconf 81' lang='lat' dir='ltr'>vero</span> <span class='ocrx_word' id='word_1_406' title='bbox 1316 778 1442 808; x_wconf 90' lang='lat' dir='ltr'>nubunt</span> <span class='ocrx_word' id='word_1_407' title='bbox 1464 780 1592 818; x_wconf 88' lang='lat' dir='ltr'>propter</span> <span class='ocrx_word' id='word_1_408' title='bbox 1611 778 1712 809; x_wconf 86' lang='lat' dir='ltr'>solam</span> <span class='ocrx_word' id='word_1_409' title='bbox 1731 778 1799 808; x_wconf 88' lang='lat' dir='ltr'>libi-</span> 
     </span>
     <span class='ocr_line' id='line_1_58' title="bbox 1027 830 1798 871; baseline 0.003 -11"><span class='ocrx_word' id='word_1_410' title='bbox 1027 830 1109 860; x_wconf 89' lang='lat' dir='ltr'>dinis</span> <span class='ocrx_word' id='word_1_411' title='bbox 1125 831 1339 862; x_wconf 80' lang='lat' dir='ltr'>delectationis</span> <span class='ocrx_word' id='word_1_412' title='bbox 1364 831 1593 871; x_wconf 80' lang='lat' dir='ltr'>expletionem,</span> <span class='ocrx_word' id='word_1_413' title='bbox 1620 831 1658 862; x_wconf 90' lang='lat' dir='ltr'>de</span> <span class='ocrx_word' id='word_1_414' title='bbox 1682 831 1798 870; x_wconf 80' lang='lat' dir='ltr'>quibus</span> 
     </span>
     <span class='ocr_line' id='line_1_59' title="bbox 1027 883 1799 915; baseline 0.001 -2"><span class='ocrx_word' id='word_1_415' title='bbox 1027 883 1060 913; x_wconf 89' lang='lat' dir='ltr'>in</span> <span class='ocrx_word' id='word_1_416' title='bbox 1077 883 1192 915; x_wconf 79' lang='lat' dir='ltr'>Genesi</span> <span class='ocrx_word' id='word_1_417' title='bbox 1204 886 1225 903; x_wconf 88' lang='lat'>¹⁰</span> <span class='ocrx_word' id='word_1_418' title='bbox 1242 894 1275 915; x_wconf 77' lang='lat'>2«</span> <span class='ocrx_word' id='word_1_419' title='bbox 1289 884 1436 915; x_wconf 76' lang='lat' dir='ltr'>videntes</span> <span class='ocrx_word' id='word_1_420' title='bbox 1453 884 1510 914; x_wconf 89' lang='lat' dir='ltr'>filii</span> <span class='ocrx_word' id='word_1_421' title='bbox 1526 884 1579 915; x_wconf 90' lang='lat' dir='ltr'>Dei</span> <span class='ocrx_word' id='word_1_422' title='bbox 1594 884 1674 915; x_wconf 84' lang='lat' dir='ltr'>filias</span> <span class='ocrx_word' id='word_1_423' title='bbox 1689 884 1799 914; x_wconf 90' lang='lat' dir='ltr'>homi-</span> 
     </span>
     <span class='ocr_line' id='line_1_60' title="bbox 1026 938 1798 978; baseline 0 -10"><span class='ocrx_word' id='word_1_424' title='bbox 1026 947 1104 968; x_wconf 84' lang='lat' dir='ltr'>nnm</span> <span class='ocrx_word' id='word_1_425' title='bbox 1121 939 1204 978; x_wconf 83' lang='lat' dir='ltr'>quod</span> <span class='ocrx_word' id='word_1_426' title='bbox 1221 941 1324 969; x_wconf 87' lang='lat' dir='ltr'>essent</span> <span class='ocrx_word' id='word_1_427' title='bbox 1348 938 1488 978; x_wconf 68' lang='lat' dir='ltr'>pulchra}</span> <span class='ocrx_word' id='word_1_428' title='bbox 1501 962 1508 975; x_wconf 86' lang='lat'>,</span> <span class='ocrx_word' id='word_1_429' title='bbox 1530 940 1718 978; x_wconf 86' lang='lat' dir='ltr'>acceperunt</span> <span class='ocrx_word' id='word_1_430' title='bbox 1739 938 1798 977; x_wconf 82' lang='lat' dir='ltr'>sibi</span> 
     </span>
     <span class='ocr_line' id='line_1_61' title="bbox 1026 991 1799 1031; baseline 0 -9"><span class='ocrx_word' id='word_1_431' title='bbox 1026 1000 1144 1022; x_wconf 83' lang='lat' dir='ltr'>uxores</span> <span class='ocrx_word' id='word_1_432' title='bbox 1159 1001 1199 1022; x_wconf 78' lang='lat' dir='ltr'>ex</span> <span class='ocrx_word' id='word_1_433' title='bbox 1213 992 1364 1022; x_wconf 87' lang='lat' dir='ltr'>omnibus</span> <span class='ocrx_word' id='word_1_434' title='bbox 1379 1001 1458 1031; x_wconf 86' lang='lat' dir='ltr'>quas</span> <span class='ocrx_word' id='word_1_435' title='bbox 1471 992 1645 1031; x_wconf 85' lang='lat' dir='ltr'>elegerant.</span> <span class='ocrx_word' id='word_1_436' title='bbox 1662 1002 1677 1020; x_wconf 75' lang='lat' dir='ltr'>n</span> <span class='ocrx_word' id='word_1_437' title='bbox 1695 991 1734 1022; x_wconf 87' lang='lat' dir='ltr'>Et</span> <span class='ocrx_word' id='word_1_438' title='bbox 1747 1000 1799 1022; x_wconf 89' lang='lat' dir='ltr'>su-</span> 
     </span>
     <span class='ocr_line' id='line_1_62' title="bbox 1026 1044 1799 1084; baseline 0 -10"><span class='ocrx_word' id='word_1_439' title='bbox 1026 1053 1083 1083; x_wconf 85' lang='lat' dir='ltr'>pra</span> <span class='ocrx_word' id='word_1_440' title='bbox 1097 1045 1116 1061; x_wconf 84' lang='lat'>¹¹</span> <span class='ocrx_word' id='word_1_441' title='bbox 1133 1056 1139 1074; x_wconf 94' lang='lat'>:</span> <span class='ocrx_word' id='word_1_442' title='bbox 1160 1044 1322 1075; x_wconf 74' lang='lat' dir='ltr'>«Uxorem</span> <span class='ocrx_word' id='word_1_443' title='bbox 1344 1045 1420 1076; x_wconf 80' lang='lat' dir='ltr'>duxi</span> <span class='ocrx_word' id='word_1_444' title='bbox 1435 1069 1442 1082; x_wconf 96' lang='lat'>,</span> <span class='ocrx_word' id='word_1_445' title='bbox 1458 1047 1489 1076; x_wconf 87' lang='lat' dir='ltr'>et</span> <span class='ocrx_word' id='word_1_446' title='bbox 1505 1045 1574 1076; x_wconf 92' lang='lat' dir='ltr'>ideo</span> <span class='ocrx_word' id='word_1_447' title='bbox 1589 1053 1655 1075; x_wconf 90' lang='lat' dir='ltr'>non</span> <span class='ocrx_word' id='word_1_448' title='bbox 1669 1053 1799 1084; x_wconf 87' lang='lat' dir='ltr'>possum</span> 
     </span>
     <span class='ocr_line' id='line_1_63' title="bbox 1027 1098 1796 1137; baseline 0 -9"><span class='ocrx_word' id='word_1_449' title='bbox 1027 1098 1169 1129; x_wconf 76' lang='lat' dir='ltr'>venire.»</span> <span class='ocrx_word' id='word_1_450' title='bbox 1188 1098 1226 1129; x_wconf 86' lang='lat' dir='ltr'>Et</span> <span class='ocrx_word' id='word_1_451' title='bbox 1239 1105 1315 1129; x_wconf 76' lang='lat' dir='ltr'>tunc</span> <span class='ocrx_word' id='word_1_452' title='bbox 1328 1099 1391 1137; x_wconf 77' lang='lat' dir='ltr'>filii</span> <span class='ocrx_word' id='word_1_453' title='bbox 1402 1098 1512 1129; x_wconf 66' lang='lat' dir='ltr'>saeculi</span> <span class='ocrx_word' id='word_1_454' title='bbox 1525 1100 1616 1129; x_wconf 85' lang='lat' dir='ltr'>sonat</span> <span class='ocrx_word' id='word_1_455' title='bbox 1626 1098 1659 1128; x_wconf 92' lang='lat' dir='ltr'>in</span> <span class='ocrx_word' id='word_1_456' title='bbox 1670 1098 1796 1136; x_wconf 88' lang='lat' dir='ltr'>vitium,</span> 
     </span>
     <span class='ocr_line' id='line_1_64' title="bbox 1025 1151 1800 1191; baseline 0.001 -11"><span class='ocrx_word' id='word_1_457' title='bbox 1025 1151 1107 1181; x_wconf 87' lang='lat' dir='ltr'>sicut</span> <span class='ocrx_word' id='word_1_458' title='bbox 1127 1154 1157 1181; x_wconf 89' lang='lat' dir='ltr'>et</span> <span class='ocrx_word' id='word_1_459' title='bbox 1178 1160 1273 1190; x_wconf 87' lang='lat' dir='ltr'>supra</span> <span class='ocrx_word' id='word_1_460' title='bbox 1294 1153 1314 1168; x_wconf 66' lang='lat'>¹2</span> <span class='ocrx_word' id='word_1_461' title='bbox 1335 1163 1342 1182; x_wconf 90' lang='lat'>:</span> <span class='ocrx_word' id='word_1_462' title='bbox 1364 1163 1378 1180; x_wconf 86' lang='lat'>«</span> <span class='ocrx_word' id='word_1_463' title='bbox 1393 1151 1463 1182; x_wconf 72' lang='lat' dir='ltr'>filii</span> <span class='ocrx_word' id='word_1_464' title='bbox 1478 1152 1576 1191; x_wconf 85' lang='lat' dir='ltr'>hujus</span> <span class='ocrx_word' id='word_1_465' title='bbox 1595 1151 1703 1182; x_wconf 76' lang='lat' dir='ltr'>saeculi</span> <span class='ocrx_word' id='word_1_466' title='bbox 1722 1159 1800 1190; x_wconf 91' lang='lat' dir='ltr'>pru-</span> 
     </span>
     <span class='ocr_line' id='line_1_65' title="bbox 1026 1204 1799 1242; baseline -0.001 -8"><span class='ocrx_word' id='word_1_467' title='bbox 1026 1204 1183 1235; x_wconf 87' lang='lat' dir='ltr'>dentiores</span> <span class='ocrx_word' id='word_1_468' title='bbox 1205 1204 1279 1234; x_wconf 83' lang='lat' dir='ltr'>filiis</span> <span class='ocrx_word' id='word_1_469' title='bbox 1298 1205 1392 1242; x_wconf 86' lang='lat' dir='ltr'>lueis,</span> <span class='ocrx_word' id='word_1_470' title='bbox 1409 1215 1423 1232; x_wconf 68' lang='grc' dir='ltr'><strong>υ</strong></span> <span class='ocrx_word' id='word_1_471' title='bbox 1451 1207 1511 1235; x_wconf 89' lang='lat' dir='ltr'>ete.</span> <span class='ocrx_word' id='word_1_472' title='bbox 1537 1204 1575 1235; x_wconf 84' lang='lat' dir='ltr'>Et</span> <span class='ocrx_word' id='word_1_473' title='bbox 1594 1205 1616 1234; x_wconf 89' lang='lat' dir='ltr'>ii</span> <span class='ocrx_word' id='word_1_474' title='bbox 1646 1206 1722 1235; x_wconf 88' lang='lat' dir='ltr'>sunt</span> <span class='ocrx_word' id='word_1_475' title='bbox 1740 1204 1799 1234; x_wconf 86' lang='lat' dir='ltr'>filii</span> 
     </span>
     <span class='ocr_line' id='line_1_66' title="bbox 1026 1257 1799 1289; baseline 0.001 -3"><span class='ocrx_word' id='word_1_476' title='bbox 1026 1257 1150 1287; x_wconf 64' lang='lat' dir='ltr'>ancillae</span> <span class='ocrx_word' id='word_1_477' title='bbox 1166 1267 1240 1288; x_wconf 87' lang='lat' dir='ltr'>eum</span> <span class='ocrx_word' id='word_1_478' title='bbox 1261 1258 1325 1288; x_wconf 83' lang='lat' dir='ltr'>tilio</span> <span class='ocrx_word' id='word_1_479' title='bbox 1347 1258 1466 1288; x_wconf 81' lang='lat' dir='ltr'>liberae..</span> <span class='ocrx_word' id='word_1_480' title='bbox 1489 1258 1549 1289; x_wconf 91' lang='lat' dir='ltr'>Sed</span> <span class='ocrx_word' id='word_1_481' title='bbox 1570 1259 1722 1288; x_wconf 88' lang='lat' dir='ltr'>neutrum</span> <span class='ocrx_word' id='word_1_482' title='bbox 1739 1257 1799 1287; x_wconf 90' lang='lat' dir='ltr'>ho-</span> 
     </span>
     <span class='ocr_line' id='line_1_67' title="bbox 1027 1309 1797 1348; baseline 0 -8"><span class='ocrx_word' id='word_1_483' title='bbox 1027 1319 1102 1340; x_wconf 89' lang='lat' dir='ltr'>rum</span> <span class='ocrx_word' id='word_1_484' title='bbox 1117 1311 1177 1341; x_wconf 87' lang='lat' dir='ltr'>erit</span> <span class='ocrx_word' id='word_1_485' title='bbox 1192 1310 1225 1340; x_wconf 89' lang='lat' dir='ltr'>in</span> <span class='ocrx_word' id='word_1_486' title='bbox 1241 1311 1538 1348; x_wconf 87' lang='lat' dir='ltr'>resurrectionibus,</span> <span class='ocrx_word' id='word_1_487' title='bbox 1558 1319 1616 1341; x_wconf 87' lang='lat' dir='ltr'>nee</span> <span class='ocrx_word' id='word_1_488' title='bbox 1630 1309 1797 1347; x_wconf 85' lang='lat' dir='ltr'>successio,</span> 
     </span>
     <span class='ocr_line' id='line_1_68' title="bbox 1027 1363 1796 1403; baseline 0.001 -10"><span class='ocrx_word' id='word_1_489' title='bbox 1027 1372 1085 1393; x_wconf 88' lang='lat' dir='ltr'>nec</span> <span class='ocrx_word' id='word_1_490' title='bbox 1100 1363 1236 1393; x_wconf 87' lang='lat' dir='ltr'>carnalis</span> <span class='ocrx_word' id='word_1_491' title='bbox 1251 1363 1435 1400; x_wconf 78' lang='lat' dir='ltr'>delectatio3</span> <span class='ocrx_word' id='word_1_492' title='bbox 1452 1363 1522 1394; x_wconf 88' lang='lat' dir='ltr'>ideo</span> <span class='ocrx_word' id='word_1_493' title='bbox 1538 1363 1646 1394; x_wconf 84' lang='lat' dir='ltr'>subdit</span> <span class='ocrx_word' id='word_1_494' title='bbox 1663 1364 1704 1403; x_wconf 89' lang='lat' dir='ltr'>(v.</span> <span class='ocrx_word' id='word_1_495' title='bbox 1722 1363 1769 1402; x_wconf 79' lang='lat'>35)</span> <span class='ocrx_word' id='word_1_496' title='bbox 1789 1373 1796 1394; x_wconf 90' lang='lat'>:</span> 
     </span>
     <span class='ocr_line' id='line_1_69' title="bbox 1027 1415 1796 1456; baseline 0 -10"><span class='ocrx_word' id='word_1_497' title='bbox 1027 1416 1082 1446; x_wconf 88' lang='lat' dir='ltr'>Illi</span> <span class='ocrx_word' id='word_1_498' title='bbox 1095 1424 1168 1447; x_wconf 78' lang='lat' dir='ltr'>vero</span> <span class='ocrx_word' id='word_1_499' title='bbox 1184 1417 1242 1456; x_wconf 76' lang='lat' dir='ltr'>qui</span> <span class='ocrx_word' id='word_1_500' title='bbox 1256 1416 1348 1456; x_wconf 65' lang='lat' dir='ltr'>dissui</span> <span class='ocrx_word' id='word_1_501' title='bbox 1369 1416 1568 1446; x_wconf 72' lang='lat' dir='ltr'>habebuntur</span> <span class='ocrx_word' id='word_1_502' title='bbox 1585 1416 1699 1448; x_wconf 82' lang='lat' dir='ltr'>soeculo</span> <span class='ocrx_word' id='word_1_503' title='bbox 1723 1415 1796 1453; x_wconf 87' lang='lat' dir='ltr'>illo,</span> 
     </span>
     <span class='ocr_line' id='line_1_70' title="bbox 1028 1469 1796 1509; baseline 0.001 -11"><span class='ocrx_word' id='word_1_504' title='bbox 1028 1473 1057 1498; x_wconf 75' lang='lat' dir='ltr'>et</span> <span class='ocrx_word' id='word_1_505' title='bbox 1072 1469 1301 1499; x_wconf 73' lang='lat' dir='ltr'>resurrectione</span> <span class='ocrx_word' id='word_1_506' title='bbox 1321 1478 1361 1498; x_wconf 67' lang='lat' dir='ltr'>esc</span> <span class='ocrx_word' id='word_1_507' title='bbox 1378 1470 1533 1507; x_wconf 71' lang='lat' dir='ltr'>mortuis,</span> <span class='ocrx_word' id='word_1_508' title='bbox 1552 1478 1653 1509; x_wconf 75' lang='lat' dir='ltr'>neque</span> <span class='ocrx_word' id='word_1_509' title='bbox 1667 1470 1796 1507; x_wconf 79' lang='lat' dir='ltr'>nubent,</span> 
     </span>
     <span class='ocr_line' id='line_1_71' title="bbox 1027 1521 1797 1562; baseline 0.001 -11"><span class='ocrx_word' id='word_1_510' title='bbox 1027 1531 1129 1561; x_wconf 76' lang='lat' dir='ltr'>neque</span> <span class='ocrx_word' id='word_1_511' title='bbox 1148 1521 1264 1551; x_wconf 78' lang='lat' dir='ltr'>ducent</span> <span class='ocrx_word' id='word_1_512' title='bbox 1278 1530 1392 1551; x_wconf 71' lang='lat' dir='ltr'>uxores</span> <span class='ocrx_word' id='word_1_513' title='bbox 1407 1530 1417 1552; x_wconf 94' lang='grc'>.·</span> <span class='ocrx_word' id='word_1_514' title='bbox 1432 1531 1535 1561; x_wconf 77' lang='lat' dir='ltr'>neque</span> <span class='ocrx_word' id='word_1_515' title='bbox 1547 1522 1676 1559; x_wconf 76' lang='lat' dir='ltr'>nubent,</span> <span class='ocrx_word' id='word_1_516' title='bbox 1694 1530 1797 1562; x_wconf 84' lang='lat' dir='ltr'>quan-</span> 
     </span>
     <span class='ocr_line' id='line_1_72' title="bbox 1026 1574 1797 1614; baseline 0.001 -11"><span class='ocrx_word' id='word_1_517' title='bbox 1026 1576 1094 1603; x_wconf 82' lang='lat' dir='ltr'>tum</span> <span class='ocrx_word' id='word_1_518' title='bbox 1109 1574 1148 1604; x_wconf 83' lang='lat' dir='ltr'>ad</span> <span class='ocrx_word' id='word_1_519' title='bbox 1164 1574 1309 1604; x_wconf 81' lang='lat' dir='ltr'>soeminas</span> <span class='ocrx_word' id='word_1_520' title='bbox 1323 1585 1330 1611; x_wconf 87' lang='lat'>;</span> <span class='ocrx_word' id='word_1_521' title='bbox 1357 1583 1459 1614; x_wconf 78' lang='lat' dir='ltr'>neque</span> <span class='ocrx_word' id='word_1_522' title='bbox 1480 1574 1596 1604; x_wconf 75' lang='lat' dir='ltr'>ducent</span> <span class='ocrx_word' id='word_1_523' title='bbox 1609 1597 1619 1612; x_wconf 89' lang='lat'>,</span> <span class='ocrx_word' id='word_1_524' title='bbox 1639 1577 1797 1613; x_wconf 86' lang='lat' dir='ltr'>quantum</span> 
     </span>
     <span class='ocr_line' id='line_1_73' title="bbox 1026 1627 1794 1667; baseline 0.003 -11"><span class='ocrx_word' id='word_1_525' title='bbox 1026 1627 1065 1657; x_wconf 86' lang='lat' dir='ltr'>ad</span> <span class='ocrx_word' id='word_1_526' title='bbox 1081 1627 1176 1657; x_wconf 76' lang='lat' dir='ltr'>viros.</span> <span class='ocrx_word' id='word_1_527' title='bbox 1195 1627 1315 1667; x_wconf 69' lang='lat' dir='ltr'>Diqnos</span> <span class='ocrx_word' id='word_1_528' title='bbox 1331 1627 1561 1657; x_wconf 81' lang='lat' dir='ltr'>resurreetione</span> <span class='ocrx_word' id='word_1_529' title='bbox 1576 1629 1668 1657; x_wconf 84' lang='lat' dir='ltr'>vocat</span> <span class='ocrx_word' id='word_1_530' title='bbox 1680 1628 1794 1666; x_wconf 56' lang='lat' dir='ltr'>justos</span> 
     </span>
     <span class='ocr_line' id='line_1_74' title="bbox 1026 1678 1797 1719; baseline 0.001 -10"><span class='ocrx_word' id='word_1_531' title='bbox 1026 1678 1180 1719; x_wconf 82' lang='lat' dir='ltr'>Loquitur</span> <span class='ocrx_word' id='word_1_532' title='bbox 1208 1680 1258 1709; x_wconf 83' lang='lat' dir='ltr'>hic</span> <span class='ocrx_word' id='word_1_533' title='bbox 1290 1680 1465 1719; x_wconf 79' lang='lat' dir='ltr'>specialiter</span> <span class='ocrx_word' id='word_1_534' title='bbox 1499 1680 1536 1710; x_wconf 92' lang='lat' dir='ltr'>de</span> <span class='ocrx_word' id='word_1_535' title='bbox 1566 1680 1797 1711; x_wconf 87' lang='lat' dir='ltr'>resurreetione</span> 
     </span>
     <span class='ocr_line' id='line_1_75' title="bbox 1027 1733 1797 1772; baseline 0.003 -10"><span class='ocrx_word' id='word_1_536' title='bbox 1027 1734 1229 1762; x_wconf 86' lang='lat' dir='ltr'>mortuorum</span> <span class='ocrx_word' id='word_1_537' title='bbox 1241 1734 1423 1772; x_wconf 68' lang='lat' dir='ltr'>Ju5101‘um‚</span> <span class='ocrx_word' id='word_1_538' title='bbox 1441 1733 1497 1772; x_wconf 87' lang='lat' dir='ltr'>qui</span> <span class='ocrx_word' id='word_1_539' title='bbox 1514 1741 1579 1763; x_wconf 89' lang='lat' dir='ltr'>non</span> <span class='ocrx_word' id='word_1_540' title='bbox 1598 1735 1723 1764; x_wconf 89' lang='lat' dir='ltr'>tantum</span> <span class='ocrx_word' id='word_1_541' title='bbox 1746 1742 1797 1764; x_wconf 91' lang='lat' dir='ltr'>re-</span> 
     </span>
     <span class='ocr_line' id='line_1_76' title="bbox 1026 1785 1796 1824; baseline 0.001 -9"><span class='ocrx_word' id='word_1_542' title='bbox 1026 1787 1181 1824; x_wconf 76' lang='lat' dir='ltr'>surgent,</span> <span class='ocrx_word' id='word_1_543' title='bbox 1205 1794 1319 1815; x_wconf 84' lang='lat' dir='ltr'>verum</span> <span class='ocrx_word' id='word_1_544' title='bbox 1339 1786 1434 1816; x_wconf 82' lang='lat' dir='ltr'>etiam</span> <span class='ocrx_word' id='word_1_545' title='bbox 1452 1785 1721 1824; x_wconf 82' lang='lat' dir='ltr'>immutabuntur,</span> <span class='ocrx_word' id='word_1_546' title='bbox 1744 1795 1796 1816; x_wconf 86' lang='lat' dir='ltr'>se-</span> 
     </span>
     <span class='ocr_line' id='line_1_77' title="bbox 1026 1838 1797 1878; baseline 0.003 -10"><span class='ocrx_word' id='word_1_547' title='bbox 1026 1838 1167 1869; x_wconf 86' lang='lat' dir='ltr'>cundum</span> <span class='ocrx_word' id='word_1_548' title='bbox 1186 1838 1264 1869; x_wconf 77' lang='lat' dir='ltr'>illud</span> <span class='ocrx_word' id='word_1_549' title='bbox 1279 1838 1299 1854; x_wconf 77' lang='lat'>¹³</span> <span class='ocrx_word' id='word_1_550' title='bbox 1317 1849 1323 1869; x_wconf 77' lang='lat' dir='ltr'><em>z</em></span> <span class='ocrx_word' id='word_1_551' title='bbox 1345 1850 1359 1867; x_wconf 90' lang='lat'>«</span> <span class='ocrx_word' id='word_1_552' title='bbox 1375 1838 1489 1869; x_wconf 89' lang='lat' dir='ltr'>Omnes</span> <span class='ocrx_word' id='word_1_553' title='bbox 1505 1839 1637 1878; x_wconf 87' lang='lat' dir='ltr'>quidem</span> <span class='ocrx_word' id='word_1_554' title='bbox 1652 1848 1797 1878; x_wconf 75' lang='lat' dir='ltr'>resurge·</span> 
     </span>
     <span class='ocr_line' id='line_1_78' title="bbox 1026 1891 1796 1930; baseline 0 -8"><span class='ocrx_word' id='word_1_555' title='bbox 1026 1901 1114 1930; x_wconf 87' lang='lat' dir='ltr'>mus,</span> <span class='ocrx_word' id='word_1_556' title='bbox 1140 1892 1193 1923; x_wconf 85' lang='lat' dir='ltr'>sed</span> <span class='ocrx_word' id='word_1_557' title='bbox 1215 1901 1279 1923; x_wconf 90' lang='lat' dir='ltr'>non</span> <span class='ocrx_word' id='word_1_558' title='bbox 1305 1901 1415 1922; x_wconf 88' lang='lat' dir='ltr'>omnes</span> <span class='ocrx_word' id='word_1_559' title='bbox 1440 1891 1724 1922; x_wconf 83' lang='lat' dir='ltr'>immutabimur.»</span> <span class='ocrx_word' id='word_1_560' title='bbox 1744 1892 1796 1922; x_wconf 84' lang='lat' dir='ltr'>Se-</span> 
     </span>
     <span class='ocr_line' id='line_1_79' title="bbox 1026 1945 1797 1984; baseline 0 -9"><span class='ocrx_word' id='word_1_561' title='bbox 1026 1945 1135 1984; x_wconf 88' lang='lat' dir='ltr'>quitur</span> <span class='ocrx_word' id='word_1_562' title='bbox 1153 1955 1159 1975; x_wconf 85' lang='lat'>:</span> <span class='ocrx_word' id='word_1_563' title='bbox 1184 1956 1197 1973; x_wconf 91' lang='lat'>«</span> <span class='ocrx_word' id='word_1_564' title='bbox 1212 1945 1307 1976; x_wconf 83' lang='lat' dir='ltr'>Canet</span> <span class='ocrx_word' id='word_1_565' title='bbox 1329 1946 1415 1976; x_wconf 86' lang='lat' dir='ltr'>enim</span> <span class='ocrx_word' id='word_1_566' title='bbox 1432 1946 1527 1983; x_wconf 85' lang='lat' dir='ltr'>tuba,</span> <span class='ocrx_word' id='word_1_567' title='bbox 1549 1947 1580 1975; x_wconf 88' lang='lat' dir='ltr'>et</span> <span class='ocrx_word' id='word_1_568' title='bbox 1606 1945 1724 1976; x_wconf 88' lang='lat' dir='ltr'>mortui</span> <span class='ocrx_word' id='word_1_569' title='bbox 1743 1954 1797 1976; x_wconf 90' lang='lat' dir='ltr'>re-</span> 
     </span>
     <span class='ocr_line' id='line_1_80' title="bbox 1025 1997 1793 2037; baseline -0.003 -9"><span class='ocrx_word' id='word_1_570' title='bbox 1025 2000 1160 2036; x_wconf 81' lang='lat' dir='ltr'>surgent</span> <span class='ocrx_word' id='word_1_571' title='bbox 1174 1998 1366 2037; x_wconf 83' lang='lat' dir='ltr'>incorrupti,</span> <span class='ocrx_word' id='word_1_572' title='bbox 1384 2000 1416 2028; x_wconf 86' lang='lat' dir='ltr'>et</span> <span class='ocrx_word' id='word_1_573' title='bbox 1432 2007 1490 2028; x_wconf 90' lang='lat' dir='ltr'>nos</span> <span class='ocrx_word' id='word_1_574' title='bbox 1508 1997 1761 2029; x_wconf 86' lang='lat' dir='ltr'>immutabimur.</span> <span class='ocrx_word' id='word_1_575' title='bbox 1777 2008 1793 2026; x_wconf 86' lang='lat'>»</span> 
     </span>
     <span class='ocr_line' id='line_1_81' title="bbox 1026 2050 1797 2090; baseline 0.003 -10"><span class='ocrx_word' id='word_1_576' title='bbox 1026 2050 1110 2080; x_wconf 87' lang='lat' dir='ltr'>Licet</span> <span class='ocrx_word' id='word_1_577' title='bbox 1131 2060 1208 2090; x_wconf 81' lang='lat' dir='ltr'>ergo</span> <span class='ocrx_word' id='word_1_578' title='bbox 1222 2051 1297 2081; x_wconf 85' lang='lat' dir='ltr'>mali</span> <span class='ocrx_word' id='word_1_579' title='bbox 1312 2053 1484 2090; x_wconf 79' lang='lat' dir='ltr'>resurgant</span> <span class='ocrx_word' id='word_1_580' title='bbox 1502 2059 1575 2081; x_wconf 92' lang='lat' dir='ltr'>eum</span> <span class='ocrx_word' id='word_1_581' title='bbox 1590 2051 1698 2089; x_wconf 86' lang='lat' dir='ltr'>honis,</span> <span class='ocrx_word' id='word_1_582' title='bbox 1715 2051 1797 2082; x_wconf 87' lang='lat' dir='ltr'>sicut</span> 
     </span>
     <span class='ocr_line' id='line_1_82' title="bbox 1025 2103 1796 2144; baseline 0.001 -11"><span class='ocrx_word' id='word_1_583' title='bbox 1025 2103 1140 2134; x_wconf 86' lang='lat' dir='ltr'>dicitur</span> <span class='ocrx_word' id='word_1_584' title='bbox 1156 2104 1177 2119; x_wconf 63' lang='lat'>²⁴</span> <span class='ocrx_word' id='word_1_585' title='bbox 1195 2115 1201 2134; x_wconf 91' lang='lat'>:</span> <span class='ocrx_word' id='word_1_586' title='bbox 1214 2115 1228 2132; x_wconf 79' lang='grc' dir='ltr'>(ι</span> <span class='ocrx_word' id='word_1_587' title='bbox 1244 2103 1336 2134; x_wconf 88' lang='lat' dir='ltr'>Venit</span> <span class='ocrx_word' id='word_1_588' title='bbox 1350 2104 1429 2134; x_wconf 83' lang='lat' dir='ltr'>hora</span> <span class='ocrx_word' id='word_1_589' title='bbox 1442 2104 1476 2133; x_wconf 90' lang='lat' dir='ltr'>in</span> <span class='ocrx_word' id='word_1_590' title='bbox 1491 2112 1554 2142; x_wconf 84' lang='lat' dir='ltr'>qua</span> <span class='ocrx_word' id='word_1_591' title='bbox 1568 2112 1678 2134; x_wconf 84' lang='lat' dir='ltr'>omnes</span> <span class='ocrx_word' id='word_1_592' title='bbox 1693 2104 1748 2144; x_wconf 90' lang='lat' dir='ltr'>qui</span> <span class='ocrx_word' id='word_1_593' title='bbox 1762 2104 1796 2134; x_wconf 92' lang='lat' dir='ltr'>in</span> 
     </span>
     <span class='ocr_line' id='line_1_83' title="bbox 1026 2155 1791 2194; baseline -0.003 -8"><span class='ocrx_word' id='word_1_594' title='bbox 1026 2156 1239 2186; x_wconf 86' lang='lat' dir='ltr'>monumentis</span> <span class='ocrx_word' id='word_1_595' title='bbox 1259 2158 1333 2186; x_wconf 88' lang='lat' dir='ltr'>sunt</span> <span class='ocrx_word' id='word_1_596' title='bbox 1343 2179 1351 2193; x_wconf 86' lang='lat'>,</span> <span class='ocrx_word' id='word_1_597' title='bbox 1367 2156 1496 2186; x_wconf 85' lang='lat' dir='ltr'>audient</span> <span class='ocrx_word' id='word_1_598' title='bbox 1512 2164 1622 2186; x_wconf 88' lang='lat' dir='ltr'>vocem</span> <span class='ocrx_word' id='word_1_599' title='bbox 1637 2155 1682 2186; x_wconf 83' lang='lat' dir='ltr'>fili</span> <span class='ocrx_word' id='word_1_600' title='bbox 1696 2155 1765 2194; x_wconf 81' lang='lat' dir='ltr'>Dei3</span> <span class='ocrx_word' id='word_1_601' title='bbox 1776 2167 1791 2184; x_wconf 78' lang='grc' dir='ltr'>ι)</span> 
     </span>
     <span class='ocr_line' id='line_1_84' title="bbox 1025 2208 1795 2248; baseline 0.001 -9"><span class='ocrx_word' id='word_1_602' title='bbox 1025 2211 1132 2240; x_wconf 85' lang='lat' dir='ltr'>tamen</span> <span class='ocrx_word' id='word_1_603' title='bbox 1162 2209 1201 2240; x_wconf 88' lang='lat' dir='ltr'>de</span> <span class='ocrx_word' id='word_1_604' title='bbox 1228 2209 1321 2239; x_wconf 86' lang='lat' dir='ltr'>bonis</span> <span class='ocrx_word' id='word_1_605' title='bbox 1355 2208 1531 2248; x_wconf 85' lang='lat' dir='ltr'>specialiter</span> <span class='ocrx_word' id='word_1_606' title='bbox 1557 2208 1716 2248; x_wconf 88' lang='lat' dir='ltr'>loquitur,</span> <span class='ocrx_word' id='word_1_607' title='bbox 1741 2209 1795 2248; x_wconf 91' lang='lat' dir='ltr'>qui</span> 
     </span>
     <span class='ocr_line' id='line_1_85' title="bbox 1025 2261 1796 2302; baseline 0.001 -11"><span class='ocrx_word' id='word_1_608' title='bbox 1025 2264 1117 2292; x_wconf 87' lang='lat' dir='ltr'>erunt</span> <span class='ocrx_word' id='word_1_609' title='bbox 1143 2261 1255 2292; x_wconf 85' lang='lat' dir='ltr'>elevati</span> <span class='ocrx_word' id='word_1_610' title='bbox 1278 2270 1375 2301; x_wconf 88' lang='lat' dir='ltr'>supra</span> <span class='ocrx_word' id='word_1_611' title='bbox 1401 2263 1526 2300; x_wconf 86' lang='lat' dir='ltr'>tempus</span> <span class='ocrx_word' id='word_1_612' title='bbox 1549 2263 1580 2291; x_wconf 90' lang='lat' dir='ltr'>et</span> <span class='ocrx_word' id='word_1_613' title='bbox 1607 2261 1796 2302; x_wconf 85' lang='lat' dir='ltr'>temporales</span> 
     </span>
     <span class='ocr_line' id='line_1_86' title="bbox 1025 2314 1796 2354; baseline 0.001 -9"><span class='ocrx_word' id='word_1_614' title='bbox 1025 2317 1149 2352; x_wconf 87' lang='lat' dir='ltr'>motus,</span> <span class='ocrx_word' id='word_1_615' title='bbox 1174 2324 1210 2345; x_wconf 87' lang='lat' dir='ltr'>ac</span> <span class='ocrx_word' id='word_1_616' title='bbox 1229 2323 1285 2354; x_wconf 90' lang='lat' dir='ltr'>per</span> <span class='ocrx_word' id='word_1_617' title='bbox 1308 2315 1370 2345; x_wconf 87' lang='lat' dir='ltr'>hoc</span> <span class='ocrx_word' id='word_1_618' title='bbox 1389 2317 1420 2344; x_wconf 88' lang='lat' dir='ltr'>et</span> <span class='ocrx_word' id='word_1_619' title='bbox 1443 2322 1540 2353; x_wconf 87' lang='lat' dir='ltr'>supra</span> <span class='ocrx_word' id='word_1_620' title='bbox 1559 2314 1750 2354; x_wconf 75' lang='lat' dir='ltr'>coniugium</span> <span class='ocrx_word' id='word_1_621' title='bbox 1765 2317 1796 2346; x_wconf 85' lang='lat' dir='ltr'>et</span> 
     </span>
     <span class='ocr_line' id='line_1_87' title="bbox 1024 2368 1460 2398; baseline 0 0"><span class='ocrx_word' id='word_1_622' title='bbox 1024 2376 1153 2398; x_wconf 88' lang='lat' dir='ltr'>omnem</span> <span class='ocrx_word' id='word_1_623' title='bbox 1167 2368 1327 2398; x_wconf 87' lang='lat' dir='ltr'>carnalem</span> <span class='ocrx_word' id='word_1_624' title='bbox 1342 2370 1460 2398; x_wconf 85' lang='lat' dir='ltr'>actum.</span> 
     </span>
    </p>

    <p class='ocr_par' dir='ltr' id='par_1_8' title="bbox 1022 2420 1796 2567">
     <span class='ocr_line' id='line_1_88' title="bbox 1064 2420 1794 2460; baseline 0 -9"><span class='ocrx_word' id='word_1_625' title='bbox 1064 2420 1227 2459; x_wconf 86' lang='lat' dir='ltr'>Secundo,</span> <span class='ocrx_word' id='word_1_626' title='bbox 1254 2423 1410 2460; x_wconf 80' lang='lat' dir='ltr'>quantum</span> <span class='ocrx_word' id='word_1_627' title='bbox 1430 2421 1468 2451; x_wconf 89' lang='lat' dir='ltr'>ad</span> <span class='ocrx_word' id='word_1_628' title='bbox 1497 2420 1675 2452; x_wconf 84' lang='lat' dir='ltr'>assertionis</span> <span class='ocrx_word' id='word_1_629' title='bbox 1693 2420 1794 2451; x_wconf 86' lang='lat' dir='ltr'>ratio-</span> 
     </span>
     <span class='ocr_line' id='line_1_89' title="bbox 1024 2472 1796 2514; baseline 0.001 -11"><span class='ocrx_word' id='word_1_630' title='bbox 1024 2482 1109 2512; x_wconf 84' lang='lat' dir='ltr'>nem⁷</span> <span class='ocrx_word' id='word_1_631' title='bbox 1125 2473 1231 2504; x_wconf 87' lang='lat' dir='ltr'>subdit</span> <span class='ocrx_word' id='word_1_632' title='bbox 1248 2474 1289 2513; x_wconf 87' lang='lat' dir='ltr'>(v.</span> <span class='ocrx_word' id='word_1_633' title='bbox 1309 2475 1374 2511; x_wconf 78' lang='lat'>36):</span> <span class='ocrx_word' id='word_1_634' title='bbox 1391 2474 1502 2514; x_wconf 80' lang='lat' dir='ltr'>Neque</span> <span class='ocrx_word' id='word_1_635' title='bbox 1519 2474 1604 2504; x_wconf 84' lang='lat' dir='ltr'>enim</span> <span class='ocrx_word' id='word_1_636' title='bbox 1615 2472 1701 2503; x_wconf 79' lang='lat' dir='ltr'>ultra</span> <span class='ocrx_word' id='word_1_637' title='bbox 1711 2474 1796 2504; x_wconf 79' lang='lat' dir='ltr'>mori</span> 
     </span>
     <span class='ocr_line' id='line_1_90' title="bbox 1022 2527 1793 2567; baseline 0 -10"><span class='ocrx_word' id='word_1_638' title='bbox 1022 2531 1182 2566; x_wconf 77' lang='lat' dir='ltr'>poterunt.</span> <span class='ocrx_word' id='word_1_639' title='bbox 1194 2527 1315 2566; x_wconf 80' lang='lat' dir='ltr'>Exque</span> <span class='ocrx_word' id='word_1_640' title='bbox 1330 2527 1484 2566; x_wconf 87' lang='lat' dir='ltr'>sequitur,</span> <span class='ocrx_word' id='word_1_641' title='bbox 1500 2527 1584 2567; x_wconf 84' lang='lat' dir='ltr'>quod</span> <span class='ocrx_word' id='word_1_642' title='bbox 1600 2535 1716 2558; x_wconf 81' lang='lat' dir='ltr'>uxores</span> <span class='ocrx_word' id='word_1_643' title='bbox 1729 2536 1793 2558; x_wconf 90' lang='lat' dir='ltr'>non</span> 
     </span>
    </p>
   </div>
   <div class='ocr_carea' id='block_1_5' title="bbox 1025 2624 1793 2727">
    <p class='ocr_par' dir='ltr' id='par_1_9' title="bbox 1025 2624 1793 2727">
     <span class='ocr_line' id='line_1_91' title="bbox 1025 2624 1793 2655; baseline 0.001 -7"><span class='ocrx_word' id='word_1_644' title='bbox 1025 2626 1047 2648; x_wconf 87' lang='grc'>9.</span> <span class='ocrx_word' id='word_1_645' title='bbox 1064 2638 1094 2642; x_wconf 85' lang='grc'><strong>-</strong></span> <span class='ocrx_word' id='word_1_646' title='bbox 1112 2625 1130 2640; x_wconf 90' lang='lat'>¹⁰</span> <span class='ocrx_word' id='word_1_647' title='bbox 1153 2626 1223 2655; x_wconf 61' lang='lat' dir='ltr'>Gen„</span> <span class='ocrx_word' id='word_1_648' title='bbox 1241 2630 1275 2655; x_wconf 90' lang='lat' dir='ltr'>v1,</span> <span class='ocrx_word' id='word_1_649' title='bbox 1297 2626 1320 2648; x_wconf 80' lang='lat'>2.</span> <span class='ocrx_word' id='word_1_650' title='bbox 1341 2636 1370 2642; x_wconf 87' lang='lat'>-</span> <span class='ocrx_word' id='word_1_651' title='bbox 1386 2624 1404 2640; x_wconf 83' lang='lat'>¹¹</span> <span class='ocrx_word' id='word_1_652' title='bbox 1422 2624 1495 2654; x_wconf 87' lang='lat' dir='ltr'>Sup.,</span> <span class='ocrx_word' id='word_1_653' title='bbox 1512 2629 1564 2653; x_wconf 72' lang='lat' dir='ltr'>nv,</span> <span class='ocrx_word' id='word_1_654' title='bbox 1582 2626 1621 2648; x_wconf 77' lang='lat'>20.</span> <span class='ocrx_word' id='word_1_655' title='bbox 1639 2638 1671 2643; x_wconf 89' lang='lat'>—</span> <span class='ocrx_word' id='word_1_656' title='bbox 1688 2625 1709 2641; x_wconf 86' lang='lat'>¹²</span> <span class='ocrx_word' id='word_1_657' title='bbox 1721 2625 1793 2655; x_wconf 69' lang='lat' dir='ltr'>Sup„</span> 
     </span>
     <span class='ocr_line' id='line_1_92' title="bbox 1026 2660 1726 2692; baseline 0.003 -9"><span class='ocrx_word' id='word_1_658' title='bbox 1026 2666 1079 2691; x_wconf 80' lang='lat' dir='ltr'>xv1,</span> <span class='ocrx_word' id='word_1_659' title='bbox 1091 2662 1114 2683; x_wconf 88' lang='grc'>8.</span> <span class='ocrx_word' id='word_1_660' title='bbox 1129 2661 1191 2678; x_wconf 67' lang='lat'>-13</span> <span class='ocrx_word' id='word_1_661' title='bbox 1205 2660 1293 2689; x_wconf 72' lang='lat' dir='ltr'>{Cot·.‚</span> <span class='ocrx_word' id='word_1_662' title='bbox 1308 2666 1353 2689; x_wconf 81' lang='lat' dir='ltr'>xv,</span> <span class='ocrx_word' id='word_1_663' title='bbox 1367 2661 1406 2689; x_wconf 77' lang='lat'>5¹,</span> <span class='ocrx_word' id='word_1_664' title='bbox 1421 2661 1460 2683; x_wconf 72' lang='lat'>52.</span> <span class='ocrx_word' id='word_1_665' title='bbox 1477 2673 1504 2677; x_wconf 90' lang='lat'>——</span> <span class='ocrx_word' id='word_1_666' title='bbox 1519 2660 1538 2676; x_wconf 72' lang='lat'>¹⁸</span> <span class='ocrx_word' id='word_1_667' title='bbox 1552 2661 1635 2690; x_wconf 63' lang='lat' dir='ltr'>loom,</span> <span class='ocrx_word' id='word_1_668' title='bbox 1649 2667 1673 2692; x_wconf 90' lang='lat' dir='ltr'>v,</span> <span class='ocrx_word' id='word_1_669' title='bbox 1688 2662 1726 2685; x_wconf 81' lang='lat'>28.</span> 
     </span>
     <span class='ocr_line' id='line_1_93' title="bbox 1057 2694 1662 2727; baseline 0 -7"><span class='ocrx_word' id='word_1_670' title='bbox 1057 2696 1088 2727; x_wconf 86' lang='lat' dir='ltr'>(a)</span> <span class='ocrx_word' id='word_1_671' title='bbox 1102 2696 1160 2721; x_wconf 79' lang='lat' dir='ltr'>Caet.</span> <span class='ocrx_word' id='word_1_672' title='bbox 1176 2695 1237 2719; x_wconf 77' lang='lat' dir='ltr'>edit.</span> <span class='ocrx_word' id='word_1_673' title='bbox 1251 2696 1372 2720; x_wconf 63' lang='lat' dir='ltr'>joannes.</span> <span class='ocrx_word' id='word_1_674' title='bbox 1382 2708 1413 2713; x_wconf 98' lang='lat'>—</span> <span class='ocrx_word' id='word_1_675' title='bbox 1423 2695 1459 2726; x_wconf 76' lang='grc' dir='ltr'>(ὁ)</span> <span class='ocrx_word' id='word_1_676' title='bbox 1475 2694 1563 2726; x_wconf 76' lang='lat' dir='ltr'>Suppl.</span> <span class='ocrx_word' id='word_1_677' title='bbox 1578 2696 1602 2720; x_wconf 82' lang='lat' dir='ltr'>id</span> <span class='ocrx_word' id='word_1_678' title='bbox 1615 2698 1662 2720; x_wconf 87' lang='lat' dir='ltr'>est.</span> 
     </span>
    </p>
   </div>
  </div>
 </body>
</html>
