<?xml version="1.0" encoding="UTF-8"?>
<!DOCTYPE html PUBLIC "-//W3C//DTD XHTML 1.0 Transitional//EN"
    "http://www.w3.org/TR/xhtml1/DTD/xhtml1-transitional.dtd">
<html xmlns="http://www.w3.org/1999/xhtml" xml:lang="en" lang="en">
 <head>
  <title>
</title>
<meta http-equiv="Content-Type" content="text/html;charset=utf-8" />
  <meta name='ocr-system' content='tesseract 3.04.00' />
  <meta name='ocr-capabilities' content='ocr_page ocr_carea ocr_par ocr_line ocrx_word'/>
</head>
<body>
  <div class='ocr_page' id='page_1' title='image "./operaomniasixtiv11bonauoft/operaomniasixtiv11bonauoft_0476.png"; bbox 0 0 1987 3032; ppageno 0'>
   <div class='ocr_carea' id='block_1_1' title="bbox 181 202 240 230">
    <p class='ocr_par' dir='ltr' id='par_1_1' title="bbox 181 202 240 230">
     <span class='ocr_line' id='line_1_1' title="bbox 181 202 240 230; baseline 0.017 -1"><span class='ocrx_word' id='word_1_1' title='bbox 181 202 240 230; x_wconf 76' lang='lat'>458</span> 
     </span>
    </p>
   </div>
   <div class='ocr_carea' id='block_1_2' title="bbox 173 265 963 2433">
    <p class='ocr_par' dir='ltr' id='par_1_2' title="bbox 180 265 953 1081">
     <span class='ocr_line' id='line_1_2' title="bbox 181 265 950 302; baseline 0 -10"><span class='ocrx_word' id='word_1_2' title='bbox 181 272 250 300; x_wconf 85' lang='lat' dir='ltr'>gam</span> <span class='ocrx_word' id='word_1_3' title='bbox 272 272 324 293; x_wconf 78' lang='lat' dir='ltr'>vos</span> <span class='ocrx_word' id='word_1_4' title='bbox 345 265 382 302; x_wconf 85' lang='lat' dir='ltr'>(a)</span> <span class='ocrx_word' id='word_1_5' title='bbox 406 268 577 302; x_wconf 87' lang='lat' dir='ltr'>spontanee.</span> <span class='ocrx_word' id='word_1_6' title='bbox 599 276 612 293; x_wconf 92' lang='lat'>»</span> <span class='ocrx_word' id='word_1_7' title='bbox 640 267 672 293; x_wconf 89' lang='lat' dir='ltr'>Et</span> <span class='ocrx_word' id='word_1_8' title='bbox 693 266 772 301; x_wconf 88' lang='lat' dir='ltr'>patet</span> <span class='ocrx_word' id='word_1_9' title='bbox 792 265 854 299; x_wconf 89' lang='lat' dir='ltr'>ejus</span> <span class='ocrx_word' id='word_1_10' title='bbox 878 265 950 292; x_wconf 89' lang='lat' dir='ltr'>obe·</span> 
     </span>
     <span class='ocr_line' id='line_1_3' title="bbox 181 311 949 348; baseline 0.003 -10"><span class='ocrx_word' id='word_1_11' title='bbox 181 311 326 340; x_wconf 85' lang='lat' dir='ltr'>dientialis</span> <span class='ocrx_word' id='word_1_12' title='bbox 352 312 518 347; x_wconf 85' lang='lat' dir='ltr'><strong>humilitas,</strong></span> <span class='ocrx_word' id='word_1_13' title='bbox 548 313 618 348; x_wconf 89' lang='lat' dir='ltr'>quia</span> <span class='ocrx_word' id='word_1_14' title='bbox 649 312 775 340; x_wconf 85' lang='lat' dir='ltr'>servavit</span> <span class='ocrx_word' id='word_1_15' title='bbox 803 313 949 347; x_wconf 83' lang='lat' dir='ltr'>praecepta</span> 
     </span>
     <span class='ocr_line' id='line_1_4' title="bbox 180 357 949 394; baseline -0.001 -8"><span class='ocrx_word' id='word_1_16' title='bbox 180 358 281 392; x_wconf 87' lang='lat' dir='ltr'>Patris,</span> <span class='ocrx_word' id='word_1_17' title='bbox 305 359 413 394; x_wconf 86' lang='lat' dir='ltr'>supra¹</span> <span class='ocrx_word' id='word_1_18' title='bbox 431 367 437 386; x_wconf 79' lang='lat' dir='ltr'><em>z</em></span> <span class='ocrx_word' id='word_1_19' title='bbox 457 368 470 384; x_wconf 88' lang='lat'>«</span> <span class='ocrx_word' id='word_1_20' title='bbox 489 361 552 387; x_wconf 76' lang='lat' dir='ltr'>Non</span> <span class='ocrx_word' id='word_1_21' title='bbox 570 358 637 386; x_wconf 87' lang='lat' dir='ltr'>veni</span> <span class='ocrx_word' id='word_1_22' title='bbox 649 358 743 386; x_wconf 88' lang='lat' dir='ltr'>facere</span> <span class='ocrx_word' id='word_1_23' title='bbox 767 357 949 385; x_wconf 84' lang='lat' dir='ltr'>voluntatem</span> 
     </span>
     <span class='ocr_line' id='line_1_5' title="bbox 181 404 950 440; baseline -0.001 -8"><span class='ocrx_word' id='word_1_24' title='bbox 181 411 290 438; x_wconf 86' lang='lat' dir='ltr'>meam,</span> <span class='ocrx_word' id='word_1_25' title='bbox 306 404 358 432; x_wconf 89' lang='lat' dir='ltr'>sed</span> <span class='ocrx_word' id='word_1_26' title='bbox 377 405 557 432; x_wconf 86' lang='lat' dir='ltr'>voluntatem</span> <span class='ocrx_word' id='word_1_27' title='bbox 571 404 660 440; x_wconf 88' lang='lat' dir='ltr'>patris</span> <span class='ocrx_word' id='word_1_28' title='bbox 679 405 746 432; x_wconf 86' lang='lat' dir='ltr'>mei.</span> <span class='ocrx_word' id='word_1_29' title='bbox 762 406 856 432; x_wconf 83' lang='lat' dir='ltr'>»Item</span> <span class='ocrx_word' id='word_1_30' title='bbox 870 406 950 439; x_wconf 88' lang='lat' dir='ltr'>patet</span> 
     </span>
     <span class='ocr_line' id='line_1_6' title="bbox 181 450 948 486; baseline -0.001 -8"><span class='ocrx_word' id='word_1_31' title='bbox 181 450 276 478; x_wconf 89' lang='lat' dir='ltr'>meriti</span> <span class='ocrx_word' id='word_1_32' title='bbox 289 451 518 486; x_wconf 79' lang='lat' dir='ltr'>perfectibilitaS,</span> <span class='ocrx_word' id='word_1_33' title='bbox 533 458 599 486; x_wconf 80' lang='lat' dir='ltr'>quae</span> <span class='ocrx_word' id='word_1_34' title='bbox 618 451 706 478; x_wconf 89' lang='lat' dir='ltr'>debet</span> <span class='ocrx_word' id='word_1_35' title='bbox 724 458 786 478; x_wconf 87' lang='lat' dir='ltr'>esse</span> <span class='ocrx_word' id='word_1_36' title='bbox 808 450 838 477; x_wconf 88' lang='lat' dir='ltr'>in</span> <span class='ocrx_word' id='word_1_37' title='bbox 853 450 948 478; x_wconf 82' lang='lat' dir='ltr'>fideli-</span> 
     </span>
     <span class='ocr_line' id='line_1_7' title="bbox 181 496 949 532; baseline 0 -8"><span class='ocrx_word' id='word_1_38' title='bbox 181 496 248 529; x_wconf 84' lang='lat' dir='ltr'>bus,</span> <span class='ocrx_word' id='word_1_39' title='bbox 262 498 294 524; x_wconf 84' lang='lat' dir='ltr'>ut</span> <span class='ocrx_word' id='word_1_40' title='bbox 305 497 340 524; x_wconf 89' lang='lat' dir='ltr'>sit</span> <span class='ocrx_word' id='word_1_41' title='bbox 354 497 487 524; x_wconf 84' lang='lat' dir='ltr'>mansiva</span> <span class='ocrx_word' id='word_1_42' title='bbox 508 497 626 524; x_wconf 87' lang='lat' dir='ltr'>dilectio</span> <span class='ocrx_word' id='word_1_43' title='bbox 650 497 680 524; x_wconf 91' lang='lat' dir='ltr'>in</span> <span class='ocrx_word' id='word_1_44' title='bbox 701 497 815 530; x_wconf 83' lang='lat' dir='ltr'>effectu,</span> <span class='ocrx_word' id='word_1_45' title='bbox 837 498 865 524; x_wconf 91' lang='lat' dir='ltr'>et</span> <span class='ocrx_word' id='word_1_46' title='bbox 884 504 949 532; x_wconf 84' lang='lat' dir='ltr'>per-</span> 
     </span>
     <span class='ocr_line' id='line_1_8' title="bbox 181 542 949 579; baseline 0 -9"><span class='ocrx_word' id='word_1_47' title='bbox 181 542 254 570; x_wconf 85' lang='lat' dir='ltr'>fecta</span> <span class='ocrx_word' id='word_1_48' title='bbox 268 543 298 570; x_wconf 87' lang='lat' dir='ltr'>in</span> <span class='ocrx_word' id='word_1_49' title='bbox 313 543 418 570; x_wconf 83' lang='lat' dir='ltr'>affeetu</span> <span class='ocrx_word' id='word_1_50' title='bbox 434 544 564 579; x_wconf 87' lang='lat' dir='ltr'>operatio</span> <span class='ocrx_word' id='word_1_51' title='bbox 583 553 589 569; x_wconf 89' lang='lat'>:</span> <span class='ocrx_word' id='word_1_52' title='bbox 606 543 644 571; x_wconf 91' lang='lat' dir='ltr'>ad</span> <span class='ocrx_word' id='word_1_53' title='bbox 665 552 731 579; x_wconf 83' lang='lat' dir='ltr'>quae</span> <span class='ocrx_word' id='word_1_54' title='bbox 757 543 949 579; x_wconf 81' lang='lat' dir='ltr'>persuadens,</span> 
     </span>
     <span class='ocr_line' id='line_1_9' title="bbox 182 589 950 625; baseline 0.003 -9"><span class='ocrx_word' id='word_1_55' title='bbox 182 589 259 616; x_wconf 76' lang='lat' dir='ltr'>ait&#39;2:</span> <span class='ocrx_word' id='word_1_56' title='bbox 278 599 292 614; x_wconf 92' lang='lat'>«</span> <span class='ocrx_word' id='word_1_57' title='bbox 307 590 416 616; x_wconf 87' lang='lat' dir='ltr'>Manete</span> <span class='ocrx_word' id='word_1_58' title='bbox 430 589 460 616; x_wconf 91' lang='lat' dir='ltr'>in</span> <span class='ocrx_word' id='word_1_59' title='bbox 480 590 635 617; x_wconf 86' lang='lat' dir='ltr'>dilectione</span> <span class='ocrx_word' id='word_1_60' title='bbox 655 597 731 623; x_wconf 87' lang='lat' dir='ltr'>mea,</span> <span class='ocrx_word' id='word_1_61' title='bbox 757 599 770 615; x_wconf 88' lang='lat'>»</span> <span class='ocrx_word' id='word_1_62' title='bbox 786 592 839 617; x_wconf 86' lang='lat' dir='ltr'>ete.</span> <span class='ocrx_word' id='word_1_63' title='bbox 857 590 950 625; x_wconf 84' lang='lat' dir='ltr'>Supra</span> 
     </span>
     <span class='ocr_line' id='line_1_10' title="bbox 182 635 950 672; baseline 0 -8"><span class='ocrx_word' id='word_1_64' title='bbox 182 635 341 672; x_wconf 80' lang='lat' dir='ltr'>proximo³</span> <span class='ocrx_word' id='word_1_65' title='bbox 363 645 368 663; x_wconf 94' lang='lat'><strong>:</strong></span> <span class='ocrx_word' id='word_1_66' title='bbox 399 646 412 661; x_wconf 89' lang='lat'>«</span> <span class='ocrx_word' id='word_1_67' title='bbox 436 637 464 664; x_wconf 90' lang='lat' dir='ltr'>Si</span> <span class='ocrx_word' id='word_1_68' title='bbox 488 637 553 672; x_wconf 85' lang='lat' dir='ltr'>quis</span> <span class='ocrx_word' id='word_1_69' title='bbox 575 637 670 671; x_wconf 83' lang='lat' dir='ltr'>diligit</span> <span class='ocrx_word' id='word_1_70' title='bbox 693 644 760 670; x_wconf 84' lang='lat' dir='ltr'>me,</span> <span class='ocrx_word' id='word_1_71' title='bbox 783 644 950 664; x_wconf 82' lang='lat' dir='ltr'>sermonem</span> 
     </span>
     <span class='ocr_line' id='line_1_11' title="bbox 183 683 951 718; baseline 0.001 -8"><span class='ocrx_word' id='word_1_72' title='bbox 183 691 282 710; x_wconf 89' lang='lat' dir='ltr'>meum</span> <span class='ocrx_word' id='word_1_73' title='bbox 292 683 429 710; x_wconf 81' lang='lat' dir='ltr'>servabit.</span> <span class='ocrx_word' id='word_1_74' title='bbox 443 694 456 708; x_wconf 60' lang='grc' dir='ltr'>η</span> <span class='ocrx_word' id='word_1_75' title='bbox 466 685 497 710; x_wconf 84' lang='lat' dir='ltr'>Et</span> <span class='ocrx_word' id='word_1_76' title='bbox 508 684 537 710; x_wconf 92' lang='lat' dir='ltr'>in</span> <span class='ocrx_word' id='word_1_77' title='bbox 554 683 698 718; x_wconf 83' lang='lat' dir='ltr'>praedictis</span> <span class='ocrx_word' id='word_1_78' title='bbox 712 683 810 711; x_wconf 81' lang='lat' dir='ltr'>verbis</span> <span class='ocrx_word' id='word_1_79' title='bbox 819 683 951 711; x_wconf 87' lang='lat' dir='ltr'>consola-</span> 
     </span>
     <span class='ocr_line' id='line_1_12' title="bbox 183 729 950 765; baseline 0.001 -8"><span class='ocrx_word' id='word_1_80' title='bbox 183 732 228 757; x_wconf 88' lang='lat' dir='ltr'>tur</span> <span class='ocrx_word' id='word_1_81' title='bbox 255 737 324 762; x_wconf 82' lang='lat' dir='ltr'>eOS‚</span> <span class='ocrx_word' id='word_1_82' title='bbox 349 729 514 756; x_wconf 91' lang='lat' dir='ltr'>secundum</span> <span class='ocrx_word' id='word_1_83' title='bbox 538 730 822 765; x_wconf 39' lang='lat' dir='ltr'>chrysostomum&amp;</span> <span class='ocrx_word' id='word_1_84' title='bbox 849 740 862 755; x_wconf 83' lang='lat'>«</span> <span class='ocrx_word' id='word_1_85' title='bbox 888 731 950 758; x_wconf 86' lang='lat' dir='ltr'>Non</span> 
     </span>
     <span class='ocr_line' id='line_1_13' title="bbox 184 775 950 810; baseline 0.003 -8"><span class='ocrx_word' id='word_1_86' title='bbox 184 775 263 802; x_wconf 88' lang='lat' dir='ltr'>enim</span> <span class='ocrx_word' id='word_1_87' title='bbox 273 775 312 803; x_wconf 84' lang='lat' dir='ltr'>ait</span> <span class='ocrx_word' id='word_1_88' title='bbox 324 784 330 802; x_wconf 90' lang='lat'>:</span> <span class='ocrx_word' id='word_1_89' title='bbox 345 777 458 803; x_wconf 80' lang='lat' dir='ltr'>Manent</span> <span class='ocrx_word' id='word_1_90' title='bbox 469 775 498 802; x_wconf 90' lang='lat' dir='ltr'>in</span> <span class='ocrx_word' id='word_1_91' title='bbox 509 783 609 803; x_wconf 87' lang='lat' dir='ltr'>amore</span> <span class='ocrx_word' id='word_1_92' title='bbox 625 776 728 810; x_wconf 80' lang='lat' dir='ltr'>Patris3</span> <span class='ocrx_word' id='word_1_93' title='bbox 741 776 793 803; x_wconf 87' lang='lat' dir='ltr'>sed</span> <span class='ocrx_word' id='word_1_94' title='bbox 808 776 838 803; x_wconf 91' lang='lat' dir='ltr'>in</span> <span class='ocrx_word' id='word_1_95' title='bbox 849 784 950 804; x_wconf 86' lang='lat' dir='ltr'>amore</span> 
     </span>
     <span class='ocr_line' id='line_1_14' title="bbox 183 822 953 858; baseline 0.001 -9"><span class='ocrx_word' id='word_1_96' title='bbox 183 829 250 850; x_wconf 89' lang='lat' dir='ltr'>meo</span> <span class='ocrx_word' id='word_1_97' title='bbox 267 831 274 849; x_wconf 88' lang='lat'>:</span> <span class='ocrx_word' id='word_1_98' title='bbox 295 822 378 858; x_wconf 83' lang='lat' dir='ltr'>quasi</span> <span class='ocrx_word' id='word_1_99' title='bbox 402 822 531 849; x_wconf 86' lang='lat' dir='ltr'>diceret:</span> <span class='ocrx_word' id='word_1_100' title='bbox 548 825 569 850; x_wconf 84' lang='grc' dir='ltr'>Α</span> <span class='ocrx_word' id='word_1_101' title='bbox 596 824 675 850; x_wconf 86' lang='lat' dir='ltr'>Patre</span> <span class='ocrx_word' id='word_1_102' title='bbox 699 824 813 850; x_wconf 80' lang='lat' dir='ltr'>amatus</span> <span class='ocrx_word' id='word_1_103' title='bbox 834 831 909 854; x_wconf 86' lang='lat' dir='ltr'>sum,</span> <span class='ocrx_word' id='word_1_104' title='bbox 926 825 953 850; x_wconf 90' lang='lat' dir='ltr'>et</span> 
     </span>
     <span class='ocr_line' id='line_1_15' title="bbox 183 868 952 904; baseline 0.001 -9"><span class='ocrx_word' id='word_1_105' title='bbox 183 870 280 896; x_wconf 89' lang='lat' dir='ltr'>tamen</span> <span class='ocrx_word' id='word_1_106' title='bbox 292 868 398 904; x_wconf 86' lang='lat' dir='ltr'>patior,</span> <span class='ocrx_word' id='word_1_107' title='bbox 419 870 446 896; x_wconf 87' lang='lat' dir='ltr'>et</span> <span class='ocrx_word' id='word_1_108' title='bbox 466 869 625 896; x_wconf 86' lang='lat' dir='ltr'>interficior</span> <span class='ocrx_word' id='word_1_109' title='bbox 641 877 648 896; x_wconf 73' lang='grc' dir='ltr'>ι</span> <span class='ocrx_word' id='word_1_110' title='bbox 669 868 737 896; x_wconf 91' lang='lat' dir='ltr'>ideo</span> <span class='ocrx_word' id='word_1_111' title='bbox 756 876 818 895; x_wconf 91' lang='lat' dir='ltr'>non</span> <span class='ocrx_word' id='word_1_112' title='bbox 839 871 952 904; x_wconf 82' lang='lat' dir='ltr'>oportet</span> 
     </span>
     <span class='ocr_line' id='line_1_16' title="bbox 183 915 951 950; baseline -0.001 -8"><span class='ocrx_word' id='word_1_113' title='bbox 183 922 237 942; x_wconf 87' lang='lat' dir='ltr'>vos</span> <span class='ocrx_word' id='word_1_114' title='bbox 251 915 373 949; x_wconf 84' lang='lat' dir='ltr'>turbari,</span> <span class='ocrx_word' id='word_1_115' title='bbox 386 922 440 942; x_wconf 87' lang='lat' dir='ltr'>nec</span> <span class='ocrx_word' id='word_1_116' title='bbox 455 915 630 948; x_wconf 83' lang='lat' dir='ltr'>existimare,</span> <span class='ocrx_word' id='word_1_117' title='bbox 647 915 717 950; x_wconf 87' lang='lat' dir='ltr'>quia</span> <span class='ocrx_word' id='word_1_118' title='bbox 730 922 791 942; x_wconf 91' lang='lat' dir='ltr'>non</span> <span class='ocrx_word' id='word_1_119' title='bbox 805 922 872 942; x_wconf 89' lang='lat' dir='ltr'>amo</span> <span class='ocrx_word' id='word_1_120' title='bbox 887 923 951 949; x_wconf 88' lang='lat' dir='ltr'>vos,</span> 
     </span>
     <span class='ocr_line' id='line_1_17' title="bbox 184 961 953 996; baseline 0 -8"><span class='ocrx_word' id='word_1_121' title='bbox 184 963 211 988; x_wconf 86' lang='lat' dir='ltr'>et</span> <span class='ocrx_word' id='word_1_122' title='bbox 225 961 296 996; x_wconf 87' lang='lat' dir='ltr'>quia</span> <span class='ocrx_word' id='word_1_123' title='bbox 309 969 386 988; x_wconf 91' lang='lat' dir='ltr'>nunc</span> <span class='ocrx_word' id='word_1_124' title='bbox 401 961 584 996; x_wconf 85' lang='lat' dir='ltr'>derelinquo.</span> <span class='ocrx_word' id='word_1_125' title='bbox 602 961 629 988; x_wconf 88' lang='lat' dir='ltr'>Si</span> <span class='ocrx_word' id='word_1_126' title='bbox 640 961 670 988; x_wconf 88' lang='lat' dir='ltr'>in</span> <span class='ocrx_word' id='word_1_127' title='bbox 681 969 782 988; x_wconf 86' lang='lat' dir='ltr'>amore</span> <span class='ocrx_word' id='word_1_128' title='bbox 794 969 860 988; x_wconf 87' lang='lat' dir='ltr'>meo</span> <span class='ocrx_word' id='word_1_129' title='bbox 872 969 953 989; x_wconf 87' lang='lat' dir='ltr'>man-</span> 
     </span>
     <span class='ocr_line' id='line_1_18' title="bbox 184 1007 953 1043; baseline 0.004 -9"><span class='ocrx_word' id='word_1_130' title='bbox 184 1007 292 1042; x_wconf 79' lang='lat' dir='ltr'>seritis,</span> <span class='ocrx_word' id='word_1_131' title='bbox 321 1007 403 1035; x_wconf 89' lang='lat' dir='ltr'>nulla</span> <span class='ocrx_word' id='word_1_132' title='bbox 430 1007 515 1035; x_wconf 87' lang='lat' dir='ltr'>vobis</span> <span class='ocrx_word' id='word_1_133' title='bbox 537 1015 642 1035; x_wconf 87' lang='lat' dir='ltr'>nocere</span> <span class='ocrx_word' id='word_1_134' title='bbox 668 1009 815 1043; x_wconf 88' lang='lat' dir='ltr'>poterunt.</span> <span class='ocrx_word' id='word_1_135' title='bbox 846 1018 858 1034; x_wconf 65' lang='lat' dir='ltr'>n</span> <span class='ocrx_word' id='word_1_136' title='bbox 890 1009 953 1036; x_wconf 81' lang='lat' dir='ltr'>IIaec</span> 
     </span>
     <span class='ocr_line' id='line_1_19' title="bbox 183 1053 243 1081; baseline 0.017 -1"><span class='ocrx_word' id='word_1_137' title='bbox 183 1053 243 1081; x_wconf 89' lang='lat' dir='ltr'>ille.</span> 
     </span>
    </p>

    <p class='ocr_par' dir='ltr' id='par_1_3' title="bbox 181 1099 958 1876">
     <span class='ocr_line' id='line_1_20' title="bbox 221 1099 955 1136; baseline 0.003 -9"><span class='ocrx_word' id='word_1_138' title='bbox 221 1102 264 1127; x_wconf 77' lang='grc' dir='ltr'>Η.</span> <span class='ocrx_word' id='word_1_139' title='bbox 281 1101 312 1127; x_wconf 89' lang='lat' dir='ltr'>Et</span> <span class='ocrx_word' id='word_1_140' title='bbox 325 1099 456 1135; x_wconf 83' lang='lat' dir='ltr'>sequitur</span> <span class='ocrx_word' id='word_1_141' title='bbox 471 1102 576 1135; x_wconf 85' lang='lat' dir='ltr'>quarta</span> <span class='ocrx_word' id='word_1_142' title='bbox 588 1100 743 1136; x_wconf 82' lang='lat' dir='ltr'>particula,</span> <span class='ocrx_word' id='word_1_143' title='bbox 760 1101 790 1128; x_wconf 90' lang='lat' dir='ltr'>in</span> <span class='ocrx_word' id='word_1_144' title='bbox 805 1108 865 1136; x_wconf 85' lang='lat' dir='ltr'>qua</span> <span class='ocrx_word' id='word_1_145' title='bbox 885 1102 955 1129; x_wconf 88' lang='lat' dir='ltr'>sub-</span> 
     </span>
     <span class='ocr_line' id='line_1_21' title="bbox 181 1146 952 1181; baseline 0.001 -8"><span class='ocrx_word' id='word_1_146' title='bbox 181 1146 313 1180; x_wconf 84' lang='lat' dir='ltr'>jungitur</span> <span class='ocrx_word' id='word_1_147' title='bbox 331 1146 450 1173; x_wconf 88' lang='lat' dir='ltr'>effectus</span> <span class='ocrx_word' id='word_1_148' title='bbox 472 1147 560 1181; x_wconf 89' lang='lat' dir='ltr'>hujus</span> <span class='ocrx_word' id='word_1_149' title='bbox 581 1147 742 1175; x_wconf 82' lang='lat' dir='ltr'>mansionis</span> <span class='ocrx_word' id='word_1_150' title='bbox 762 1147 792 1174; x_wconf 90' lang='lat' dir='ltr'>in</span> <span class='ocrx_word' id='word_1_151' title='bbox 817 1147 928 1175; x_wconf 89' lang='lat' dir='ltr'>Christo</span> <span class='ocrx_word' id='word_1_152' title='bbox 946 1157 952 1174; x_wconf 92' lang='lat'>:</span> 
     </span>
     <span class='ocr_line' id='line_1_22' title="bbox 186 1193 955 1227; baseline 0.003 -8"><span class='ocrx_word' id='word_1_153' title='bbox 186 1193 246 1219; x_wconf 85' lang='lat' dir='ltr'>Hoec</span> <span class='ocrx_word' id='word_1_154' title='bbox 261 1194 362 1220; x_wconf 70' lang='lat' dir='ltr'>Iocutus</span> <span class='ocrx_word' id='word_1_155' title='bbox 383 1201 439 1219; x_wconf 78' lang='lat' dir='ltr'>sum</span> <span class='ocrx_word' id='word_1_156' title='bbox 462 1194 545 1226; x_wconf 76' lang='lat' dir='ltr'>vobis,</span> <span class='ocrx_word' id='word_1_157' title='bbox 566 1197 594 1219; x_wconf 72' lang='lat' dir='ltr'>u!</span> <span class='ocrx_word' id='word_1_158' title='bbox 619 1195 748 1227; x_wconf 58' lang='lat' dir='ltr'>Gaudium</span> <span class='ocrx_word' id='word_1_159' title='bbox 767 1202 854 1221; x_wconf 82' lang='lat' dir='ltr'>meum</span> <span class='ocrx_word' id='word_1_160' title='bbox 869 1196 905 1221; x_wconf 71' lang='grc' dir='ltr'>5ίί</span> <span class='ocrx_word' id='word_1_161' title='bbox 925 1197 955 1221; x_wconf 70' lang='lat' dir='ltr'>in</span> 
     </span>
     <span class='ocr_line' id='line_1_23' title="bbox 183 1239 956 1274; baseline 0.005 -10"><span class='ocrx_word' id='word_1_162' title='bbox 183 1239 266 1265; x_wconf 77' lang='lat' dir='ltr'>vobis.</span> <span class='ocrx_word' id='word_1_163' title='bbox 286 1240 318 1266; x_wconf 86' lang='lat' dir='ltr'>Ut</span> <span class='ocrx_word' id='word_1_164' title='bbox 336 1239 413 1265; x_wconf 88' lang='lat' dir='ltr'>enim</span> <span class='ocrx_word' id='word_1_165' title='bbox 434 1239 473 1266; x_wconf 84' lang='lat' dir='ltr'>ait</span> <span class='ocrx_word' id='word_1_166' title='bbox 500 1240 676 1274; x_wconf 73' lang='lat' dir='ltr'>Augustinus</span> <span class='ocrx_word' id='word_1_167' title='bbox 693 1241 702 1256; x_wconf 83' lang='lat'>⁵</span> <span class='ocrx_word' id='word_1_168' title='bbox 728 1249 734 1267; x_wconf 90' lang='lat'>:</span> <span class='ocrx_word' id='word_1_169' title='bbox 762 1249 775 1265; x_wconf 87' lang='lat'>«</span> <span class='ocrx_word' id='word_1_170' title='bbox 799 1240 884 1273; x_wconf 81' lang='lat' dir='ltr'>Quod</span> <span class='ocrx_word' id='word_1_171' title='bbox 913 1242 956 1268; x_wconf 85' lang='lat' dir='ltr'>est</span> 
     </span>
     <span class='ocr_line' id='line_1_24' title="bbox 183 1285 955 1321; baseline 0.003 -9"><span class='ocrx_word' id='word_1_172' title='bbox 183 1285 326 1320; x_wconf 81' lang='lat' dir='ltr'>gaudium</span> <span class='ocrx_word' id='word_1_173' title='bbox 343 1285 445 1313; x_wconf 82' lang='lat' dir='ltr'>Christi</span> <span class='ocrx_word' id='word_1_174' title='bbox 460 1285 490 1312; x_wconf 90' lang='lat' dir='ltr'>in</span> <span class='ocrx_word' id='word_1_175' title='bbox 504 1286 605 1319; x_wconf 89' lang='lat' dir='ltr'>nobis,</span> <span class='ocrx_word' id='word_1_176' title='bbox 628 1286 683 1313; x_wconf 86' lang='lat' dir='ltr'>nisi</span> <span class='ocrx_word' id='word_1_177' title='bbox 712 1286 794 1321; x_wconf 87' lang='lat' dir='ltr'>quod</span> <span class='ocrx_word' id='word_1_178' title='bbox 818 1286 955 1321; x_wconf 79' lang='lat' dir='ltr'>dignatur</span> 
     </span>
     <span class='ocr_line' id='line_1_25' title="bbox 184 1331 957 1367; baseline 0.001 -9"><span class='ocrx_word' id='word_1_179' title='bbox 184 1331 313 1366; x_wconf 86' lang='lat' dir='ltr'>gaudere</span> <span class='ocrx_word' id='word_1_180' title='bbox 330 1331 366 1359; x_wconf 89' lang='lat' dir='ltr'>de</span> <span class='ocrx_word' id='word_1_181' title='bbox 388 1332 496 1359; x_wconf 68' lang='lat' dir='ltr'>nobis?</span> <span class='ocrx_word' id='word_1_182' title='bbox 517 1333 549 1359; x_wconf 86' lang='lat' dir='ltr'>Et</span> <span class='ocrx_word' id='word_1_183' title='bbox 564 1332 636 1367; x_wconf 86' lang='lat' dir='ltr'>quid</span> <span class='ocrx_word' id='word_1_184' title='bbox 659 1334 700 1359; x_wconf 93' lang='lat' dir='ltr'>est</span> <span class='ocrx_word' id='word_1_185' title='bbox 725 1332 867 1367; x_wconf 86' lang='lat' dir='ltr'>gaudium</span> <span class='ocrx_word' id='word_1_186' title='bbox 890 1340 957 1360; x_wconf 83' lang='lat' dir='ltr'>nos-</span> 
     </span>
     <span class='ocr_line' id='line_1_26' title="bbox 184 1378 956 1414; baseline 0.003 -10"><span class='ocrx_word' id='word_1_187' title='bbox 184 1380 275 1410; x_wconf 91' lang='lat' dir='ltr'>trum,</span> <span class='ocrx_word' id='word_1_188' title='bbox 297 1378 380 1413; x_wconf 86' lang='lat' dir='ltr'>quod</span> <span class='ocrx_word' id='word_1_189' title='bbox 402 1378 472 1405; x_wconf 84' lang='lat' dir='ltr'>dicit</span> <span class='ocrx_word' id='word_1_190' title='bbox 498 1387 559 1406; x_wconf 89' lang='lat' dir='ltr'>esse</span> <span class='ocrx_word' id='word_1_191' title='bbox 588 1378 790 1414; x_wconf 87' lang='lat' dir='ltr'>implendum,</span> <span class='ocrx_word' id='word_1_192' title='bbox 814 1378 869 1406; x_wconf 84' lang='lat' dir='ltr'>nisi</span> <span class='ocrx_word' id='word_1_193' title='bbox 894 1380 956 1413; x_wconf 70' lang='lat' dir='ltr'>ejiis</span> 
     </span>
     <span class='ocr_line' id='line_1_27' title="bbox 183 1424 956 1454; baseline 0.003 -3"><span class='ocrx_word' id='word_1_194' title='bbox 183 1424 292 1452; x_wconf 87' lang='lat' dir='ltr'>habere</span> <span class='ocrx_word' id='word_1_195' title='bbox 314 1425 515 1452; x_wconf 73' lang='lat' dir='ltr'>consortium?</span> <span class='ocrx_word' id='word_1_196' title='bbox 542 1427 572 1452; x_wconf 84' lang='lat' dir='ltr'>Et</span> <span class='ocrx_word' id='word_1_197' title='bbox 592 1425 649 1453; x_wconf 88' lang='lat' dir='ltr'>hoc</span> <span class='ocrx_word' id='word_1_198' title='bbox 672 1425 826 1453; x_wconf 89' lang='lat' dir='ltr'>inchoatur</span> <span class='ocrx_word' id='word_1_199' title='bbox 846 1426 876 1452; x_wconf 91' lang='lat' dir='ltr'>in</span> <span class='ocrx_word' id='word_1_200' title='bbox 896 1425 956 1454; x_wconf 90' lang='lat' dir='ltr'>fide</span> 
     </span>
     <span class='ocr_line' id='line_1_28' title="bbox 183 1471 956 1507; baseline 0.003 -10"><span class='ocrx_word' id='word_1_201' title='bbox 183 1471 409 1505; x_wconf 87' lang='lat' dir='ltr'>renascentium,</span> <span class='ocrx_word' id='word_1_202' title='bbox 425 1474 452 1499; x_wconf 93' lang='lat' dir='ltr'>et</span> <span class='ocrx_word' id='word_1_203' title='bbox 476 1472 647 1507; x_wconf 81' lang='lat' dir='ltr'>implebitur</span> <span class='ocrx_word' id='word_1_204' title='bbox 666 1473 695 1499; x_wconf 88' lang='lat' dir='ltr'>in</span> <span class='ocrx_word' id='word_1_205' title='bbox 714 1472 836 1507; x_wconf 80' lang='lat' dir='ltr'>praemio</span> <span class='ocrx_word' id='word_1_206' title='bbox 860 1480 956 1499; x_wconf 86' lang='lat' dir='ltr'>resur-</span> 
     </span>
     <span class='ocr_line' id='line_1_29' title="bbox 184 1517 957 1551; baseline 0.001 -8"><span class='ocrx_word' id='word_1_207' title='bbox 184 1517 324 1551; x_wconf 85' lang='lat' dir='ltr'>gentium.</span> <span class='ocrx_word' id='word_1_208' title='bbox 341 1527 353 1543; x_wconf 85' lang='lat'>»</span> <span class='ocrx_word' id='word_1_209' title='bbox 371 1519 434 1545; x_wconf 79' lang='lat' dir='ltr'>Haec</span> <span class='ocrx_word' id='word_1_210' title='bbox 454 1517 512 1545; x_wconf 87' lang='lat' dir='ltr'>ille.</span> <span class='ocrx_word' id='word_1_211' title='bbox 536 1518 630 1545; x_wconf 75' lang='lat' dir='ltr'>InfraG</span> <span class='ocrx_word' id='word_1_212' title='bbox 652 1527 657 1545; x_wconf 95' lang='lat'>:</span> <span class='ocrx_word' id='word_1_213' title='bbox 675 1528 687 1543; x_wconf 87' lang='lat'>«</span> <span class='ocrx_word' id='word_1_214' title='bbox 709 1518 813 1551; x_wconf 89' lang='lat' dir='ltr'>Petite,</span> <span class='ocrx_word' id='word_1_215' title='bbox 837 1520 864 1545; x_wconf 88' lang='lat' dir='ltr'>et</span> <span class='ocrx_word' id='word_1_216' title='bbox 884 1518 957 1545; x_wconf 87' lang='lat' dir='ltr'>acci-</span> 
     </span>
     <span class='ocr_line' id='line_1_30' title="bbox 183 1563 956 1599; baseline 0.001 -9"><span class='ocrx_word' id='word_1_217' title='bbox 183 1563 278 1598; x_wconf 85' lang='lat' dir='ltr'>pietis,</span> <span class='ocrx_word' id='word_1_218' title='bbox 294 1566 326 1590; x_wconf 88' lang='lat' dir='ltr'>ut</span> <span class='ocrx_word' id='word_1_219' title='bbox 344 1564 487 1598; x_wconf 84' lang='lat' dir='ltr'>gaudium</span> <span class='ocrx_word' id='word_1_220' title='bbox 502 1567 633 1591; x_wconf 84' lang='lat' dir='ltr'>vestrum</span> <span class='ocrx_word' id='word_1_221' title='bbox 646 1564 681 1591; x_wconf 86' lang='lat' dir='ltr'>sit</span> <span class='ocrx_word' id='word_1_222' title='bbox 694 1564 825 1599; x_wconf 85' lang='lat' dir='ltr'>plenum.</span> <span class='ocrx_word' id='word_1_223' title='bbox 843 1574 856 1589; x_wconf 84' lang='lat'>»</span> <span class='ocrx_word' id='word_1_224' title='bbox 869 1566 901 1591; x_wconf 85' lang='lat' dir='ltr'>Et</span> <span class='ocrx_word' id='word_1_225' title='bbox 915 1564 956 1591; x_wconf 89' lang='lat' dir='ltr'>ihi</span> 
     </span>
     <span class='ocr_line' id='line_1_31' title="bbox 185 1609 953 1645; baseline 0.001 -9"><span class='ocrx_word' id='word_1_226' title='bbox 185 1609 222 1636; x_wconf 89' lang='lat' dir='ltr'>de</span> <span class='ocrx_word' id='word_1_227' title='bbox 236 1609 302 1636; x_wconf 89' lang='lat' dir='ltr'>hoc.</span> <span class='ocrx_word' id='word_1_228' title='bbox 330 1610 361 1636; x_wconf 89' lang='lat' dir='ltr'>Ut</span> <span class='ocrx_word' id='word_1_229' title='bbox 375 1610 454 1637; x_wconf 88' lang='lat' dir='ltr'>enim</span> <span class='ocrx_word' id='word_1_230' title='bbox 478 1610 517 1637; x_wconf 87' lang='lat' dir='ltr'>ait</span> <span class='ocrx_word' id='word_1_231' title='bbox 539 1611 732 1645; x_wconf 80' lang='lat' dir='ltr'>Augustinus,</span> <span class='ocrx_word' id='word_1_232' title='bbox 753 1610 804 1637; x_wconf 88' lang='lat' dir='ltr'>ubi</span> <span class='ocrx_word' id='word_1_233' title='bbox 824 1611 930 1645; x_wconf 84' lang='lat' dir='ltr'>supra⁷</span> <span class='ocrx_word' id='word_1_234' title='bbox 947 1620 953 1637; x_wconf 91' lang='lat'>:</span> 
     </span>
     <span class='ocr_line' id='line_1_32' title="bbox 187 1657 957 1692; baseline -0.001 -8"><span class='ocrx_word' id='word_1_235' title='bbox 187 1665 202 1682; x_wconf 85' lang='lat'>«</span> <span class='ocrx_word' id='word_1_236' title='bbox 216 1657 361 1684; x_wconf 83' lang='lat' dir='ltr'>Gaudium</span> <span class='ocrx_word' id='word_1_237' title='bbox 375 1659 504 1684; x_wconf 88' lang='lat' dir='ltr'>nostrum</span> <span class='ocrx_word' id='word_1_238' title='bbox 518 1657 565 1684; x_wconf 91' lang='lat' dir='ltr'>hic</span> <span class='ocrx_word' id='word_1_239' title='bbox 584 1657 708 1692; x_wconf 80' lang='lat' dir='ltr'>proficit,</span> <span class='ocrx_word' id='word_1_240' title='bbox 735 1659 762 1684; x_wconf 89' lang='lat' dir='ltr'>et</span> <span class='ocrx_word' id='word_1_241' title='bbox 784 1657 823 1684; x_wconf 89' lang='lat' dir='ltr'>ad</span> <span class='ocrx_word' id='word_1_242' title='bbox 848 1657 957 1691; x_wconf 83' lang='lat' dir='ltr'>perfec-</span> 
     </span>
     <span class='ocr_line' id='line_1_33' title="bbox 185 1703 956 1738; baseline 0 -8"><span class='ocrx_word' id='word_1_243' title='bbox 185 1703 295 1730; x_wconf 88' lang='lat' dir='ltr'>tionem</span> <span class='ocrx_word' id='word_1_244' title='bbox 310 1703 527 1738; x_wconf 84' lang='lat' dir='ltr'>perseverando</span> <span class='ocrx_word' id='word_1_245' title='bbox 550 1703 711 1738; x_wconf 85' lang='lat' dir='ltr'>pertendit;</span> <span class='ocrx_word' id='word_1_246' title='bbox 728 1703 770 1730; x_wconf 87' lang='lat' dir='ltr'>ibi</span> <span class='ocrx_word' id='word_1_247' title='bbox 789 1705 888 1730; x_wconf 85' lang='lat' dir='ltr'>autem</span> <span class='ocrx_word' id='word_1_248' title='bbox 903 1703 956 1730; x_wconf 89' lang='lat' dir='ltr'>im-</span> 
     </span>
     <span class='ocr_line' id='line_1_34' title="bbox 185 1748 958 1785; baseline 0 -9"><span class='ocrx_word' id='word_1_249' title='bbox 185 1748 322 1784; x_wconf 86' lang='lat' dir='ltr'>plebitur.</span> <span class='ocrx_word' id='word_1_250' title='bbox 353 1749 498 1776; x_wconf 88' lang='lat' dir='ltr'>Gaudium</span> <span class='ocrx_word' id='word_1_251' title='bbox 523 1751 619 1776; x_wconf 85' lang='lat' dir='ltr'>autem</span> <span class='ocrx_word' id='word_1_252' title='bbox 643 1757 729 1776; x_wconf 88' lang='lat' dir='ltr'>suum</span> <span class='ocrx_word' id='word_1_253' title='bbox 753 1757 869 1784; x_wconf 87' lang='lat' dir='ltr'>semper</span> <span class='ocrx_word' id='word_1_254' title='bbox 897 1749 958 1785; x_wconf 87' lang='lat' dir='ltr'>ple-</span> 
     </span>
     <span class='ocr_line' id='line_1_35' title="bbox 187 1795 957 1830; baseline 0 -8"><span class='ocrx_word' id='word_1_255' title='bbox 187 1803 268 1823; x_wconf 90' lang='lat' dir='ltr'>num.</span> <span class='ocrx_word' id='word_1_256' title='bbox 283 1805 297 1821; x_wconf 71' lang='lat' dir='ltr'>n</span> <span class='ocrx_word' id='word_1_257' title='bbox 313 1796 344 1823; x_wconf 88' lang='lat' dir='ltr'>Et</span> <span class='ocrx_word' id='word_1_258' title='bbox 361 1795 429 1823; x_wconf 85' lang='lat' dir='ltr'>ideo</span> <span class='ocrx_word' id='word_1_259' title='bbox 445 1795 483 1822; x_wconf 88' lang='lat' dir='ltr'>ait</span> <span class='ocrx_word' id='word_1_260' title='bbox 498 1795 535 1822; x_wconf 88' lang='lat' dir='ltr'>de</span> <span class='ocrx_word' id='word_1_261' title='bbox 549 1795 607 1822; x_wconf 89' lang='lat' dir='ltr'>illis</span> <span class='ocrx_word' id='word_1_262' title='bbox 624 1804 630 1823; x_wconf 72' lang='grc' dir='ltr'><strong><em>τ</em></strong></span> <span class='ocrx_word' id='word_1_263' title='bbox 656 1796 689 1822; x_wconf 78' lang='lat' dir='ltr'>Ut</span> <span class='ocrx_word' id='word_1_264' title='bbox 702 1796 831 1830; x_wconf 69' lang='lat' dir='ltr'>gaudium</span> <span class='ocrx_word' id='word_1_265' title='bbox 840 1798 957 1823; x_wconf 78' lang='lat' dir='ltr'>vestrum</span> 
     </span>
     <span class='ocr_line' id='line_1_36' title="bbox 187 1843 341 1876; baseline 0.006 -8"><span class='ocrx_word' id='word_1_266' title='bbox 187 1843 341 1876; x_wconf 76' lang='lat' dir='ltr'>impleatur.</span> 
     </span>
    </p>

    <p class='ocr_par' dir='ltr' id='par_1_4' title="bbox 173 1887 959 2107">
     <span class='ocr_line' id='line_1_37' title="bbox 224 1887 959 1924; baseline 0 -9"><span class='ocrx_word' id='word_1_267' title='bbox 224 1889 266 1915; x_wconf 75' lang='lat'>102.</span> <span class='ocrx_word' id='word_1_268' title='bbox 277 1889 308 1916; x_wconf 86' lang='lat' dir='ltr'>Et</span> <span class='ocrx_word' id='word_1_269' title='bbox 318 1888 448 1923; x_wconf 88' lang='lat' dir='ltr'>sequitur</span> <span class='ocrx_word' id='word_1_270' title='bbox 455 1887 507 1915; x_wconf 89' lang='lat' dir='ltr'>illa</span> <span class='ocrx_word' id='word_1_271' title='bbox 516 1896 595 1924; x_wconf 79' lang='lat' dir='ltr'>pars,</span> <span class='ocrx_word' id='word_1_272' title='bbox 606 1888 635 1915; x_wconf 91' lang='lat' dir='ltr'>in</span> <span class='ocrx_word' id='word_1_273' title='bbox 645 1895 703 1923; x_wconf 84' lang='lat' dir='ltr'>qua</span> <span class='ocrx_word' id='word_1_274' title='bbox 713 1888 845 1915; x_wconf 87' lang='lat' dir='ltr'>hortatur</span> <span class='ocrx_word' id='word_1_275' title='bbox 855 1888 893 1915; x_wconf 88' lang='lat' dir='ltr'>ad</span> <span class='ocrx_word' id='word_1_276' title='bbox 903 1888 959 1916; x_wconf 79' lang='lat' dir='ltr'>fra-</span> 
     </span>
     <span class='ocr_line' id='line_1_38' title="bbox 188 1934 959 1970; baseline 0 -9"><span class='ocrx_word' id='word_1_277' title='bbox 188 1937 301 1961; x_wconf 81' lang='lat' dir='ltr'>ternam</span> <span class='ocrx_word' id='word_1_278' title='bbox 316 1934 522 1968; x_wconf 81' lang='lat' dir='ltr'>dilectionem3</span> <span class='ocrx_word' id='word_1_279' title='bbox 540 1937 566 1961; x_wconf 89' lang='lat' dir='ltr'>et</span> <span class='ocrx_word' id='word_1_280' title='bbox 580 1935 641 1961; x_wconf 81' lang='lat' dir='ltr'>haee</span> <span class='ocrx_word' id='word_1_281' title='bbox 654 1942 722 1970; x_wconf 82' lang='lat' dir='ltr'>pars</span> <span class='ocrx_word' id='word_1_282' title='bbox 742 1934 773 1961; x_wconf 86' lang='lat' dir='ltr'>iu</span> <span class='ocrx_word' id='word_1_283' title='bbox 787 1934 861 1961; x_wconf 82' lang='lat' dir='ltr'>duas</span> <span class='ocrx_word' id='word_1_284' title='bbox 877 1943 883 1961; x_wconf 81' lang='lat'>2</span> <span class='ocrx_word' id='word_1_285' title='bbox 899 1934 959 1969; x_wconf 87' lang='lat' dir='ltr'>pri-</span> 
     </span>
     <span class='ocr_line' id='line_1_39' title="bbox 173 1972 959 2016; baseline 0 -9"><span class='ocrx_word' id='word_1_286' title='bbox 173 1972 175 1975; x_wconf 32' lang='lat'>·</span> <span class='ocrx_word' id='word_1_287' title='bbox 188 1988 248 2014; x_wconf 91' lang='lat' dir='ltr'>mo,</span> <span class='ocrx_word' id='word_1_288' title='bbox 265 1980 465 2015; x_wconf 76' lang='lat' dir='ltr'>praeceptionis</span> <span class='ocrx_word' id='word_1_289' title='bbox 480 1980 657 2016; x_wconf 78' lang='lat' dir='ltr'>praemissio3</span> <span class='ocrx_word' id='word_1_290' title='bbox 678 1980 819 2014; x_wconf 84' lang='lat' dir='ltr'>secundo,</span> <span class='ocrx_word' id='word_1_291' title='bbox 833 1981 959 2016; x_wconf 80' lang='lat' dir='ltr'>exempli</span> 
     </span>
     <span class='ocr_line' id='line_1_40' title="bbox 189 2026 959 2061; baseline 0.001 -8"><span class='ocrx_word' id='word_1_292' title='bbox 189 2026 225 2053; x_wconf 90' lang='lat' dir='ltr'>de</span> <span class='ocrx_word' id='word_1_293' title='bbox 246 2034 299 2054; x_wconf 89' lang='lat' dir='ltr'>sua</span> <span class='ocrx_word' id='word_1_294' title='bbox 318 2026 473 2054; x_wconf 86' lang='lat' dir='ltr'>dilectione</span> <span class='ocrx_word' id='word_1_295' title='bbox 493 2026 651 2061; x_wconf 80' lang='lat' dir='ltr'>adjunctio,</span> <span class='ocrx_word' id='word_1_296' title='bbox 671 2026 712 2053; x_wconf 89' lang='lat' dir='ltr'>ibi</span> <span class='ocrx_word' id='word_1_297' title='bbox 730 2035 736 2053; x_wconf 78' lang='lat' dir='ltr'><em>z</em></span> <span class='ocrx_word' id='word_1_298' title='bbox 759 2027 888 2061; x_wconf 71' lang='lat' dir='ltr'>Mujorem</span> <span class='ocrx_word' id='word_1_299' title='bbox 912 2027 959 2054; x_wconf 80' lang='lat' dir='ltr'>hac</span> 
     </span>
     <span class='ocr_line' id='line_1_41' title="bbox 189 2073 433 2107; baseline 0.004 -8"><span class='ocrx_word' id='word_1_300' title='bbox 189 2073 364 2107; x_wconf 76' lang='lat' dir='ltr'>dilectionem,</span> <span class='ocrx_word' id='word_1_301' title='bbox 381 2075 433 2100; x_wconf 87' lang='lat' dir='ltr'>etc.</span> 
     </span>
    </p>

    <p class='ocr_par' dir='ltr' id='par_1_5' title="bbox 190 2119 963 2433">
     <span class='ocr_line' id='line_1_42' title="bbox 225 2119 959 2154; baseline 0.001 -8"><span class='ocrx_word' id='word_1_302' title='bbox 225 2119 269 2146; x_wconf 84' lang='lat' dir='ltr'>Ait</span> <span class='ocrx_word' id='word_1_303' title='bbox 284 2127 354 2153; x_wconf 83' lang='lat' dir='ltr'>ergo</span> <span class='ocrx_word' id='word_1_304' title='bbox 372 2128 378 2146; x_wconf 90' lang='lat'>:</span> <span class='ocrx_word' id='word_1_305' title='bbox 394 2119 448 2146; x_wconf 83' lang='lat' dir='ltr'>Hoc</span> <span class='ocrx_word' id='word_1_306' title='bbox 463 2122 500 2146; x_wconf 81' lang='lat' dir='ltr'>esc</span> <span class='ocrx_word' id='word_1_307' title='bbox 518 2122 678 2154; x_wconf 76' lang='lat' dir='ltr'>proeceptum</span> <span class='ocrx_word' id='word_1_308' title='bbox 696 2127 791 2147; x_wconf 83' lang='lat' dir='ltr'>meum.</span> <span class='ocrx_word' id='word_1_309' title='bbox 812 2121 844 2147; x_wconf 87' lang='lat' dir='ltr'>Et</span> <span class='ocrx_word' id='word_1_310' title='bbox 858 2119 888 2146; x_wconf 97' lang='lat' dir='ltr'>in</span> <span class='ocrx_word' id='word_1_311' title='bbox 903 2120 959 2147; x_wconf 91' lang='lat' dir='ltr'>hoc</span> 
     </span>
     <span class='ocr_line' id='line_1_43' title="bbox 190 2165 960 2201; baseline 0 -9"><span class='ocrx_word' id='word_1_312' title='bbox 190 2165 383 2201; x_wconf 74' lang='lat' dir='ltr'>praecipientis</span> <span class='ocrx_word' id='word_1_313' title='bbox 393 2166 528 2200; x_wconf 83' lang='lat' dir='ltr'>majestas</span> <span class='ocrx_word' id='word_1_314' title='bbox 541 2168 567 2193; x_wconf 90' lang='lat' dir='ltr'>et</span> <span class='ocrx_word' id='word_1_315' title='bbox 582 2166 748 2193; x_wconf 78' lang='lat' dir='ltr'>auctoritas.</span> <span class='ocrx_word' id='word_1_316' title='bbox 771 2167 803 2192; x_wconf 72' lang='lat' dir='ltr'>Ue</span> <span class='ocrx_word' id='word_1_317' title='bbox 813 2166 939 2199; x_wconf 72' lang='lat' dir='ltr'>dilz&#39;gyatz&#39;s</span> <span class='ocrx_word' id='word_1_318' title='bbox 951 2175 960 2192; x_wconf 91' lang='grc'>.-</span> 
     </span>
     <span class='ocr_line' id='line_1_44' title="bbox 191 2211 962 2247; baseline -0.001 -8"><span class='ocrx_word' id='word_1_319' title='bbox 191 2214 217 2239; x_wconf 86' lang='lat' dir='ltr'>et</span> <span class='ocrx_word' id='word_1_320' title='bbox 239 2212 268 2239; x_wconf 88' lang='lat' dir='ltr'>in</span> <span class='ocrx_word' id='word_1_321' title='bbox 289 2212 346 2239; x_wconf 85' lang='lat' dir='ltr'>hoc</span> <span class='ocrx_word' id='word_1_322' title='bbox 367 2211 409 2239; x_wconf 88' lang='lat' dir='ltr'>rei</span> <span class='ocrx_word' id='word_1_323' title='bbox 434 2214 588 2247; x_wconf 75' lang='lat' dir='ltr'>praeceptoe</span> <span class='ocrx_word' id='word_1_324' title='bbox 611 2212 746 2247; x_wconf 83' lang='lat' dir='ltr'>qualitas.</span> <span class='ocrx_word' id='word_1_325' title='bbox 775 2212 852 2239; x_wconf 70' lang='lat' dir='ltr'>Sicut</span> <span class='ocrx_word' id='word_1_326' title='bbox 876 2212 962 2239; x_wconf 67' lang='lat' dir='ltr'>dilexi</span> 
     </span>
     <span class='ocr_line' id='line_1_45' title="bbox 191 2258 960 2294; baseline 0.001 -9"><span class='ocrx_word' id='word_1_327' title='bbox 191 2266 236 2285; x_wconf 73' lang='lat' dir='ltr'>uos</span> <span class='ocrx_word' id='word_1_328' title='bbox 248 2267 254 2285; x_wconf 81' lang='lat' dir='ltr'>z</span> <span class='ocrx_word' id='word_1_329' title='bbox 267 2260 295 2286; x_wconf 87' lang='lat' dir='ltr'>et</span> <span class='ocrx_word' id='word_1_330' title='bbox 309 2259 340 2286; x_wconf 89' lang='lat' dir='ltr'>in</span> <span class='ocrx_word' id='word_1_331' title='bbox 350 2259 407 2286; x_wconf 90' lang='lat' dir='ltr'>hoc</span> <span class='ocrx_word' id='word_1_332' title='bbox 422 2259 605 2294; x_wconf 86' lang='lat' dir='ltr'>adimplendi</span> <span class='ocrx_word' id='word_1_333' title='bbox 619 2259 790 2286; x_wconf 78' lang='lat' dir='ltr'>mandatum</span> <span class='ocrx_word' id='word_1_334' title='bbox 805 2258 960 2293; x_wconf 83' lang='lat' dir='ltr'>rectitudo,</span> 
     </span>
     <span class='ocr_line' id='line_1_46' title="bbox 192 2305 962 2341; baseline 0.001 -10"><span class='ocrx_word' id='word_1_335' title='bbox 192 2305 252 2332; x_wconf 87' lang='lat' dir='ltr'>sive</span> <span class='ocrx_word' id='word_1_336' title='bbox 264 2305 477 2333; x_wconf 83' lang='lat' dir='ltr'>ordinabilitas.</span> <span class='ocrx_word' id='word_1_337' title='bbox 491 2305 548 2333; x_wconf 87' lang='lat' dir='ltr'>Sed</span> <span class='ocrx_word' id='word_1_338' title='bbox 563 2306 711 2341; x_wconf 80' lang='lat' dir='ltr'>quaeritur,</span> <span class='ocrx_word' id='word_1_339' title='bbox 728 2313 795 2332; x_wconf 88' lang='lat' dir='ltr'>cum</span> <span class='ocrx_word' id='word_1_340' title='bbox 811 2314 899 2341; x_wconf 86' lang='lat' dir='ltr'>supra</span> <span class='ocrx_word' id='word_1_341' title='bbox 913 2306 962 2333; x_wconf 87' lang='lat' dir='ltr'>de—</span> 
     </span>
     <span class='ocr_line' id='line_1_47' title="bbox 193 2350 962 2388; baseline 0.001 -10"><span class='ocrx_word' id='word_1_342' title='bbox 193 2350 267 2378; x_wconf 84' lang='lat' dir='ltr'>derit</span> <span class='ocrx_word' id='word_1_343' title='bbox 281 2351 355 2379; x_wconf 79' lang='lat' dir='ltr'>istud</span> <span class='ocrx_word' id='word_1_344' title='bbox 377 2354 568 2388; x_wconf 72' lang='lat' dir='ltr'>praeceptum,</span> <span class='ocrx_word' id='word_1_345' title='bbox 584 2360 675 2387; x_wconf 86' lang='lat' dir='ltr'>quare</span> <span class='ocrx_word' id='word_1_346' title='bbox 691 2352 738 2379; x_wconf 94' lang='lat' dir='ltr'>hic</span> <span class='ocrx_word' id='word_1_347' title='bbox 753 2352 877 2387; x_wconf 73' lang='lat' dir='ltr'>repetit?</span> <span class='ocrx_word' id='word_1_348' title='bbox 892 2354 962 2379; x_wconf 90' lang='lat' dir='ltr'>Item</span> 
     </span>
     <span class='ocr_line' id='line_1_48' title="bbox 193 2398 963 2433; baseline 0.001 -8"><span class='ocrx_word' id='word_1_349' title='bbox 193 2405 285 2433; x_wconf 78' lang='lat' dir='ltr'>quare</span> <span class='ocrx_word' id='word_1_350' title='bbox 299 2398 338 2425; x_wconf 84' lang='lat' dir='ltr'>ait</span> <span class='ocrx_word' id='word_1_351' title='bbox 356 2398 418 2425; x_wconf 72' lang='lat' dir='ltr'>ibi³</span> <span class='ocrx_word' id='word_1_352' title='bbox 439 2407 445 2425; x_wconf 90' lang='lat'>:</span> <span class='ocrx_word' id='word_1_353' title='bbox 468 2399 628 2425; x_wconf 82' lang='lat' dir='ltr'>Mandatum</span> <span class='ocrx_word' id='word_1_354' title='bbox 644 2406 739 2425; x_wconf 82' lang='lat' dir='ltr'>novum</span> <span class='ocrx_word' id='word_1_355' title='bbox 760 2398 793 2425; x_wconf 84' lang='lat' dir='ltr'>do</span> <span class='ocrx_word' id='word_1_356' title='bbox 813 2400 899 2431; x_wconf 87' lang='lat' dir='ltr'>vobis;</span> <span class='ocrx_word' id='word_1_357' title='bbox 916 2398 963 2426; x_wconf 87' lang='lat' dir='ltr'>hic</span> 
     </span>
    </p>
   </div>
   <div class='ocr_carea' id='block_1_3' title="bbox 194 2493 964 2631">
    <p class='ocr_par' dir='ltr' id='par_1_6' title="bbox 194 2493 964 2631">
     <span class='ocr_line' id='line_1_49' title="bbox 225 2493 963 2524; baseline 0 -7"><span class='ocrx_word' id='word_1_358' title='bbox 225 2493 231 2509; x_wconf 87' lang='lat'><strong>¹</strong></span> <span class='ocrx_word' id='word_1_359' title='bbox 251 2493 322 2523; x_wconf 83' lang='lat' dir='ltr'>Sup.,</span> <span class='ocrx_word' id='word_1_360' title='bbox 343 2498 367 2522; x_wconf 86' lang='lat' dir='ltr'>v,</span> <span class='ocrx_word' id='word_1_361' title='bbox 383 2494 425 2522; x_wconf 85' lang='lat'>30;</span> <span class='ocrx_word' id='word_1_362' title='bbox 443 2498 477 2522; x_wconf 85' lang='lat' dir='ltr'>v1,</span> <span class='ocrx_word' id='word_1_363' title='bbox 494 2495 532 2517; x_wconf 79' lang='lat'>38.</span> <span class='ocrx_word' id='word_1_364' title='bbox 548 2507 578 2511; x_wconf 96' lang='lat'><strong>—</strong></span> <span class='ocrx_word' id='word_1_365' title='bbox 593 2494 601 2507; x_wconf 77' lang='lat'><strong>²</strong></span> <span class='ocrx_word' id='word_1_366' title='bbox 617 2494 690 2524; x_wconf 88' lang='lat' dir='ltr'>Sup.,</span> <span class='ocrx_word' id='word_1_367' title='bbox 707 2495 776 2518; x_wconf 83' lang='grc'>9.-</span> <span class='ocrx_word' id='word_1_368' title='bbox 795 2494 806 2511; x_wconf 80' lang='lat'>³</span> <span class='ocrx_word' id='word_1_369' title='bbox 821 2495 894 2524; x_wconf 87' lang='lat' dir='ltr'>Sup.,</span> <span class='ocrx_word' id='word_1_370' title='bbox 910 2499 963 2524; x_wconf 75' lang='lat' dir='ltr'>xiv,</span> 
     </span>
     <span class='ocr_line' id='line_1_50' title="bbox 194 2527 963 2560; baseline 0.004 -10"><span class='ocrx_word' id='word_1_371' title='bbox 194 2529 232 2551; x_wconf 68' lang='lat'>23.</span> <span class='ocrx_word' id='word_1_372' title='bbox 256 2541 286 2545; x_wconf 97' lang='lat'><strong>—</strong></span> <span class='ocrx_word' id='word_1_373' title='bbox 309 2528 319 2544; x_wconf 63' lang='lat'><strong>⁴</strong></span> <span class='ocrx_word' id='word_1_374' title='bbox 342 2527 484 2559; x_wconf 81' lang='lat' dir='ltr'>Chrysost.,</span> <span class='ocrx_word' id='word_1_375' title='bbox 508 2529 550 2553; x_wconf 84' lang='lat' dir='ltr'>ubi</span> <span class='ocrx_word' id='word_1_376' title='bbox 573 2536 639 2559; x_wconf 87' lang='lat' dir='ltr'>sup.‚</span> <span class='ocrx_word' id='word_1_377' title='bbox 664 2536 690 2553; x_wconf 88' lang='lat' dir='ltr'>n.</span> <span class='ocrx_word' id='word_1_378' title='bbox 713 2531 736 2553; x_wconf 81' lang='lat'>2.</span> <span class='ocrx_word' id='word_1_379' title='bbox 759 2543 788 2547; x_wconf 86' lang='lat'>—</span> <span class='ocrx_word' id='word_1_380' title='bbox 816 2530 823 2543; x_wconf 82' lang='lat'>⁵</span> <span class='ocrx_word' id='word_1_381' title='bbox 850 2530 963 2560; x_wconf 63' lang='lat' dir='ltr'>August„</span> 
     </span>
     <span class='ocr_line' id='line_1_51' title="bbox 194 2565 964 2595; baseline 0.003 -9"><span class='ocrx_word' id='word_1_382' title='bbox 194 2565 258 2587; x_wconf 82' lang='lat' dir='ltr'>tract</span> <span class='ocrx_word' id='word_1_383' title='bbox 289 2569 406 2593; x_wconf 77' lang='lat' dir='ltr'>Lxxxm,</span> <span class='ocrx_word' id='word_1_384' title='bbox 425 2571 451 2588; x_wconf 91' lang='lat' dir='ltr'>n.</span> <span class='ocrx_word' id='word_1_385' title='bbox 476 2567 496 2588; x_wconf 91' lang='lat'>1.</span> <span class='ocrx_word' id='word_1_386' title='bbox 518 2578 542 2582; x_wconf 89' lang='lat'><em>-</em></span> <span class='ocrx_word' id='word_1_387' title='bbox 567 2565 576 2581; x_wconf 70' lang='grc' dir='ltr'>θ</span> <span class='ocrx_word' id='word_1_388' title='bbox 598 2565 655 2595; x_wconf 61' lang='lat' dir='ltr'>Ius„</span> <span class='ocrx_word' id='word_1_389' title='bbox 676 2570 732 2595; x_wconf 77' lang='lat' dir='ltr'>xvi,</span> <span class='ocrx_word' id='word_1_390' title='bbox 754 2566 792 2589; x_wconf 71' lang='lat'>24.</span> <span class='ocrx_word' id='word_1_391' title='bbox 812 2578 841 2582; x_wconf 93' lang='lat'>—-</span> <span class='ocrx_word' id='word_1_392' title='bbox 861 2566 867 2578; x_wconf 80' lang='lat'><strong>⁷</strong></span> <span class='ocrx_word' id='word_1_393' title='bbox 892 2565 964 2592; x_wconf 64' lang='lat' dir='ltr'>thid,</span> 
     </span>
     <span class='ocr_line' id='line_1_52' title="bbox 195 2599 963 2631; baseline 0.001 -8"><span class='ocrx_word' id='word_1_394' title='bbox 195 2599 279 2629; x_wconf 77' lang='lat' dir='ltr'>quoad</span> <span class='ocrx_word' id='word_1_395' title='bbox 296 2605 406 2623; x_wconf 90' lang='lat' dir='ltr'>sensum.</span> <span class='ocrx_word' id='word_1_396' title='bbox 427 2612 455 2617; x_wconf 88' lang='lat'><em>-</em></span> <span class='ocrx_word' id='word_1_397' title='bbox 478 2600 488 2616; x_wconf 81' lang='lat'>⁸</span> <span class='ocrx_word' id='word_1_398' title='bbox 510 2602 581 2630; x_wconf 58' lang='lat' dir='ltr'>suf»,</span> <span class='ocrx_word' id='word_1_399' title='bbox 605 2606 665 2629; x_wconf 76' lang='lat' dir='ltr'>xm,</span> <span class='ocrx_word' id='word_1_400' title='bbox 687 2602 725 2624; x_wconf 82' lang='lat'>34.</span> <span class='ocrx_word' id='word_1_401' title='bbox 746 2613 777 2618; x_wconf 95' lang='lat'>—</span> <span class='ocrx_word' id='word_1_402' title='bbox 797 2601 806 2614; x_wconf 80' lang='lat'>⁹</span> <span class='ocrx_word' id='word_1_403' title='bbox 827 2602 901 2631; x_wconf 66' lang='lat' dir='ltr'>Aug..</span> <span class='ocrx_word' id='word_1_404' title='bbox 922 2600 963 2624; x_wconf 87' lang='lat' dir='ltr'>ubi</span> 
     </span>
    </p>
   </div>
   <div class='ocr_carea' id='block_1_4' title="bbox 195 2634 966 2667">
    <p class='ocr_par' dir='ltr' id='par_1_7' title="bbox 195 2634 966 2667">
     <span class='ocr_line' id='line_1_53' title="bbox 195 2634 966 2667; baseline 0.001 -9"><span class='ocrx_word' id='word_1_405' title='bbox 195 2641 262 2666; x_wconf 61' lang='lat' dir='ltr'>sup„</span> <span class='ocrx_word' id='word_1_406' title='bbox 284 2641 311 2659; x_wconf 92' lang='lat' dir='ltr'>n.</span> <span class='ocrx_word' id='word_1_407' title='bbox 332 2637 356 2660; x_wconf 84' lang='lat'>2.</span> <span class='ocrx_word' id='word_1_408' title='bbox 375 2647 405 2653; x_wconf 91' lang='lat'>—-</span> <span class='ocrx_word' id='word_1_409' title='bbox 421 2636 440 2653; x_wconf 85' lang='lat'>²⁰</span> <span class='ocrx_word' id='word_1_410' title='bbox 459 2634 522 2660; x_wconf 90' lang='lat' dir='ltr'>Ibid.</span> <span class='ocrx_word' id='word_1_411' title='bbox 539 2648 570 2654; x_wconf 92' lang='lat'>-</span> <span class='ocrx_word' id='word_1_412' title='bbox 592 2637 608 2652; x_wconf 84' lang='lat'>¹¹</span> <span class='ocrx_word' id='word_1_413' title='bbox 631 2636 703 2667; x_wconf 70' lang='lat' dir='ltr'>ibid„</span> <span class='ocrx_word' id='word_1_414' title='bbox 721 2643 747 2660; x_wconf 87' lang='lat' dir='ltr'>n.</span> <span class='ocrx_word' id='word_1_415' title='bbox 767 2637 790 2661; x_wconf 92' lang='lat'>3.</span> <span class='ocrx_word' id='word_1_416' title='bbox 805 2648 835 2654; x_wconf 89' lang='lat'>-</span> <span class='ocrx_word' id='word_1_417' title='bbox 855 2636 873 2653; x_wconf 84' lang='lat'>²²</span> <span class='ocrx_word' id='word_1_418' title='bbox 887 2636 966 2665; x_wconf 67' lang='lat' dir='ltr'>Rom„</span> 
     </span>
    </p>
   </div>
   <div class='ocr_carea' id='block_1_5' title="bbox 703 196 1264 231">
    <p class='ocr_par' dir='ltr' id='par_1_8' title="bbox 703 196 1264 231">
     <span class='ocr_line' id='line_1_54' title="bbox 703 196 1264 231; baseline -0.004 -1"><span class='ocrx_word' id='word_1_419' title='bbox 703 197 917 231; x_wconf 86' lang='lat' dir='ltr'>EVANGELII</span> <span class='ocrx_word' id='word_1_420' title='bbox 940 196 1080 229; x_wconf 83' lang='lat' dir='ltr'>SANCTI</span> <span class='ocrx_word' id='word_1_421' title='bbox 1102 197 1226 229; x_wconf 77' lang='lat' dir='ltr'>JOANN</span> <span class='ocrx_word' id='word_1_422' title='bbox 1230 198 1264 230; x_wconf 87' lang='lat' dir='ltr'>IS</span> 
     </span>
    </p>
   </div>
   <div class='ocr_carea' id='block_1_6' title="bbox 1005 265 1788 2433">
    <p class='ocr_par' dir='ltr' id='par_1_9' title="bbox 1005 265 1783 1498">
     <span class='ocr_line' id='line_1_55' title="bbox 1005 265 1776 302; baseline 0.003 -10"><span class='ocrx_word' id='word_1_423' title='bbox 1005 266 1126 292; x_wconf 81' lang='lat' dir='ltr'>autem:</span> <span class='ocrx_word' id='word_1_424' title='bbox 1149 265 1312 302; x_wconf 78' lang='lat' dir='ltr'>Praeceptum</span> <span class='ocrx_word' id='word_1_425' title='bbox 1325 268 1430 294; x_wconf 83' lang='lat' dir='ltr'>meum?</span> <span class='ocrx_word' id='word_1_426' title='bbox 1456 267 1491 294; x_wconf 85' lang='lat' dir='ltr'>Et</span> <span class='ocrx_word' id='word_1_427' title='bbox 1505 267 1545 294; x_wconf 85' lang='lat' dir='ltr'>ad</span> <span class='ocrx_word' id='word_1_428' title='bbox 1564 267 1693 302; x_wconf 85' lang='lat' dir='ltr'>primum</span> <span class='ocrx_word' id='word_1_429' title='bbox 1715 273 1776 294; x_wconf 79' lang='lat' dir='ltr'>res·</span> 
     </span>
     <span class='ocr_line' id='line_1_56' title="bbox 1005 311 1775 350; baseline 0.004 -12"><span class='ocrx_word' id='word_1_430' title='bbox 1005 311 1118 346; x_wconf 87' lang='lat' dir='ltr'>pondet</span> <span class='ocrx_word' id='word_1_431' title='bbox 1131 313 1306 347; x_wconf 84' lang='lat' dir='ltr'>Augustinus</span> <span class='ocrx_word' id='word_1_432' title='bbox 1320 314 1340 348; x_wconf 84' lang='lat'>¹³,</span> <span class='ocrx_word' id='word_1_433' title='bbox 1357 314 1438 348; x_wconf 84' lang='lat' dir='ltr'>quod</span> <span class='ocrx_word' id='word_1_434' title='bbox 1458 324 1470 339; x_wconf 77' lang='lat' dir='ltr'>u</span> <span class='ocrx_word' id='word_1_435' title='bbox 1485 314 1616 342; x_wconf 83' lang='lat' dir='ltr'>mandati</span> <span class='ocrx_word' id='word_1_436' title='bbox 1631 313 1775 350; x_wconf 84' lang='lat' dir='ltr'>repetitio,</span> 
     </span>
     <span class='ocr_line' id='line_1_57' title="bbox 1005 359 1777 396; baseline 0.003 -11"><span class='ocrx_word' id='word_1_437' title='bbox 1005 359 1223 387; x_wconf 85' lang='lat' dir='ltr'>commendatio</span> <span class='ocrx_word' id='word_1_438' title='bbox 1239 361 1289 387; x_wconf 88' lang='lat' dir='ltr'>est.</span> <span class='ocrx_word' id='word_1_439' title='bbox 1302 370 1315 385; x_wconf 71' lang='lat' dir='ltr'>i)</span> <span class='ocrx_word' id='word_1_440' title='bbox 1332 360 1375 388; x_wconf 81' lang='lat' dir='ltr'>Ad</span> <span class='ocrx_word' id='word_1_441' title='bbox 1390 360 1471 388; x_wconf 81' lang='lat' dir='ltr'>aliud</span> <span class='ocrx_word' id='word_1_442' title='bbox 1481 360 1638 396; x_wconf 82' lang='lat' dir='ltr'>respondet</span> <span class='ocrx_word' id='word_1_443' title='bbox 1648 360 1678 394; x_wconf 80' lang='lat'>¹⁰,</span> <span class='ocrx_word' id='word_1_444' title='bbox 1695 359 1777 395; x_wconf 87' lang='lat' dir='ltr'>quod</span> 
     </span>
     <span class='ocr_line' id='line_1_58' title="bbox 1008 404 1777 442; baseline 0.004 -11"><span class='ocrx_word' id='word_1_445' title='bbox 1008 415 1022 430; x_wconf 72' lang='grc' dir='ltr'>ιι</span> <span class='ocrx_word' id='word_1_446' title='bbox 1036 404 1077 432; x_wconf 86' lang='lat' dir='ltr'>ihi</span> <span class='ocrx_word' id='word_1_447' title='bbox 1095 405 1134 432; x_wconf 88' lang='lat' dir='ltr'>ait</span> <span class='ocrx_word' id='word_1_448' title='bbox 1149 414 1254 439; x_wconf 78' lang='lat' dir='ltr'>novum,</span> <span class='ocrx_word' id='word_1_449' title='bbox 1273 413 1309 433; x_wconf 90' lang='lat' dir='ltr'>ne</span> <span class='ocrx_word' id='word_1_450' title='bbox 1325 406 1355 433; x_wconf 91' lang='lat' dir='ltr'>in</span> <span class='ocrx_word' id='word_1_451' title='bbox 1369 408 1509 434; x_wconf 70' lang='lat' dir='ltr'>vetustate</span> <span class='ocrx_word' id='word_1_452' title='bbox 1525 408 1624 434; x_wconf 84' lang='lat' dir='ltr'>nostra</span> <span class='ocrx_word' id='word_1_453' title='bbox 1643 413 1777 442; x_wconf 86' lang='lat' dir='ltr'>perseve-</span> 
     </span>
     <span class='ocr_line' id='line_1_59' title="bbox 1005 451 1778 487; baseline 0.001 -9"><span class='ocrx_word' id='word_1_454' title='bbox 1005 459 1117 484; x_wconf 87' lang='lat' dir='ltr'>remus;</span> <span class='ocrx_word' id='word_1_455' title='bbox 1142 451 1188 479; x_wconf 87' lang='lat' dir='ltr'>hic</span> <span class='ocrx_word' id='word_1_456' title='bbox 1212 460 1282 480; x_wconf 83' lang='lat' dir='ltr'>vero</span> <span class='ocrx_word' id='word_1_457' title='bbox 1300 452 1410 480; x_wconf 86' lang='lat' dir='ltr'>dictum</span> <span class='ocrx_word' id='word_1_458' title='bbox 1431 455 1473 480; x_wconf 85' lang='lat' dir='ltr'>cst</span> <span class='ocrx_word' id='word_1_459' title='bbox 1494 461 1627 487; x_wconf 82' lang='lat' dir='ltr'>meum,ne</span> <span class='ocrx_word' id='word_1_460' title='bbox 1650 453 1778 480; x_wconf 85' lang='lat' dir='ltr'>contem-</span> 
     </span>
     <span class='ocr_line' id='line_1_60' title="bbox 1005 498 1778 534; baseline 0.001 -9"><span class='ocrx_word' id='word_1_461' title='bbox 1005 498 1137 525; x_wconf 89' lang='lat' dir='ltr'>nendum</span> <span class='ocrx_word' id='word_1_462' title='bbox 1151 500 1297 533; x_wconf 65' lang='lat' dir='ltr'>putemus</span> <span class='ocrx_word' id='word_1_463' title='bbox 1314 500 1410 526; x_wconf 84' lang='lat' dir='ltr'>»Item</span> <span class='ocrx_word' id='word_1_464' title='bbox 1435 499 1582 534; x_wconf 80' lang='lat' dir='ltr'>quaeritur,</span> <span class='ocrx_word' id='word_1_465' title='bbox 1605 506 1696 534; x_wconf 85' lang='lat' dir='ltr'>quare</span> <span class='ocrx_word' id='word_1_466' title='bbox 1717 505 1778 525; x_wconf 90' lang='lat' dir='ltr'>non</span> 
     </span>
     <span class='ocr_line' id='line_1_61' title="bbox 1006 543 1778 580; baseline 0.003 -10"><span class='ocrx_word' id='word_1_467' title='bbox 1006 543 1056 570; x_wconf 89' lang='lat' dir='ltr'>dat</span> <span class='ocrx_word' id='word_1_468' title='bbox 1088 546 1266 579; x_wconf 74' lang='lat' dir='ltr'>praeceptum</span> <span class='ocrx_word' id='word_1_469' title='bbox 1290 544 1354 578; x_wconf 90' lang='lat' dir='ltr'>hic,</span> <span class='ocrx_word' id='word_1_470' title='bbox 1383 547 1415 571; x_wconf 94' lang='lat' dir='ltr'>ut</span> <span class='ocrx_word' id='word_1_471' title='bbox 1443 543 1600 580; x_wconf 81' lang='lat' dir='ltr'>diligamus</span> <span class='ocrx_word' id='word_1_472' title='bbox 1620 546 1673 572; x_wconf 77' lang='lat' dir='ltr'>se?</span> <span class='ocrx_word' id='word_1_473' title='bbox 1696 545 1778 578; x_wconf 86' lang='lat' dir='ltr'>Item,</span> 
     </span>
     <span class='ocr_line' id='line_1_62' title="bbox 1006 590 1778 626; baseline 0.003 -10"><span class='ocrx_word' id='word_1_474' title='bbox 1006 597 1097 625; x_wconf 86' lang='lat' dir='ltr'>quare</span> <span class='ocrx_word' id='word_1_475' title='bbox 1115 597 1175 617; x_wconf 92' lang='lat' dir='ltr'>non</span> <span class='ocrx_word' id='word_1_476' title='bbox 1195 593 1236 618; x_wconf 89' lang='lat' dir='ltr'>est</span> <span class='ocrx_word' id='word_1_477' title='bbox 1250 592 1427 626; x_wconf 80' lang='lat' dir='ltr'>praeceptum</span> <span class='ocrx_word' id='word_1_478' title='bbox 1441 590 1478 618; x_wconf 92' lang='lat' dir='ltr'>de</span> <span class='ocrx_word' id='word_1_479' title='bbox 1493 590 1552 618; x_wconf 88' lang='lat' dir='ltr'>fide</span> <span class='ocrx_word' id='word_1_480' title='bbox 1567 593 1595 618; x_wconf 89' lang='lat' dir='ltr'>et</span> <span class='ocrx_word' id='word_1_481' title='bbox 1609 592 1679 626; x_wconf 78' lang='lat' dir='ltr'>spe?</span> <span class='ocrx_word' id='word_1_482' title='bbox 1694 592 1725 618; x_wconf 86' lang='lat' dir='ltr'>Et</span> <span class='ocrx_word' id='word_1_483' title='bbox 1738 590 1778 618; x_wconf 89' lang='lat' dir='ltr'>ad</span> 
     </span>
     <span class='ocr_line' id='line_1_63' title="bbox 1006 636 1776 672; baseline 0.001 -9"><span class='ocrx_word' id='word_1_484' title='bbox 1006 636 1084 663; x_wconf 89' lang='lat' dir='ltr'>istud</span> <span class='ocrx_word' id='word_1_485' title='bbox 1099 636 1341 672; x_wconf 89' lang='lat' dir='ltr'>respondendum</span> <span class='ocrx_word' id='word_1_486' title='bbox 1357 636 1520 664; x_wconf 86' lang='lat' dir='ltr'>secundum</span> <span class='ocrx_word' id='word_1_487' title='bbox 1539 637 1731 671; x_wconf 85' lang='lat' dir='ltr'>Augustinum</span> <span class='ocrx_word' id='word_1_488' title='bbox 1743 638 1776 671; x_wconf 87' lang='lat'>¹¹,</span> 
     </span>
     <span class='ocr_line' id='line_1_64' title="bbox 1007 682 1778 718; baseline 0.001 -9"><span class='ocrx_word' id='word_1_489' title='bbox 1007 682 1089 718; x_wconf 86' lang='lat' dir='ltr'>quod</span> <span class='ocrx_word' id='word_1_490' title='bbox 1112 692 1124 707; x_wconf 70' lang='grc' dir='ltr'>ι(</span> <span class='ocrx_word' id='word_1_491' title='bbox 1144 682 1297 718; x_wconf 87' lang='lat' dir='ltr'>plenitudo</span> <span class='ocrx_word' id='word_1_492' title='bbox 1318 682 1389 717; x_wconf 87' lang='lat' dir='ltr'>Iegis</span> <span class='ocrx_word' id='word_1_493' title='bbox 1409 685 1451 710; x_wconf 91' lang='lat' dir='ltr'>est</span> <span class='ocrx_word' id='word_1_494' title='bbox 1470 682 1594 710; x_wconf 80' lang='lat' dir='ltr'>charitas</span> <span class='ocrx_word' id='word_1_495' title='bbox 1611 692 1617 709; x_wconf 90' lang='lat'>:</span> <span class='ocrx_word' id='word_1_496' title='bbox 1633 682 1684 710; x_wconf 90' lang='lat' dir='ltr'>ubi</span> <span class='ocrx_word' id='word_1_497' title='bbox 1708 690 1778 718; x_wconf 86' lang='lat' dir='ltr'>ergo</span> 
     </span>
     <span class='ocr_line' id='line_1_65' title="bbox 1008 728 1779 764; baseline 0.001 -9"><span class='ocrx_word' id='word_1_498' title='bbox 1008 731 1050 756; x_wconf 83' lang='lat' dir='ltr'>est</span> <span class='ocrx_word' id='word_1_499' title='bbox 1077 729 1201 756; x_wconf 80' lang='lat' dir='ltr'>charitas</span> <span class='ocrx_word' id='word_1_500' title='bbox 1212 749 1221 762; x_wconf 88' lang='lat'>,</span> <span class='ocrx_word' id='word_1_501' title='bbox 1251 729 1323 764; x_wconf 81' lang='lat' dir='ltr'>quid</span> <span class='ocrx_word' id='word_1_502' title='bbox 1354 731 1395 756; x_wconf 89' lang='lat' dir='ltr'>est</span> <span class='ocrx_word' id='word_1_503' title='bbox 1426 728 1507 764; x_wconf 88' lang='lat' dir='ltr'>quod</span> <span class='ocrx_word' id='word_1_504' title='bbox 1536 729 1627 764; x_wconf 85' lang='lat' dir='ltr'>possit</span> <span class='ocrx_word' id='word_1_505' title='bbox 1655 728 1779 756; x_wconf 78' lang='lat' dir='ltr'>deesse?</span> 
     </span>
     <span class='ocr_line' id='line_1_66' title="bbox 1008 774 1779 810; baseline 0 -8"><span class='ocrx_word' id='word_1_506' title='bbox 1008 775 1059 802; x_wconf 84' lang='lat' dir='ltr'>ubi</span> <span class='ocrx_word' id='word_1_507' title='bbox 1073 777 1170 802; x_wconf 90' lang='lat' dir='ltr'>autem</span> <span class='ocrx_word' id='word_1_508' title='bbox 1185 783 1246 802; x_wconf 89' lang='lat' dir='ltr'>non</span> <span class='ocrx_word' id='word_1_509' title='bbox 1270 776 1321 808; x_wconf 89' lang='lat' dir='ltr'>est,</span> <span class='ocrx_word' id='word_1_510' title='bbox 1339 775 1411 810; x_wconf 85' lang='lat' dir='ltr'>quid</span> <span class='ocrx_word' id='word_1_511' title='bbox 1436 777 1478 802; x_wconf 83' lang='lat' dir='ltr'>est</span> <span class='ocrx_word' id='word_1_512' title='bbox 1501 775 1582 810; x_wconf 88' lang='lat' dir='ltr'>quod</span> <span class='ocrx_word' id='word_1_513' title='bbox 1598 774 1689 810; x_wconf 84' lang='lat' dir='ltr'>possit</span> <span class='ocrx_word' id='word_1_514' title='bbox 1708 782 1779 810; x_wconf 91' lang='lat' dir='ltr'>pro-</span> 
     </span>
     <span class='ocr_line' id='line_1_67' title="bbox 1009 820 1778 856; baseline 0 -8"><span class='ocrx_word' id='word_1_515' title='bbox 1009 820 1114 848; x_wconf 66' lang='lat' dir='ltr'>desse?</span> <span class='ocrx_word' id='word_1_516' title='bbox 1129 823 1161 848; x_wconf 86' lang='lat' dir='ltr'>Et</span> <span class='ocrx_word' id='word_1_517' title='bbox 1175 821 1214 849; x_wconf 86' lang='lat' dir='ltr'>ita</span> <span class='ocrx_word' id='word_1_518' title='bbox 1230 821 1280 848; x_wconf 90' lang='lat' dir='ltr'>ubi</span> <span class='ocrx_word' id='word_1_519' title='bbox 1295 823 1337 848; x_wconf 90' lang='lat' dir='ltr'>est</span> <span class='ocrx_word' id='word_1_520' title='bbox 1358 821 1474 848; x_wconf 82' lang='lat' dir='ltr'>dilectio</span> <span class='ocrx_word' id='word_1_521' title='bbox 1489 821 1628 856; x_wconf 85' lang='lat' dir='ltr'>proximi,</span> <span class='ocrx_word' id='word_1_522' title='bbox 1645 823 1671 848; x_wconf 92' lang='lat' dir='ltr'>et</span> <span class='ocrx_word' id='word_1_523' title='bbox 1685 820 1778 848; x_wconf 88' lang='lat' dir='ltr'>dilec-</span> 
     </span>
     <span class='ocr_line' id='line_1_68' title="bbox 1008 867 1780 902; baseline 0.001 -8"><span class='ocrx_word' id='word_1_524' title='bbox 1008 867 1048 894; x_wconf 86' lang='lat' dir='ltr'>tio</span> <span class='ocrx_word' id='word_1_525' title='bbox 1065 867 1123 894; x_wconf 87' lang='lat' dir='ltr'>Dei.</span> <span class='ocrx_word' id='word_1_526' title='bbox 1137 868 1180 892; x_wconf 68' lang='grc' dir='ltr'>υ12</span> <span class='ocrx_word' id='word_1_527' title='bbox 1198 878 1211 893; x_wconf 79' lang='grc' dir='ltr'>ιι</span> <span class='ocrx_word' id='word_1_528' title='bbox 1226 867 1378 895; x_wconf 84' lang='lat' dir='ltr'>Plenitudo</span> <span class='ocrx_word' id='word_1_529' title='bbox 1391 867 1465 902; x_wconf 84' lang='lat' dir='ltr'>legis</span> <span class='ocrx_word' id='word_1_530' title='bbox 1479 869 1520 894; x_wconf 85' lang='lat' dir='ltr'>est</span> <span class='ocrx_word' id='word_1_531' title='bbox 1535 867 1662 895; x_wconf 89' lang='lat' dir='ltr'>dilectio.</span> <span class='ocrx_word' id='word_1_532' title='bbox 1678 877 1692 893; x_wconf 65' lang='grc' dir='ltr'><strong>η</strong></span> <span class='ocrx_word' id='word_1_533' title='bbox 1709 868 1780 895; x_wconf 87' lang='lat' dir='ltr'>Item</span> 
     </span>
     <span class='ocr_line' id='line_1_69' title="bbox 1008 913 1780 949; baseline 0.001 -9"><span class='ocrx_word' id='word_1_534' title='bbox 1008 913 1060 940; x_wconf 90' lang='lat' dir='ltr'>ubi</span> <span class='ocrx_word' id='word_1_535' title='bbox 1075 915 1117 940; x_wconf 90' lang='lat' dir='ltr'>est</span> <span class='ocrx_word' id='word_1_536' title='bbox 1129 913 1256 947; x_wconf 84' lang='lat' dir='ltr'>dilectio,</span> <span class='ocrx_word' id='word_1_537' title='bbox 1275 913 1316 940; x_wconf 89' lang='lat' dir='ltr'>ibi</span> <span class='ocrx_word' id='word_1_538' title='bbox 1329 913 1403 940; x_wconf 89' lang='lat' dir='ltr'>fides</span> <span class='ocrx_word' id='word_1_539' title='bbox 1418 915 1445 940; x_wconf 89' lang='lat' dir='ltr'>et</span> <span class='ocrx_word' id='word_1_540' title='bbox 1458 921 1523 949; x_wconf 88' lang='lat' dir='ltr'>spes</span> <span class='ocrx_word' id='word_1_541' title='bbox 1536 914 1556 934; x_wconf 76' lang='lat'>¹³</span> <span class='ocrx_word' id='word_1_542' title='bbox 1574 923 1599 941; x_wconf 77' lang='lat' dir='ltr'>z«</span> <span class='ocrx_word' id='word_1_543' title='bbox 1613 913 1641 941; x_wconf 91' lang='lat' dir='ltr'>Si</span> <span class='ocrx_word' id='word_1_544' title='bbox 1658 913 1780 941; x_wconf 87' lang='lat' dir='ltr'>charita-</span> 
     </span>
     <span class='ocr_line' id='line_1_70' title="bbox 1009 959 1780 996; baseline 0 -9"><span class='ocrx_word' id='word_1_545' title='bbox 1009 961 1068 987; x_wconf 89' lang='lat' dir='ltr'>tem</span> <span class='ocrx_word' id='word_1_546' title='bbox 1082 967 1142 987; x_wconf 92' lang='lat' dir='ltr'>non</span> <span class='ocrx_word' id='word_1_547' title='bbox 1156 960 1299 994; x_wconf 86' lang='lat' dir='ltr'>habuero,</span> <span class='ocrx_word' id='word_1_548' title='bbox 1316 960 1388 987; x_wconf 89' lang='lat' dir='ltr'>nibil</span> <span class='ocrx_word' id='word_1_549' title='bbox 1402 968 1498 987; x_wconf 71' lang='lat' dir='ltr'>sumu</span> <span class='ocrx_word' id='word_1_550' title='bbox 1510 961 1542 987; x_wconf 85' lang='lat' dir='ltr'>Et</span> <span class='ocrx_word' id='word_1_551' title='bbox 1557 961 1626 988; x_wconf 87' lang='lat' dir='ltr'>nota</span> <span class='ocrx_word' id='word_1_552' title='bbox 1639 959 1722 996; x_wconf 89' lang='lat' dir='ltr'>quod</span> <span class='ocrx_word' id='word_1_553' title='bbox 1733 959 1780 987; x_wconf 81' lang='lat' dir='ltr'>hic</span> 
     </span>
     <span class='ocr_line' id='line_1_71' title="bbox 1009 1006 1781 1042; baseline -0.001 -8"><span class='ocrx_word' id='word_1_554' title='bbox 1009 1006 1048 1034; x_wconf 80' lang='lat' dir='ltr'>ait</span> <span class='ocrx_word' id='word_1_555' title='bbox 1065 1015 1071 1033; x_wconf 80' lang='lat' dir='ltr'>z</span> <span class='ocrx_word' id='word_1_556' title='bbox 1091 1007 1124 1033; x_wconf 81' lang='lat' dir='ltr'>Ut</span> <span class='ocrx_word' id='word_1_557' title='bbox 1138 1007 1264 1041; x_wconf 68' lang='lat' dir='ltr'>clz&#39;lcqatc&#39;s</span> <span class='ocrx_word' id='word_1_558' title='bbox 1278 1008 1403 1040; x_wconf 80' lang='lat' dir='ltr'>invicem,</span> <span class='ocrx_word' id='word_1_559' title='bbox 1425 1006 1533 1034; x_wconf 85' lang='lat' dir='ltr'>scilicet</span> <span class='ocrx_word' id='word_1_560' title='bbox 1554 1008 1674 1042; x_wconf 86' lang='lat' dir='ltr'>propter</span> <span class='ocrx_word' id='word_1_561' title='bbox 1689 1007 1781 1034; x_wconf 87' lang='lat' dir='ltr'>Deum</span> 
     </span>
     <span class='ocr_line' id='line_1_72' title="bbox 1010 1052 1780 1081; baseline 0 -1"><span class='ocrx_word' id='word_1_562' title='bbox 1010 1052 1231 1080; x_wconf 78' lang='lat' dir='ltr'>inveniendum.</span> <span class='ocrx_word' id='word_1_563' title='bbox 1247 1054 1278 1080; x_wconf 89' lang='lat' dir='ltr'>Et</span> <span class='ocrx_word' id='word_1_564' title='bbox 1289 1052 1319 1080; x_wconf 88' lang='lat' dir='ltr'>in</span> <span class='ocrx_word' id='word_1_565' title='bbox 1335 1053 1391 1080; x_wconf 89' lang='lat' dir='ltr'>hoc</span> <span class='ocrx_word' id='word_1_566' title='bbox 1407 1052 1581 1080; x_wconf 87' lang='lat' dir='ltr'>discernitur</span> <span class='ocrx_word' id='word_1_567' title='bbox 1595 1053 1650 1081; x_wconf 86' lang='lat' dir='ltr'>ista</span> <span class='ocrx_word' id='word_1_568' title='bbox 1663 1052 1780 1081; x_wconf 86' lang='lat' dir='ltr'>dilectio</span> 
     </span>
     <span class='ocr_line' id='line_1_73' title="bbox 1010 1098 1780 1134; baseline 0.001 -8"><span class='ocrx_word' id='word_1_569' title='bbox 1010 1099 1048 1126; x_wconf 89' lang='lat' dir='ltr'>ab</span> <span class='ocrx_word' id='word_1_570' title='bbox 1064 1107 1099 1126; x_wconf 87' lang='lat' dir='ltr'>ea</span> <span class='ocrx_word' id='word_1_571' title='bbox 1111 1099 1279 1132; x_wconf 88' lang='lat' dir='ltr'>dilectione,</span> <span class='ocrx_word' id='word_1_572' title='bbox 1296 1107 1356 1134; x_wconf 88' lang='lat' dir='ltr'>qua</span> <span class='ocrx_word' id='word_1_573' title='bbox 1377 1098 1503 1134; x_wconf 82' lang='lat' dir='ltr'>diligunt</span> <span class='ocrx_word' id='word_1_574' title='bbox 1517 1107 1546 1126; x_wconf 91' lang='lat' dir='ltr'>se</span> <span class='ocrx_word' id='word_1_575' title='bbox 1561 1099 1704 1126; x_wconf 87' lang='lat' dir='ltr'>homines.</span> <span class='ocrx_word' id='word_1_576' title='bbox 1726 1101 1780 1127; x_wconf 89' lang='lat' dir='ltr'>Su—</span> 
     </span>
     <span class='ocr_line' id='line_1_74' title="bbox 1011 1145 1779 1181; baseline 0 -8"><span class='ocrx_word' id='word_1_577' title='bbox 1011 1153 1064 1181; x_wconf 90' lang='lat' dir='ltr'>pra</span> <span class='ocrx_word' id='word_1_578' title='bbox 1076 1146 1095 1162; x_wconf 66' lang='lat'>¹⁴</span> <span class='ocrx_word' id='word_1_579' title='bbox 1112 1155 1117 1172; x_wconf 76' lang='grc' dir='ltr'>ε</span> <span class='ocrx_word' id='word_1_580' title='bbox 1137 1155 1151 1171; x_wconf 88' lang='lat'>«</span> <span class='ocrx_word' id='word_1_581' title='bbox 1168 1147 1200 1172; x_wconf 81' lang='lat' dir='ltr'>Ut</span> <span class='ocrx_word' id='word_1_582' title='bbox 1216 1145 1342 1180; x_wconf 86' lang='lat' dir='ltr'>diligatis</span> <span class='ocrx_word' id='word_1_583' title='bbox 1365 1146 1508 1179; x_wconf 74' lang='lat' dir='ltr'>invicem,</span> <span class='ocrx_word' id='word_1_584' title='bbox 1533 1155 1546 1171; x_wconf 86' lang='lat'>»</span> <span class='ocrx_word' id='word_1_585' title='bbox 1575 1145 1627 1173; x_wconf 87' lang='lat' dir='ltr'>ubi</span> <span class='ocrx_word' id='word_1_586' title='bbox 1652 1145 1689 1173; x_wconf 91' lang='lat' dir='ltr'>de</span> <span class='ocrx_word' id='word_1_587' title='bbox 1712 1145 1779 1173; x_wconf 87' lang='lat' dir='ltr'>hoe.</span> 
     </span>
     <span class='ocr_line' id='line_1_75' title="bbox 1011 1192 1783 1227; baseline 0 -8"><span class='ocrx_word' id='word_1_588' title='bbox 1011 1194 1079 1219; x_wconf 87' lang='lat' dir='ltr'>Item</span> <span class='ocrx_word' id='word_1_589' title='bbox 1096 1192 1197 1227; x_wconf 76' lang='lat' dir='ltr'>quaerit</span> <span class='ocrx_word' id='word_1_590' title='bbox 1215 1192 1376 1226; x_wconf 77' lang='lat' dir='ltr'>Graegorius</span> <span class='ocrx_word' id='word_1_591' title='bbox 1387 1192 1409 1207; x_wconf 83' lang='lat'>¹⁵</span> <span class='ocrx_word' id='word_1_592' title='bbox 1423 1201 1430 1218; x_wconf 86' lang='lat'>:</span> <span class='ocrx_word' id='word_1_593' title='bbox 1449 1202 1462 1216; x_wconf 88' lang='lat'>«</span> <span class='ocrx_word' id='word_1_594' title='bbox 1477 1193 1550 1219; x_wconf 89' lang='lat' dir='ltr'>Cum</span> <span class='ocrx_word' id='word_1_595' title='bbox 1565 1199 1648 1227; x_wconf 86' lang='lat' dir='ltr'>sacra</span> <span class='ocrx_word' id='word_1_596' title='bbox 1662 1192 1783 1227; x_wconf 88' lang='lat' dir='ltr'>eloquia</span> 
     </span>
     <span class='ocr_line' id='line_1_76' title="bbox 1010 1237 1781 1273; baseline 0 -8"><span class='ocrx_word' id='word_1_597' title='bbox 1010 1238 1098 1273; x_wconf 88' lang='lat' dir='ltr'>plena</span> <span class='ocrx_word' id='word_1_598' title='bbox 1113 1238 1169 1264; x_wconf 85' lang='lat' dir='ltr'>sint</span> <span class='ocrx_word' id='word_1_599' title='bbox 1183 1237 1338 1265; x_wconf 90' lang='lat' dir='ltr'>dominicis</span> <span class='ocrx_word' id='word_1_600' title='bbox 1358 1238 1518 1273; x_wconf 82' lang='lat' dir='ltr'>praeceptis,</span> <span class='ocrx_word' id='word_1_601' title='bbox 1537 1238 1610 1273; x_wconf 89' lang='lat' dir='ltr'>quid</span> <span class='ocrx_word' id='word_1_602' title='bbox 1625 1240 1674 1269; x_wconf 86' lang='lat' dir='ltr'>est,</span> <span class='ocrx_word' id='word_1_603' title='bbox 1697 1238 1781 1273; x_wconf 84' lang='lat' dir='ltr'>quod</span> 
     </span>
     <span class='ocr_line' id='line_1_77' title="bbox 1012 1283 1780 1318; baseline -0.001 -7"><span class='ocrx_word' id='word_1_604' title='bbox 1012 1284 1048 1312; x_wconf 89' lang='lat' dir='ltr'>de</span> <span class='ocrx_word' id='word_1_605' title='bbox 1063 1284 1218 1311; x_wconf 90' lang='lat' dir='ltr'>dilectione</span> <span class='ocrx_word' id='word_1_606' title='bbox 1234 1283 1303 1311; x_wconf 91' lang='lat' dir='ltr'>dicit</span> <span class='ocrx_word' id='word_1_607' title='bbox 1317 1293 1323 1311; x_wconf 79' lang='lat' dir='ltr'>z</span> <span class='ocrx_word' id='word_1_608' title='bbox 1341 1285 1395 1310; x_wconf 83' lang='lat' dir='ltr'>Hoc</span> <span class='ocrx_word' id='word_1_609' title='bbox 1409 1286 1447 1310; x_wconf 84' lang='lat' dir='ltr'>est</span> <span class='ocrx_word' id='word_1_610' title='bbox 1465 1287 1627 1318; x_wconf 72' lang='lat' dir='ltr'>praeeeptum</span> <span class='ocrx_word' id='word_1_611' title='bbox 1644 1285 1752 1311; x_wconf 81' lang='lat' dir='ltr'>meum?</span> <span class='ocrx_word' id='word_1_612' title='bbox 1765 1293 1780 1310; x_wconf 69' lang='grc' dir='ltr'><strong>ν</strong></span> 
     </span>
     <span class='ocr_line' id='line_1_78' title="bbox 1012 1329 1783 1366; baseline -0.001 -8"><span class='ocrx_word' id='word_1_613' title='bbox 1012 1332 1043 1358; x_wconf 88' lang='lat' dir='ltr'>Et</span> <span class='ocrx_word' id='word_1_614' title='bbox 1056 1330 1093 1358; x_wconf 89' lang='lat' dir='ltr'>ad</span> <span class='ocrx_word' id='word_1_615' title='bbox 1108 1330 1165 1358; x_wconf 86' lang='lat' dir='ltr'>hoe</span> <span class='ocrx_word' id='word_1_616' title='bbox 1180 1330 1349 1366; x_wconf 86' lang='lat' dir='ltr'>respondet,</span> <span class='ocrx_word' id='word_1_617' title='bbox 1364 1330 1435 1365; x_wconf 84' lang='lat' dir='ltr'>quia</span> <span class='ocrx_word' id='word_1_618' title='bbox 1453 1340 1466 1355; x_wconf 86' lang='lat'>«</span> <span class='ocrx_word' id='word_1_619' title='bbox 1481 1329 1629 1365; x_wconf 89' lang='lat' dir='ltr'>quidquid</span> <span class='ocrx_word' id='word_1_620' title='bbox 1651 1329 1783 1366; x_wconf 73' lang='lat' dir='ltr'>praeeipi-</span> 
     </span>
     <span class='ocr_line' id='line_1_79' title="bbox 1012 1375 1783 1411; baseline -0.001 -7"><span class='ocrx_word' id='word_1_621' title='bbox 1012 1379 1068 1411; x_wconf 90' lang='lat' dir='ltr'>tur,</span> <span class='ocrx_word' id='word_1_622' title='bbox 1083 1377 1113 1405; x_wconf 88' lang='lat' dir='ltr'>in</span> <span class='ocrx_word' id='word_1_623' title='bbox 1128 1377 1192 1404; x_wconf 82' lang='lat' dir='ltr'>sola</span> <span class='ocrx_word' id='word_1_624' title='bbox 1206 1377 1343 1404; x_wconf 86' lang='lat' dir='ltr'>charitate</span> <span class='ocrx_word' id='word_1_625' title='bbox 1358 1376 1517 1403; x_wconf 85' lang='lat' dir='ltr'>radicatur.</span> <span class='ocrx_word' id='word_1_626' title='bbox 1530 1387 1543 1402; x_wconf 78' lang='grc' dir='ltr'>ι)</span> <span class='ocrx_word' id='word_1_627' title='bbox 1561 1378 1592 1404; x_wconf 83' lang='lat' dir='ltr'>Et</span> <span class='ocrx_word' id='word_1_628' title='bbox 1606 1376 1647 1404; x_wconf 90' lang='lat' dir='ltr'>ibi</span> <span class='ocrx_word' id='word_1_629' title='bbox 1659 1376 1735 1404; x_wconf 84' lang='lat' dir='ltr'>bene</span> <span class='ocrx_word' id='word_1_630' title='bbox 1745 1375 1783 1403; x_wconf 86' lang='lat' dir='ltr'>de</span> 
     </span>
     <span class='ocr_line' id='line_1_80' title="bbox 1011 1423 1783 1458; baseline -0.001 -6"><span class='ocrx_word' id='word_1_631' title='bbox 1011 1425 1079 1458; x_wconf 87' lang='lat' dir='ltr'>hoc,</span> <span class='ocrx_word' id='word_1_632' title='bbox 1090 1426 1117 1452; x_wconf 89' lang='lat' dir='ltr'>et</span> <span class='ocrx_word' id='word_1_633' title='bbox 1131 1425 1167 1451; x_wconf 89' lang='lat' dir='ltr'>de</span> <span class='ocrx_word' id='word_1_634' title='bbox 1184 1424 1339 1451; x_wconf 87' lang='lat' dir='ltr'>dilectione</span> <span class='ocrx_word' id='word_1_635' title='bbox 1355 1423 1482 1451; x_wconf 78' lang='lat' dir='ltr'>fraterna</span> <span class='ocrx_word' id='word_1_636' title='bbox 1496 1423 1584 1451; x_wconf 80' lang='lat' dir='ltr'>etiam</span> <span class='ocrx_word' id='word_1_637' title='bbox 1595 1423 1783 1451; x_wconf 89' lang='lat' dir='ltr'>inimieorum</span> 
     </span>
     <span class='ocr_line' id='line_1_81' title="bbox 1011 1470 1196 1498; baseline -0.005 0"><span class='ocrx_word' id='word_1_638' title='bbox 1011 1470 1196 1498; x_wconf 81' lang='lat' dir='ltr'>sufficienter.</span> 
     </span>
    </p>

    <p class='ocr_par' dir='ltr' id='par_1_10' title="bbox 1009 1514 1785 1780">
     <span class='ocr_line' id='line_1_82' title="bbox 1047 1514 1785 1552; baseline -0.001 -8"><span class='ocrx_word' id='word_1_639' title='bbox 1047 1518 1090 1544; x_wconf 85' lang='lat'>13.</span> <span class='ocrx_word' id='word_1_640' title='bbox 1108 1518 1140 1544; x_wconf 89' lang='lat' dir='ltr'>Et</span> <span class='ocrx_word' id='word_1_641' title='bbox 1153 1516 1284 1552; x_wconf 86' lang='lat' dir='ltr'>sequitur</span> <span class='ocrx_word' id='word_1_642' title='bbox 1298 1516 1342 1543; x_wconf 89' lang='lat' dir='ltr'>sui</span> <span class='ocrx_word' id='word_1_643' title='bbox 1357 1515 1485 1550; x_wconf 80' lang='lat' dir='ltr'>exempli</span> <span class='ocrx_word' id='word_1_644' title='bbox 1500 1515 1529 1542; x_wconf 87' lang='lat' dir='ltr'>in</span> <span class='ocrx_word' id='word_1_645' title='bbox 1547 1514 1699 1550; x_wconf 89' lang='lat' dir='ltr'>diligendo</span> <span class='ocrx_word' id='word_1_646' title='bbox 1714 1515 1785 1543; x_wconf 90' lang='lat' dir='ltr'>sub-</span> 
     </span>
     <span class='ocr_line' id='line_1_83' title="bbox 1009 1560 1783 1597; baseline -0.003 -7"><span class='ocrx_word' id='word_1_647' title='bbox 1009 1563 1121 1597; x_wconf 88' lang='lat' dir='ltr'>junctio</span> <span class='ocrx_word' id='word_1_648' title='bbox 1147 1572 1153 1589; x_wconf 90' lang='lat'>:</span> <span class='ocrx_word' id='word_1_649' title='bbox 1180 1563 1308 1596; x_wconf 76' lang='lat' dir='ltr'>ItlaJ&#39;orem</span> <span class='ocrx_word' id='word_1_650' title='bbox 1331 1562 1378 1588; x_wconf 76' lang='lat' dir='ltr'>hac</span> <span class='ocrx_word' id='word_1_651' title='bbox 1403 1562 1585 1594; x_wconf 66' lang='lat' dir='ltr'>dilectionem,</span> <span class='ocrx_word' id='word_1_652' title='bbox 1609 1563 1661 1588; x_wconf 83' lang='lat' dir='ltr'>eto.</span> <span class='ocrx_word' id='word_1_653' title='bbox 1686 1562 1718 1589; x_wconf 86' lang='lat' dir='ltr'>Et</span> <span class='ocrx_word' id='word_1_654' title='bbox 1741 1560 1783 1588; x_wconf 89' lang='lat' dir='ltr'>ibi</span> 
     </span>
     <span class='ocr_line' id='line_1_84' title="bbox 1012 1607 1784 1644; baseline -0.003 -8"><span class='ocrx_word' id='word_1_655' title='bbox 1012 1610 1066 1636; x_wconf 89' lang='lat' dir='ltr'>tria</span> <span class='ocrx_word' id='word_1_656' title='bbox 1083 1618 1089 1636; x_wconf 74' lang='grc' dir='ltr'><strong>ε</strong></span> <span class='ocrx_word' id='word_1_657' title='bbox 1104 1609 1201 1644; x_wconf 87' lang='lat' dir='ltr'>primo</span> <span class='ocrx_word' id='word_1_658' title='bbox 1217 1608 1391 1641; x_wconf 78' lang='lat' dir='ltr'>dilectioniS,</span> <span class='ocrx_word' id='word_1_659' title='bbox 1408 1615 1467 1643; x_wconf 80' lang='lat' dir='ltr'>qua</span> <span class='ocrx_word' id='word_1_660' title='bbox 1488 1608 1550 1642; x_wconf 86' lang='lat' dir='ltr'>ipse</span> <span class='ocrx_word' id='word_1_661' title='bbox 1565 1607 1676 1640; x_wconf 82' lang='lat' dir='ltr'>dilexit,</span> <span class='ocrx_word' id='word_1_662' title='bbox 1692 1607 1784 1643; x_wconf 82' lang='lat' dir='ltr'>speci-</span> 
     </span>
     <span class='ocr_line' id='line_1_85' title="bbox 1012 1653 1782 1689; baseline -0.003 -7"><span class='ocrx_word' id='word_1_663' title='bbox 1012 1656 1110 1682; x_wconf 88' lang='lat' dir='ltr'>ficatio</span> <span class='ocrx_word' id='word_1_664' title='bbox 1126 1665 1133 1689; x_wconf 88' lang='lat'>;</span> <span class='ocrx_word' id='word_1_665' title='bbox 1159 1654 1308 1689; x_wconf 90' lang='lat' dir='ltr'>secundo,</span> <span class='ocrx_word' id='word_1_666' title='bbox 1338 1654 1528 1689; x_wconf 82' lang='lat' dir='ltr'>diligentibus</span> <span class='ocrx_word' id='word_1_667' title='bbox 1549 1653 1590 1680; x_wconf 87' lang='lat' dir='ltr'>sic</span> <span class='ocrx_word' id='word_1_668' title='bbox 1609 1653 1782 1688; x_wconf 86' lang='lat' dir='ltr'>promissio,</span> 
     </span>
     <span class='ocr_line' id='line_1_86' title="bbox 1012 1699 1784 1735; baseline -0.003 -6"><span class='ocrx_word' id='word_1_669' title='bbox 1012 1701 1053 1729; x_wconf 90' lang='lat' dir='ltr'>ibi</span> <span class='ocrx_word' id='word_1_670' title='bbox 1064 1702 1084 1718; x_wconf 75' lang='lat'>¹⁶</span> <span class='ocrx_word' id='word_1_671' title='bbox 1103 1702 1167 1728; x_wconf 86' lang='lat' dir='ltr'>:Vos</span> <span class='ocrx_word' id='word_1_672' title='bbox 1182 1702 1263 1727; x_wconf 79' lang='lat' dir='ltr'>amici</span> <span class='ocrx_word' id='word_1_673' title='bbox 1276 1702 1338 1733; x_wconf 80' lang='lat' dir='ltr'>mei,</span> <span class='ocrx_word' id='word_1_674' title='bbox 1358 1702 1423 1734; x_wconf 85' lang='lat' dir='ltr'>ete.;</span> <span class='ocrx_word' id='word_1_675' title='bbox 1440 1700 1535 1734; x_wconf 86' lang='lat' dir='ltr'>tertio,</span> <span class='ocrx_word' id='word_1_676' title='bbox 1550 1699 1687 1735; x_wconf 86' lang='lat' dir='ltr'>praecepti</span> <span class='ocrx_word' id='word_1_677' title='bbox 1702 1699 1784 1727; x_wconf 84' lang='lat' dir='ltr'>itera-</span> 
     </span>
     <span class='ocr_line' id='line_1_87' title="bbox 1013 1746 1428 1780; baseline -0.005 -5"><span class='ocrx_word' id='word_1_678' title='bbox 1013 1747 1114 1780; x_wconf 88' lang='lat' dir='ltr'>tio,ibi</span> <span class='ocrx_word' id='word_1_679' title='bbox 1125 1748 1141 1764; x_wconf 81' lang='lat'>¹⁷</span> <span class='ocrx_word' id='word_1_680' title='bbox 1155 1756 1160 1773; x_wconf 89' lang='lat'><strong>:</strong></span> <span class='ocrx_word' id='word_1_681' title='bbox 1178 1747 1238 1773; x_wconf 86' lang='lat' dir='ltr'>Hoec</span> <span class='ocrx_word' id='word_1_682' title='bbox 1252 1746 1360 1780; x_wconf 76' lang='lat' dir='ltr'>mando,</span> <span class='ocrx_word' id='word_1_683' title='bbox 1375 1748 1428 1773; x_wconf 87' lang='lat' dir='ltr'>etc.</span> 
     </span>
    </p>

    <p class='ocr_par' dir='ltr' id='par_1_11' title="bbox 1012 1792 1788 2433">
     <span class='ocr_line' id='line_1_88' title="bbox 1048 1792 1785 1828; baseline -0.001 -7"><span class='ocrx_word' id='word_1_684' title='bbox 1048 1794 1093 1821; x_wconf 93' lang='lat' dir='ltr'>Ait</span> <span class='ocrx_word' id='word_1_685' title='bbox 1107 1800 1178 1828; x_wconf 85' lang='lat' dir='ltr'>ergo</span> <span class='ocrx_word' id='word_1_686' title='bbox 1195 1801 1201 1818; x_wconf 92' lang='lat'>:</span> <span class='ocrx_word' id='word_1_687' title='bbox 1218 1793 1349 1826; x_wconf 63' lang='lat' dir='ltr'>Memorem</span> <span class='ocrx_word' id='word_1_688' title='bbox 1359 1793 1406 1819; x_wconf 82' lang='lat' dir='ltr'>hac</span> <span class='ocrx_word' id='word_1_689' title='bbox 1422 1792 1601 1824; x_wconf 76' lang='lat' dir='ltr'>dilectionem,</span> <span class='ocrx_word' id='word_1_690' title='bbox 1619 1794 1671 1820; x_wconf 88' lang='lat' dir='ltr'>etc.</span> <span class='ocrx_word' id='word_1_691' title='bbox 1676 1812 1685 1826; x_wconf 92' lang='lat'>,</span> <span class='ocrx_word' id='word_1_692' title='bbox 1700 1793 1785 1828; x_wconf 81' lang='lat' dir='ltr'>quasi</span> 
     </span>
     <span class='ocr_line' id='line_1_89' title="bbox 1014 1838 1784 1874; baseline 0 -7"><span class='ocrx_word' id='word_1_693' title='bbox 1014 1840 1145 1868; x_wconf 88' lang='lat' dir='ltr'>diceret:</span> <span class='ocrx_word' id='word_1_694' title='bbox 1166 1839 1210 1866; x_wconf 90' lang='lat' dir='ltr'>Sic</span> <span class='ocrx_word' id='word_1_695' title='bbox 1225 1847 1280 1874; x_wconf 86' lang='lat' dir='ltr'>ego</span> <span class='ocrx_word' id='word_1_696' title='bbox 1303 1839 1409 1872; x_wconf 79' lang='lat' dir='ltr'>dilexi,</span> <span class='ocrx_word' id='word_1_697' title='bbox 1435 1841 1466 1866; x_wconf 93' lang='lat' dir='ltr'>ut</span> <span class='ocrx_word' id='word_1_698' title='bbox 1489 1838 1619 1866; x_wconf 86' lang='lat' dir='ltr'>animam</span> <span class='ocrx_word' id='word_1_699' title='bbox 1641 1846 1784 1874; x_wconf 89' lang='lat' dir='ltr'>ponerem</span> 
     </span>
     <span class='ocr_line' id='line_1_90' title="bbox 1012 1884 1785 1922; baseline -0.003 -8"><span class='ocrx_word' id='word_1_700' title='bbox 1012 1894 1067 1922; x_wconf 89' lang='lat' dir='ltr'>pro</span> <span class='ocrx_word' id='word_1_701' title='bbox 1083 1885 1264 1919; x_wconf 88' lang='lat' dir='ltr'>hominibus,</span> <span class='ocrx_word' id='word_1_702' title='bbox 1280 1893 1340 1920; x_wconf 86' lang='lat' dir='ltr'>qua</span> <span class='ocrx_word' id='word_1_703' title='bbox 1353 1892 1414 1912; x_wconf 87' lang='lat' dir='ltr'>non</span> <span class='ocrx_word' id='word_1_704' title='bbox 1429 1886 1471 1912; x_wconf 90' lang='lat' dir='ltr'>est</span> <span class='ocrx_word' id='word_1_705' title='bbox 1486 1885 1581 1919; x_wconf 82' lang='lat' dir='ltr'>major</span> <span class='ocrx_word' id='word_1_706' title='bbox 1596 1884 1730 1919; x_wconf 86' lang='lat' dir='ltr'>charitas,</span> <span class='ocrx_word' id='word_1_707' title='bbox 1747 1885 1785 1912; x_wconf 89' lang='lat' dir='ltr'>si-</span> 
     </span>
     <span class='ocr_line' id='line_1_91' title="bbox 1013 1930 1784 1966; baseline -0.001 -6"><span class='ocrx_word' id='word_1_708' title='bbox 1013 1935 1060 1960; x_wconf 88' lang='lat' dir='ltr'>cut</span> <span class='ocrx_word' id='word_1_709' title='bbox 1075 1932 1225 1960; x_wconf 87' lang='lat' dir='ltr'>continuat</span> <span class='ocrx_word' id='word_1_710' title='bbox 1238 1931 1413 1966; x_wconf 81' lang='lat' dir='ltr'>Augustinus</span> <span class='ocrx_word' id='word_1_711' title='bbox 1432 1931 1488 1958; x_wconf 86' lang='lat' dir='ltr'>hic.</span> <span class='ocrx_word' id='word_1_712' title='bbox 1513 1933 1544 1958; x_wconf 88' lang='lat' dir='ltr'>Et</span> <span class='ocrx_word' id='word_1_713' title='bbox 1562 1930 1668 1958; x_wconf 82' lang='lat' dir='ltr'>eodem</span> <span class='ocrx_word' id='word_1_714' title='bbox 1692 1931 1784 1960; x_wconf 91' lang='lat' dir='ltr'>modo</span> 
     </span>
     <span class='ocr_line' id='line_1_92' title="bbox 1013 1977 1785 2014; baseline -0.001 -8"><span class='ocrx_word' id='word_1_715' title='bbox 1013 1979 1144 2014; x_wconf 71' lang='lat' dir='ltr'>prcecipit</span> <span class='ocrx_word' id='word_1_716' title='bbox 1164 1978 1211 2005; x_wconf 88' lang='lat' dir='ltr'>hic</span> <span class='ocrx_word' id='word_1_717' title='bbox 1232 1978 1354 2012; x_wconf 82' lang='lat' dir='ltr'>diligere</span> <span class='ocrx_word' id='word_1_718' title='bbox 1376 1978 1393 1994; x_wconf 82' lang='lat'>¹⁸</span> <span class='ocrx_word' id='word_1_719' title='bbox 1411 1986 1416 2004; x_wconf 85' lang='lat'>:</span> <span class='ocrx_word' id='word_1_720' title='bbox 1437 1986 1450 2002; x_wconf 88' lang='lat'>«</span> <span class='ocrx_word' id='word_1_721' title='bbox 1464 1978 1494 2004; x_wconf 90' lang='lat' dir='ltr'>In</span> <span class='ocrx_word' id='word_1_722' title='bbox 1513 1977 1570 2004; x_wconf 84' lang='lat' dir='ltr'>hoe</span> <span class='ocrx_word' id='word_1_723' title='bbox 1590 1977 1785 2012; x_wconf 85' lang='lat' dir='ltr'>cognovimus</span> 
     </span>
     <span class='ocr_line' id='line_1_93' title="bbox 1015 2023 1784 2059; baseline -0.003 -7"><span class='ocrx_word' id='word_1_724' title='bbox 1015 2025 1183 2053; x_wconf 80' lang='lat' dir='ltr'>charitatem</span> <span class='ocrx_word' id='word_1_725' title='bbox 1196 2025 1256 2059; x_wconf 88' lang='lat' dir='ltr'>Dei,</span> <span class='ocrx_word' id='word_1_726' title='bbox 1273 2023 1415 2059; x_wconf 83' lang='lat' dir='ltr'>quoniam</span> <span class='ocrx_word' id='word_1_727' title='bbox 1426 2023 1475 2051; x_wconf 88' lang='lat' dir='ltr'>ille</span> <span class='ocrx_word' id='word_1_728' title='bbox 1486 2031 1540 2058; x_wconf 88' lang='lat' dir='ltr'>pro</span> <span class='ocrx_word' id='word_1_729' title='bbox 1554 2023 1642 2050; x_wconf 88' lang='lat' dir='ltr'>nobis</span> <span class='ocrx_word' id='word_1_730' title='bbox 1654 2023 1784 2051; x_wconf 84' lang='lat' dir='ltr'>animam</span> 
     </span>
     <span class='ocr_line' id='line_1_94' title="bbox 1015 2070 1785 2106; baseline -0.001 -8"><span class='ocrx_word' id='word_1_731' title='bbox 1015 2080 1098 2099; x_wconf 87' lang='lat' dir='ltr'>suam</span> <span class='ocrx_word' id='word_1_732' title='bbox 1112 2071 1219 2106; x_wconf 86' lang='lat' dir='ltr'>posuit.</span> <span class='ocrx_word' id='word_1_733' title='bbox 1241 2080 1253 2096; x_wconf 75' lang='lat' dir='ltr'>n</span> <span class='ocrx_word' id='word_1_734' title='bbox 1268 2071 1288 2089; x_wconf 81' lang='lat'>¹⁹</span> <span class='ocrx_word' id='word_1_735' title='bbox 1305 2081 1317 2095; x_wconf 87' lang='lat'>«</span> <span class='ocrx_word' id='word_1_736' title='bbox 1334 2070 1461 2097; x_wconf 84' lang='lat' dir='ltr'>Christus</span> <span class='ocrx_word' id='word_1_737' title='bbox 1475 2077 1579 2105; x_wconf 88' lang='lat' dir='ltr'>passus</span> <span class='ocrx_word' id='word_1_738' title='bbox 1594 2071 1635 2096; x_wconf 88' lang='lat' dir='ltr'>est</span> <span class='ocrx_word' id='word_1_739' title='bbox 1658 2077 1711 2105; x_wconf 87' lang='lat' dir='ltr'>pro</span> <span class='ocrx_word' id='word_1_740' title='bbox 1731 2077 1785 2097; x_wconf 91' lang='lat' dir='ltr'>no-</span> 
     </span>
     <span class='ocr_line' id='line_1_95' title="bbox 1015 2116 1785 2153; baseline -0.003 -7"><span class='ocrx_word' id='word_1_741' title='bbox 1015 2119 1070 2153; x_wconf 84' lang='lat' dir='ltr'>bis,</span> <span class='ocrx_word' id='word_1_742' title='bbox 1082 2119 1168 2146; x_wconf 84' lang='lat' dir='ltr'>vobis</span> <span class='ocrx_word' id='word_1_743' title='bbox 1183 2117 1352 2153; x_wconf 88' lang='lat' dir='ltr'>relinquens</span> <span class='ocrx_word' id='word_1_744' title='bbox 1371 2116 1551 2152; x_wconf 83' lang='lat' dir='ltr'>exemplum.</span> <span class='ocrx_word' id='word_1_745' title='bbox 1577 2126 1590 2142; x_wconf 70' lang='grc' dir='ltr'><strong>η</strong></span> <span class='ocrx_word' id='word_1_746' title='bbox 1608 2118 1640 2144; x_wconf 89' lang='lat' dir='ltr'>Et</span> <span class='ocrx_word' id='word_1_747' title='bbox 1655 2116 1785 2144; x_wconf 85' lang='lat' dir='ltr'>introdu-</span> 
     </span>
     <span class='ocr_line' id='line_1_96' title="bbox 1016 2162 1785 2199; baseline -0.005 -6"><span class='ocrx_word' id='word_1_748' title='bbox 1016 2166 1053 2193; x_wconf 91' lang='lat' dir='ltr'>cit</span> <span class='ocrx_word' id='word_1_749' title='bbox 1077 2165 1252 2199; x_wconf 86' lang='lat' dir='ltr'>Augustinus</span> <span class='ocrx_word' id='word_1_750' title='bbox 1267 2164 1288 2179; x_wconf 65' lang='lat'>20</span> <span class='ocrx_word' id='word_1_751' title='bbox 1311 2163 1396 2196; x_wconf 91' lang='lat' dir='ltr'>illud,</span> <span class='ocrx_word' id='word_1_752' title='bbox 1412 2162 1575 2190; x_wconf 80' lang='lat' dir='ltr'>secundum</span> <span class='ocrx_word' id='word_1_753' title='bbox 1599 2162 1688 2190; x_wconf 81' lang='lat' dir='ltr'>aliam</span> <span class='ocrx_word' id='word_1_754' title='bbox 1711 2162 1785 2190; x_wconf 88' lang='lat' dir='ltr'>litte-</span> 
     </span>
     <span class='ocr_line' id='line_1_97' title="bbox 1015 2209 1784 2244; baseline -0.005 -5"><span class='ocrx_word' id='word_1_755' title='bbox 1015 2220 1079 2239; x_wconf 83' lang='lat' dir='ltr'>ram</span> <span class='ocrx_word' id='word_1_756' title='bbox 1090 2212 1108 2227; x_wconf 71' lang='lat'>⁴³¹</span> <span class='ocrx_word' id='word_1_757' title='bbox 1126 2220 1153 2238; x_wconf 66' lang='lat' dir='ltr'>:a</span> <span class='ocrx_word' id='word_1_758' title='bbox 1167 2210 1291 2244; x_wconf 83' lang='lat' dir='ltr'>Quando</span> <span class='ocrx_word' id='word_1_759' title='bbox 1316 2209 1425 2237; x_wconf 87' lang='lat' dir='ltr'>sederis</span> <span class='ocrx_word' id='word_1_760' title='bbox 1449 2209 1487 2235; x_wconf 87' lang='lat' dir='ltr'>ad</span> <span class='ocrx_word' id='word_1_761' title='bbox 1502 2216 1634 2236; x_wconf 84' lang='lat' dir='ltr'>mensam</span> <span class='ocrx_word' id='word_1_762' title='bbox 1648 2209 1784 2244; x_wconf 82' lang='lat' dir='ltr'>potentis,</span> 
     </span>
     <span class='ocr_line' id='line_1_98' title="bbox 1016 2254 1787 2292; baseline -0.003 -7"><span class='ocrx_word' id='word_1_763' title='bbox 1016 2257 1131 2285; x_wconf 89' lang='lat' dir='ltr'>attende</span> <span class='ocrx_word' id='word_1_764' title='bbox 1147 2264 1213 2292; x_wconf 79' lang='lat' dir='ltr'>quae</span> <span class='ocrx_word' id='word_1_765' title='bbox 1230 2257 1418 2291; x_wconf 87' lang='lat' dir='ltr'>apponuntur</span> <span class='ocrx_word' id='word_1_766' title='bbox 1432 2254 1496 2288; x_wconf 91' lang='lat' dir='ltr'>tibi,</span> <span class='ocrx_word' id='word_1_767' title='bbox 1511 2254 1605 2281; x_wconf 88' lang='lat' dir='ltr'>sciens</span> <span class='ocrx_word' id='word_1_768' title='bbox 1625 2254 1696 2290; x_wconf 83' lang='lat' dir='ltr'>quia</span> <span class='ocrx_word' id='word_1_769' title='bbox 1716 2254 1787 2283; x_wconf 82' lang='lat' dir='ltr'>talia</span> 
     </span>
     <span class='ocr_line' id='line_1_99' title="bbox 1017 2300 1788 2339; baseline -0.004 -8"><span class='ocrx_word' id='word_1_770' title='bbox 1017 2305 1132 2339; x_wconf 81' lang='lat' dir='ltr'>oportet</span> <span class='ocrx_word' id='word_1_771' title='bbox 1150 2309 1326 2338; x_wconf 79' lang='lat' dir='ltr'>praeparare,</span> <span class='ocrx_word' id='word_1_772' title='bbox 1341 2312 1354 2327; x_wconf 81' lang='lat'>»</span> <span class='ocrx_word' id='word_1_773' title='bbox 1373 2303 1426 2328; x_wconf 87' lang='lat' dir='ltr'>etc.</span> <span class='ocrx_word' id='word_1_774' title='bbox 1448 2300 1504 2328; x_wconf 87' lang='lat' dir='ltr'>Sed</span> <span class='ocrx_word' id='word_1_775' title='bbox 1528 2301 1676 2336; x_wconf 68' lang='lat' dir='ltr'>quaerItur,</span> <span class='ocrx_word' id='word_1_776' title='bbox 1693 2301 1788 2336; x_wconf 85' lang='lat' dir='ltr'>quali-</span> 
     </span>
     <span class='ocr_line' id='line_1_100' title="bbox 1016 2346 1787 2383; baseline -0.006 -5"><span class='ocrx_word' id='word_1_777' title='bbox 1016 2353 1059 2378; x_wconf 90' lang='lat' dir='ltr'>ter</span> <span class='ocrx_word' id='word_1_778' title='bbox 1075 2350 1113 2377; x_wconf 85' lang='lat' dir='ltr'>ait</span> <span class='ocrx_word' id='word_1_779' title='bbox 1135 2359 1141 2376; x_wconf 89' lang='lat'>:</span> <span class='ocrx_word' id='word_1_780' title='bbox 1166 2349 1304 2383; x_wconf 82' lang='lat' dir='ltr'>Majorem,</span> <span class='ocrx_word' id='word_1_781' title='bbox 1328 2349 1382 2375; x_wconf 88' lang='lat' dir='ltr'>ete.</span> <span class='ocrx_word' id='word_1_782' title='bbox 1403 2347 1523 2374; x_wconf 84' lang='lat' dir='ltr'>Videtur</span> <span class='ocrx_word' id='word_1_783' title='bbox 1543 2347 1622 2374; x_wconf 91' lang='lat' dir='ltr'>enim</span> <span class='ocrx_word' id='word_1_784' title='bbox 1647 2346 1730 2382; x_wconf 90' lang='lat' dir='ltr'>quod</span> <span class='ocrx_word' id='word_1_785' title='bbox 1751 2346 1787 2373; x_wconf 89' lang='lat' dir='ltr'>sit</span> 
     </span>
     <span class='ocr_line' id='line_1_101' title="bbox 1018 2392 1785 2433; baseline -0.009 -7"><span class='ocrx_word' id='word_1_786' title='bbox 1018 2398 1113 2432; x_wconf 85' lang='lat' dir='ltr'>major</span> <span class='ocrx_word' id='word_1_787' title='bbox 1127 2405 1182 2433; x_wconf 91' lang='lat' dir='ltr'>pro</span> <span class='ocrx_word' id='word_1_788' title='bbox 1201 2395 1327 2423; x_wconf 83' lang='lat' dir='ltr'>inimicis</span> <span class='ocrx_word' id='word_1_789' title='bbox 1346 2402 1456 2430; x_wconf 89' lang='lat' dir='ltr'>ponere</span> <span class='ocrx_word' id='word_1_790' title='bbox 1480 2394 1621 2421; x_wconf 83' lang='lat' dir='ltr'>animam.</span> <span class='ocrx_word' id='word_1_791' title='bbox 1639 2393 1684 2420; x_wconf 80' lang='lat' dir='ltr'>Ait</span> <span class='ocrx_word' id='word_1_792' title='bbox 1707 2392 1785 2420; x_wconf 90' lang='lat' dir='ltr'>enim</span> 
     </span>
    </p>
   </div>
   <div class='ocr_carea' id='block_1_7' title="bbox 1019 2475 1787 2616">
    <p class='ocr_par' dir='ltr' id='par_1_12' title="bbox 1019 2475 1787 2616">
     <span class='ocr_line' id='line_1_102' title="bbox 1019 2475 1787 2510; baseline -0.009 -6"><span class='ocrx_word' id='word_1_793' title='bbox 1019 2486 1077 2510; x_wconf 74' lang='lat' dir='ltr'>xm,</span> <span class='ocrx_word' id='word_1_794' title='bbox 1095 2482 1131 2503; x_wconf 70' lang='lat' dir='ltr'>w.</span> <span class='ocrx_word' id='word_1_795' title='bbox 1146 2491 1175 2496; x_wconf 94' lang='lat'>—-</span> <span class='ocrx_word' id='word_1_796' title='bbox 1194 2479 1215 2495; x_wconf 82' lang='lat'>¹⁸</span> <span class='ocrx_word' id='word_1_797' title='bbox 1232 2479 1239 2502; x_wconf 95' lang='lat' dir='ltr'>I</span> <span class='ocrx_word' id='word_1_798' title='bbox 1258 2479 1326 2506; x_wconf 60' lang='lat' dir='ltr'>Corn,</span> <span class='ocrx_word' id='word_1_799' title='bbox 1346 2479 1441 2507; x_wconf 79' lang='lat' dir='ltr'>xm,1.</span> <span class='ocrx_word' id='word_1_800' title='bbox 1458 2489 1484 2493; x_wconf 86' lang='lat'>—-</span> <span class='ocrx_word' id='word_1_801' title='bbox 1504 2475 1523 2492; x_wconf 79' lang='lat'>¹⁴</span> <span class='ocrx_word' id='word_1_802' title='bbox 1541 2476 1613 2505; x_wconf 63' lang='lat' dir='ltr'>sup„</span> <span class='ocrx_word' id='word_1_803' title='bbox 1626 2480 1687 2500; x_wconf 78' lang='lat' dir='ltr'>xm,</span> <span class='ocrx_word' id='word_1_804' title='bbox 1704 2476 1741 2498; x_wconf 60' lang='lat'>34.</span> <span class='ocrx_word' id='word_1_805' title='bbox 1756 2487 1787 2493; x_wconf 94' lang='lat'>—</span> 
     </span>
     <span class='ocr_line' id='line_1_103' title="bbox 1021 2511 1786 2546; baseline -0.005 -7"><span class='ocrx_word' id='word_1_806' title='bbox 1021 2517 1039 2533; x_wconf 63' lang='grc' dir='ltr'>’ὅ</span> <span class='ocrx_word' id='word_1_807' title='bbox 1054 2518 1141 2546; x_wconf 77' lang='lat' dir='ltr'>Greg.,</span> <span class='ocrx_word' id='word_1_808' title='bbox 1156 2515 1182 2538; x_wconf 76' lang='lat' dir='ltr'>in</span> <span class='ocrx_word' id='word_1_809' title='bbox 1197 2515 1302 2544; x_wconf 69' lang='grc' dir='ltr'><em>Ευαπφ,</em></span> <span class='ocrx_word' id='word_1_810' title='bbox 1322 2513 1391 2538; x_wconf 88' lang='lat' dir='ltr'>hom.</span> <span class='ocrx_word' id='word_1_811' title='bbox 1415 2518 1496 2542; x_wconf 79' lang='lat' dir='ltr'>xxvu,</span> <span class='ocrx_word' id='word_1_812' title='bbox 1513 2518 1539 2535; x_wconf 89' lang='lat' dir='ltr'>n.</span> <span class='ocrx_word' id='word_1_813' title='bbox 1556 2513 1577 2535; x_wconf 76' lang='lat'>1.</span> <span class='ocrx_word' id='word_1_814' title='bbox 1594 2523 1623 2528; x_wconf 94' lang='lat'><strong>—</strong></span> <span class='ocrx_word' id='word_1_815' title='bbox 1637 2511 1656 2527; x_wconf 72' lang='lat'>²⁶</span> <span class='ocrx_word' id='word_1_816' title='bbox 1671 2511 1727 2540; x_wconf 59' lang='lat' dir='ltr'>lull,</span> <span class='ocrx_word' id='word_1_817' title='bbox 1747 2512 1786 2535; x_wconf 70' lang='grc' dir='ltr'>Η.</span> 
     </span>
     <span class='ocr_line' id='line_1_104' title="bbox 1021 2546 1787 2580; baseline -0.008 -4"><span class='ocrx_word' id='word_1_818' title='bbox 1021 2565 1047 2570; x_wconf 86' lang='lat'><em>-</em></span> <span class='ocrx_word' id='word_1_819' title='bbox 1066 2552 1082 2567; x_wconf 89' lang='lat'>¹⁷</span> <span class='ocrx_word' id='word_1_820' title='bbox 1100 2552 1155 2580; x_wconf 58' lang='lat' dir='ltr'>tus„</span> <span class='ocrx_word' id='word_1_821' title='bbox 1177 2552 1214 2574; x_wconf 87' lang='lat'>17.</span> <span class='ocrx_word' id='word_1_822' title='bbox 1229 2563 1258 2567; x_wconf 97' lang='lat'><strong>—</strong></span> <span class='ocrx_word' id='word_1_823' title='bbox 1276 2549 1414 2577; x_wconf 64' lang='grc' dir='ltr'>181.Ιοανι.,</span> <span class='ocrx_word' id='word_1_824' title='bbox 1437 2553 1478 2575; x_wconf 92' lang='grc' dir='ltr'>ιιι,</span> <span class='ocrx_word' id='word_1_825' title='bbox 1501 2548 1536 2571; x_wconf 74' lang='lat' dir='ltr'>m.</span> <span class='ocrx_word' id='word_1_826' title='bbox 1552 2558 1582 2563; x_wconf 92' lang='lat'>—</span> <span class='ocrx_word' id='word_1_827' title='bbox 1601 2546 1618 2562; x_wconf 78' lang='lat'>¹⁹</span> <span class='ocrx_word' id='word_1_828' title='bbox 1638 2547 1644 2569; x_wconf 91' lang='lat' dir='ltr'>I</span> <span class='ocrx_word' id='word_1_829' title='bbox 1661 2546 1739 2576; x_wconf 62' lang='lat' dir='ltr'>Petra,</span> <span class='ocrx_word' id='word_1_830' title='bbox 1756 2551 1787 2577; x_wconf 81' lang='grc' dir='ltr'>ιι,</span> 
     </span>
     <span class='ocr_line' id='line_1_105' title="bbox 1020 2583 1695 2616; baseline -0.009 -6"><span class='ocrx_word' id='word_1_831' title='bbox 1020 2588 1058 2610; x_wconf 74' lang='grc'>22,</span> <span class='ocrx_word' id='word_1_832' title='bbox 1071 2600 1098 2604; x_wconf 91' lang='lat'><em>-</em></span> <span class='ocrx_word' id='word_1_833' title='bbox 1115 2586 1137 2603; x_wconf 78' lang='lat'>²⁰</span> <span class='ocrx_word' id='word_1_834' title='bbox 1148 2588 1222 2616; x_wconf 65' lang='lat' dir='ltr'>Aug,</span> <span class='ocrx_word' id='word_1_835' title='bbox 1239 2585 1281 2608; x_wconf 90' lang='lat' dir='ltr'>ubi</span> <span class='ocrx_word' id='word_1_836' title='bbox 1293 2592 1348 2614; x_wconf 84' lang='lat' dir='ltr'>sup.</span> <span class='ocrx_word' id='word_1_837' title='bbox 1361 2597 1391 2601; x_wconf 94' lang='lat'><em>-</em></span> <span class='ocrx_word' id='word_1_838' title='bbox 1406 2584 1425 2600; x_wconf 81' lang='lat'>²¹</span> <span class='ocrx_word' id='word_1_839' title='bbox 1440 2583 1522 2611; x_wconf 62' lang='lat' dir='ltr'>Pron„</span> <span class='ocrx_word' id='word_1_840' title='bbox 1537 2587 1618 2610; x_wconf 73' lang='lat' dir='ltr'>xxm,</span> <span class='ocrx_word' id='word_1_841' title='bbox 1636 2583 1658 2611; x_wconf 83' lang='lat' dir='ltr'>t,</span> <span class='ocrx_word' id='word_1_842' title='bbox 1673 2583 1695 2606; x_wconf 78' lang='lat'>2.</span> 
     </span>
    </p>
   </div>
   <div class='ocr_carea' id='block_1_8' title="bbox 1053 2634 1250 2665">
    <p class='ocr_par' dir='ltr' id='par_1_13' title="bbox 1053 2634 1250 2665">
     <span class='ocr_line' id='line_1_106' title="bbox 1053 2634 1250 2665; baseline -0.005 -7"><span class='ocrx_word' id='word_1_843' title='bbox 1053 2635 1085 2665; x_wconf 67' lang='lat' dir='ltr'>(a)</span> <span class='ocrx_word' id='word_1_844' title='bbox 1106 2634 1178 2664; x_wconf 64' lang='lat' dir='ltr'>Vulq-</span> <span class='ocrx_word' id='word_1_845' title='bbox 1197 2640 1250 2658; x_wconf 87' lang='lat' dir='ltr'>eos.</span> 
     </span>
    </p>
   </div>
  </div>
 </body>
</html>
