1987 3032
82 1019 181 1039 Invenire

82 1289 184 1310 Messias.

104 2304 196 2324 Humili-

91 2336 124 2354 ics
132 2335 196 2355 Petri.

91 2366 191 2385 Andreas

91 2401 145 2415 num
160 2395 199 2416 mi-

200 207 258 235 978
717 202 927 235 EVANGELII
949 202 1089 235 SANCTI
1113 201 1276 234 JOANNIS

199 271 294 306 dreas,
309 272 359 308 qui
374 272 578 309 interpretatur
591 272 684 300 virilis
696 276 703 292 ¹
716 281 725 307 3
740 270 871 299 secundo
891 270 967 305 figu-

198 319 279 345 ratur
297 319 359 353 ejus
380 319 585 346 obedientialis
605 318 771 352 humilitas,
792 317 833 344 ibi
850 326 856 344 :
874 318 967 344 Frater

198 364 322 391 Simonis.
337 365 437 392 Glossa
450 374 455 392 :
470 375 482 390 «
492 365 617 392 Obedfens
629 365 748 398 loquetur
758 365 884 391 victorias
895 364 916 390 ².
930 364 967 391 De

199 412 324 446 utroque
339 411 383 438 vir
401 410 542 438 obediens
558 410 695 445 loquetur
709 410 868 437 victorias:
885 410 968 446 quod

198 456 366 484 verificatur
380 456 416 483 de
436 457 516 491 ipso,
540 458 682 491 quantum
707 456 746 483 ad
770 458 938 492 utrumque.
950 467 964 482 »

198 502 292 530 Tertio
306 502 448 537 figuratur
460 502 498 529 ad
514 501 614 529 divina
627 501 777 529 audienda
787 502 850 536 ejus
864 502 969 530 sedula

199 549 382 582 studiositas,
402 547 443 575 ibi
461 557 466 575 :
484 549 525 575 Ex
538 548 639 575 duobus
654 549 702 583 qui
724 548 871 575 audierunt
888 558 896 580 ,·
913 548 968 576 sibi

199 595 277 622 enim
303 594 441 630 competit
465 594 539 621 illud
554 594 564 611 ³
585 603 591 621 z
611 594 767 623 «Audiens
786 594 902 629 sapiens
925 602 970 622 sa-

199 640 325 676 pientior
339 640 400 668 crit.
413 650 426 665 ›>
442 642 551 673 Quarto
569 640 710 675 figuratur
724 640 854 676 perfecta
867 640 970 668 Christi

199 686 379 714 imitabilitas
391 707 399 721 ,
418 686 460 714 ibi
485 695 491 713 :
509 688 551 713 Em
566 687 665 713 duobus
689 688 737 721 qui
757 688 840 714 secuti
861 689 938 714 erant
961 697 968 713 :

203 741 216 757 «
230 732 317 768 Sequi
332 733 411 760 enim
422 733 432 748 ⁶
442 734 484 760 est
497 733 615 767 imitari,
626 742 639 758 n
653 733 692 760 ait
704 733 892 768 Augustinus.
909 732 969 761 Sibi

200 779 278 806 enim
298 779 437 815 competit
460 779 536 806 illud
554 779 563 795 ⁵
580 780 663 808 :Non
691 787 749 807 sum
777 780 922 814 turbatus,
947 782 971 807 te

198 829 332 860 pastorem
344 835 464 861 sequens.

235 873 278 899 41.
295 874 327 900 Et
340 872 470 908 sequitur
489 881 557 908 pars
574 873 640 907 illa,
655 874 685 901 in
707 881 767 908 qua
788 873 824 901 de
848 880 971 900 conver-

201 918 282 946 sione
307 918 380 946 Petri
397 927 403 945 :
418 920 526 946 Invenit
548 920 606 953 ltz‘c,
628 920 681 947 etc.
707 921 740 946 Et
758 919 789 946 111
812 919 869 946 hoc
891 920 972 954 patet

200 964 322 991 Andreae
356 964 523 991 studiositas
554 965 592 992 ad
625 964 817 1000 quaerendum
851 964 970 992 fratrem

200 1018 296 1037 suum.
315 1020 329 1036 «
343 1010 475 1038 Invenire
490 1011 569 1037 enim
581 1011 591 1027 ‘³
605 1013 647 1038 cst
661 1011 690 1038 in
705 1011 753 1045 id,
770 1011 852 1046 quod
867 1010 972 1046 quaeri-

200 1057 257 1090 tur,
276 1056 334 1089 ire,
349 1066 363 1082 n
381 1057 421 1084 ait
440 1057 625 1091 Augustinus.
648 1057 784 1085 Similiter
810 1059 890 1093 patet
909 1057 972 1092 ejus

200 1110 270 1129 vera
284 1102 390 1137 pietas,
405 1105 492 1138 prout
508 1103 547 1130 ait
563 1103 675 1136 Glossa,
686 1107 718 1131 ut
729 1103 802 1130 sicut
817 1104 970 1138 sanguine,

199 1148 240 1175 sic
256 1156 412 1183 germanus
427 1149 462 1176 sit
479 1149 509 1176 in
522 1149 590 1176 fide.
607 1149 740 1185 Implevit
755 1149 833 1177 enim
846 1149 922 1177 illud
937 1151 947 1166 ⁷
964 1159 969 1176 :

203 1204 216 1218 «
231 1195 283 1227 Qui
299 1195 395 1229 audit,
410 1195 488 1222 dicat
504 1205 510 1222 :
527 1196 608 1222 Veni.
630 1206 644 1221 i>

235 1242 268 1267 Et
281 1241 350 1268 dicit
364 1241 390 1268 ei
407 1251 413 1268 :
432 1243 582 1269 Invenimus
595 1243 732 1269 Messiam.
752 1244 784 1269 Ut
799 1242 838 1269 ait
860 1244 971 1277 Augus-

200 1286 277 1314 tinus
290 1287 322 1314 82
342 1297 356 1312 «
378 1287 493 1315 Messias
517 1288 654 1315 hebraice
670 1308 679 1321 ,
704 1288 831 1315 Christus
858 1296 950 1323 graece
963 1310 971 1323 ,

200 1333 287 1360 latine
303 1335 344 1360 cst
360 1335 472 1360 unctus.
490 1334 532 1361 Ab
550 1334 686 1361 unctione
712 1334 819 1361 dicitur
834 1335 971 1362 Christus.

201 1379 332 1406 chrisma
346 1387 439 1414 grsece
456 1380 555 1407 unctio
579 1382 629 1407 est.
647 1390 659 1405 i)
678 1381 709 1407 Et
724 1380 761 1407 dc
775 1380 832 1408 hoc
847 1380 877 1408 in
893 1381 974 1408 Glos-

201 1433 242 1452 sa.
266 1427 297 1452 Et
311 1425 342 1452 iu
360 1426 417 1453 hoc
432 1426 523 1454 verbo
540 1435 546 1453 :
568 1428 722 1453 Invenimus
733 1447 742 1460 ,
762 1426 874 1460 innuit,
891 1427 973 1463 quod

202 1471 254 1498 diu
273 1479 340 1499 eum
358 1472 553 1507 quaesierunt,
571 1473 610 1499 ait
626 1472 735 1500 Glossa.
752 1473 808 1499 Sed
824 1473 973 1507 quaeritur,

202 1526 294 1553 quare
315 1525 376 1545 non
398 1518 470 1545 dixit
493 1518 632 1551 Andreas,
654 1521 681 1545 et
696 1518 880 1546 annuntiavit
893 1519 974 1547 fratri

202 1572 255 1591 suo
277 1571 328 1598 ea,
353 1572 418 1599 quae
443 1564 556 1591 audivit
575 1572 592 1591 a
618 1564 739 1591 Christo.
764 1566 795 1592 Et
816 1566 975 1600 respondet

203 1610 426 1645 Chrysostomus
436 1611 461 1644 ⁹,
473 1610 556 1645 quod
570 1621 582 1634 «ι
595 1610 668 1637 sicut
679 1611 868 1645 evangelistae
883 1612 976 1639 multa

203 1656 395 1690 abscindunt,
406 1656 584 1691 breviloquii
599 1664 700 1683 curam
714 1657 868 1691 habenteS,
883 1658 974 1685 multo

204 1702 298 1737 magis
310 1702 441 1729 Andreas
461 1702 562 1737 utique
583 1702 639 1729 hoc
665 1703 731 1729 i'ccit
742 1724 751 1737 ,
767 1703 895 1738 seipsum
911 1704 976 1739 qui-

205 1748 274 1775 dem
288 1756 349 1775 non
362 1750 468 1783 putans
483 1748 522 1775 ad
537 1748 775 1783 explanationem
788 1757 908 1776 omnem
921 1750 978 1777 sus-

205 1794 308 1828 ficere,
330 1794 369 1821 ad
383 1794 480 1829 ipsum
499 1794 618 1821 luminis
639 1795 756 1822 trahens
777 1795 889 1823 fontem
910 1805 977 1824 cum

207 1841 304 1868 studio
324 1843 351 1867 et
370 1840 490 1875 gaudio.
508 1850 520 1865 »
536 1842 599 1867 Haee
616 1840 676 1867 ille.
698 1841 740 1868 Ob
755 1849 825 1876 ergo
841 1842 977 1877 impossi-

208 1886 298 1913 bilem
314 1886 538 1922 explicationem
554 1907 563 1920 ,
584 1889 611 1913 ct
631 1888 663 1913 ut
676 1887 792 1921 plenius
811 1888 926 1915 audiret
940 1889 978 1916 ab

208 1932 273 1967 ipso
286 1932 365 1959 sonte
382 1953 391 1965 ,
412 1932 522 1959 scilicet
535 1933 600 1959 Jesu
621 1932 743 1967 Christo,
764 1941 824 1960 non
845 1934 918 1961 dixit
933 1935 977 1969 ei,

209 1986 275 2013 quae
285 1977 412 2012 audivit,
427 1978 478 2005 sed
490 1979 527 2013 (v.
544 1978 588 2013 4⁹2)
603 1987 609 2004 :
622 1979 747 2005 Adduxit
762 1987 820 2006 eum
833 1980 869 2006 acl
878 1981 977 2007 Jesum.

209 2024 265 2051 Sed
279 2026 348 2051 tunc
363 2024 510 2058 objicitur,
525 2026 557 2050 ut
571 2026 677 2051 tactum
689 2027 730 2052 est
740 2033 839 2060 supra,
848 2026 930 2061 quod
940 2027 978 2054 ¹0:

212 2080 226 2097 <1
242 2070 296 2103 Qui
312 2070 368 2097 cito
383 2070 490 2105 credit,
506 2070 579 2097 Ievis
593 2072 636 2097 est
649 2071 748 2098 corde.
771 2082 784 2096 »
802 2073 835 2099 Et
850 2072 889 2099 ad
903 2073 981 2101 istud

209 2116 450 2151 respondendum
461 2116 624 2143 secundum
634 2117 885 2153 chrysostomum,
898 2119 980 2154 quod

210 2162 267 2190 hoc
280 2170 340 2189 non
355 2162 408 2189 fuit
426 2162 588 2196 facilitatis,
601 2163 653 2189 scd
668 2164 772 2191 mentis
795 2164 978 2200 obedientis;

210 2216 306 2244 neque
326 2208 437 2235 dictum
459 2209 516 2242 est,
532 2209 675 2244 quoniam
696 2209 820 2237 credidit
843 2210 982 2246 simplici-

212 2256 264 2288 ter,
279 2254 331 2281 sed
347 2254 489 2289 quoniam
506 2254 589 2281 duxit
604 2263 671 2281 eum
695 2255 733 2282 ad
756 2257 871 2290 Jesum,
888 2259 920 2284 ut
942 2257 980 2284 ab

210 2300 263 2327 illo
284 2301 385 2327 omnia
399 2301 500 2328 discat.
518 2303 548 2328 Et
569 2301 599 2328 in
620 2301 677 2328 hoc
699 2303 816 2329 notatur
833 2302 981 2330 humilitas

213 2346 285 2373 Petri
301 2356 306 2373 :
320 2354 381 2373 non
396 2347 475 2374 enim
490 2347 666 2382 dedignatur
680 2348 776 2382 maj0r
790 2348 873 2383 sequi
887 2349 981 2376 mino-

212 2399 290 2426 rem,
305 2395 392 2427 prout
407 2393 446 2420 ait
460 2393 560 2421 Glossa
574 2393 631 2421 hic.

244 2489 251 2503 ¹
268 2488 286 2511 A
306 2494 391 2518 graeeo
405 2489 474 2519 ἀνὴρ.
490 2501 519 2505 --
536 2489 544 2502 ²
564 2490 645 2519 Proin,
660 2495 717 2520 xxi,
735 2491 774 2514 28.
790 2503 820 2508 -—-—
834 2491 844 2506 ³
862 2491 946 2519 Pron..
962 2498 980 2521 1,

212 2524 235 2545 5.
248 2536 278 2540 —
294 2524 303 2539 ⁴
319 2526 393 2553 Aug„
409 2524 437 2545 dc
451 2525 529 2546 sauci.
550 2524 626 2552 sira„
643 2531 667 2548 n.
685 2526 723 2548 Ξῖ.
738 2538 763 2541 -
781 2527 790 2542 ⁵
804 2527 902 2557 larem„
918 2533 980 2556 xxii,

213 2560 249 2581 111.
265 2571 294 2575 --
313 2559 322 2575 '⁸’
341 2560 416 2588 Aug„
432 2558 461 2581 {le
478 2559 578 2588 T1·iuit.‚
597 2559 638 2582 lib.
656 2561 689 2589 X,
706 2566 755 2589 vil,
776 2564 811 2584 IO.
827 2573 858 2578 —
876 2562 884 2575 ⁷
899 2562 982 2592 Alme„

213 2598 282 2622 xxii,
304 2595 339 2617 Π.
363 2606 393 2610 —
416 2596 424 2605 ³
444 2595 518 2623 Aug„
539 2594 563 2615 in
583 2595 664 2623 deoru,
686 2598 758 2619 trzuzt.
781 2602 830 2625 vu,
850 2603 874 2619 11.
900 2600 934 2620 13.
953 2610 982 2614 -

212 2633 220 2645 =’
236 2629 364 2659 Chrysost.
379 2628 422 2652 ubi
440 2635 495 2658 sup.
510 2640 540 2645 -—
557 2628 578 2644 ¹⁰
592 2629 680 2659 Ereti„
699 2636 758 2659 xix,
775 2632 798 2654 4.
815 2644 845 2648 —-
860 2632 877 2647 ¹¹
895 2632 981 2661 Greg.‚

1059 270 1093 297 Et
1114 269 1246 305 sequitur
1268 270 1401 305 tertium,
1420 269 1528 297 scilicet
1547 270 1622 298 Petri
1643 277 1661 298 a
1681 270 1792 300 Christo
1833 281 1884 301 nor,

1024 316 1201 352 acceptatio,
1225 315 1266 344 ibi
1283 325 1289 343 :
1310 317 1430 343 Intuitus
1454 318 1541 344 autem
1556 336 1566 350 ,
1589 318 1644 344 etc.
1666 316 1699 344 Id
1714 316 1793 344 enim
1806 307 1914 362 {misu-

1025 363 1130 391 dicitur
1144 362 1230 390 Filius
1246 362 1293 390 Dei
1312 362 1413 390 videre
1435 362 1483 390 vel
1505 363 1631 397 intueri,
1647 363 1730 399 quod
1744 370 1792 391 ac-

1025 411 1119 445 ceptat
1132 418 1138 437 2
1154 409 1228 436 sicut
1241 409 1314 436 scire
1326 409 1386 443 Dei,
1399 411 1441 436 est
1455 409 1618 444 aliquando
1629 409 1666 444 (a)
1683 416 1793 445 appro-

1024 455 1110 489 hare,
1125 457 1156 482 ut
1175 455 1214 482 ait
1235 454 1389 489 Gregorius
1404 454 1487 482 ¹¹.vel
1506 454 1612 482 intueri
1628 454 1735 482 dicitur
1748 462 1792 482 se-

1026 503 1104 529 creta
1125 501 1222 528 cordis
1243 500 1343 528 videre
1357 521 1366 534 ‚
1390 501 1474 536 quasi
1494 501 1572 528 intus
1592 501 1684 534 tueri,
1705 503 1795 537 prout

1025 547 1146 583 exponit
1159 546 1268 574 Glossa.
1284 546 1364 573 Unde
1377 546 1425 573 hic
1439 546 1527 574 Filius
1547 547 1596 574 Dei
1617 549 1734 575 intuitus
1751 550 1794 574 est

1027 594 1141 621 Petrum
1152 614 1161 627 ,
1177 595 1204 620 et
1225 592 1279 620 suit
1298 600 1456 620 conversus
1466 593 1506 620 ad
1518 593 1610 620 fidem
1616 603 1624 628 ;
1643 595 1762 630 respexit
1773 594 1793 611 ¹²

1027 646 1110 673 eum,
1126 640 1153 666 et
1170 639 1224 666 fuit
1244 646 1402 667 conversus
1421 639 1460 666 ad
1473 639 1686 674 poenitentiam.

1062 687 1094 713 Et
1108 685 1238 721 sequitur
1252 686 1390 721 quartum
1405 694 1411 712 :
1428 686 1507 712 Dioeit
1517 694 1526 712 :
1543 686 1580 712 Tu
1593 693 1618 712 es
1629 685 1730 720 Simon,
1744 686 1796 714 sci-

1026 731 1092 759 licet
1111 731 1266 759 nominum
1287 731 1416 758 recitatio
1439 731 1500 758 sive
1521 731 1717 766 praesignatio.
1739 731 1797 759 Sed

1027 777 1130 813 quaerit
1143 777 1320 811 Augustinus
1334 778 1356 794 ¹³
1372 787 1380 803 :
1398 786 1412 803 «
1426 777 1470 804 Ad
1490 777 1564 812 quid
1584 777 1624 804 ait
1637 777 1694 804 hoc
1705 777 1719 804 ‘t
1735 784 1797 805 non

1027 824 1106 851 enim
1119 823 1173 851 fuit
1187 831 1327 858 magnum
1334 844 1344 858 ,
1360 823 1430 859 quia
1451 823 1524 851 dixit
1546 823 1629 858 eujus
1642 823 1721 851 filius
1735 825 1798 852 erat

1027 871 1094 905 iste,
1111 871 1161 906 qui
1183 870 1263 898 novit
1286 871 1409 898 nomina
1431 872 1615 906 sanctorum,
1635 879 1711 907 quos
1730 872 1797 899 ante

1027 917 1132 944 mundi
1155 917 1391 945 constitutionem
1418 917 1643 952 praedestinavit.
1666 927 1680 943 i»
1703 918 1736 945 Et
1757 916 1797 944 ad

1027 964 1083 991 hoc
1097 964 1266 999 respondet,
1282 964 1365 999 quod
1379 971 1522 999 magnum
1535 963 1603 996 fuit,
1616 963 1687 999 quia
1701 964 1728 991 et
1741 970 1797 990 no-

1027 1012 1109 1038 verat
1123 1018 1242 1038 nomen.
1258 1012 1290 1038 Et
1303 1010 1370 1038 fecit
1388 1010 1425 1037 de
1440 1010 1557 1038 Simone
1571 1011 1700 1037 Petrum.
1714 1010 1799 1037 Petra
1844 1012 1916 1032 Pelu-

1029 1057 1107 1083 enim
1131 1056 1236 1084 dicitur
1254 1056 1395 1089 Ecclesia,
1414 1058 1442 1083 et
1462 1056 1503 1083 sic
1526 1056 1556 1083 in
1580 1055 1654 1083 Petri
1677 1055 1798 1083 nomine

1028 1102 1153 1137 figurata
1168 1105 1218 1130 est.
1232 1104 1330 1130 Petrus
1344 1104 1443 1130 autem
1458 1102 1564 1130 dicitur
1576 1110 1593 1129 a
1605 1103 1703 1136 petra,
1715 1102 1744 1128 et
1757 1101 1798 1128 sic

1028 1149 1057 1175 in
1079 1149 1198 1176 nominc
1221 1149 1294 1176 Petri
1315 1148 1439 1183 figurata
1463 1150 1505 1175 est
1528 1147 1669 1182 Ecclesia;
1685 1148 1714 1175 et
1731 1146 1798 1183 quis

1028 1203 1145 1222 securus
1160 1195 1212 1231 (b),
1227 1195 1283 1222 nisi
1306 1195 1357 1230 qui
1378 1202 1468 1230 supra
1489 1194 1639 1221 aedificat?
1660 1194 1723 1222 Haec
1742 1195 1799 1220 Au-

1028 1241 1170 1276 gustinus.
1185 1243 1215 1268 Et
1230 1241 1313 1276 quasi
1325 1241 1405 1268 idem
1419 1240 1642 1276 Chrysostomus
1656 1238 1677 1256 ¹⁸
1689 1248 1716 1266 :u
1730 1239 1799 1272 Quae

1029 1287 1107 1314 onim
1123 1286 1283 1314 divinitatis
1298 1288 1395 1320 erant,
1410 1286 1513 1322 incipit
1526 1286 1656 1313 revelare
1670 1293 1677 1312 :
1693 1293 1712 1313 a
1724 1293 1799 1321 prae-

1028 1333 1101 1360 scnti
1123 1333 1202 1360 enim
1221 1332 1351 1359 futurum
1372 1332 1452 1359 credi
1471 1332 1540 1359 facit
1555 1341 1561 1359 :
1578 1332 1630 1367 qui
1649 1331 1727 1359 enim
1745 1339 1801 1366 pa-

1029 1380 1102 1406 trem
1118 1378 1204 1411 dixit,
1219 1378 1406 1406 manifestum
1420 1380 1461 1406 est
1473 1378 1617 1414 quoniam
1630 1379 1657 1406 et
1668 1377 1800 1405 futurum

1028 1425 1208 1460 praesciebat.
1226 1424 1305 1451 Unde
1325 1426 1353 1451 et
1375 1424 1465 1458 infra,
1480 1424 1597 1451 mulieri
1613 1423 1801 1451 Samaritanae

1029 1479 1096 1506 quae
1123 1471 1266 1507 praeterita
1291 1472 1373 1498 crant
1395 1470 1543 1497 revelavit.
1570 1470 1678 1497 Futura
1702 1471 1801 1497 autem

1029 1517 1201 1552 praedicere,
1218 1516 1307 1544 solius
1329 1516 1377 1543 Dei
1397 1518 1447 1543 est.
1464 1526 1477 1541 »
1495 1517 1558 1542 Haec
1582 1515 1642 1543 ille.
1658 1515 1738 1542 Unde
1761 1514 1801 1542 ad

1030 1563 1208 1590 evidentiam
1223 1562 1324 1589 litterae
1334 1582 1342 1595 ,
1358 1562 1497 1596 quaeritur
1511 1561 1548 1588 de
1562 1561 1620 1588 hoc
1635 1561 1718 1596 quod
1732 1561 1772 1588 ait
1792 1570 1799 1589 :

1032 1611 1071 1636 Tu
1086 1610 1219 1636 vocaberis
1235 1609 1356 1642 (ἱερῆας,
1369 1615 1406 1635 an
1418 1608 1475 1635 hoc
1490 1615 1600 1634 nomen
1614 1607 1641 1634 ei
1660 1607 1716 1635 fuit
1733 1609 1802 1634 tune
1816 1607 1909 1634 cuphus.

1031 1655 1224 1690 impositum?
1240 1656 1273 1681 Et
1286 1654 1403 1681 videtur
1417 1654 1501 1689 quod
1514 1661 1576 1682 non
1589 1662 1596 1680 :
1612 1653 1651 1681 ait
1663 1653 1742 1681 enim
1756 1653 1802 1680 in·-

1031 1701 1192 1728 terlinearis
1209 1709 1215 1727 ;
1234 1711 1247 1726 ιι
1260 1700 1396 1727 Nondum
1415 1700 1499 1735 ponit
1518 1707 1628 1727 nomen
1638 1720 1647 1734 ,
1662 1699 1715 1726 sed
1728 1707 1803 1735 prae-

1031 1747 1136 1782 signat.
1151 1757 1163 1770 »
1178 1745 1313 1773 Similiter
1325 1746 1463 1781 quaeritur
1477 1746 1515 1773 de
1527 1746 1595 1780 hoc,
1607 1745 1691 1782 quod
1704 1745 1801 1781 sequi-

1032 1795 1078 1820 tur
1092 1802 1098 1820 2
1116 1792 1192 1826 Quod
1206 1794 1404 1826 interpretatur
1423 1793 1517 1819 Petrus
1529 1812 1538 1826 ,
1550 1799 1589 1819 an
1602 1791 1679 1819 illud
1693 1798 1804 1820 nomen

1033 1839 1086 1866 fuit
1100 1839 1126 1866 ei
1143 1838 1315 1874 impositum
1333 1846 1339 1864 :
1355 1839 1382 1864 et
1396 1837 1523 1871 videtur,
1540 1837 1624 1873 quod
1637 1837 1689 1872 sic,
1704 1845 1806 1865 secun-

1034 1885 1105 1912 dum
1127 1884 1237 1912 dictum
1256 1883 1424 1918 Augustini,
1439 1891 1538 1918 supra.
1560 1883 1604 1911 Ad
1625 1884 1806 1911 contrarium

1033 1931 1148 1958 videtur
1169 1938 1230 1957 esse
1254 1929 1347 1963 illud,
1371 1929 1453 1964 quod
1468 1929 1573 1956 dicitur
1589 1930 1625 1964 ¹⁵,
1640 1929 1724 1965 quod
1737 1931 1806 1957 tunc

1034 1977 1172 2013 imposuit
1184 1976 1295 2004 Simoni
1305 1983 1415 2003 nomen
1430 1977 1532 2002 Petrus.
1546 1977 1616 2003 Item
1633 1984 1639 2002 :
1658 1975 1711 2003 sed
1721 1975 1805 2004 vide-

1035 2026 1081 2051 tur
1104 2023 1185 2059 quod
1200 2022 1252 2049 i'uit
1272 2022 1298 2049 ei
1321 2029 1431 2049 nomen
1452 2021 1641 2057 impositum,
1657 2021 1710 2049 ubi
1733 2021 1806 2050 dici-

1034 2072 1081 2097 tur
1102 2069 1121 2085 ¹⁴³
1143 2079 1150 2096 ε
1169 2070 1207 2096 Tu
1234 2076 1259 2095 es
1284 2069 1391 2095 Petrus.
1416 2069 1448 2094 Et
1473 2067 1511 2094 ad
1535 2067 1592 2094 hoc
1611 2067 1806 2102 respondetur

1035 2115 1240 2149 communiter,
1256 2113 1338 2149 quod
1358 2114 1416 2140 hoo
1431 2121 1556 2147 nomen,
1572 2115 1687 2148 Petrus,
1706 2113 1760 2140 fuit
1779 2113 1806 2141 ei

1036 2162 1206 2198 impositum
1228 2161 1255 2187 et
1280 2159 1496 2187 confirmatum.
1517 2159 1573 2186 Sed
1587 2158 1656 2186 huic
1670 2158 1748 2186 dicto
1763 2159 1806 2186 vi-

1036 2209 1120 2236 detur
1135 2214 1196 2234 esse
1212 2205 1390 2233 contrarium
1406 2225 1414 2238 ,
1438 2204 1520 2239 quod
1545 2204 1584 2231 ait
1606 2204 1803 2239 Augustinus,

1036 2254 1087 2281 ubi
1102 2261 1210 2288 supra:
1227 2251 1280 2279 sed
1303 2251 1342 2279 ad
1365 2250 1443 2277 istud
1464 2249 1658 2285 respondetur
1673 2257 1806 2278 commu-

1036 2300 1120 2333 niter,
1135 2298 1218 2335 quod
1231 2298 1288 2325 hoc
1311 2304 1422 2324 nomen
1444 2297 1538 2323 Petrus
1559 2295 1614 2323 fuit
1637 2295 1664 2323 ei
1682 2295 1804 2332 imposi-

1036 2349 1118 2380 tum;
1133 2345 1187 2372 fuit
1211 2343 1380 2378 vulgatum,
1396 2344 1429 2370 ut
1456 2342 1513 2369 hoe
1540 2342 1660 2369 nomine
1685 2341 1804 2378 publice

1036 2394 1204 2426 vocaretur;
1217 2390 1270 2418 suit
1285 2389 1437 2418 celebriter
1447 2388 1654 2417 confirmatum
1667 2390 1695 2416 et
1708 2388 1804 2424 digni-

1036 2476 1139 2502 Moral„
1161 2474 1205 2498 lib.
1226 2475 1274 2503 XI,
1298 2480 1320 2497 c.
1345 2477 1393 2500 vu,
1415 2471 1447 2494 al.
1466 2475 1520 2500 111,
1536 2477 1564 2494 n.
1584 2471 1622 2494 18.
1641 2483 1672 2488 —
1696 2470 1715 2487 ¹²
1738 2471 1802 2500 Luc..

1038 2517 1111 2539 xxxii,
1127 2512 1165 2534 61.
1180 2523 1206 2527 -
1225 2510 1245 2526 ¹³
1260 2511 1334 2539 Aug„
1350 2506 1392 2531 ubi
1405 2512 1471 2536 sup„
1487 2512 1514 2530 n.
1534 2507 1572 2529 14.
1588 2518 1619 2523 -
1634 2506 1650 2520 ¹⁸
1663 2505 1804 2536 Chrysost„

1038 2547 1079 2571 ubi
1098 2554 1165 2576 sup„
1189 2552 1214 2569 11,
1237 2547 1264 2568 2.·
1282 2557 1308 2561 -
1332 2544 1350 2559 ¹⁵
1373 2542 1462 2570 Marc„
1484 2546 1529 2570 111,
1552 2542 1590 2564 16.
1610 2553 1641 2558 —
1663 2541 1685 2557 ¹⁵
1702 2542 1804 2572 Manli„

1037 2589 1091 2611 1111,
1109 2584 1145 2606 18.

1070 2622 1100 2651 (ιι)
1120 2622 1179 2645 Caet.
1195 2620 1254 2644 edi!-
1269 2618 1345 2642 filium
1361 2623 1476 2640 suum.——
1492 2615 1525 2646 (b)
1540 2617 1679 2640 secuturus.
