1987 3032
63 245 140 266 Domi-

83 281 126 296 nus

60 308 149 333 Aposto-

63 338 94 357 los
108 342 146 356 vo-

79 369 113 388 eut
123 374 135 387 a

55 408 150 430 Gulilaea.

86 1355 147 1379 Stag-

64 1390 116 1405 num
129 1385 169 1405 Ge-

84 1420 149 1435 neza<

84 1445 132 1465 reth
143 1459 148 1469 ‚

86 1477 147 1495 Mare

66 1507 170 1526 Galilaeae.

67 1537 171 1558 Pei-sectio

75 1566 171 1592 Philippi

81 1600 104 1620 in
124 1598 159 1618 tri·

68 1631 118 1651 bus.
126 1629 174 1649 Phi-

67 1661 150 1688 lippus.

83 1906 179 1929 Bethsai-

74 1942 109 1962 da.

95 2140 185 2161 Vocatio

101 2172 185 2192 Natha-

82 2203 159 2224 naeliS.

168 176 227 205 280

169 247 218 268 mo
235 241 367 274 vocatus,
376 247 437 268 non
448 240 581 268 invitavit
596 240 682 267 istum
703 240 752 266 aut
765 238 905 266 vocavit?
919 248 934 266 »

170 286 308 315 Similiter
322 287 471 323 quaeritur,
487 287 613 322 qualiter
626 286 678 313 iste
696 287 756 312 tam
772 285 828 312 cito
844 284 938 312 credi—

171 333 223 364 dit,
241 335 268 361 et
283 333 373 362 faetus
388 336 430 362 est
444 333 613 369 discipulus.
625 334 657 360 Et
672 331 710 360 ad
725 331 802 359 istud
817 339 939 368 respon-

173 380 222 407 det
235 380 358 414 ibidem,
373 380 455 416 quod
479 391 492 405 «
508 380 543 406 de
564 379 680 407 Galilaea
702 379 856 405 existentes
877 386 940 405 rus-

173 426 255 453 ticius
277 427 304 453 et
323 426 482 453 silvestrius
500 428 527 453 ct
546 425 675 459 grossius
694 426 777 452 erant
796 424 938 460 dispositi.

173 471 242 499 Ideo
256 471 382 499 Christus
406 480 489 499 suam
509 470 634 499 ostendit
656 471 804 504 virtutem,
829 478 845 497 a
867 472 943 497 terra

174 517 289 544 nullum
312 518 419 545 ferente
436 518 471 553 (a)
491 517 617 545 fructum
635 516 795 552 discipulos
818 515 944 550 inclytos

175 563 294 598 eligens.
310 573 323 588 »
343 564 404 590 Haec
418 563 477 590 ilie.
493 563 536 590 Ad
551 562 626 590 illud
646 562 804 598 respondet
819 561 942 595 ibidem,

176 609 258 644 quod
277 619 290 634 «
303 611 461 644 antequam
476 609 568 644 aliqui
583 608 762 636 cohaererent
776 607 812 642 ei,
829 607 944 634 nullum

176 655 305 687 vocavit,
329 657 356 682 et
379 655 436 682 hoe
459 655 621 682 secundum
641 653 815 690 sapientiam
837 660 943 680 suam:

178 701 318 736 quoniam
332 701 355 728 si
365 701 526 728 attraxisset
536 709 598 734 eos,
607 700 735 728 fortassis
747 699 927 727 resiluissent
939 707 945 726 :

177 747 229 774 sed
244 749 401 783 postquam
416 747 458 775 illi
476 756 493 775 a
513 747 615 782 seipsis
635 747 774 781 eligentes
788 746 865 773 firmi
880 753 948 781 per-

178 795 359 827 manserunt,
381 794 419 820 ad
438 793 665 829 aucupationem
688 792 890 828 reliquorum,
916 791 947 819 id

179 841 232 872 est,
247 839 433 866 venationem
447 839 495 866 vel
508 839 732 866 conversionem
745 838 833 865 venit.
852 848 865 863 n
884 838 948 865 uoeo

179 885 238 913 ille.
260 886 303 913 Ad
323 885 405 912 aliud
425 885 593 920 respondet,
613 884 695 920 quod
713 894 726 910 «
750 884 856 912 decens
873 885 948 918 erat,

180 931 347 967 Philippum
371 931 523 959 videntem
541 931 649 959 scilicet
672 931 746 958 alios
770 929 948 965 discipulos,

181 978 209 1004 et
222 985 239 1005 a
252 979 363 1005 Joanne
378 978 561 1012 audientem,
577 978 721 1005 Christum
735 976 828 1012 sequi.
844 986 857 1001 »

218 1024 249 1050 Et
268 1023 399 1058 sequitur
421 1023 598 1059 specificatio
627 1023 685 1051 loci
709 1022 864 1050 nativitatis
883 1022 950 1049 Phi-

182 1069 275 1104 lippi:
298 1071 366 1096 Erat
389 1078 405 1097 a
426 1070 582 1097 Bethsaida.
607 1070 663 1097 Sed
685 1069 834 1104 qureritur,
860 1075 951 1104 quare

182 1115 238 1142 hoc
253 1115 470 1150 superadditur.
487 1118 519 1143 Et
532 1115 691 1151 respondet
710 1114 951 1150 Chrysostomus¹

183 1161 265 1196 quod
294 1171 307 1186 «
328 1161 384 1188 hoc
410 1162 459 1194 ait,
486 1163 516 1188 ut
542 1161 636 1188 discas
664 1161 806 1197 quoniam
835 1160 953 1187 infirma

182 1207 287 1234 mundi
303 1207 390 1242 elegit
409 1209 492 1234 Deus.
518 1217 531 1233 n
558 1207 610 1235 Illa
631 1207 710 1234 enim
732 1206 831 1233 civitas
847 1207 908 1234 erat
924 1206 952 1233 in

183 1252 309 1287 Galilaea‚
326 1253 357 1280 in
373 1261 432 1288 qua
446 1255 529 1281 erant
540 1253 674 1280 homines
692 1252 828 1279 rusticius
850 1252 952 1287 dispo-

183 1300 239 1332 siti,
254 1301 286 1326 ut
301 1299 411 1326 dictum
426 1301 468 1327 est
483 1308 489 1326 :
507 1299 586 1326 unde
602 1301 629 1326 et
647 1298 682 1325 dc
698 1298 749 1325 illa
768 1298 853 1325 multi
872 1298 955 1324 erant

183 1345 352 1381 piscatores,
366 1345 435 1380 quia
446 1347 506 1372 erat
517 1353 605 1380 super
618 1346 754 1379 stagnum
766 1343 953 1377 Genezareth,

183 1392 265 1426 quod
276 1393 396 1419 vocatur
410 1399 490 1418 mare
503 1391 634 1419 Gulilmoe.
649 1390 840 1425 Spiritualiter
855 1391 955 1417 autem

184 1437 325 1472 figuratur
340 1437 478 1473 perfectio
494 1436 618 1472 Philippi
633 1437 664 1464 in
679 1437 771 1464 tribus
791 1446 798 1462 :
814 1436 910 1471 primo
926 1435 956 1462 in

185 1483 345 1511 coelestium
360 1483 568 1510 charismatum
588 1482 782 1518 plenitudine,
798 1482 839 1509 ihi
861 1490 866 1508 :
893 1482 957 1508 Phi-

186 1530 286 1564 lippus,
298 1529 348 1564 qui
361 1529 564 1564 interpretatur
577 1536 609 1555 os
622 1527 794 1563 lampadis2,
812 1528 867 1555 sibi
879 1527 958 1554 enim

187 1575 325 1610 competit
343 1575 438 1602 illud³
460 1583 466 1602 z
492 1576 523 1601 In
546 1575 633 1601 mettio
653 1576 776 1601 Ecclesiae
799 1575 906 1608 aperuit
930 1580 958 1600 os

188 1621 253 1655 ejus.
267 1621 401 1649 Secundo
416 1621 558 1655 figuratur
575 1620 714 1656 perfectio
731 1620 793 1654 ejus
817 1620 847 1646 in
869 1619 959 1654 plena

188 1667 290 1695 Christi
309 1667 486 1700 imitatione,
511 1666 594 1701 quod
616 1666 783 1701 implicatur
810 1665 851 1692 ibi
882 1674 888 1692 ι
915 1666 959 1692 Se-

190 1721 268 1747 quere
287 1721 336 1747 me,
362 1713 409 1740 cui
431 1712 594 1740 invitationi
618 1712 776 1745 eonsensit;
800 1711 856 1738 sibi
880 1710 959 1738 enim

191 1759 328 1795 competit
351 1758 444 1786 illud*
471 1768 477 1785 z
502 1760 623 1792 Vestiqia,
647 1758 703 1792 ejus
726 1760 830 1784 secutus
854 1760 892 1784 est
916 1764 961 1791 pes

190 1814 271 1833 meus.
286 1805 379 1832 Tertio
394 1805 538 1839 figuratur
559 1804 621 1839 ejus
636 1803 776 1839 perfectio
792 1803 823 1830 in
839 1811 962 1838 operum

191 1852 400 1886 fructuositate,
421 1851 504 1887 quod
522 1853 640 1878 notatur
668 1850 708 1877 ibi
726 1859 731 1876 :
759 1851 823 1876 Erat
844 1852 932 1877 autem
947 1858 964 1876 a

193 1899 358 1932 Bethsaida,
381 1906 445 1933 qure
470 1897 674 1932 interpretatur
700 1896 806 1922 domus
830 1895 964 1923 venatio-

195 1945 239 1971 nis
253 1944 302 1971 vel
316 1944 422 1971 domus
441 1943 589 1977 frugumss.
614 1942 694 1969 Unde
710 1944 737 1968 et
756 1942 965 1969 Nathanaelem

197 1990 339 2018 convertit
360 1999 366 2017 :
389 1990 452 2025 ipse
473 1989 552 2016 enim
574 1988 628 2015 fuit
648 1988 684 2014 de
708 1987 775 2021 illis,
799 1987 835 2014 de
858 1987 967 2022 quibus

198 2036 354 2064 Hieremias
370 2036 380 2052 ⁶
403 2045 409 2062 ε
431 2046 443 2061 α
458 2037 528 2062 Ecce
547 2042 602 2069 ego
620 2034 734 2061 mittam
749 2034 924 2069 piscatores,
941 2035 968 2060 et

198 2082 390 2118 piscabuntur
406 2089 465 2110 eos.
480 2091 493 2106 η

236 2130 267 2156 Et
282 2128 413 2164 sequitur
427 2135 506 2163 pars,
520 2127 551 2154 in
563 2134 622 2162 qua
641 2126 677 2153 de
692 2125 846 2153 vocatione
860 2125 966 2153 Natha-

201 2175 292 2202 naelis
307 2174 346 2202 ad
361 2173 580 2208 discipulatum,
604 2172 665 2199 sive
686 2172 725 2199 ad
743 2171 834 2199 fidem
858 2171 971 2205 Christi,

202 2222 244 2248 ibi
259 2231 266 2248 :
283 2222 389 2248 Invenit
403 2220 556 2254 Philippus,
571 2220 624 2245 etc.
642 2219 673 2244 Et
692 2218 744 2245 illa
758 2218 788 2244 in
807 2217 880 2245 duas
902 2225 971 2252 par-

203 2270 245 2294 tes
263 2277 268 2294 :
283 2267 391 2302 primo,
405 2266 441 2293 de
459 2264 613 2292 vocatione
629 2263 764 2291 exteriori
786 2271 840 2298 per
862 2263 973 2298 Philip-

203 2321 276 2348 pum
284 2322 291 2346 3
315 2312 444 2340 secundo
461 2311 497 2338 de
524 2310 679 2338 vocatione
703 2309 834 2336 interiori
854 2309 891 2336 ab
907 2309 971 2344 ipso

207 2359 334 2392 Christo,
358 2358 399 2385 ibi
423 2366 429 2384 :
448 2357 527 2385 Vidit
545 2358 629 2390 Jesus,
655 2358 709 2383 etc.
734 2356 765 2383 In
779 2355 876 2390 prima
898 2355 972 2384 tria:

241 2418 249 2434 ¹
264 2417 337 2446 thid„
357 2417 430 2447 paulo
448 2419 513 2447 post.
531 2430 562 2434 —-
581 2417 591 2432 Ξ
609 2415 666 2444 ΠΒ,
685 2417 733 2445 Os;
751 2414 839 2444 7'27,
859 2415 976 2445 Lampas.

210 2453 260 2478 Sed
275 2452 365 2476 melius
379 2452 515 2475 dicendum
536 2458 631 2475 nomeu
650 2457 704 2473 esse
721 2457 847 2479 graecum,
865 2457 880 2472 a
898 2450 976 2474 verbo

210 2490 295 2519 φιλεῖν,
305 2488 406 2516 Amare,
419 2489 444 2509 et
458 2486 615 2509 substantivo
628 2487 709 2512 ἰ’ππὸς,
723 2486 816 2515 Equus.
825 2498 855 2502 —
867 2485 877 2500 3
890 2485 975 2514 ΕσεΙι’.,

212 2529 255 2553 xv,
275 2524 298 2546 5.
313 2535 344 2539 —-
362 2522 372 2537 '⁴
388 2521 447 2549 Joh,
468 2527 545 2549 xxiv,
568 2524 601 2545 11.
621 2534 652 2538 —
671 2521 681 2536 ⁵
695 2520 764 2549 l'l‘z,
783 2521 890 2550 Domus;
911 2519 978 2549 7⁹3,

213 2558 338 2587 Venat103
360 2556 434 2585 ΠἼΞ,
457 2555 590 2579 Viatieum.
611 2568 639 2572 —
662 2556 670 2569 ⁶
689 2555 790 2583 dorem..
811 2560 869 2585 xw,
891 2556 927 2578 16.
949 2567 980 2572 —

215 2595 223 2607 ⁷
241 2595 314 2623 Aug„
331 2593 355 2616 ιή
371 2593 451 2621 101171,
467 2593 538 2616 tract.
557 2597 607 2620 111,
624 2597 648 2614 n.
669 2592 704 2614 17.
726 2603 752 2608 -
769 2590 779 2606 ⁸
801 2591 884 2619 Deut„
905 2595 979 2619 xviii,

687 172 900 204 EVANGELH
923 172 1063 204 SANCTl
1085 171 1246 204 JOANNIS

991 238 1105 275 primo,
1136 237 1259 274 Philippi
1283 238 1464 266 denuntiatio
1494 239 1531 266 de
1561 238 1671 267 Christo
1677 248 1686 274 ς
1713 246 1759 267 se-

993 284 1101 316 cundo,
1124 284 1308 312 Nathanaelis
1328 285 1528 320 interrogatio,
1549 285 1590 313 ibi
1610 294 1616 312 :
1636 285 1672 312 Et
1686 284 1761 313 dixit

995 333 1029 366 ei,
1045 333 1099 358 etc.

1031 376 1074 404 Ait
1098 384 1167 411 ergo
1190 385 1196 403 :
1216 377 1319 403 Invenit
1344 377 1488 412 Philippus
1508 377 1714 412 Nathanaelem;
1730 378 1763 405 ut

997 422 1075 450 enim
1098 422 1138 450 ait
1156 423 1366 457 Augustinus'1,
1394 432 1407 448 «
1426 423 1473 450 hic
1493 426 1554 451 erat
1580 423 1720 458 eruditus,
1736 425 1764 451 et

997 469 1070 503 legis
1084 468 1203 504 peritus.
1220 479 1233 493 »
1251 468 1331 496 Unde
1347 471 1374 496 et
1389 469 1594 497 convenienter
1608 469 1738 505 sequitur
1755 478 1761 496 :

999 515 1080 546 Quem
1094 514 1125 550 (b)
1139 516 1249 549 scripsit
1258 515 1358 548 Moyses
1373 515 1383 530 ⁸
1403 523 1413 541 .·
1425 523 1437 539 ι(
1447 515 1620 550 Prophetam
1633 515 1670 542 de
1680 516 1765 550 gente

999 562 1058 594 tua,
1081 570 1095 586 »
1113 562 1178 594 ete,
1199 563 1224 587 et
1246 561 1396 595 Prophetoe,
1416 560 1524 588 scilicet
1544 561 1762 597 seripserunt⁹:

1001 615 1014 630 «
1030 605 1118 633 Filius
1133 605 1218 633 datus
1231 607 1273 633 est
1287 606 1383 640 nobis,
1399 615 1412 631 n
1430 608 1457 633 et
1469 606 1509 633 sic
1522 606 1559 634 de
1572 606 1670 634 multis
1680 606 1744 634 aliis
1757 616 1763 634 :

999 653 1151 679 Invenimus
1172 653 1273 686 Jesum,
1298 651 1338 679 sic
1359 651 1544 681 nominatum
1555 652 1573 668 '⁰
1590 661 1597 680 z
1618 661 1632 677 α
1654 653 1683 680 tn
1708 654 1766 680 Deo

999 699 1066 725 Jesu
1081 706 1158 732 meo,
1172 708 1184 724 »
1204 700 1231 726 et
1242 700 1259 716 ¹¹
1278 707 1304 725 2«
1318 698 1465 726 Videbunt
1479 706 1582 726 omnes
1600 698 1671 726 fines
1686 700 1769 726 terrae

1001 744 1127 772 salutare
1140 744 1188 771 Dei
1202 744 1292 772 nostri
1309 753 1340 771 ε»
1357 745 1456 771 Filium
1473 745 1579 779 Joseph,
1594 744 1701 772 scilicet
1714 753 1770 780 pu-

1002 791 1134 824 tativum,
1147 791 1182 818 de
1204 791 1314 818 semine
1333 792 1431 818 tamen
1452 791 1559 824 David,
1585 790 1656 826 quia
1675 790 1770 818 filium

1003 836 1095 864 Marioe
1113 846 1118 863 :
1136 837 1160 864 Α
1171 837 1305 864 Nazareth
1320 838 1430 864 civitate
1446 836 1566 864 Galiloeoe
1577 837 1615 863 ¹²:
1627 846 1641 863 «
1655 836 1721 864 Flos
1733 836 1770 865 de

1003 883 1102 911 radice
1117 884 1180 918 ejus
1194 882 1339 910 ascendet.
1354 892 1367 908 ι)
1384 882 1425 910 Ibi
1440 882 1579 910 hebraica
1592 882 1699 910 veritas
1717 883 1770 910 ha-

1004 929 1054 957 bet
1068 931 1215 957 Nazaroeus
1225 930 1242 946 '³
1258 929 1290 956 de
1303 929 1394 956 radice
1409 929 1465 963 ejus
1481 929 1617 960 ascendet,-
1632 928 1684 956 sed
1699 929 1773 956 sicut

1005 975 1074 1003 dicit
1095 975 1196 1003 Glossa
1214 983 1302 1010 super
1317 975 1392 1002 illud
1403 975 1440 1002 ¹⁴⁴:
1457 976 1604 1003 Nazaroeus
1623 975 1772 1009 vocabitur,

1009 1031 1021 1048 ι(
1035 1022 1174 1050 Nazareth
1187 1022 1241 1049 flos
1255 1021 1468 1057 interpretatur.
1484 1031 1498 1047 »

1043 1071 1085 1096 46.
1096 1070 1126 1095 Et
1136 1068 1456 1104 sequiturNathanaelis
1465 1067 1618 1103 responsio
1634 1076 1641 1094 :
1658 1068 1694 1094 Et
1707 1067 1776 1094 dicit

1007 1117 1043 1146 ei,
1069 1117 1121 1143 etc.
1147 1115 1219 1148 Quia
1248 1115 1325 1142 enim
1349 1114 1507 1142 Nathanael
1530 1115 1591 1141 erat
1611 1113 1721 1149 peritus
1744 1113 1775 1140 in

1006 1161 1082 1196 lege,
1099 1163 1126 1188 ct
1139 1163 1261 1188 noverat
1275 1161 1414 1196 scriptum
1430 1168 1491 1187 0550
1501 1159 1520 1176 ¹⁵
1535 1169 1541 1186 ;
1562 1169 1577 1185 ι(
1589 1161 1620 1187 Et
1639 1161 1680 1193 tu,
1696 1159 1777 1186 Beth-

1007 1207 1098 1241 leem,
1118 1209 1194 1234 terra
1212 1207 1296 1240 Juda,
1312 1213 1502 1241 nequaquam
1525 1206 1580 1233 eris
1602 1205 1726 1232 minima
1746 1205 1778 1232 in

1008 1255 1085 1280 terra
1099 1253 1173 1279 „tuda
1189 1261 1195 1278 ι
1213 1260 1247 1279 ex
1262 1254 1287 1279 te
1303 1252 1381 1279 enim
1399 1251 1475 1278 exiet
1496 1251 1574 1284 dux,
1595 1261 1608 1277 1)
1627 1253 1694 1284 etc„
1709 1250 1777 1278 ideo

1009 1298 1168 1334 respondet
1182 1307 1188 1325 :
1201 1299 1224 1324 A
1240 1298 1377 1325 Nazareth
1394 1299 1481 1332 potest
1500 1297 1608 1331 aliquid
1629 1297 1690 1324 boni
1705 1298 1779 1324 esse?
1819 1296 1899 1330 Naum

1010 1345 1095 1379 Quod
1109 1345 1202 1379 potest
1216 1343 1371 1379 dupliciter
1384 1343 1442 1377 legi
1455 1343 1618 1370 secundum
1628 1343 1777 1370 Glossam:
1801 1327 1890 1378 hssssffi,

1010 1391 1057 1418 vel
1079 1391 1155 1418 enim
1176 1390 1208 1426 (c)
1235 1389 1399 1417 dubitando
1424 1389 1598 1424 interrogat,
1623 1389 1671 1416 vel
1700 1388 1838 1416 affir-m·

1011 1438 1072 1464 mat
1094 1446 1100 1463 :
1121 1438 1148 1463 et
1168 1437 1246 1471 patet
1264 1435 1355 1471 ipsius
1375 1435 1524 1462 humilitas
1552 1437 1579 1462 et
1610 1434 1778 1469 curialitas;

1013 1483 1147 1518 quamvis
1168 1482 1247 1510 enim
1268 1482 1353 1509 sciret
1378 1490 1439 1509 esse
1460 1481 1615 1517 scriptum,
1637 1481 1719 1516 quod
1743 1481 1781 1509 de

1012 1529 1159 1557 Bethleem
1174 1528 1234 1555 dux
1251 1527 1425 1562 egredietur,
1442 1529 1473 1554 ut
1487 1527 1600 1554 dictum
1615 1529 1666 1561 est,
1682 1529 1782 1555 tamen

1014 1575 1222 1609 interrogando
1238 1573 1277 1601 ait
1290 1583 1295 1600 :
1311 1574 1428 1607 Aliquid
1443 1574 1516 1607 boni,
1533 1575 1600 1607 ete„
1615 1573 1647 1600 id
1662 1575 1714 1605 est,
1729 1573 1782 1600 ali-

1015 1622 1080 1657 quis
1095 1621 1250 1656 propheta,
1263 1619 1336 1646 sicut
1354 1619 1428 1646 infra
1444 1619 1462 1636 ¹⁶
1479 1627 1485 1645 z
1499 1628 1512 1644 «
1532 1619 1682 1654 Numquid
1697 1626 1715 1646 a
1728 1619 1784 1647 Ga-

1015 1668 1091 1695 lilaea
1104 1667 1184 1694 venit
1198 1666 1343 1694 Christus?
1358 1675 1370 1690 ι)
1387 1665 1436 1692 Vel
1451 1667 1546 1700 potest
1559 1665 1710 1692 remissive
1723 1665 1784 1693 sive

1016 1713 1210 1746 afffirmative,
1227 1711 1390 1739 seeundum
1403 1711 1608 1746 Augustinum,
1624 1712 1676 1746 qui
1688 1710 1728 1738 ait
1741 1711 1760 1729 ¹⁷
1777 1720 1784 1738 ε

1020 1770 1033 1785 «
1049 1759 1157 1787 Ambas
1171 1757 1429 1794 pronunciationes
1443 1758 1537 1792 potest
1552 1757 1634 1792 sequi
1647 1757 1701 1784 ista
1714 1763 1784 1791 vox,

1018 1807 1078 1833 sive
1094 1805 1241 1837 dubitans,
1256 1804 1316 1831 sive
1331 1802 1519 1836 confirmans,
1539 1804 1567 1830 et
1581 1803 1641 1829 sive
1655 1802 1709 1829 isto
1722 1809 1788 1829 mo·

1021 1852 1071 1886 do,
1081 1851 1201 1878 siveillo
1215 1849 1397 1886 pronunties,
1411 1856 1472 1876 non
1481 1850 1648 1884 repugnant
1661 1855 1788 1883 sequen-

1020 1898 1059 1925 tia
1076 1907 1082 1925 :
1103 1908 1116 1924 »
1141 1897 1276 1932 quamvis
1299 1896 1378 1923 enim
1398 1895 1524 1922 Christus
1550 1894 1635 1921 fuerit
1653 1895 1738 1921 natus
1759 1893 1791 1920 in

1019 1944 1177 1976 Bethleem,
1187 1945 1284 1970 tamen
1298 1942 1350 1969 fuit
1363 1942 1552 1968 conversatus
1562 1940 1592 1967 in
1602 1940 1743 1968 Nazareth
1753 1939 1788 1966 ¹⁸:

1026 1990 1136 2017 «Venit
1153 1988 1293 2016 Nazareth
1314 1987 1366 2014 ubi
1390 1989 1451 2014 erat
1472 1987 1607 2014 nutritus.
1628 1995 1642 2012 n
1665 1986 1793 2021 Chryso-

1024 2038 1135 2063 stomus
1158 2038 1270 2067 tamen,
1291 2033 1414 2061 homilia
1429 2033 1506 2060 dicta
1522 2033 1553 2067 ¹⁹,
1568 2032 1638 2067 legit
1656 2031 1791 2067 negative

1024 2083 1127 2117 magis.
1150 2083 1211 2109 Non
1233 2083 1332 2108 tamen
1352 2081 1508 2114 repugnat,
1531 2079 1613 2114 quod
1634 2078 1675 2106 ibi
1696 2080 1792 2111 natus,

1026 2129 1078 2156 sed
1093 2128 1130 2155 ab
1145 2127 1318 2155 educatione
1332 2125 1392 2152 sive
1407 2132 1424 2152 a
1438 2124 1658 2152 conversatione
1668 2123 1793 2158 (amice-

1026 2177 1105 2203 retur
1118 2176 1277 2202 Nazaroeus.

1064 2223 1095 2249 Et
1110 2219 1240 2256 sequitur
1260 2217 1384 2254 Philippi
1401 2216 1554 2252 responsio
1572 2226 1578 2243 :
1599 2217 1667 2243 Veni
1683 2218 1708 2243 et
1721 2216 1793 2250 vide,

1029 2270 1089 2296 tam
1112 2265 1318 2302 corporaliter,
1345 2271 1436 2299 quam
1464 2262 1635 2290 mentaliter.
1661 2263 1693 2290 Et
1714 2263 1794 2295 nota,

1031 2313 1113 2349 quod
1127 2320 1188 2340 non
1206 2310 1364 2347 respondet
1384 2308 1553 2345 quaestioni,
1577 2308 1672 2343 magis
1694 2307 1797 2336 volens

1821 972 1891 992 Nu·-

1789 1002 1847 1024 reth.

1035 2380 1070 2402 15.
1089 2390 1119 2394 —
1138 2377 1148 2393 ⁹
1169 2377 1228 2403 Im..
1248 2381 1287 2404 ix,
1308 2376 1331 2399 6.
1348 2388 1374 2392 ——
1397 2375 1413 2388 ¹·
1428 2373 1530 2403 Hebae„
1545 2378 1587 2403 111,
1606 2374 1642 2396 ¹8.
1658 2385 1688 2390 -
1707 2373 1723 2388 ¹¹
1739 2372 1796 2401 isa„

1032 2419 1081 2441 Lu,
1106 2414 1141 2435 10.
1157 2424 1186 2428 —
1205 2412 1226 2427 ¹⁵
1245 2410 1318 2440 ibid„
1338 2416 1379 2439 M,
1403 2412 1422 2432 1.
1443 2422 1474 2426 —
1493 2409 1511 2425 ¹³
1528 2408 1603 2437 ἾῺ,
1623 2406 1752 2432 surculus.
1768 2419 1799 2424 --

1034 2449 1050 2464 ¹¹
1067 2446 1168 2474 Mona,
1184 2452 1214 2475 11,
1233 2447 1266 2470 17.
1283 2458 1313 2462 -—
1328 2445 1345 2459 ¹⁵
1361 2444 1446 2473 Mica„
1462 2450 1487 2473 v,
1502 2445 1525 2466 2.
1542 2456 1568 2459 -
1586 2443 1605 2459 ¹⁶
1623 2442 1680 2471 ur„
1698 2447 1744 2472 vn,
1760 2443 1798 2465 41.

1034 2497 1064 2501 —
1079 2483 1096 2498 ¹⁷
1115 2483 1190 2511 Aug„
1209 2481 1233 2504 ιή
1251 2481 1332 2509 loun„
1348 2482 1431 2509 tract„
1444 2484 1493 2508 vu,
1508 2485 1533 2501 n.
1549 2479 1587 2501 15.
1603 2490 1633 2494 —
1650 2477 1666 2490 ¹⁸
1681 2477 1748 2506 Luc„
1764 2481 1799 2506 w,

1038 2519 1072 2541 tss.
1097 2530 1127 2534 —
1151 2518 1168 2531 ¹1¹
1192 2516 1334 2546 chryzost„
1360 2516 1385 2538 ιἰι
1410 2515 1491 2542 loun„
1515 2513 1584 2537 hom.
1612 2518 1669 2540 X'x,
1695 2512 1726 2534 nl.
1751 2517 1799 2542 xx,

1035 2560 1060 2576 n.
1079 2554 1131 2576 1.—
1146 2552 1180 2581 (a)
1197 2552 1257 2575 Caet.
1271 2550 1331 2574 edit.
1343 2550 1448 2574 ferente.
1460 2561 1490 2566 —-
1503 2547 1535 2578 (b)
1547 2547 1657 2578 quod.—
1671 2548 1700 2577 (c)
1714 2546 1798 2571 etiam.

1037 2601 1065 2606 -
1083 2587 1116 2617 (sl)
1133 2586 1309 2610 conversione.
