1987 3032
718 244 924 276 EXPOSITIO
944 243 985 274 IN
1008 244 1093 274 CAP.
1116 243 1167 274 vl.

146 317 191 343 tos
207 323 223 342 a
236 315 358 342 Domino
373 314 416 348 (α).
426 323 438 337 n
450 313 497 340 Et¹
509 322 514 339 :
528 321 541 337 «
554 312 660 339 Omnes
674 314 853 345 cognoscent
867 318 913 337 me

148 369 165 388 a
186 362 299 388 minore
320 367 413 395 usque
434 359 472 386 ad
495 358 649 393 maj0rem.
663 368 676 383 »
698 359 730 384 Et
749 357 784 383 de
804 357 861 383 hoc
884 356 914 382 in

148 407 257 435 Glossa.
274 406 328 434 Sed
343 405 482 441 quaeritur
503 405 540 431 de
561 405 633 437 1100,
656 403 738 438 quod
755 403 793 430 ait
809 412 815 429 :
833 404 915 430 Nemo

148 457 233 488 potest
254 454 343 479 venire
362 452 398 478 ad
416 459 470 484 me,
486 452 541 477 nisi
560 452 641 476 Pater
657 451 771 476 trax-erit
787 457 853 475 eum.
876 449 916 474 Ex

148 499 204 526 hoc
219 498 296 525 enim
319 497 444 530 videtur,
463 497 546 532 quod
565 504 625 523 non
648 497 690 522 est
710 494 917 529 imputandum

148 545 216 577 illis,
228 543 279 579 qui
289 551 349 570 non
360 543 493 576 credunt,
507 542 577 577 quia
587 542 609 568 si
619 543 700 568 Pater
710 540 841 568 traxisset
857 547 917 573 eos,

149 589 309 617 crederent.
328 591 397 616 item
409 610 416 622 ,
430 589 503 616 sicut
518 588 641 624 opponit
655 588 878 622 Chrysostomus
889 585 899 600 ²
910 607 918 619 ,

150 636 232 671 quod
248 646 259 660 α
267 643 301 662 ex
315 635 371 662 1100
386 635 511 667 videtur,
528 634 610 669 quod
624 633 697 660 nihil
713 635 753 660 est
766 632 852 659 nobis
867 640 920 667 po-

150 681 256 715 situm,
273 690 332 716 quo
344 681 503 714 salvemur,
519 688 555 707 ex
571 688 630 715 quo
646 682 728 706 Pater
740 679 835 706 trahit.
851 680 920 706 ltem

151 727 273 754 destruit
300 727 428 754 liberum
451 726 620 760 arbitrium,
644 727 676 753 ut
699 725 825 752 videtur.
851 726 921 752 ltem

152 774 224 809 quid
235 781 310 809 opus
319 775 361 800 est
368 773 594 808 reprehensione
603 773 616 799 ἱ)
625 783 637 797 »
653 772 736 807 quasi
747 771 824 798 dieat
837 779 842 796 :
854 770 921 798 Nul-

152 819 214 846 lum
230 827 313 854 opuS.
330 820 392 846 Haec
413 819 472 845 ille.
498 821 567 846 ltem
590 818 779 845 consimiliter
800 816 923 852 opponit

153 865 329 899 Augustinus
344 867 353 882 ³
371 874 376 892 :
399 875 411 890 «
426 865 453 892 Si
468 865 620 898 trahimur,
637 872 706 898 ergo
725 863 808 890 inviti
830 862 923 890 credi-

153 919 237 945 11105,
253 914 279 938 θῖ
293 911 433 938 violentia
455 911 622 944 adhibetur,
644 918 705 937 non
720 910 856 936 voluntas
872 917 923 935 ex-

155 957 267 985 citatur.
285 959 353 984 item
376 957 508 990 trahitur,
526 957 575 992 qui
591 956 698 983 invitus
721 956 818 989 venit,
841 956 868 982 et
887 955 926 982 ita

156 1011 216 1031 nou
231 1003 321 1030 credit
340 1003 492 1038 proprie.»
511 1004 574 1030 Haec
590 1003 648 1030 ille.
666 1005 735 1030 Item
760 1003 866 1028 tractus
886 1003 927 1027 est

156 1052 253 1077 motus
267 1050 431 1084 violentus,
446 1050 482 1077 de
499 1058 557 1085 quo
578 1050 695 1084 sapiens
713 1050 733 1083 ²⁴,
754 1051 781 1075 et
804 1049 840 1075 de
861 1056 924 1083 spe-

157 1097 257 1123 ciebus
273 1097 343 1130 ejus.
361 1098 435 1130 Ergo
452 1104 511 1123 non
526 1098 567 1123 est
578 1096 755 1123 conveniens
770 1095 850 1127 fidei,
863 1102 927 1129 quae

158 1145 199 1169 est
215 1142 372 1169 meritoria.
390 1145 420 1169 Et
435 1142 473 1169 ad
487 1142 564 1169 istud
578 1142 737 1177 respondet
759 1141 928 1176 Chrysosto-

157 1197 222 1215 mus
238 1190 247 1205 ⁵
268 1189 405 1221 breviter,
426 1188 507 1223 quod
528 1198 539 1212 «
552 1196 611 1215 uon
636 1187 756 1214 destruit
779 1194 831 1221 per
854 1186 927 1220 1100,

159 1235 240 1270 quod
256 1234 285 1261 in
301 1234 387 1261 nobis
412 1236 468 1267 est,
485 1234 594 1261 seilicet
613 1233 739 1260 liberum
755 1232 928 1265 arbitrium3

159 1281 211 1308 sed
226 1281 351 1308 ostendit
366 1289 420 1308 nos
436 1280 545 1307 auxilio
556 1301 563 1314 ‚
588 1280 697 1306 seilicet
712 1279 813 1306 divino
825 1300 833 1312 ,
856 1278 930 1305 indi-

161 1335 238 1361 gere.
253 1337 266 1351 »
286 1329 316 1354 Et
333 1327 401 1353 huic
417 1326 578 1353 concordat
596 1326 772 1360 Augustinus
787 1325 796 1340 ⁶
814 1333 820 1351 :
841 1334 853 1349 «
869 1326 931 1351 Non

160 1373 255 1406 enim,
271 1373 383 1407 inquit,
405 1373 443 1399 ad
458 1372 603 1399 Christum
628 1371 811 1398 ambulando
838 1370 930 1397 curri·-

161 1427 226 1445 mus
239 1439 247 1452 ,
272 1419 323 1445 sed
340 1418 488 1445 credendo
506 1427 512 1445 1
530 1426 589 1444 non
605 1420 688 1445 motu
703 1416 835 1452 corporis
847 1437 854 1450 ,
880 1416 932 1442 sed

161 1465 310 1492 voluntate
338 1465 444 1491 cordis.
466 1465 476 1481 ⁷
503 1464 582 1490 Unde
600 1463 720 1498 quando
742 1463 780 1489 ait
806 1464 903 1489 Petrus
924 1471 930 1488 ε

161 1512 247 1537 Folius
269 1512 316 1536 Dei
331 1512 404 1542 υίυίς
420 1518 437 1537 a
452 1511 532 1537 Patre
547 1511 654 1536 tractus
671 1511 731 1543 est,
754 1508 803 1543 qui
819 1508 932 1535 revela-

162 1556 203 1582 vit
217 1556 251 1582 01.
268 1557 323 1583 Ista
338 1556 478 1583 revelatio
494 1555 558 1590 ipsa
574 1557 615 1582 est
631 1555 763 1582 attractio
780 1555 825 1590 (b).
841 1564 852 1579 »i
871 1555 933 1580 Haec

162 1602 220 1629 ille:
230 1604 257 1628 et
265 1609 317 1637 per
327 1602 383 1629 1100
394 1602 432 1629 ad
440 1602 564 1636 objecta.
576 1602 630 1629 Ista
639 1601 717 1628 enim
726 1600 865 1628 revelatio
875 1608 935 1627 non

161 1649 305 1683 repugnat
319 1648 441 1674 libertati
456 1648 567 1674 arbitrii
580 1669 587 1681 ,
603 1647 656 1674 sed
670 1647 752 1681 juvat
767 1647 829 1681 ejus
854 1646 935 1672 infir-

163 1694 302 1721 mitatem.
327 1695 358 1720 Ut
373 1694 450 1721 enim
473 1694 578 1721 dicitur
601 1693 806 1728 magistraliter
825 1701 831 1719 ε
850 1702 863 1717 «
877 1694 935 1719 Ma-

164 1748 233 1767 nere
249 1740 279 1766 in
294 1747 323 1767 se
333 1761 341 1773 ,
358 1742 400 1767 est
414 1741 524 1766 naturae
537 1740 686 1772 institutam
700 1738 879 1766 descendere
895 1738 937 1764 in-

163 1785 208 1813 fra
223 1793 268 1820 se,
285 1788 328 1813 est
342 1788 452 1813 naturte
467 1787 630 1820 corruptae3
647 1793 736 1819 supra
756 1792 786 1811 se
807 1784 936 1817 elevari,

164 1833 211 1860 vel
227 1833 400 1866 ascendere,
416 1834 457 1859 est
467 1833 578 1859 naturze
593 1831 787 1866 pergratiam.
801 1832 832 1857 Et
844 1830 913 1865 quia
925 1831 935 1845 ⁸

169 1887 294 1905 «sensus
315 1881 342 1905 et
368 1878 506 1912 cogitatio
530 1877 658 1905 hominis
680 1877 717 1904 ab
737 1876 936 1904 adolescentia

167 1932 220 1951 sua
234 1932 329 1959 prona
343 1926 409 1950 sunt
424 1924 459 1951 ad
476 1924 588 1951 mulum
600 1933 606 1958 ς
620 1933 632 1949 n
651 1923 719 1950 ideo
734 1924 855 1958 propter
869 1931 938 1958 pro-

167 1970 286 1997 nitatem
298 1972 325 1997 et
340 1970 559 1997 inclinationem
575 1970 613 1997 ad
628 1969 752 2002 malum,
768 1968 938 1996 sublimatio

168 2016 272 2043 animae
293 2016 332 2043 ad
355 2017 444 2043 Deum
466 2016 571 2043 dicitur
589 2016 712 2043 tractio:
739 2023 800 2042 non
815 2015 888 2042 sieut
909 2014 940 2042 in

168 2064 250 2089 motu
280 2062 440 2097 corporali;
464 2062 516 2089 sed
541 2062 643 2089 divina
670 2061 867 2095 revelatione,
893 2061 941 2088 vel

170 2108 308 2135 doctrinae
324 2116 412 2136 sacrae
438 2108 601 2135 eruditione
613 2128 622 2142 ‚
641 2107 689 2134 vel
712 2107 875 2134 dilectionis
896 2107 940 2134 di-

169 2154 244 2181 vinze
259 2154 404 2181 infusione
416 2174 424 2188 ,
449 2154 497 2181 vel
523 2153 625 2181 coelica
653 2153 854 2180 consolatione
866 2173 875 2187 ,
894 2153 942 2180 vel

171 2200 283 2235 praemii
292 2200 497 2235 promissione.
511 2202 547 2227 De
557 2200 664 2235 quibus
671 2200 848 2234 Augustinus
856 2199 942 2232 benc,

171 2247 272 2273 dicens
287 2247 297 2263 ⁹
314 2256 320 2273 ι
339 2257 351 2272 «
368 2249 413 2274 Est
438 2247 573 2282 quaedam
596 2247 733 2282 voluptas
758 2245 874 2278 cordis,
897 2245 942 2272 cui

173 2292 266 2319 dulcis
279 2295 321 2319 est
334 2293 417 2327 panis
436 2293 569 2320 coelestis.
586 2293 738 2327 Voluptate
755 2292 833 2319 enim
848 2291 942 2318 trahe-

172 2340 212 2367 ris
228 2349 234 2367 :
251 2340 288 2367 de
303 2348 364 2375 qua
379 2340 418 2367 ait
432 2340 575 2375 Propheta
592 2339 612 2356 ¹⁰
629 2348 635 2366 :
655 2350 668 2364 κ
683 2339 828 2366 Delectare
841 2338 872 2365 in
886 2339 943 2366 Do-

207 2424 212 2437 ¹
233 2423 334 2451 dorem„
359 2428 437 2451 xxxr,
461 2423 500 2445 32.
524 2434 553 2439 -—
576 2422 586 2437 ²
608 2421 747 2452 Chrysost„
770 2421 811 2444 ubi
835 2428 890 2451 sup,
917 2434 943 2438 -

174 2459 184 2475 ³
200 2460 274 2489 Aug„
298 2458 340 2481 ubi
360 2465 426 2488 sup.,
448 2465 472 2480 n.
493 2460 516 2481 2.
535 2470 565 2474 —
585 2457 594 2472 ⁴
610 2458 695 2485 Arist„
719 2457 802 2487 Phys„
825 2456 867 2479 111).
888 2456 945 2486 Vll,

175 2495 238 2516 text.
255 2499 280 2517 x.
296 2506 325 2510 --
341 2494 350 2509 ⁵
366 2494 508 2523 Chrysost„
525 2493 567 2515 ubi
586 2499 642 2522 sup.
660 2505 690 2509 -
704 2492 713 2507 ⁸
728 2493 803 2521 Aug„
818 2491 860 2514 ubi
879 2499 946 2521 sup„

177 2534 202 2551 11.
221 2530 244 2551 ³.
266 2541 291 2545 -
309 2528 527 2551 7111111.ι1.5.-
551 2529 558 2540 ¹⁹
575 2528 646 2556 Gen„
667 2532 727 2556 viii,
747 2529 785 2549 21.
801 2539 830 2544 —
848 2528 856 2540 ⁰
871 2528 947 2557 Aug„

178 2562 220 2585 ubi
235 2570 301 2593 sup,
317 2570 343 2586 n.
360 2566 382 2587 4.
394 2576 423 2581 —
441 2564 458 2580 '⁰
474 2562 539 2586 Psal.
555 2568 627 2591 xxiii,
642 2565 665 2585 4.
676 2575 706 2579 —
722 2562 737 2577 11
757 2561 843 2592 Virgil,
858 2562 947 2592 Ecloy.

180 2602 210 2620 11.
228 2610 257 2614 —
273 2598 291 2613 ¹²
307 2599 390 2627 Cant„
406 2604 424 2625 1.
440 2599 463 2621 3.
477 2611 501 2614 -
521 2598 540 2613 11
556 2598 640 2627 Bcru„
657 2598 682 2620 in
698 2598 780 2626 cant„
796 2603 872 2620 serm.
891 2603 946 2621 xxi.

180 2643 209 2648 -·
226 2632 245 2647 ¹⁴
261 2633 345 2663 Grog„
363 2635 388 2656 in
403 2633 492 2657 Ezeclz.
505 2633 547 2657 lib.
563 2633 582 2662 1,
596 2632 667 2656 hom.
683 2637 739 2661 Vlll,
757 2640 782 2656 n.
799 2634 821 2656 2.
833 2646 862 2651 —
876 2633 894 2649 ¹⁵
908 2632 946 2656 ld.

180 2667 205 2690 in
228 2668 334 2699 Evany„
353 2668 422 2692 hom.
446 2675 546 2699 xxxin,
565 2675 591 2693 n.
618 2670 640 2692 l.
659 2681 689 2686 —
714 2669 734 2684 ¹⁴⁴
751 2669 852 2699 der-em„
869 2674 947 2697 xxxi,

1681 241 1735 270 351

969 310 1050 337 mino
1060 331 1068 344 ,
1081 320 1095 337 n
1105 312 1157 337 etc.
1174 310 1206 337 Et
1219 308 1303 344 ponit
1314 308 1459 343 exempla.
1475 308 1599 334 Ramum
1614 306 1738 333 viridem

970 356 1098 384 ostendis
1118 356 1163 383 ovi
1175 377 1183 390 ,
1199 357 1226 382 et
1240 354 1330 382 trahis
1346 363 1353 381 ι
1369 361 1459 381 nuces
1469 360 1562 389 puero
1576 373 1583 385 ,
1596 353 1624 379 et
1637 351 1738 379 trahis.

970 403 1051 430 Unde
1064 405 1151 430 Poeta
1165 402 1182 418 ¹¹
1197 411 1203 428 :

1080 471 1166 494 Trahit
1179 477 1225 494 sua
1239 476 1365 500 quemque
1383 469 1508 499 voluptas.
1526 477 1538 491 n

974 542 1036 568 Haec
1056 541 1120 574 ille,
1137 543 1164 568 et
1185 541 1225 568 ibi
1240 541 1315 567 bene
1340 540 1376 567 de
1398 539 1464 566 hoc.
1482 538 1501 554 ¹²
1518 539 1600 566 Trahe
1621 546 1660 565 me
1685 539 1744 571 post

975 590 998 614 te
1017 597 1024 613 .·
1051 587 1091 613 ibi
1110 586 1272 613 Bernardus
1286 586 1317 612 ¹³.
1335 587 1372 612 De
1391 586 1447 612 hoe
1469 586 1496 612 et
1511 583 1682 619 Gregorius,
1700 583 1745 609 10-

975 640 1067 668 quens
1088 632 1123 659 de
1140 632 1310 666 Magdalena
1323 631 1343 647 11
1361 640 1367 658 :
1385 640 1398 656 ι(
1412 631 1556 658 Trahebat
1571 638 1655 664 eam,
1677 637 1744 656 eum

976 679 1012 706 de
1028 679 1115 713 culpa
1130 679 1343 713 compungeret
1360 686 1366 704 :
1384 676 1560 712 suscipiebat
1574 684 1649 705 eam,
1663 677 1693 702 ut
1707 674 1743 702 de

976 725 1063 760 culpa
1078 725 1225 751 liberaret.
1242 734 1255 750 »
1273 725 1306 751 Et
1329 723 1408 750 idem
1429 723 1449 739 ¹⁵
1466 732 1472 749 :
1491 732 1504 748 ι(
1520 724 1582 757 lpse
1606 729 1672 748 eam
1694 728 1747 756 per

976 770 1209 797 misericordiam
1224 769 1310 796 trahit
1324 769 1402 795 intus
1413 789 1422 802 ,
1445 768 1494 803 qui
1510 776 1562 803 per
1577 768 1746 794 mansuetu-

978 816 1077 843 dinem
1090 815 1268 851 suseipiebat
1280 815 1381 842 foris.»
1394 814 1413 830 ¹⁶
1427 825 1439 838 α
1450 814 1559 840 Attraxi
1570 816 1595 840 te
1608 813 1750 840 miserans

979 863 1029 889 tui.
1044 873 1057 889 »
1077 861 1153 889 Infra
1166 862 1185 878 ¹⁷
1203 871 1208 888 ε
1228 871 1241 887 ι(
1255 863 1327 889 Cum
1353 860 1498 888 exaltatus
1522 859 1623 892 suero,
1648 858 1749 885 omnia

979 908 1094 935 traham
1110 908 1148 935 ad
1163 916 1210 935 me
1225 908 1331 943 ipsum.
1346 918 1358 931 η
1381 908 1413 934 Εῖ
1432 907 1511 941 patet
1526 905 1573 932 1110
1587 904 1751 932 misericor-

981 954 1029 981 dia
1045 954 1091 981 Dei
1109 963 1115 981 :
1132 953 1279 989 quosdam
1303 953 1382 980 enim
1408 952 1495 979 trahit
1514 952 1552 978 ad
1576 959 1614 978 se.
1631 950 1751 977 internis

981 1000 1239 1035 inspirationibus,
1261 999 1309 1026 vel
1329 998 1437 1025 coelicis
1453 997 1698 1029 revelationibus,
1721 997 1753 1022 ut

983 1047 1092 1074 dietum
1108 1048 1165 1081 est3
1193 1046 1340 1081 quosdam
1365 1045 1467 1072 invitat
1481 1044 1631 1071 blanditiis
1654 1046 1681 1070 et
1700 1051 1753 1078 pa-

982 1093 1071 1120 ternis
1094 1091 1345 1120 admonitionibus
1359 1092 1379 1108 ¹⁸
1394 1099 1400 1117 :
1419 1102 1431 1115 υ
1447 1090 1518 1117 Misit
1533 1098 1631 1117 servos
1647 1097 1754 1116 vocare

983 1139 1119 1166 invitatos
1138 1139 1176 1165 ad
1197 1138 1349 1172 nuptias.»
1369 1138 1438 1164 Item
1459 1136 1605 1172 quosdam
1626 1135 1756 1163 stimulat

983 1185 1173 1212 hortamentis
1189 1184 1222 1219 (c)
1234 1186 1261 1211 et
1273 1184 1360 1210 minis
1372 1184 1391 1200 ¹⁹
1404 1193 1409 1210 :
1424 1192 1436 1208 ι(
1450 1182 1544 1209 Verba
1555 1182 1634 1209 enim
1645 1181 1757 1216 sapien—

984 1233 1047 1258 tum
1064 1233 1130 1258 sunt
1144 1230 1263 1258 stimuli.
1280 1240 1293 1255 n
1311 1231 1343 1256 Et
1355 1230 1376 1246 ‘²⁰
1393 1239 1399 1256 :
1420 1238 1432 1254 «
1447 1228 1568 1256 Stimulo
1583 1228 1675 1255 boves
1695 1227 1756 1262 agi-

986 1278 1035 1305 tati
1052 1278 1098 1312 (d).
1116 1287 1129 1302 n
1149 1279 1218 1305 Item
1234 1276 1381 1312 quosdam
1396 1276 1473 1311 capit
1493 1275 1718 1302 adversitatibus
1732 1276 1759 1301 et

985 1323 1243 1357 tribulationibus,
1259 1322 1319 1349 sive
1343 1321 1560 1349 infirmitatibus
1577 1323 1596 1338 2¹
1616 1330 1621 1348 :
1642 1331 1656 1345 «
1672 1323 1757 1348 Com-

987 1370 1064 1405 pelle
1084 1370 1202 1396 intrare.
1217 1378 1229 1394 n
1245 1367 1266 1384 22
1283 1378 1295 1393 «
1306 1368 1423 1403 Sepiam
1439 1367 1518 1394 viam
1533 1370 1612 1394 tuam
1628 1367 1727 1402 spinis.
1741 1377 1754 1393 »

987 1418 1019 1443 Εῖ
1042 1416 1170 1450 sequitur
1193 1424 1199 1442 :
1218 1414 1374 1447 «Vadam,
1398 1416 1426 1441 et
1448 1416 1576 1441 revertar
1596 1413 1635 1440 ad
1658 1413 1756 1440 virum

988 1470 1097 1489 meum.
1111 1472 1123 1487 n
1133 1461 1218 1494 Quod
1233 1460 1353 1495 exponit
1368 1460 1522 1494 Gregorius
1532 1458 1554 1476 ²³
1566 1459 1642 1486 hene
1654 1459 1691 1485 de
1703 1459 1758 1493 his,

988 1508 1039 1543 qui
1054 1507 1157 1534 mundi
1169 1506 1395 1534 adversitatibus
1409 1507 1593 1532 revertuntur
1605 1505 1643 1532 ad
1656 1506 1756 1531 Deum.

989 1555 1059 1581 Item
1081 1553 1219 1588 quoeritur
1235 1553 1271 1579 de
1285 1552 1359 1586 1100,
1388 1551 1471 1587 quod
1485 1551 1525 1578 ait
1541 1561 1547 1578 :
1566 1551 1660 1578 Omnes
1681 1553 1758 1577 erunt

990 1599 1116 1626 docibiles
1139 1600 1204 1633 Dei,
1227 1598 1353 1634 qualiter
1366 1598 1422 1625 hoe
1440 1607 1446 1624 :
1463 1597 1533 1633 quia
1546 1597 1631 1624 multi
1645 1604 1761 1631 semper

990 1647 1110 1672 manent
1124 1645 1267 1672 inereduli
1283 1644 1364 1672 omni
1378 1647 1521 1679 tempore.
1538 1645 1570 1670 Et
1583 1643 1622 1670 ad
1630 1642 1707 1669 istud
1719 1650 1764 1669 re-

991 1691 1218 1726 spondendum,
1242 1691 1314 1718 sieut
1338 1698 1427 1725 supra
1440 1688 1473 1723 2⁴,
1488 1689 1539 1716 uhi
1562 1689 1673 1716 dietum
1698 1689 1739 1715 est
1755 1697 1761 1715 ε

996 1747 1008 1762 ι(
1029 1737 1175 1764 llluminat
1196 1744 1315 1763 omnem
1339 1736 1490 1763 hominem
1503 1756 1512 1768 ,
1530 1745 1543 1760 u
1572 1735 1642 1770 quia
1662 1734 1761 1761 nullus

994 1786 1034 1810 est
1047 1784 1228 1811 illuminatus
1242 1783 1298 1810 nisi
1313 1783 1350 1810 ab
1366 1791 1416 1816 eo,
1433 1784 1464 1809 ut
1475 1782 1516 1809 ibi
1532 1784 1573 1809 est
1583 1781 1759 1817 expositum,

993 1831 1156 1857 secundum
1166 1830 1360 1864 Augustinum
1371 1828 1401 1856 ²⁵.
1416 1830 1447 1856 Et
1461 1829 1502 1855 sic
1516 1828 1646 1855 similiter
1661 1827 1765 1855 intelli-

994 1876 1125 1910 gendum
1137 1896 1146 1909 ,
1175 1875 1257 1911 quod
1284 1883 1369 1902 omnes
1397 1877 1473 1902 erunt
1502 1875 1629 1901 docibiles
1657 1875 1707 1901 Dei
1733 1874 1764 1900 2⁵.

998 1923 1117 1956 «Quem
1131 1921 1248 1949 docebit
1261 1921 1436 1948 scientiam?
1449 1931 1461 1946 n
1479 1923 1532 1948 etc.
1556 1921 1588 1948 Et
1606 1920 1736 1955 sequitur
1757 1927 1763 1946 :

998 1978 1011 1994 ι(
1026 1968 1193 1996 Ablactatos
1208 1976 1225 1995 a
1238 1968 1321 1995 lacte.
1334 1977 1346 1993 »
1366 1969 1398 1994 Et
1419 1968 1490 1994 nota
1511 1966 1592 2002 quod
1616 1966 1664 1993 ille
1680 1965 1766 1992 disci-

995 2015 1084 2051 pulus
1105 2016 1146 2042 est
1166 2015 1263 2042 bonus
1275 2035 1284 2048 ,
1302 2013 1377 2048 «qui
1397 2015 1438 2040 est
1453 2014 1576 2040 attentus
1589 2011 1628 2039 ad
1642 2011 1766 2039 audien-

997 2062 1084 2094 dum,
1101 2060 1204 2088 docilis
1224 2060 1262 2087 ad
1281 2059 1524 2093 intelligendum,
1545 2058 1709 2086 benevolus
1728 2057 1767 2085 ad

997 2107 1199 2140 retinendum,
1217 2105 1321 2133 docilis
1335 2104 1465 2139 ingenio,
1482 2106 1605 2132 attentus
1620 2103 1768 2138 exercitio,

999 2153 1164 2180 benevolus
1185 2152 1295 2185 animo,
1312 2161 1326 2177 »
1344 2153 1375 2178 ut
1398 2151 1437 2178 ait
1462 2151 1575 2177 Boetius
1589 2151 1620 2176 ⁴³⁷.
1640 2149 1720 2176 Unde
1743 2151 1770 2177 et

999 2199 1050 2234 qui
1066 2199 1136 2226 tales
1148 2200 1233 2233 sunt,
1250 2199 1317 2224 sunt
1332 2197 1443 2224 dociles
1459 2196 1594 2231 discipuli
1609 2195 1674 2229 Dei,
1688 2197 1719 2222 ut
1734 2202 1770 2222 ex

1000 2245 1077 2272 dicto
1093 2245 1170 2272 lsaiae
1186 2246 1272 2280 patet.
1290 2245 1321 2271 Et
1336 2243 1477 2278 quoniam
1492 2241 1584 2269 dixit:
1602 2243 1682 2269 Nemo
1697 2242 1770 2268 venit

1001 2291 1037 2318 ad
1051 2300 1109 2326 me,
1125 2292 1182 2318 nist*
1201 2292 1283 2318 Pater
1299 2291 1413 2316 traaeerit
1436 2297 1512 2321 eum,·
1536 2287 1674 2323 exponit,
1699 2286 1773 2322 quid

1001 2374 1075 2396 3.-
1100 2373 1117 2388 11
1144 2372 1201 2402 qu.‚
1228 2377 1279 2401 xii,
1307 2371 1346 2394 32.
1374 2382 1404 2386 ——
1431 2369 1450 2385 ¹³
1476 2368 1578 2399 Mami„
1602 2374 1672 2398 xxii,
1697 2369 1719 2392 3.
1744 2381 1774 2386 -

1002 2409 1022 2424 111
1038 2408 1128 2438 Εςςίε.,
1146 2413 1192 2435 xii,
1212 2409 1248 2430 11.
1265 2419 1295 2423 —
1309 2407 1329 2421 2⁹
1346 2405 1431 2433 Ecclz'„
1449 2410 1560 2435 xxxviii,
1575 2406 1614 2428 26.
1631 2417 1657 2421 —-
1673 2404 1689 2419 ²¹
1707 2404 1773 2430 Luc..

1003 2449 1056 2472 xlvy
1078 2445 1115 2466 24.
1142 2455 1172 2460 -
1195 2442 1212 2456 ²²
1236 2442 1300 2469 ose„
1323 2446 1355 2470 11,
1380 2441 1407 2469 6,
1431 2441 1454 2463 7.
1478 2452 1508 2456 -
1530 2440 1549 2455 ²³
1572 2440 1656 2469 Greg.,
1681 2438 1771 2463 Moral.

1003 2479 1045 2502 lib.
1063 2479 1174 2507 XXXW,
1193 2484 1214 2501 c.
1237 2483 1265 2506 11,
1288 2483 1315 2499 0.
1330 2478 1353 2499 3.
1368 2488 1399 2492 -
1418 2476 1434 2489 ²¹
1452 2476 1557 2505 Sup.,1‚
1572 2476 1595 2498 9.
1615 2487 1644 2492 --
1665 2475 1684 2490 ²⁵
1698 2475 1775 2503 Aug„

1005 2514 1207 2542 1'11J0a11.‚tract.
1222 2517 1252 2541 ιι,
1265 2518 1290 2535 u.
1308 2512 1362 2535 7.—
1379 2511 1399 2526 ²⁵
1410 2510 1468 2540 Iso„
1481 2515 1572 2541 xxvm,
1585 2511 1644 2534 9.—
1656 2510 1676 2526 ²⁷
1690 2510 1773 2537 Boet..

1005 2548 1033 2572 (le
1048 2548 1153 2579 Discipl.
1170 2546 1294 2576 Scholar„
1309 2553 1331 2569 c.
1347 2552 1376 2576 ιι,

1036 2598 1070 2627 (ιι)
1093 2597 1167 2627 Vulg.
1188 2596 1238 2619 1100
1257 2595 1314 2619 loeo
1332 2594 1438 2618 Joannis
1454 2602 1459 2617 :
1477 2595 1509 2618 Et
1523 2596 1594 2617 erunt
1610 2600 1691 2617 omues
1705 2592 1771 2615 (Ioci-

1006 2633 1067 2656 biles
1080 2633 1172 2656 Dez‘.—
1191 2631 1222 2661 (b)
1239 2632 1299 2654 Caet.
1317 2630 1378 2654 edit.
1394 2631 1432 2653 est
1445 2629 1494 2653 ista
1507 2629 1638 2654 t1·ucti0.—
1651 2628 1678 2659 (c)
1700 2634 1773 2651 ornu-

1005 2668 1106 2692 mentis.
1125 2680 1156 2687 —
1177 2666 1215 2697 (d)
1229 2666 1289 2690 Item
1304 2665 1390 2697 agitat.

1788 1973 1886 1999 Discipu-

1792 2004 1826 2023 lus
1838 2003 1876 2023 bov

1807 2040 1857 2054 nus.
