1987 3032
0 2818 1 2844 l

0 2847 2 2867 l

684 255 887 289 EXPOSITm
910 254 950 286 lN
973 255 1057 286 CAP.
1080 254 1187 286 xxm.
1682 261 1740 290 209

143 326 273 366 gratiae‚
298 326 402 357 fructu
417 324 564 364 Justitize‚
583 326 613 355 et
627 324 746 356 virtute
761 324 907 354 constan-

142 380 210 417 tiae;
227 380 353 419 propter
367 377 451 417 quod
466 377 580 408 dicitur
589 377 743 417 peccatori
758 377 766 393 ¹
782 386 790 406 :
811 387 825 404 <z
838 375 908 406 Non

143 434 173 462 te
186 431 316 462 extollas
330 430 363 460 in
378 430 567 469 cogitatione
589 430 703 460 animae
725 431 799 465 tuae,
821 428 909 458 velut

143 487 253 515 taurus
266 494 272 513 :
286 492 326 513 ne
340 483 421 513 forte
435 483 569 513 elidatur
582 483 684 514 virtus
696 484 751 512 tua
764 490 820 520 per
835 480 909 511 stul-

141 536 259 573 titiam,
275 537 305 566 et
319 535 393 566 folia
406 537 461 566 tua
479 535 636 573 comedat,
652 536 683 565 et
701 535 820 565 fructus
836 536 909 564 tuos

141 588 265 628 perdat,
288 590 318 618 et
336 588 525 627 relinquaris
540 587 628 618 velut
641 587 769 626 lignum
784 586 908 617 aridum

140 640 173 670 in
191 649 309 671 eremo.
332 651 347 669 2>
375 640 409 671 Si
433 650 512 679 ergo
535 649 680 671 summus
696 640 853 680 plantator
869 639 907 668 li-

141 704 281 734 gnorum
297 695 444 735 paradisi,
460 698 589 736 propter
604 698 766 735 peccatum
784 695 828 725 sic
843 704 910 725 cru—

140 745 242 776 delem
256 747 392 776 mortem
410 746 554 785 permisit
567 746 631 785 pati
646 746 773 784 lignum
789 745 864 776 vitae
879 747 910 775 et

141 798 321 837 voluptatis,
337 798 414 838 quid
436 807 515 837 ergo
530 799 620 829 saciet
634 799 672 829 de
693 798 791 836 lignis
812 798 910 828 aridis

141 853 172 881 et
186 851 343 890 spinosis?
359 850 445 882 Unde
461 851 568 882 Glossa
579 851 590 867 ²
606 862 614 882 t
632 862 646 879 «
659 850 692 881 Si
707 860 784 889 ergo
800 851 840 890 (a)
855 851 910 890 qui

141 905 305 942 peccatum
316 904 458 942 nonteci,
467 904 521 943 qui
537 904 661 943 lc'qnum
672 904 743 934 vc'cae
756 903 907 943 appellor,

141 955 262 986 mundo
276 956 438 987 duodenos
449 957 570 987 fructus
579 957 691 996 gratiae
702 966 758 996 per
766 956 911 995 singulos

142 1017 265 1040 menses
280 1009 388 1048 affero,
411 1010 478 1040 sine
501 1010 644 1050 passione
658 1010 696 1040 de
713 1010 833 1040 mundo
847 1019 911 1040 non

143 1070 232 1099 exeo,
248 1071 321 1101 quae
332 1064 487 1093 tormenta
501 1065 630 1093 manent
644 1062 725 1099 illos,
741 1063 795 1102 qui
806 1062 912 1093 fructi-

142 1114 203 1144 bus
226 1116 300 1144 sunt
322 1115 460 1145 vacui?1›
486 1114 618 1154 Insuper
637 1117 668 1146 et
686 1108 814 1154 lignum
836 1114 911 1146 vitae

142 1166 280 1197 flammis
303 1167 377 1198 dare
390 1176 455 1198 non
473 1168 603 1205 timent,
620 1169 651 1198 et
664 1168 734 1198 ideo
751 1167 865 1198 dicitur
878 1167 888 1184 ³
902 1178 909 1196 :

148 1230 162 1248 α
185 1219 218 1250 Si
238 1221 344 1258 Justus
363 1220 396 1250 in
415 1222 499 1251 terra
520 1220 644 1260 recipit,
667 1223 786 1260 quanto
808 1221 912 1259 magis

142 1271 261 1311 impius
275 1274 306 1302 et
319 1273 485 1312 peccator?
499 1283 514 1301 »
529 1272 567 1303 Et
578 1272 588 1288 ⁶
605 1283 611 1302 :
634 1283 648 1301 α
664 1272 820 1309 Quoniam
837 1275 913 1303 tem-

144 1334 204 1364 pus
221 1326 282 1362 est,
302 1327 339 1355 ut
352 1325 479 1364 incipiat
490 1325 649 1364 ,iudicium
670 1334 689 1355 a
706 1325 799 1355 domo
815 1325 880 1355 Dei.
895 1335 908 1353 ι)

145 1376 178 1407 Si
192 1379 298 1408 autem
313 1378 453 1417 primum
465 1387 484 1407 a
497 1378 598 1416 nobis,
616 1378 686 1417 quis
700 1378 773 1408 finis
788 1387 911 1415 eorum,-

145 1430 200 1469 qui
211 1439 275 1460 non
290 1430 421 1460 credunt
433 1430 487 1460 Dei
503 1430 696 1469 Evangelio?

186 1485 234 1513 32.
258 1482 463 1513 Ducebantur
487 1486 594 1513 autem
616 1487 645 1513 et
667 1482 726 1512 aliz·
752 1483 826 1520 cluo,
853 1485 912 1513 etc.

146 1534 219 1566 Post
239 1534 428 1574 descriptam
449 1534 565 1565 Christi
581 1535 911 1575 comprehensionem,

145 1584 343 1623 illusionem,
367 1585 598 1616 accusationem
625 1588 655 1616 et
677 1586 913 1617 condemnatio-

145 1647 236 1675 nem,
261 1638 313 1668 hic
333 1639 443 1678 quinto
467 1639 535 1669 loco
558 1639 707 1669 describit
724 1640 794 1678 ejus
812 1638 914 1669 cruci-

146 1691 316 1728 fixionem;
333 1700 431 1730 quam
446 1691 593 1722 describit
603 1692 779 1731 dupliciter,
797 1692 916 1722 scilicet

146 1753 186 1774 ex
206 1746 295 1783 parte
310 1744 527 1775 conditionum
545 1745 796 1784 aggravantium
806 1768 815 1782 ,
831 1746 861 1775 et
876 1753 916 1775 ex

145 1798 235 1835 parte
258 1796 567 1836 circumiacentium,
588 1797 633 1827 ibi
648 1797 657 1813 ⁶
679 1808 686 1826 :
703 1797 788 1828 Erat
808 1800 916 1827 autem

147 1851 177 1878 ec
190 1849 414 1888 superscriptio
428 1850 556 1888 scripta,
569 1851 626 1879 etc.
639 1848 725 1879 Circa
739 1849 917 1888 descriptio-

147 1909 221 1930 nem
239 1900 456 1931 conditionum
471 1901 734 1940 aggravantium,
749 1910 805 1932 sex
817 1901 917 1931 intro-

147 1953 319 1991 ducuntur,
337 1954 454 1985 scilicet
465 1955 646 1985 inhonestas
659 1954 819 1992 consortii,
836 1955 917 1985 atro-

148 2005 224 2036 citas
236 2006 391 2046 suppliciI,
404 2008 586 2047 benignitas
597 2008 750 2045 crucifixi,
762 2008 917 2047 rapacitas

148 2058 287 2089 militum
303 2060 576 2099 crucifigentium,
596 2060 778 2099 malignitas
798 2060 916 2099 princi-

148 2120 224 2150 pum
241 2111 473 2150 insultantium,
485 2115 516 2143 et
530 2113 698 2144 crudelitas
713 2113 916 2144 irridentium

147 2164 384 2196 crucifixorum.

189 2216 298 2248 Primo
317 2217 431 2256 igitur,
452 2222 607 2258 quantum
625 2218 664 2249 ad
686 2218 916 2249 inhonestatem

104 2311 108 2313 ‚
148 2270 312 2307 consortii,
334 2270 408 2300 dicit
427 2281 433 2300 :
460 2271 663 2301 Ducebcmtur
685 2274 792 2300 autem
816 2269 920 2300 etalii

148 2322 211 2352 duo
226 2331 366 2362 nequam
379 2332 451 2353 cum
466 2332 512 2362 60,
528 2328 564 2354 ut
578 2324 839 2361 interficerentur.
855 2322 917 2352 Alii

148 2374 223 2412 duo,
243 2375 360 2405 scilicet
369 2376 425 2415 qui
436 2378 526 2406 erant
540 2385 688 2415 nequam,
700 2378 735 2406 ut
747 2384 787 2405 ex
799 2375 916 2414 iniqui-

148 2428 210 2457 tate
226 2427 355 2458 illorum
365 2437 439 2458 cum
453 2428 575 2458 Christo
589 2428 824 2459 interfectorum
835 2436 919 2466 prae-

149 2479 327 2517 tenderent,
342 2481 426 2520 quod
444 2480 584 2511 Christus
598 2483 634 2510 ut
648 2480 803 2520 reprobus
818 2479 916 2519 patie-

149 2530 256 2562 batur.
274 2531 335 2563 Sed
350 2533 410 2563 hoc
424 2532 577 2563 Dominus
594 2532 822 2572 praeordinavit
835 2532 916 2570 fieri,

181 2593 189 2608 ¹
200 2593 289 2623 Eccli.,
301 2600 335 2624 Vl,
351 2597 374 2623 2,
386 2596 441 2618 3,-
456 2596 465 2610 2
480 2595 515 2617 Ex
527 2594 650 2624 Bu==l.,ubi
665 2601 753 2624 sup.—
767 2594 777 2610 ³
788 2594 871 2624 Prota,
881 2600 916 2624 xi,

150 2628 190 2650 31.
206 2628 276 2651 —⁸1
294 2629 371 2659 Petra,
386 2635 419 2659 ιν,
436 2631 473 2653 Π.
488 2642 518 2647 -
533 2629 542 2645 ⁵
557 2629 614 2658 tuf„
630 2630 668 2652 258.
683 2629 917 2659 —⁶!.5ci.,L111,12.

152 2661 159 2674 ⁷
175 2662 243 2685 Psul.
258 2669 313 2693 xxi,
328 2665 353 2686 7.
370 2677 399 2682 —
417 2664 427 2680 Β
441 2665 501 2693 Im„
521 2670 583 2694 Lm,
598 2666 648 2687 2-3.
664 2676 693 2681 —
707 2665 716 2677 ‘³
732 2663 836 2694 Philip„
851 2670 878 2694 11,
895 2665 918 2688 6.

151 2696 170 2711 ¹⁰
186 2697 262 2727 Aug„
280 2704 356 2722 serm.
378 2704 486 2728 ccxvm,
506 2706 532 2722 n.
555 2700 578 2729 4,
600 2699 632 2722 al.
657 2699 686 2722 de
702 2698 821 2729 diver-sis,
840 2706 916 2724 serm.

311 2750 385 2772 Tou.
407 2750 452 2773 XI·

962 322 1139 352 secundum
1151 321 1230 352 illud
1246 325 1256 340 ⁸
1274 331 1280 351 :
1303 331 1317 351 (ι
1333 321 1412 352 Cum
1431 322 1588 353 sceleratis
1610 327 1733 363 reputa·

963 376 1014 405 tus
1039 377 1085 405 est
1107 385 1145 405 :n
1171 377 1240 405 tum
1256 377 1384 414 propter
1405 375 1588 415 exemplum
1602 376 1732 407 humili-

962 427 1050 464 tatis,
1082 427 1201 458 ratione
1227 428 1319 466 cujus
1342 427 1456 459 dicitur
1484 428 1518 458 in
1541 429 1670 460 Psalmo
1690 429 1701 445 ⁷
1723 439 1732 459 ε

967 490 981 507 «
994 478 1063 517 Ego
1079 483 1187 510 autem
1202 489 1274 511 sum
1289 481 1418 518 vermis,
1435 483 1465 511 et
1478 490 1543 512 non
1554 481 1662 520 homo,
1682 491 1734 522 op-

963 532 1129 570 probrium
1142 533 1311 563 hominum
1324 535 1355 564 et
1371 533 1503 572 abjectio
1519 534 1633 573 plebis;
1642 536 1694 565 »et
1703 537 1732 565 ⁸:

967 595 982 613 «
992 584 1246 615 Desideravimus
1259 595 1344 624 eum,
1357 586 1540 625 despectum
1554 589 1584 618 et
1598 587 1733 618 novissi-

963 645 1054 666 mum
1064 637 1227 674 virorum;
1242 648 1256 665 ι)
1276 640 1344 667 tum
1362 638 1456 668 etiam
1471 642 1599 679 propter
1614 643 1733 680 myste-

964 689 1049 719 rium
1062 689 1312 728 significationis.
1329 690 1408 721 Nam
1422 700 1477 730 per
1491 692 1570 723 duos
1584 692 1732 731 latrones,

964 742 1138 772 secundum
1152 742 1351 781 allegoriam,
1367 743 1589 783 intelliguntur
1605 745 1667 776 duo
1681 754 1734 784 po-

964 795 1048 834 puli,
1076 795 1158 825 inter
1181 804 1260 834 quos
1286 799 1316 825 et
1337 805 1394 835 pro
1416 797 1531 836 quibus
1553 807 1663 837 passus
1690 800 1736 828 est

965 847 1117 886 Christus,
1141 857 1226 878 unus
1249 848 1364 878 scilicet
1386 849 1586 888 Judaeorum,
1609 853 1640 881 et
1658 851 1737 881 alter

965 899 1130 937 Gentium;
1151 901 1206 939 qui
1230 902 1313 931 recte
1334 901 1470 932 latrones
1485 903 1645 942 dicuntur,
1662 904 1737 943 quia

965 953 1092 992 utrique
1112 953 1175 983 Deo
1194 962 1250 992 per
1267 954 1448 993 superbiam
1463 955 1497 985 in
1512 955 1613 986 Adam
1626 956 1735 987 volue-

966 1007 1041 1035 runt
1055 1005 1225 1045 praeripere
1240 1006 1428 1045 dignitatem
1447 1008 1620 1047 propriam.
1636 1008 1735 1045 Unde,

967 1068 1061 1098 super
1078 1059 1164 1090 istud
1179 1060 1188 1076 ⁹
1207 1070 1214 1090 z
1235 1071 1250 1088 (ι
1264 1059 1333 1090 Non
1348 1061 1493 1100 rapinam
1506 1061 1676 1092 arbitratus
1691 1063 1738 1092 est

966 1121 1033 1142 esse
1052 1121 1084 1142 se
1100 1112 1256 1151 aequalem
1271 1114 1368 1150 Deo,n
1383 1113 1457 1143 dicit
1472 1113 1579 1144 Glossa
1590 1123 1598 1145 :
1610 1125 1624 1143 a
1636 1114 1738 1144 Adam

967 1165 998 1194 et
1012 1164 1079 1195 Eva
1094 1165 1264 1196 voluerunt
1275 1174 1386 1205 rapere
1396 1166 1606 1205 divinitatem,
1623 1168 1652 1197 et
1663 1166 1739 1196 ami-

967 1219 1078 1248 serunt
1098 1217 1290 1249 felicitatem.
1316 1228 1330 1246 t)
1350 1218 1388 1249 Et
1402 1221 1530 1258 propter
1550 1219 1610 1250 hoc
1628 1219 1739 1250 datum

967 1270 1026 1300 fuit
1051 1271 1185 1309 signum
1213 1271 1463 1302 circumcisionis
1490 1272 1521 1302 in
1548 1272 1736 1310 remedium,

968 1323 1052 1362 quod
1076 1325 1157 1353 esset
1185 1324 1275 1363 quasi
1298 1325 1475 1355 cauterium
1504 1325 1680 1363 latronum;
1709 1327 1741 1356 et

969 1384 1048 1405 crux
1061 1375 1156 1405 etiam
1169 1375 1282 1406 Christi
1292 1376 1324 1406 in
1336 1377 1441 1407 medio
1451 1377 1624 1416 latronum,
1638 1380 1674 1408 ut
1684 1386 1741 1417 per

969 1427 1055 1457 illam
1070 1437 1089 1458 a
1102 1437 1196 1467 poena
1210 1428 1372 1459 latronum
1392 1429 1575 1461 liberemur.
1602 1430 1663 1461 Sed
1684 1440 1742 1470 po-

969 1480 1064 1519 pulus
1071 1480 1087 1511 J
1090 1480 1232 1518 udaicuS,
1241 1483 1396 1520 tanquam
1406 1481 1485 1512 latro
1494 1482 1628 1521 sinister,
1640 1484 1742 1515 adhuc
1784 1497 1860 1517 Lau-0.

969 1532 1167 1572 blasphemat
1175 1543 1183 1570 ;
1219 1532 1350 1564 Gentilis
1383 1536 1489 1565 autem
1517 1536 1685 1567 confitetur
1711 1538 1743 1568 et
1757 1533 1796 1549 nes
1809 1527 1862 1554 quid

970 1586 1050 1616 orat.
1071 1585 1254 1616 Secundum
1273 1587 1497 1625 Augustinum
1512 1588 1533 1604 ¹⁰
1546 1590 1653 1620 autem
1663 1612 1671 1626 ,
1686 1598 1743 1628 per

970 1637 1050 1668 duos
1062 1637 1200 1669 latrones
1222 1639 1369 1678 signatur
1384 1641 1486 1671 totum
1502 1650 1607 1680 genus
1625 1642 1741 1673 huma—

971 1699 1050 1721 num
1073 1691 1107 1721 in
1130 1700 1222 1722 cruce
1243 1692 1456 1723 tribulationis
1481 1696 1512 1724 et
1537 1694 1672 1726 miseriae
1695 1695 1741 1725 af-

971 1743 1074 1773 fixum
1092 1754 1099 1773 ε
1117 1744 1169 1774 sed
1184 1744 1281 1775 altera
1297 1754 1370 1784 pars
1384 1755 1402 1776 a
1417 1745 1551 1784 dextris,
1573 1749 1609 1778 ut
1627 1747 1673 1778 illi
1687 1749 1744 1787 qui

972 1804 1029 1834 pro
1037 1795 1153 1827 coelesti
1163 1797 1280 1835 gloria,
1294 1797 1373 1828 alter
1385 1807 1404 1828 a
1417 1798 1562 1836 sinistris,
1578 1802 1613 1830 ut
1630 1800 1674 1830 illi
1688 1801 1744 1840 qui

972 1857 1029 1887 pro
1052 1849 1216 1888 temporali
1242 1849 1346 1888 gloria
1367 1850 1542 1889 patiuntur.
1567 1851 1605 1883 Et
1630 1853 1664 1883 in
1683 1853 1744 1884 hoc

973 1902 1157 1932 execrabilis
1172 1904 1218 1933 est
1234 1903 1373 1942 profecto
1384 1903 1529 1943 impietas
1543 1904 1741 1944 Judaeorum,

972 1963 1045 1994 quae
1068 1956 1160 1994 quasi
1180 1956 1336 1987 latronem
1358 1957 1459 1988 affixit
1482 1959 1569 1989 cruci
1596 1960 1744 1991 omnium

973 2007 1226 2047 Redemptorem.
1244 2008 1350 2040 Bonus
1365 2011 1471 2041 tamen
1487 2011 1521 2042 in
1535 2013 1686 2051 mysterio
1699 2013 1744 2043 la-

973 2062 1022 2091 tro
1037 2060 1196 2099 Christus,
1221 2062 1277 2100 qui
1301 2062 1465 2094 insidiatus
1485 2066 1533 2095 est
1547 2064 1681 2103 diabolo,
1708 2067 1744 2096 ut

973 2122 1049 2144 vasa
1069 2115 1140 2152 ejus
1161 2114 1309 2145 auferret.
1325 2114 1398 2146 Ideo
1411 2116 1470 2147 Job
1490 2117 1510 2136 ¹¹
1535 2128 1542 2148 :
1564 2128 1578 2147 α
1593 2117 1628 2148 In
1643 2117 1744 2149 oculis

973 2167 1043 2205 ejus
1057 2167 1149 2205 quasi
1163 2167 1259 2198 hamo
1274 2169 1374 2208 capiet
1384 2178 1470 2200 eum.
1485 2180 1499 2199 n
1512 2170 1645 2210 Propter
1657 2172 1745 2211 quod

974 2218 1125 2250 Dominus
1137 2223 1299 2260 comparat
1312 2230 1345 2252 se
1359 2222 1421 2255 furi
1436 2224 1458 2242 ¹²
1479 2233 1486 2253 :
1505 2234 1519 2252 c(
1533 2222 1567 2254 Si
1579 2223 1673 2254 sciret
1687 2232 1745 2263 pa-

973 2272 1156 2303 terfamilias
1170 2282 1233 2312 qua
1247 2274 1326 2304 hora
1336 2274 1388 2305 fur
1402 2275 1535 2312 veniret,
1551 2286 1566 2303 n
1589 2278 1647 2306 etc.

1014 2323 1158 2355 Secundo
1168 2348 1175 2361 ,
1191 2327 1348 2364 quantum
1364 2326 1403 2356 ad
1418 2327 1613 2358 atrocitatem
1627 2328 1744 2368 suppli-

974 2375 1023 2414 cii,
1040 2375 1155 2407 dicitur
1175 2377 1216 2416 (v.
1237 2378 1284 2416 33)
1316 2389 1322 2407 :
1346 2378 1391 2409 Et
1402 2382 1574 2420 postquam
1590 2385 1746 2412 venerunt

975 2428 1007 2458 in
1023 2428 1138 2467 locum,
1155 2430 1362 2469 qzcz'ssvocatw·
1385 2430 1560 2471 Cccloarz'ce,
1577 2433 1622 2464 z'bz‘
1639 2434 1745 2464 cruci-

972 2481 1114 2518 fixerunt
1132 2491 1214 2513 eum.
1238 2482 1339 2514 Locus
1362 2483 1420 2514 iste
1440 2485 1557 2516 dicitur
1576 2486 1743 2525 calvariae,

974 2535 1011 2564 ut
1024 2534 1131 2566 dicunt
1145 2535 1275 2575 quidam
1291 2536 1322 2574 ¹³,
1337 2537 1412 2576 quia
1426 2537 1470 2568 ibi
1486 2540 1612 2578 Jacebat
1626 2540 1744 2579 Adam,

975 2601 1103 2619 Lxxv1.—
1119 2597 1135 2612 ¹¹
1145 2596 1249 2627 Job‚xn‚
1262 2599 1367 2621 19.—¹2
1377 2600 1450 2630 sup„
1465 2606 1515 2630 ΧΠ,
1530 2602 1568 2625 39.
1582 2614 1612 2618 -
1625 2602 1646 2618 ¹³
1657 2602 1746 2625 Exem-

975 2630 1009 2659 pli
1023 2631 1112 2661 gratia,
1132 2632 1208 2655 Paula
1227 2635 1252 2656 et
1273 2633 1448 2665 Eustochium,
1463 2636 1496 2659 ad
1509 2636 1665 2666 Marcellam,
1680 2637 1746 2660 iuter

975 2665 1056 2695 Epist.
1075 2666 1188 2696 Hieron„
1199 2666 1242 2691 lib.
1255 2668 1274 2696 Ι,
1290 2669 1362 2698 epist.
1378 2675 1442 2694 xvu.

1009 2702 1040 2730 (a)
1053 2701 1125 2731 Apud
1134 2701 1225 2725 Rectum
1235 2702 1292 2727 add.
1303 2703 1365 2734 ipsc.

1569 2753 1608 2781 ¹4
