1987 3032
204 198 262 227 268

203 263 254 289 tes.
271 272 284 287 »
300 262 364 289 Haec
384 261 443 289 ille.
464 251 689 296 sed‘quoeritur,
715 267 808 296 quare
826 267 888 288 non
910 266 972 287 res-

202 308 316 344 pondet
335 307 444 335 directe
466 306 548 343 quod
572 308 647 340 erat,
672 306 782 334 seilicet
802 316 808 332 :
837 307 896 333 Vox
918 307 974 332 cla-

202 356 313 382 mantis.
329 355 361 381 Et
369 353 527 389 respondet
541 353 774 387 Chrysostomus,
789 352 841 379 ubi
852 359 941 388 supra
952 353 972 386 ¹,

204 400 286 437 quod
299 400 435 435 judicans
446 406 548 426 eorum
561 398 704 426 malitiam
718 401 746 426 et
761 399 918 426 amentiam
933 398 974 426 sic

203 446 373 482 respondit:
390 446 446 472 hoc
461 444 539 471 enim
556 446 598 471 est
615 444 718 472 famuli
733 444 832 472 devoti
850 452 912 472 non
926 452 974 472 so-

204 492 268 520 lum
289 500 349 520 non
371 498 473 526 rapere
497 490 678 517 dominicam
699 490 840 525 gloriam,
859 491 911 518 sed
927 499 975 518 ex-

203 539 314 576 pellere
330 538 429 564 datam
444 544 462 564 a
476 536 585 570 multis,
600 536 672 564 sicut
687 537 755 564 tacit
768 538 895 564 Joannes
909 537 972 564 hic:

205 585 287 621 quod
312 584 391 611 enim
414 582 456 610 illi
478 583 719 618 suspicabantur,
743 583 853 611 scilicet
877 583 975 618 ipsum

204 639 265 659 8558
281 630 440 663 Christum,
454 629 510 656 hoc
526 629 587 664 ipse
605 628 756 656 destruxit.

238 678 284 704 21.
301 677 332 704 Et
345 675 476 711 sequitur
496 675 627 702 secunda
641 675 845 710 interrogatio,
860 675 903 702 ibi
917 684 923 702 :
939 676 975 702 Et

203 725 454 757 interrogaverunt,
481 721 589 749 scilicet
611 729 649 749 an
677 724 751 750 esset
777 721 853 749 Elias
871 730 877 748 ;
903 721 976 753 Quid

204 778 265 804 erqo
276 772 289 796 ?
304 768 413 796 scilieet
427 776 468 796 es,
482 769 557 795 Elias
572 776 598 795 es
615 769 665 795 tu?
680 768 722 796 Ob
739 767 818 795 enim
832 767 899 795 vitae
913 775 976 795 aus-

204 817 364 849 teritatem,
379 817 406 842 et
424 815 506 842 modi
527 814 647 842 vivendi
663 814 900 848 similitudinem,
917 821 976 841 cre-

205 863 329 890 debatur
341 869 403 889 esse
417 861 492 889 Elias
504 870 510 888 :
526 861 601 889 Elias
616 861 694 888 enim
704 861 713 877 2
727 861 857 888 habebat
869 868 975 887 zonam

203 909 358 945 pelliceam
381 908 458 935 circa
480 908 614 942 lumbos3
638 909 666 934 et
687 907 726 934 ob
747 906 976 943 promissionem

205 955 242 982 de
266 955 396 982 adventu
416 955 485 981 Elioe
500 956 530 982 ³:
553 963 566 980 «
585 955 656 981 Ecce
677 961 732 988 ego
755 953 841 980 vobis
863 953 976 980 mittam

205 1001 308 1029 Eliam.
330 1011 343 1027 11
368 1002 487 1037 Propter
505 1001 581 1034 hoec,
605 1000 744 1035 inquam,
765 999 974 1034 opinabantur,

205 1048 287 1083 quod
302 1049 363 1075 erat
378 1047 460 1075 Elias.
474 1048 505 1074 Et
519 1046 654 1074 subditur
667 1045 821 1080 responsio
836 1045 956 1073 Joannis
968 1054 974 1072 :

204 1095 264 1123 Νοη
278 1102 353 1127 sum,
368 1093 477 1121 scilicet
492 1093 575 1120 Elias.
592 1092 648 1120 Sed
663 1091 788 1128 qualiter
802 1091 876 1126 1108,
893 1091 975 1127 quod

205 1141 245 1168 ait
267 1140 399 1168 Salvator
426 1140 552 1174 loquens
576 1138 613 1166 de
637 1139 738 1165 Joanne
755 1138 765 1154 e.
782 1147 788 1164 :
808 1147 822 1163 ιι
846 1139 909 1172 lpse
935 1139 977 1164 est

205 1187 298 1220 Elias,
320 1196 334 1212 1)
352 1186 418 1214 et⁵z
438 1194 451 1211 α
471 1186 546 1212 Elias
565 1185 628 1220 jam
647 1184 747 1211 venit?
762 1194 776 1209 »
793 1185 825 1211 Et
839 1183 878 1211 ad
899 1183 976 1211 istud

204 1232 363 1268 respondet
382 1232 559 1265 Augustinus
580 1231 656 1258 bene
669 1231 678 1247 θ
696 1239 702 1258 :
723 1240 737 1256 «
761 1231 842 1264 Duo,
865 1230 975 1265 inquit,

205 1280 287 1306 erant
310 1278 454 1306 adventus
474 1277 598 1312 judiciS,
624 1279 651 1304 et
675 1276 735 1303 duo
758 1283 926 1311 praecones;
950 1278 977 1303 et

205 1325 288 1360 quod
302 1324 356 1352 fuit
369 1326 495 1352 Joannes
516 1323 554 1351 ad
574 1324 703 1358 primum
722 1322 897 1355 adventum,
920 1322 976 1349 hoc

204 1371 280 1399 Elias
305 1371 344 1398 ad
367 1370 541 1398 seeundum.
564 1370 574 1386 ⁷
605 1378 618 1394 «
641 1369 674 1396 ln
697 1368 800 1405 spiritu
823 1370 850 1396 et
872 1368 976 1395 virtute

204 1418 281 1445 Eliae.
299 1429 311 1442 »
328 1419 453 1445 Joannes
468 1425 539 1452 ergo
558 1417 690 1452 loquitur
704 1416 833 1452 proprie,
850 1416 977 1443 Christus

204 1464 368 1499 figurative.
396 1465 427 1491 Et
450 1463 491 1490 ibi
512 1463 588 1490 bene
614 1463 650 1490 de
674 1463 740 1490 hoc.
763 1462 843 1490 idem
867 1464 975 1496 Grego-

206 1511 265 1538 rius
279 1511 309 1537 ⁸:
327 1520 340 1535 «
360 1511 485 1537 loannes
503 1509 534 1536 in
549 1509 651 1544 spiritu
671 1509 746 1536 Elias
765 1511 842 1542 erat,
864 1509 893 1535 in
911 1516 978 1543 per-

205 1564 279 1584 sona
293 1564 353 1584 non
369 1558 447 1590 erat,
462 1566 475 1581 n
492 1558 519 1583 et
534 1555 574 1582 ibi
590 1555 722 1582 similiter
736 1555 812 1582 bene
828 1555 864 1582 de
879 1555 945 1582 hoo.

241 1605 273 1630 Et
287 1602 419 1638 sequitur
435 1602 519 1629 tertia
533 1601 722 1636 interrogatio
733 1610 738 1628 :
751 1602 882 1636 Propheta
892 1609 917 1628 es
929 1603 977 1628 tu?

205 1649 315 1677 seilicet
336 1648 536 1682 resuscitatus,
556 1650 588 1675 ut
611 1648 727 1675 Elisaeus
747 1647 795 1674 vel
816 1647 909 1681 alius,
933 1655 977 1673 se-

206 1696 338 1723 eundum
355 1695 486 1723 Glossam
509 1696 535 1722 et
556 1694 722 1728 Magistrum
744 1694 775 1720 in
793 1693 929 1720 historiis.
946 1694 977 1720 Et

205 1742 341 1769 subditur
357 1740 520 1776 responsio,
536 1740 661 1767 scilicet:
678 1741 737 1768 Non
749 1747 817 1766 sum.
831 1739 885 1767 Sed
903 1747 977 1774 qua-

204 1788 269 1815 liter
282 1788 350 1819 hoc,
366 1787 436 1822 quia
450 1787 460 1804 ⁹
474 1796 481 1814 ;
501 1796 515 1813 κ
528 1788 579 1821 Τ11,
595 1794 678 1822 puer,
694 1786 860 1822 propheta?
876 1795 889 1812 1)
908 1787 977 1813 ltem

205 1834 245 1862 ait
259 1834 375 1868 Glossa,
392 1834 475 1869 quod
496 1833 535 1860 ob
558 1833 682 1867 gratiam
702 1832 864 1868 prophetias
881 1831 979 1859 crede-

206 1880 292 1908 batur
308 1888 369 1908 esse
381 1879 540 1915 propheta:
555 1887 633 1914 crgo,
648 1881 680 1906 ut
693 1879 785 1914 prius.
800 1880 832 1905 Et
847 1878 885 1906 ad
899 1877 978 1905 istud

205 1926 364 1961 respondet
387 1926 611 1961 chrysostomus
626 1926 663 1958 ¹⁰,
684 1924 766 1960 quod
780 1926 905 1952 Joannes
919 1932 979 1951 res-

206 1972 332 2008 pondet,
349 1972 507 2008 respiciens
522 1971 561 1999 ad
574 1973 703 1998 mentem
717 1971 976 2006 interrogantium:

207 2018 406 2053 opinabantur
432 2018 510 2046 enim
538 2018 679 2053 quidam,
705 2025 771 2044 eum
794 2025 855 2044 esse
879 2017 979 2052 praeei-

206 2072 300 2099 puum
315 2064 488 2100 prophetam
503 2066 677 2098 venturum,
693 2064 729 2091 de
744 2071 804 2099 quo
820 2065 841 2081 ¹¹
858 2073 863 2089 :
885 2072 898 2089 «
910 2065 978 2090 Pro-

205 2110 325 2146 phetam
346 2110 383 2138 de
402 2112 486 2145 gente
509 2113 559 2138 tua
578 2110 727 2138 suscitabit
746 2110 903 2144 Dominus,
920 2119 934 2135 »
952 2111 979 2136 et

206 2156 285 2184 hunc
313 2157 431 2192 negavit
457 2165 487 2184 se
521 2165 593 2184 esse.
622 2157 702 2184 Unde
731 2157 954 2192 Chrysostomus
971 2164 977 2182 :

211 2212 224 2228 «
238 2203 325 2231 Addit
339 2203 494 2230 articulum
509 2204 545 2238 (a)
560 2203 705 2238 Propheta,
720 2203 760 2230 ad
779 2202 979 2230 denotandam

209 2249 476 2277 emellentiamNel
487 2249 579 2284 aliter,
593 2249 756 2276 secundum
766 2248 938 2283 Gregorium
947 2248 978 2281 ¹2,

210 2295 292 2329 quod
310 2305 323 2320 «
335 2296 509 2331 Prophetam
523 2303 553 2322 se
568 2295 701 2330 negavit,
717 2294 788 2330 quia
808 2302 868 2322 non
883 2294 979 2322 solum

209 2342 323 2375 poterat
341 2342 568 2377 Redemptor-em
585 2341 761 2377 praedicare,
781 2340 889 2368 scilicet
905 2341 979 2368 futu-

209 2393 286 2420 rum,
302 2387 354 2414 sed
369 2387 456 2415 etiam
472 2388 683 2416 demonstrare.
698 2397 712 2414 »
725 2389 758 2415 Et
771 2387 839 2414 ideo
855 2387 977 2414 dicitur:

245 2447 249 2460 ¹
273 2446 414 2477 Chrysost„
431 2447 474 2470 ubi
490 2454 555 2478 sup.‚
572 2454 597 2470 11.
614 2448 637 2470 2.
655 2460 686 2465 -
705 2448 714 2463 ²
734 2447 764 2470 IV
785 2447 851 2477 Req..
867 2453 889 2473 1,
908 2448 931 2470 8.
949 2460 980 2464 —

211 2481 221 2498 ⁸
234 2481 336 2512 Malae„
354 2487 395 2511 iv,
411 2484 434 2505 5.
450 2495 480 2499 —
494 2483 503 2498 δ
518 2482 619 2510 Manli„
637 2488 678 2513 xi,
695 2484 731 2506 14.
751 2495 781 2500 —
798 2483 808 2498 ⁵
824 2482 897 2511 ibid„
913 2487 979 2510 xvu,

211 2518 250 2540 12.
264 2529 294 2533 —
309 2517 318 2530 ⁶
331 2518 405 2546 Aug„
422 2518 446 2540 z'n
461 2518 542 2546 loon„
562 2519 634 2540 tract.
658 2523 693 2548 lv,
713 2524 739 2541 11.
755 2519 783 2547 ὅ,
805 2519 827 2541 6.
846 2531 877 2535 -
892 2517 899 2531 ⁷
912 2518 980 2545 Lucu,

211 2557 230 2582 1,
248 2553 324 2576 17.—
341 2551 352 2568 ⁸
366 2552 450 2582 Greg.‚
467 2553 492 2575 iu
506 2553 610 2582 many„
627 2552 696 2576 hom.
713 2558 758 2582 vn,
772 2560 797 2576 0,
813 2555 835 2577 1.
846 2565 876 2570 —
890 2554 899 2567 ⁹
913 2553 979 2582 Luc„

211 2593 231 2617 1,
244 2588 283 2611 76.
301 2599 327 2604 —
344 2587 365 2604 ¹⁰
378 2587 519 2618 Chrysost.,
534 2587 576 2610 11111
591 2594 647 2617 sup.
661 2600 692 2605 -—-
708 2588 728 2604 ¹¹
745 2588 829 2617 Deut„
847 2594 925 2618 xvm,
942 2589 979 2612 15.

211 2634 242 2640 -—
257 2622 274 2637 ¹²
290 2623 377 2653 Greg,
392 2622 436 2646 11111
449 2629 517 2652 sup.‚
532 2629 558 2645 n.
574 2624 596 2646 2.
611 2635 640 2640 —
658 2622 676 2638 ¹³
691 2623 764 2654 ibid„
778 2624 849 2648 hom.
865 2630 900 2653 vi,
915 2630 940 2647 n.
957 2625 981 2647 5.

720 193 933 225 EVANGELll
957 191 1095 224 SANCTI
1117 191 1279 224 JOANNIS

1032 268 1046 284 ι(
1060 257 1219 294 Plusquam
1231 259 1384 295 propheta.
1402 269 1416 285 η
1430 261 1516 287 prout
1532 258 1572 286 ait
1582 258 1738 303 Gregorius
1752 258 1774 277 ¹⁸
1789 266 1796 286 ε

1031 315 1043 329 «
1052 304 1212 339 Prophetae,
1221 305 1325 341 inquit,
1334 306 1527 333 ministerium
1541 307 1583 332 est
1594 306 1717 332 ventura
1728 311 1800 339 prm·

1029 350 1136 384 dicere,
1143 358 1203 378 non
1211 351 1422 379 demonstrare.
1430 353 1556 379 loannes
1563 358 1632 385 ergo
1638 350 1799 386 plusquam
1823 359 1918 384 Prophe-

1812 389 1920 446 131111

1027 443 1269 477 prophetaverat,
1289 443 1472 471 ostendendo
1491 444 1684 471 monstrabat.
1703 453 1717 469 »
1735 444 1798 470 Hoeo
1813 452 1877 471 cuer.

1027 397 1172 432 propheta
1195 400 1251 431 est,
1273 398 1344 433 quia
1368 406 1451 431 eum,
1477 406 1566 433 quem
1591 396 1798 432 praecurrendo

1029 488 1088 516 ille.
1108 489 1187 516 Unde
1207 491 1293 523 nota,
1316 489 1399 524 quod
1420 490 1563 522 Propheta
1581 489 1686 517 dicitur
1701 488 1799 516 multi-

1028 534 1141 570 pliciter
1156 544 1163 569 ;
1180 535 1228 562 vel
1249 543 1266 562 a
1285 535 1471 571 praedicendo
1495 536 1607 570 sutura,
1632 538 1663 564 ut
1688 535 1800 564 dictum

1029 583 1091 608 est:
1108 581 1187 609 unde
1206 582 1384 616 Augustinus
1400 582 1419 598 ¹⁸
1435 591 1442 609 ε
1460 592 1473 607 «
1489 582 1632 617 Propheta
1649 583 1691 610 est
1707 582 1799 610 homo

1029 627 1105 654 ultra
1113 627 1258 655 humanas
1267 628 1450 662 conjecturas
1460 628 1557 655 sutura
1567 627 1773 663 proenuntians.
1783 637 1797 654 11

1030 673 1080 701 Vel
1096 673 1201 701 dicitur
1216 674 1360 709 Propheta
1374 682 1391 701 a
1403 673 1560 709 prodendo
1575 673 1705 707 oeculta3
1721 673 1801 702 unde

1030 719 1185 755 Gregorius
1202 722 1222 738 ¹⁵
1238 729 1264 747 :«
1279 721 1422 756 Propheta
1438 720 1555 753 dicitur,
1570 728 1631 747 non
1646 720 1716 756 quia.
1730 727 1802 756 prae·

1031 765 1100 793 dicit
1114 766 1225 799 sutura,
1241 766 1294 794 sed
1308 766 1379 802 quia
1394 767 1493 802 prodit
1507 766 1630 794 occulta.
1647 776 1659 792 »
1676 768 1746 794 ltem
1760 766 1802 794 di-

1031 813 1104 839 citur
1118 812 1261 847 Propheta
1277 821 1293 840 a
1315 813 1522 847 cognoscendo
1542 813 1706 848 incognita;
1723 812 1802 840 unde

1031 858 1210 893 Augustinus
1227 859 1257 893 ¹⁶,
1276 859 1328 887 ubi
1350 859 1480 895 loquitur
1502 859 1539 886 de
1560 859 1803 894 prophetantibus

1031 904 1061 932 in
1075 912 1154 932 nova
1172 905 1254 940 lege,
1273 905 1347 933 sicut
1367 905 1404 933 de
1425 905 1512 933 beata
1527 906 1612 932 Matre
1628 905 1760 939 Domini,
1775 907 1803 933 et

1030 950 1068 978 de
1083 951 1252 986 parentibus
1267 951 1346 979 beati
1367 951 1487 979 Joannis
1504 960 1510 978 ι
1533 961 1546 977 ι(
1561 951 1614 984 Qui
1634 951 1802 986 (loannes),

1031 996 1144 1032 inquit,
1166 998 1297 1032 juvenis,
1317 998 1456 1032 juvenem
1482 997 1626 1025 Christum
1653 1004 1714 1024 non
1738 997 1803 1032 qui·

1032 1043 1101 1070 dem
1123 1043 1254 1071 futurum
1273 1044 1425 1079 praedixit,
1444 1043 1496 1071 sed
1511 1046 1608 1070 tamen
1622 1042 1803 1078 incognitum

1031 1090 1202 1125 prophetica
1228 1090 1394 1125 cognitione
1419 1089 1601 1117 monstravit.
1626 1099 1638 1115 »
1660 1090 1722 1116 Haec
1742 1089 1801 1118 ille.

1031 1136 1111 1163 Unde
1127 1138 1154 1163 et
1168 1136 1187 1153 ¹⁷
1201 1136 1232 1163 in
1245 1139 1346 1164 ventre
1361 1136 1517 1170 exultavit,
1531 1135 1703 1163 adveniente
1718 1135 1804 1164 beata

1032 1183 1118 1210 Matre
1135 1182 1265 1216 Domini,
1282 1186 1308 1210 et
1323 1183 1363 1210 sic
1380 1183 1457 1210 facto
1472 1182 1645 1218 prophetico
1660 1182 1804 1209 Christum

1031 1229 1168 1256 ostendit.
1192 1229 1320 1262 Qualiter
1341 1231 1440 1256 autem
1465 1229 1620 1264 prophetia
1648 1229 1685 1256 de
1712 1229 1804 1257 tribus

1032 1275 1230 1310 temporibus,
1245 1275 1399 1310 praeterito,
1414 1276 1560 1311 praesenti,
1577 1278 1604 1302 et
1617 1275 1726 1309 futuro,
1738 1277 1804 1303 Gre-

1032 1322 1132 1357 gorius
1152 1322 1226 1349 bene
1240 1322 1266 1349 ¹⁸.

1067 1370 1100 1396 Et
1114 1370 1192 1403 patet
1205 1376 1240 1395 ex
1257 1368 1341 1396 dictis
1360 1368 1509 1396 humilitas
1523 1368 1602 1396 beati
1623 1368 1803 1396 ,1080111510-
1832 1375 1924 1410 10101111ἶ

1817 1407 1923 1458 ῗὲεξὶἳξ

1032 1461 1193 1489 humilitate
1207 1462 1397 1497 prosequitur
1411 1462 1567 1496 Gregorius
1583 1466 1613 1496 ¹⁹,
1629 1464 1657 1489 et
1670 1461 1804 1496 Augusti·
1820 1468 1923 1495 Baptistae

1031 1415 1230 1449 aestimabilis,
1252 1417 1279 1442 et
1300 1415 1406 1443 veritas
1432 1415 1637 1443 inenarrabilis
1656 1425 1662 1443 :
1684 1415 1720 1442 de
1744 1423 1804 1451 qua

1032 1515 1088 1534 nus
1101 1509 1123 1524 ²⁰
1139 1516 1145 1534 :
1165 1517 1178 1533 «
1194 1508 1268 1534 Nihil
1282 1508 1423 1535 humilius
1441 1508 1495 1535 isto
1511 1515 1647 1543 praecone
1662 1517 1670 1541 3
1687 1507 1803 1535 nullum

1033 1555 1144 1581 tantum
1159 1554 1296 1581 meritum
1315 1555 1440 1581 Joannes
1460 1554 1579 1586 habuit,
1592 1561 1683 1589 quam
1697 1553 1734 1581 de
1749 1554 1804 1582 ista

1032 1600 1195 1627 humilitate
1211 1609 1218 1626 :
1235 1600 1286 1635 qui
1302 1608 1369 1627 cum
1382 1602 1481 1635 posset
1494 1600 1595 1627 fallere
1613 1600 1763 1634 homines,
1777 1602 1804 1628 et

1032 1646 1128 1681 putari
1148 1645 1276 1673 Christus
1304 1647 1312 1681 (
1328 1648 1415 1673 tantze
1438 1646 1516 1673 enim
1536 1646 1635 1681 gratiae
1658 1648 1803 1682 tantaeque

1033 1692 1210 1720 excellentiae
1229 1692 1280 1719 suit
1295 1692 1302 1726 ¹,
1316 1713 1325 1726 ,
1341 1692 1490 1719 confessus
1509 1694 1551 1719 est
1570 1694 1669 1719 tamen
1689 1694 1803 1728 aperte,

1033 1741 1061 1766 et
1080 1738 1153 1766 dixit
1174 1740 1256 1766 :Non
1278 1746 1336 1765 sum
1355 1747 1400 1773 eqo
1419 1740 1551 1766 Christus.
1573 1749 1586 1764 11
1609 1740 1671 1766 Haec
1693 1738 1751 1766 ille.
1771 1740 1804 1766 Et

1034 1785 1104 1820 quia
1125 1785 1165 1811 sic
1187 1793 1218 1812 se
1239 1785 1426 1817 humiliavit,
1453 1785 1556 1812 merito
1581 1784 1710 1812 Christus
1734 1793 1803 1812 eum

1033 1830 1186 1858 laudando
1202 1830 1339 1858 exaltavit
1351 1831 1371 1848 ²¹
1389 1840 1396 1858 ;
1412 1832 1485 1858 Inter
1502 1833 1577 1857 natos
1591 1832 1733 1858 mulierum
1751 1839 1804 1858 non

1033 1879 1151 1904 surrexit
1172 1878 1258 1911 major
1277 1879 1378 1905 Joamze
1392 1878 1529 1912 Baptista.
1545 1877 1609 1904 Tria
1629 1877 1723 1911 enim,
1739 1885 1805 1912 quae

1033 1923 1168 1950 homines
1181 1923 1330 1958 ambiunt,
1343 1932 1409 1959 quae
1423 1923 1596 1958 contempsit
1605 1922 1709 1950 beatus
1721 1924 1805 1951 loan-

1033 1977 1084 1996 nes
1099 1972 1126 1997 et
1140 1969 1289 1997 abdicavit
1309 1978 1326 1997 a
1341 1978 1386 2004 se,
1407 1969 1516 1997 scilicet
1531 1969 1740 1997 sublimitatem
1755 1978 1805 1997 ex-

1035 2015 1195 2050 cellentiae,
1216 2015 1337 2051 quando
1361 2016 1480 2050 negavit
1503 2024 1532 2043 se
1557 2024 1618 2043 esse
1641 2015 1802 2050 Christum;

1033 2063 1255 2090 aestimationem
1274 2062 1486 2095 sanctimoniae,
1503 2062 1625 2097 quando
1645 2061 1763 2096 negavit
1774 2069 1805 2089 se

1035 2117 1096 2136 esse
1126 2109 1217 2136 Eliam
1232 2118 1240 2142 ς
1268 2108 1440 2144 opinionem
1474 2108 1628 2142 incognitae
1659 2108 1803 2142 scientiae,

1035 2155 1156 2191 quando
1180 2154 1300 2189 negavit
1323 2162 1354 2181 se
1378 2161 1439 2181 esse
1463 2154 1647 2189 Prophetam.
1672 2153 1752 2180 Unde
1777 2155 1806 2180 et

1035 2201 1182 2236 signanter
1213 2200 1436 2235 interrogationi
1468 2199 1652 2235 opinantium
1679 2207 1710 2226 se
1742 2207 1804 2227 8558

1034 2248 1188 2282 Christum,
1201 2246 1352 2282 respondit
1366 2246 1455 2281 plena
1465 2246 1596 2273 oratione
1609 2246 1684 2273 :Non
1693 2253 1751 2272 sum
1759 2253 1804 2279 eqo

1037 2294 1168 2328 Christus5
1177 2292 1398 2327 interrogationi
1405 2292 1590 2327 opinantium
1596 2299 1625 2319 se
1635 2299 1695 2319 esse
1702 2291 1803 2325 Eliam,

1035 2340 1198 2375 semiplena
1208 2338 1361 2374 respondit
1369 2338 1500 2366 oratione
1511 2339 1588 2366 :Non
1598 2346 1657 2365 sum
1663 2347 1672 2372 ;
1682 2338 1805 2365 interro—

1035 2417 1065 2421 —
1081 2405 1098 2420 ¹⁴
1113 2405 1187 2433 Aug„
1199 2404 1262 2426 cont.
1277 2402 1375 2432 Faust„
1388 2402 1432 2425 lib.
1446 2402 1512 2432 xvi,
1525 2408 1547 2425 c.
1562 2401 1707 2425 Χ1’111.--15
1720 2402 1804 2431 Greg,

1037 2440 1061 2462 in
1076 2439 1174 2469 Ezech„
1193 2438 1236 2462 1111,
1255 2438 1278 2467 t,
1298 2438 1368 2461 110111.
1386 2444 1406 2467 1,
1422 2444 1447 2460 11.
1465 2440 1486 2461 1.
1504 2449 1534 2454 --
1555 2437 1576 2453 ¹⁶
1596 2438 1669 2467 Aug„
1686 2436 1715 2459 de
1730 2436 1804 2460 civit.

1039 2475 1153 2503 Det‚11b.
1175 2475 1251 2503 XVll,
1267 2481 1290 2497 c.
1308 2479 1377 2497 xxiv.
1390 2485 1419 2490 —
1437 2472 1456 2488 ¹⁷
1472 2473 1542 2502 Luc„
1554 2478 1571 2501 1,
1588 2474 1624 2495 41.
1641 2485 1670 2488 -
1686 2472 1705 2487 ¹³
1718 2472 1804 2503 Greg„

1036 2510 1079 2534 ubi
1093 2517 1148 2540 sup.
1165 2517 1279 2541 prox.——
1295 2509 1374 2539 μ”1(1.,
1390 2509 1415 2532 in
1434 2509 1537 2538 Evtmy„
1553 2507 1621 2531 hom.
1639 2513 1685 2538 vn,
1697 2514 1722 2530 n.
1740 2510 1763 2531 1.
1775 2521 1806 2526 -

1035 2545 1056 2561 ²⁰
1071 2547 1144 2575 Aug„
1160 2546 1185 2568 in
1199 2548 1281 2573 Ioum,
1298 2546 1371 2568 tract.
1386 2549 1421 2573 ιν,
1437 2550 1464 2566 n.
1480 2544 1503 2566 6.
1521 2556 1546 2559 -
1563 2543 1580 2558 ²¹
1600 2542 1699 2572 Mamm,
1714 2548 1749 2573 xi,
1766 2545 1804 2567 11.

1070 2588 1103 2629 (a)
1119 2588 1207 2618 Suppl.
1221 2587 1272 2611 ille.
1289 2588 1317 2611 ln
1332 2588 1404 2611 textu
1418 2591 1500 2616 graeco
1514 2585 1620 2615 tegitur:
1639 2584 1669 2608 ‘0
1684 2586 1805 2617 πρηφήιης

1038 2632 1058 2648 ει
1073 2632 1118 2652 ow,
