1987 3032
258 222 279 244 11

252 279 400 310 cathedra
435 280 625 319 praecesserit
653 280 702 311 Fr.
732 280 886 311 Thomam
912 281 1110 320 Dochingum
1142 282 1284 321 Anglum
1315 282 1520 322 Minoritam‚
1546 285 1602 324 qui
1640 294 1723 317 anno
1761 289 1841 318 1270

253 336 376 367 claruit.
412 336 542 376 Insuper
579 337 710 368 Pisanus
739 338 792 368 lib.
810 338 832 368 1.
862 338 1018 376 Conform.
1040 340 1073 376 8,
1097 342 1175 379 part.
1207 343 1241 377 Ξ,
1268 340 1319 370 fol.
1337 342 1391 378 81,
1420 342 1479 372 col.
1496 345 1530 380 1,
1547 343 1736 374 vetustiores
1756 343 1841 374 cele-

253 394 435 433 briorcsque
459 393 631 434 Scriptores
657 396 690 425 0.
712 395 753 426 M.
777 404 988 433 enumeranS,
1014 395 1140 426 laudato
1165 395 1216 426 Fr.
1243 397 1423 428 Alexander
1444 398 1481 429 de
1505 399 1592 437 Ales,
1617 402 1648 430 et
1669 399 1719 430 Fr.
1735 402 1842 431 sancto

253 449 475 481 Bonaventura
498 452 536 481 de
561 451 786 491 Balneoregio,
811 454 996 492 priusquam
1024 456 1183 483 recenseat
1206 454 1256 484 Fr.
1281 454 1432 486 Jowmem
1457 457 1651 488 Guarmnem
1673 458 1842 496 Attalicum

253 507 443 546 Maoz'strmn
461 508 545 540 Scott’
555 533 564 546 ,
579 513 608 540 et
624 511 676 540 Fr.
697 510 899 541 Gm'lt‘elmum
913 510 950 541 de
965 510 996 541 la
1011 511 1139 548 Marra,
1156 511 1323 550 subjungit
1340 522 1346 541 :
1368 523 1382 540 ι(
1398 511 1447 542 Fr.
1469 512 1605 543 Joannes
1628 513 1792 544 Gualensis
1804 514 1842 545 de

252 564 370 602 Anglia
383 588 390 601 ‚
408 565 518 596 Doctor
542 565 744 604 parisiensis,
761 567 815 606 qui
840 567 980 598 I'arisius
1001 568 1104 598 Arbor
1126 568 1199 598 vitae
1221 568 1423 606 inscribitur,
1442 570 1618 609 composuit
1637 570 1743 610 plures
1764 571 1841 602 Pos-

253 620 351 658 tinas,
374 624 404 652 ct
428 623 604 661 specialiter
628 632 723 662 super
737 623 978 664 Apocalypsim,
996 634 1031 655 ac
1047 625 1214 656 Summam
1238 626 1484 665 pulcherrimam
1505 636 1579 657 eum
1596 629 1634 658 18
1647 627 1842 658 Tractatibus

252 678 289 708 de
304 679 436 709 diversis
451 680 603 720 exemplis
627 680 866 720 pulcherrimis,
881 684 912 712 et
930 683 1169 713 auctoritatibus
1190 682 1453 722 Philosophorum
1468 707 1476 721 ‚
1495 685 1526 713 et
1547 685 1730 714 sanctorum
1753 692 1839 714 com-

254 735 428 773 probatam.
444 747 458 764 11
476 737 612 768 Joannes
628 738 782 769 Genesius
797 738 907 778 Quaya
925 739 962 770 de
977 739 1091 770 Parma
1107 740 1232 771 Ordinis
1247 740 1407 771 Minorum
1423 741 1453 770 in
1469 750 1528 771 suo
1547 741 1628 771 libro
1651 741 1689 772 de
1707 740 1840 772 civitate

254 791 392 831 Christi,
407 794 521 834 scripto
537 798 648 834 postet
663 796 744 827 circa
758 806 879 827 annum
896 799 988 835 1312,
1003 797 1118 836 allegat
1135 800 1254 837 partem
1272 798 1311 828 111
1328 797 1525 837 Breviloquiz·
1549 798 1682 830 Joannis
1698 798 1841 830 Galensis

252 847 290 879 de
319 854 454 888 quatuor
481 852 654 884 virtutibus
681 854 897 892 antiquorum.
930 853 964 883 In
993 854 1102 885 Codice
1129 854 1287 885 Victorino
1305 856 1378 891 762,
1400 854 1482 894 apud
1506 854 1686 885 Eehardum
1707 857 1785 885 tom.
1809 857 1838 885 1.

252 905 447 944 Scriptorum
464 908 597 940 Ordinis
613 909 782 941 Proedz'cat.
800 919 875 949 pag.
890 911 948 941 381
961 935 968 947 ‚
986 911 1067 942 inter
1082 913 1198 942 multos
1224 912 1301 942 alios
1322 912 1468 950 insignes
1491 911 1730 942 Concionatores
1753 911 1842 942 Pari-

252 962 370 992 sienses
394 964 431 993 ad
458 967 761 1004 111111051281,1282
776 969 805 997 et
821 969 916 1004 1283,
935 976 975 999 eoe
998 968 1117 1000 Ordine
1140 969 1304 1000 Minorum
1329 970 1510 999 recensetur
1530 969 1583 999 Fr.
1608 969 1746 1000 Ioannes
1765 968 1841 1000 Gal-

252 1019 349 1050 lensz's
373 1020 490 1060 Reqens
513 1023 548 1053 τη
576 1023 751 1063 Tlieoloqz‘a,
778 1024 863 1055 ldem
887 1025 1067 1065 Echardus,
1093 1036 1168 1066 pag.
1202 1029 1275 1065 744,
1303 1026 1353 1056 cit.
1378 1026 1477 1063 tomi,
1502 1025 1636 1065 loquens
1660 1025 1698 1056 de
1726 1025 1843 1057 Thoma

253 1075 417 1114 Hyberrw,
440 1087 497 1108 nec
520 1079 724 1111 Dominicano
741 1105 748 1113 .
772 1091 830 1112 nec
857 1082 1086 1122 Franciscano,
1110 1084 1293 1120 adseverat,
1310 1083 1350 1112 ab
1365 1091 1402 1113 eo
1424 1082 1616 1122 completum
1640 1082 1736 1113 fuisse
1759 1090 1843 1112 anno

253 1134 330 1162 1306
345 1133 547 1172 Maniliutum
562 1136 711 1175 Florum,
729 1148 824 1178 quem
846 1140 1000 1171 Joannem
1020 1140 1185 1172 Gualensis
1206 1144 1307 1171 morie
1327 1142 1510 1180 praeventus
1527 1139 1747 1179 imperfectum
1769 1138 1843 1168 reli-

251 1193 374 1228 querat.
409 1191 443 1221 ln
469 1194 634 1232 propatulo
673 1196 774 1234 igitur
811 1200 858 1227 est
885 1199 975 1228 illum
1005 1200 1057 1230 Fr.
1083 1200 1238 1231 Joannem
1266 1198 1468 1234 walensem,
1493 1197 1547 1236 qui
1572 1196 1742 1227 Possevino
1764 1197 1843 1225 testo

251 1255 335 1277 311110
363 1250 441 1279 «1346
457 1273 464 1287 ,
482 1251 605 1290 scripsit
618 1253 780 1284 Lecturam
802 1256 838 1285 in
853 1255 947 1287 libros
964 1256 1216 1293 Sententiarum,
1238 1258 1265 1286 et
1282 1254 1397 1286 librum
1413 1253 1546 1284 alterum
1559 1253 1820 1291 Disputationum
1832 1274 1841 1289 ,

251 1313 412 1344 quemque
434 1306 629 1347 Waddingus
650 1309 785 1341 Londini
809 1311 973 1343 docentem
998 1314 1120 1344 invenit
1143 1314 1177 1343 in
1202 1312 1337 1351 Regesto
1360 1311 1528 1349 Vaticano,
1544 1313 1640 1350 atque
1657 1310 1842 1341 auctoritate

252 1360 414 1392 Pontificia
437 1373 521 1395 anno
537 1367 615 1396 1368
629 1376 648 1396 3
663 1366 714 1397 Fr.
732 1367 891 1399 Bernardo
916 1369 954 1399 de
974 1369 1192 1400 Guasconibus
1215 1369 1362 1399 ministro
1379 1368 1503 1399 Tusciae
1527 1368 1708 1399 doctoratus
1732 1366 1842 1397 laurea

251 1417 403 1449 donatum
417 1443 426 1457 ‚
452 1421 715 1461 distinguendum
731 1433 800 1456 esse
814 1425 854 1456 ab
868 1425 930 1457 alio
944 1426 1191 1466 supralaudato.
