1987 3032
213 242 271 270 534
720 236 987 268 COLLATJONES
1010 236 1297 268 PRAEDICABILES

213 313 340 341 quorum
355 305 483 340 primum
499 307 541 332 est
555 305 687 331 omnium
701 304 850 331 bonorum
864 303 893 330 in
909 302 979 331 Filio

213 353 261 379 Dei
282 351 514 378 inexhaustibilis
535 350 709 385 copiositas,
732 349 793 377 sive
815 349 979 382 affluentia,

213 398 253 425 ibi
271 407 277 425 z
292 399 329 425 De
337 399 521 433 plenz'ludlne5
534 396 696 424 secuudum
710 398 752 423 est
759 395 933 423 defectibilis
945 396 980 430 (a)

213 445 343 472 humana
366 444 546 479 indigentia,
573 443 613 469 ibi
637 452 643 469 z
665 443 820 477 Accepimus
840 442 981 478 (acceptio

214 490 292 518 enim
303 491 345 518 rei
359 498 418 517 non
436 489 517 525 prius
532 489 664 523 tiabita›);
688 488 804 516 tertium
827 491 869 515 est
889 488 982 515 dono-

214 545 280 564 rum
295 536 392 564 multis
405 535 653 563 communicantia
664 535 804 570 (acceptio
820 534 897 561 enim
913 534 983 561 dicit

214 583 255 610 rei
278 583 359 618 prius
384 590 443 609 non
466 581 573 609 habitae
592 582 783 617 captionem),
805 580 866 608 ibi:
890 581 984 607 Omnes

215 631 376 664 accepim1133
398 631 502 665 quarto
522 631 565 656 est
585 629 733 656 donorum
753 628 985 656 communicato-

214 684 281 704 rum
293 676 549 712 supereminentia,
567 675 607 703 ihi
625 684 630 702 :
648 676 770 703 Gratiam
784 683 833 709 pro
847 676 946 709 qratia.

251 723 294 750 Ait
311 730 382 757 ergo
399 731 404 749 :
426 723 462 749 De
478 722 659 757 plenitudine.
680 721 808 755 Qualiter
827 723 923 748 autem
943 722 986 748 Je-

216 778 265 797 sus
279 769 405 797 Christus
419 776 480 796 non
494 769 590 795 solum
604 767 657 795 fuit
669 768 773 804 plenus
787 768 881 802 gratia
896 769 923 794 ct
939 775 986 794 ve-

216 816 313 849 ritate,
329 815 382 842 sed
402 814 455 842 fuit
475 814 539 850 ipsa
560 814 730 850 plenitudo,
752 816 783 841 ut
804 814 986 849 praemissum

217 863 268 895 est,
284 862 508 896 Chrysostomus
522 860 530 876 ¹
547 861 604 895 hic,
617 862 647 887 ut
663 860 773 888 dictum
788 862 829 888 est
849 860 879 887 in
899 867 986 895 expo-

217 909 322 936 sitione
337 908 436 935 littcroe
454 917 460 935 :
479 910 539 943 lpse
559 908 637 935 enim
652 906 662 922 ²
684 917 697 933 «
711 915 798 935 omne
820 907 934 934 bonum
949 915 955 933 :
971 916 984 932 i>

217 955 342 988 bonum,
357 955 490 990 inquam,
506 962 566 982 non
578 962 631 989 per
642 953 904 989 participationem,
916 952 989 980 sicut

218 1001 293 1036 fons,
311 1003 338 1028 et
351 1001 425 1028 sicut
437 1000 562 1036 pelagus
581 1001 728 1027 infinitum
745 999 989 1035 supereffundens

219 1049 335 1077 divitias
360 1057 426 1076 suas
438 1070 446 1083 ,
479 1049 518 1076 ait
547 1049 786 1084 Chrysostomus‚
810 1047 862 1074 ubi
889 1055 987 1083 supra.

219 1098 229 1114 ³
240 1107 252 1122 (ι
268 1099 298 1124 ln
312 1097 376 1132 ipso
393 1096 571 1131 complacuit
583 1095 745 1123 inhabitare
761 1102 881 1122 omnem
896 1094 990 1129 pleni-

221 1143 362 1170 tudinem.
378 1154 390 1167 »
409 1143 471 1170 Fuit
490 1143 567 1169 cnim
588 1142 617 1169 iu
637 1150 672 1169 co
686 1141 840 1177 plenitudo
855 1141 991 1176 omnipo-

223 1190 324 1224 tentiae,
341 1190 412 1225 quia
426 1189 486 1224 ipse
502 1191 511 1206 ⁵
528 1189 618 1216 virtus
633 1190 809 1224 supportans
824 1187 935 1215 omnia.
953 1189 990 1214 lte

221 1245 281 1272 qua
301 1232 503 1271 plenitudine⁵
520 1244 526 1262 z
553 1245 566 1260 «
583 1234 734 1262 Plenitudo
760 1234 840 1268 cjuS,
863 1233 933 1269 quia
958 1234 990 1268 (Ιι)

222 1283 321 1310 omnia
337 1282 366 1309 in
387 1282 526 1309 omnibus
543 1281 692 1316 adimplet.
710 1292 722 1305 n
746 1282 815 1308 item
836 1280 888 1307 fuit
907 1280 937 1307 in
957 1288 992 1307 co

221 1329 374 1366 plenitudo
399 1329 494 1356 omnis
517 1328 644 1356 veritatis
666 1331 693 1355 ct
714 1327 862 1363 sapienti-az
877 1328 910 1354 ¹³:
934 1338 947 1351 «
962 1328 992 1354 ln

222 1377 286 1412 ipso
303 1385 404 1404 omncs
419 1376 546 1404 thesauri
561 1374 710 1411 sapic-mim
725 1376 752 1402 et
771 1374 911 1408 scientiae;
929 1383 942 1399 n
967 1376 994 1400 ct

223 1423 354 1458 sequitur
370 1432 376 1450 :
397 1432 410 1447 «
425 1424 454 1450 ln
470 1422 533 1457 ipso
548 1422 660 1449 habitat
672 1421 768 1449 omnis
782 1420 936 1456 plenitudo
953 1419 995 1446 di-

223 1470 360 1497 vinitatis.
381 1479 393 1495 »
419 1471 489 1497 ltcm
508 1468 536 1495 in
560 1477 595 1496 eo
617 1468 670 1495 fuit
687 1468 840 1503 plenitudo
861 1467 994 1494 omnium

224 1516 431 1544 charismatum
450 1518 476 1543 et
500 1515 599 1550 gratiae
612 1516 622 1532 ⁷
648 1525 654 1542 z
684 1524 696 1540 ‹<
716 1514 887 1549 Requiescet
908 1521 996 1548 super

225 1571 294 1590 eum
308 1562 425 1597 spiritus
438 1561 568 1595 Domini3
581 1572 594 1586 n
612 1563 639 1588 et
654 1561 802 1595 sequitur:
822 1570 835 1585 «
847 1559 996 1594 Etimplc-

226 1610 268 1638 bit
289 1618 356 1637 euin
376 1609 494 1644 spiritus
515 1608 627 1636 timoris
644 1606 996 1642 Domini.»⁸«Numquid

227 1657 407 1691 conjungere
423 1655 535 1682 valebis
551 1655 691 1682 micantes
703 1654 800 1680 stellas
815 1652 947 1680 Pleiadas
957 1653 970 1679 ἱ)
982 1662 994 1677 »

227 1703 312 1737 Quod
327 1702 448 1737 exponit
458 1700 628 1735 Gregorius⁰
638 1700 675 1727 de
687 1702 796 1735 septem
809 1698 958 1734 spiritibus
968 1698 997 1725 in

227 1750 350 1783 Christo,
366 1750 452 1777 bene.
468 1749 525 1775 Sed
544 1748 574 1775 in
595 1747 681 1775 nohis
700 1746 834 1773 omnium
853 1746 999 1773 dictorum

229 1796 403 1824 deficientia.
422 1805 434 1821 «
447 1795 521 1822 Nihil
537 1794 616 1821 enim
626 1793 715 1821 habet
728 1793 819 1820 homo
833 1792 997 1828 proprium,

229 1843 284 1870 nisi
298 1844 452 1878 peccatum
467 1843 494 1868 et
508 1840 723 1873 mendacium,»
737 1839 775 1867 ait
785 1838 999 1874 Augustinusw.

230 1890 248 1905 ¹¹
267 1889 368 1923 «Quid
382 1889 473 1916 habes
490 1889 571 1923 quod
587 1896 647 1915 non
669 1887 827 1923 accepisti?
841 1898 854 1913 »
879 1889 910 1914 Et
932 1886 1000 1913 ideo

231 1936 268 1963 ab
285 1944 319 1963 eo
335 1935 502 1971 accepimus
515 1935 624 1962 omnia.
641 1934 707 1961 Sine
722 1934 786 1969 ipso
802 1933 883 1960 nulla
896 1934 1002 1960 natura

232 1982 377 2016 subsistit,
402 1981 484 2008 nulla
509 1981 642 2008 doctrina
663 1980 792 2013 instruit,
815 1979 914 2006 nullus
934 1986 1003 2006 usus

233 2028 360 2064 expedit.
380 2027 552 2063 Accepimus
571 2035 640 2061 ergo
663 2034 765 2054 omnes
779 2026 817 2053 ab
833 2034 868 2052 co
885 2034 891 2052 z
913 2025 1002 2052 virtu-

234 2077 293 2103 tem
307 2076 345 2103 ab
364 2075 583 2102 subsistendum
603 2076 629 2100 et
651 2072 836 2108 operandum
851 2071 871 2087 ¹²
888 2080 894 2098 ε
908 2081 919 2096 <⁴
935 2072 1001 2099 Om-

234 2122 283 2149 nia
307 2122 385 2149 enim
407 2129 528 2156 possum
551 2121 581 2147 in
605 2129 640 2148 eo
663 2120 713 2155 qui
739 2127 785 2146 me
810 2118 962 2146 confortat
988 2128 1001 2143 ν)

234 2171 303 2196 item
318 2168 484 2203 accepimus
502 2168 540 2194 ab
556 2175 590 2194 eo
613 2167 777 2194 doctrinam
797 2165 945 2201 sapientire
967 2164 1005 2191 ad

237 2215 476 2250 cognoscendum
488 2216 508 2231 ¹³³
520 2223 546 2241 2«
556 2214 609 2247 Qui
625 2213 865 2249 appropinquant
879 2211 1006 2247 pedibus

236 2262 309 2296 ejus,
324 2262 467 2297 accipient
481 2261 518 2288 dc
535 2260 669 2288 doctrina
684 2260 756 2295 ejus.
772 2269 784 2284 υ
806 2262 875 2287 ltem
896 2257 1006 2293 accepi-

237 2316 302 2335 mus
317 2308 354 2335 ab
370 2316 405 2335 co
420 2307 499 2335 dona
515 2307 674 2342 gratiarum
689 2308 717 2333 et
730 2305 871 2333 virtutum
882 2305 921 2332 ad
931 2305 1006 2332 recte

238 2357 265 2381 et
275 2354 349 2381 bene
363 2354 523 2381 vivendum
535 2363 542 2380 :
558 2354 619 2389 ipse
637 2353 716 2380 enim
728 2352 807 2388 apud
819 2353 962 2379 loannem
976 2351 1008 2385 (c)

240 2401 278 2428 ait
290 2400 308 2417 ¹4
320 2410 346 2427 :u
362 2401 486 2436 Accipite
500 2400 638 2435 Spiritum
653 2401 795 2426 sanetum.
810 2408 822 2423 »
841 2398 897 2425 Sed
918 2406 1007 2432 quani

236 2465 238 2469 ⁷
273 2473 279 2488 ¹
298 2472 438 2502 Chrys-ost„
459 2472 483 2495 in
505 2472 585 2499 deam,
606 2472 676 2494 hum.
698 2475 753 2499 xiv,
773 2469 805 2493 al.
829 2475 870 2499 xv,
890 2475 916 2492 n.
940 2471 957 2492 l.
979 2481 1010 2485 —

240 2510 250 2524 ’Ξ
269 2508 473 2536 Exorl.‚„xxx1=1,
491 2509 528 2530 ¹2¹.
543 2520 571 2523 —
586 2507 594 2520 ³
611 2507 695 2530 colom
709 2523 715 2535 ‚
731 2512 753 2535 1,4
768 2508 801 2529 1⁴).
819 2519 844 2522 —
864 2506 871 2518 ’ἱ
889 2505 972 2532 lle-lan,
993 2510 1010 2533 ι,

242 2545 265 2567 3.
281 2557 311 2560 -
328 2543 337 2559 ⁶
355 2542 455 2573 Eplws,
474 2549 494 2571 1,
513 2544 550 2565 :23-
567 2555 596 2558 —
613 2544 621 2555 ⁴¹
636 2542 739 2570 δαῖος»,
755 2547 786 2570 11,
801 2542 828 2570 33,
844 2542 866 2563 9.
884 2554 909 2557 -
926 2540 936 2556 ⁷
952 2540 1010 2569 Ista,

242 2585 284 2608 xx,
305 2580 328 2602 2.
351 2591 379 2595 —-
402 2577 412 2593 ⁸
438 2577 496 2605 Job,
519 2583 633 2607 xxxvui,
657 2579 694 2600 31.
720 2590 744 2593 —-
768 2578 776 2590 ²⁸
799 2578 884 2605 dream,
908 2574 1010 2604 Mural„

242 2614 286 2638 lib.
300 2614 490 2642 xxix,c.xv1,
504 2612 535 2635 al.
549 2619 619 2641 xxxi,
632 2612 788 2636 n.“14.—-¹'’
803 2614 857 2641 Aug
870 2611 1010 2639 ‚1‘71Jua11.,

245 2651 316 2673 tract.
333 2655 358 2679 v,
372 2655 398 2672 n.
416 2651 438 2672 1.
453 2661 477 2664 -
497 2648 511 2663 '¹
531 2648 535 2670 1
552 2647 620 2674 Cor.v
637 2653 671 2676 iv,
686 2649 708 2670 7.
721 2661 749 2664 -—
767 2648 784 2662 '2‘
800 2646 904 2676 Philip..
921 2651 955 2674 iv,
974 2647 1007 2667 tw.

245 2700 273 2704 —
290 2684 306 2700 ³³
323 2685 404 2712 Dent„
420 2689 514 2713 xxx'ill,
529 2686 550 2704 32,
567 2696 596 2699 —
613 2683 629 2697 ¹·
645 2684 724 2709 dmm,
740 2689 781 2705 xx.
800 2684 835 2704 .:.
850 2694 877 2697 —
895 2682 913 2696 ¹⁵
925 2680 1008 2707 Zmin,

1037 303 1165 339 pretiosa
1186 303 1266 330 dona
1289 305 1472 340 accepimus,
1496 304 1656 332 subditur:
1682 305 1807 332 Gratiam

1036 357 1084 383 pro
1097 350 1189 383 qratia
1202 358 1208 376 t
1225 357 1285 376 non
1300 350 1395 378 solum
1411 358 1515 378 aurum
1531 353 1558 378 ct
1572 352 1742 386 argentum,
1752 359 1807 379 nec

1038 395 1117 423 hona
1140 396 1318 427 transitoria,
1343 404 1408 431 quae
1434 404 1495 424 non
1518 397 1628 425 faciunt
1652 397 1808 425 hominem

1038 442 1169 476 bonum;
1184 442 1237 469 sed
1251 442 1391 477 gratiam,
1408 443 1496 477 gratis
1516 443 1616 471 datam
1637 443 1764 478 scilicet,
1781 445 1810 472 et

1040 489 1155 523 gratum
1169 488 1322 516 facientem
1334 489 1501 524 accepimus
1511 489 1551 517 ad
1561 492 1636 518 recte
1647 489 1808 517 vivendum

1039 534 1069 561 in
1085 534 1122 568 (d)
1137 534 1286 569 praesenti,
1302 536 1328 562 et
1346 535 1470 569 gratiam
1484 534 1604 563 finalem
1623 537 1651 564 et
1671 543 1810 564 eonsum-

1040 580 1180 607 mativam
1195 580 1234 607 ad
1248 580 1323 608 bene
1338 580 1499 608 vivendum
1513 581 1544 608 in
1558 581 1655 616 gloria
1665 582 1687 599 '⁸
1697 591 1723 610 :a
1733 583 1810 610 Exae·

1041 626 1144 662 quabit
1159 627 1237 653 enim
1253 626 1377 661 gratiam
1392 627 1500 661 gratim.
1517 637 1530 653 n
1554 628 1586 654 Et
1601 627 1622 645 ¹⁸
1639 636 1671 655 ,α
1685 627 1811 656 Gratiam

1041 673 1119 700 enim
1130 673 1290 707 ctgloriam
1306 673 1389 700 dabit
1404 673 1552 700 Dominus.
1568 683 1581 699 »
1600 675 1632 700 Et
1648 672 1668 690 ¹¹¹
1679 682 1706 701 2«
1720 675 1812 702 omne

1042 719 1120 746 enim
1133 719 1235 747 datum
1249 720 1410 756 optimum,
1427 721 1455 747 et
1471 727 1559 748 omne
1576 719 1690 748 donum
1703 719 1813 756 perseo-

1042 767 1104 792 tum
1119 765 1274 793 desursum
1291 768 1340 794 est.
1355 776 1369 792 ι)
1385 768 1417 794 Et
1427 767 1447 783 ¹⁸
1463 776 1469 793 ε
1482 776 1495 792 κ
1509 767 1572 802 Ipse
1586 774 1715 802 namque
1731 765 1815 794 dabit

1043 812 1176 848 spiritum
1192 812 1304 840 bonum
1319 813 1485 848 petentibus
1498 820 1538 840 se.
1555 822 1569 838 ν)
1585 812 1734 848 Arguendi
1748 814 1816 840 sunt

1044 866 1124 893 ergo,
1141 859 1192 894 qui
1207 866 1268 886 non
1283 859 1459 887 exhauriunt
1470 859 1550 887 dona
1563 859 1600 887 de
1615 859 1680 895 ipsa
1690 858 1815 895 plenitu-

1045 904 1123 931 dine.

1246 970 1357 996 collatio
1377 971 1506 1005 septima,
1526 977 1550 1004 ι,
1569 970 1614 997 23.

1082 1046 1136 1079 Ερο
1149 1053 1200 1072 voa:
1214 1047 1356 1073 clamantis
1370 1047 1399 1072 in
1414 1046 1515 1073 deserto
1527 1055 1534 1072 :
1553 1047 1669 1080 Dirigite
1682 1046 1755 1072 viam
1769 1046 1818 1072 Do-

1048 1094 1125 1119 mini.
1142 1094 1171 1119 ln
1185 1092 1229 1120 his
1242 1092 1340 1120 verbis
1355 1094 1482 1128 quatuor
1492 1092 1657 1127 figurantur
1669 1090 1818 1127 :primum

1047 1140 1089 1166 est
1110 1138 1186 1166 beati
1207 1139 1326 1166 Joannis
1348 1138 1538 1174 praecursoris
1561 1137 1676 1165 Domini
1701 1137 1740 1164 ad
1769 1137 1818 1164 Dei

1047 1186 1187 1219 Verbum,
1200 1185 1251 1221 qui
1266 1187 1308 1212 est
1323 1185 1410 1212 Filius
1426 1185 1485 1219 Dei,
1500 1183 1736 1220 praedicandum,
1751 1185 1820 1219 apta

1048 1232 1206 1265 idoneitaS,
1227 1231 1291 1258 ibi.-
1320 1232 1391 1266 Vox,
1415 1229 1577 1258 secundum
1601 1231 1643 1257 est
1657 1229 1719 1264 ejus
1733 1228 1820 1256 Verbi

1050 1286 1138 1314 quem
1154 1277 1294 1314 praedicat
1307 1277 1482 1312 potestativa
1496 1276 1673 1310 virtuositas,
1684 1275 1744 1302 ibi:
1761 1275 1821 1303 Cla-

1049 1326 1167 1356 mantis;
1193 1324 1309 1351 tertium
1333 1322 1549 1359 praedicationis
1576 1323 1745 1358 opportuna
1769 1328 1822 1349 ne-

1050 1370 1178 1404 cessitas,
1193 1370 1235 1398 ibi
1247 1379 1253 1397 ε
1270 1371 1300 1397 1η
1313 1370 1428 1402 desertoe
1442 1370 1581 1405 quartum
1593 1369 1635 1396 est
1649 1368 1741 1404 ipsius
1750 1375 1822 1404 prae-

1050 1416 1205 1444 dicationis
1218 1417 1338 1450 veritas,
1355 1415 1396 1443 ibi
1414 1425 1420 1442 :
1440 1417 1558 1450 Diriqz'te
1569 1416 1643 1442 viam
1660 1415 1778 1442 Domini.

1086 1463 1130 1491 Ait
1153 1471 1222 1498 crgo
1240 1471 1246 1490 z
1266 1463 1335 1490 Voae.
1358 1463 1391 1489 Ut
1411 1462 1491 1489 enim
1513 1460 1554 1488 ait
1577 1460 1755 1496 Augustinus
1770 1460 1792 1477 ¹⁰
1813 1469 1821 1488 ι

1053 1520 1067 1535 «
1083 1511 1145 1537 Vox
1169 1511 1272 1542 sonat,
1296 1510 1327 1535 ut
1352 1508 1442 1543 possit
1465 1508 1595 1535 Verbum
1619 1507 1726 1535 audiri.
1749 1517 1762 1533 n
1792 1509 1825 1535 Et

1052 1556 1131 1583 idcm
1145 1555 1301 1590 Gregorius
1317 1554 1337 1570 ²⁰
1347 1554 1404 1580 hic.
1417 1556 1448 1581 Et
1457 1553 1525 1581 ideo
1534 1555 1662 1580 Joannes
1671 1561 1742 1587 vox,
1754 1552 1825 1589 quia

1052 1610 1105 1638 per
1120 1602 1184 1636 ejus
1199 1600 1393 1628 ministerium
1408 1600 1498 1627 Patris
1509 1599 1636 1626 Verbum
1651 1599 1689 1626 ab
1700 1599 1825 1626 homini-

1053 1649 1108 1675 hus
1129 1647 1256 1674 auditur.
1276 1647 1338 1674 Vox
1358 1646 1437 1673 enim
1459 1647 1501 1672 est
1516 1645 1598 1672 verbi
1612 1645 1758 1672 interioris
1772 1652 1825 1672 ex-

1053 1693 1191 1729 plicativa
1203 1693 1262 1720 sive
1283 1692 1463 1726 aunuatim,
1482 1693 1509 1718 et
1528 1691 1661 1726 ejusdcm
1680 1690 1720 1718 ad
1741 1698 1826 1718 aures

1055 1740 1181 1767 aliorum
1196 1738 1337 1773 delativa,
1356 1740 1384 1766 et
1399 1737 1573 1766 eorumdem
1590 1736 1629 1764 ad
1643 1736 1827 1764 audiendum

1055 1786 1220 1820 excitativa,
1232 1788 1259 1813 et
1273 1785 1364 1821 ipsius
1378 1784 1461 1812 verbi
1478 1784 1508 1811 in
1522 1785 1634 1811 mentes
1643 1782 1827 1811 audientium

1055 1833 1238 1861 transt'usiva.
1257 1834 1288 1860 Ut
1302 1832 1381 1859 enim
1393 1831 1433 1858 ait
1447 1830 1624 1865 Augustinus
1645 1836 1726 1864 super
1743 1829 1827 1856 Joan-

1055 1888 1113 1906 nem
1124 1879 1141 1897 ²¹
1157 1889 1188 1906 :«
1205 1878 1341 1912 Verbum,
1358 1877 1440 1913 quod
1453 1879 1495 1904 est
1509 1875 1591 1911 apud
1604 1878 1642 1910 te,
1657 1877 1690 1902 ut
1703 1876 1830 1902 transeat

1057 1926 1094 1954 ad
1109 1934 1173 1960 me,
1187 1933 1294 1953 sonum
1309 1924 1392 1960 quasi
1413 1923 1582 1951 vehiculum
1603 1921 1718 1957 quaerit.
1742 1922 1829 1948 Assu-

1056 1973 1109 2000 mit
1132 1980 1202 2006 crgo
1227 1979 1344 2005 sonum,
1368 1970 1448 1997 venit
1467 1969 1507 1996 ad
1530 1976 1594 2003 me,
1613 1975 1668 1995 nee
1686 1967 1797 1995 recedit
1811 1975 1829 1995 a

1058 2021 1093 2046 te.
1110 2029 1122 2043 »
1148 2020 1209 2046 llaec
1231 2017 1290 2044 ille.
1314 2016 1371 2044 Sed
1390 2018 1418 2043 Β.
1434 2017 1560 2043 Joannes
1573 2013 1764 2050 praedicando
1779 2021 1829 2040 so-

1058 2065 1121 2092 nuit
1131 2064 1273 2091 Christum
1283 2061 1492 2099 praecedcndo,
1508 2063 1536 2088 et
1550 2060 1697 2096 adipsum
1707 2058 1830 2087 audien-

1059 2111 1131 2138 dum
1141 2111 1214 2138 alios
1225 2110 1370 2143 excitavit,
1383 2110 1409 2136 et
1419 2109 1458 2136 ad
1474 2107 1566 2136 corda
1580 2115 1685 2135 eorum
1699 2105 1830 2134 intromi-

1059 2158 1095 2185 sit
1114 2156 1348 2184 ministerialiter.
1373 2155 1442 2183 ldeo
1467 2155 1606 2182 Maximus
1614 2174 1623 2188 ‚
1643 2153 1674 2180 in
1695 2159 1831 2180 sermone

1060 2205 1092 2232 cle
1108 2205 1260 2232 Natz'vt'tate
1273 2204 1384 2230 Ioannis
1398 2211 1405 2228 :
1425 2210 1438 2227 «
1451 2201 1528 2228 Sicut
1542 2207 1638 2227 sermo
1658 2199 1738 2227 vocis
1757 2205 1831 2234 quo-

1061 2252 1131 2278 dam
1154 2249 1245 2278 modo
1266 2248 1427 2276 ministerio
1448 2248 1475 2274 ct
1495 2246 1633 2274 vehiculo
1656 2245 1696 2273 ad
1709 2245 1833 2272 audIen-

1062 2299 1120 2324 tem
1133 2295 1342 2329 transmittitur,
1357 2294 1397 2322 ita
1410 2295 1536 2322 Joannes
1556 2292 1702 2320 Christum
1724 2298 1833 2319 sonans

1062 2347 1093 2371 ut
1113 2343 1198 2370 Verbi
1217 2341 1348 2369 minister
1366 2342 1393 2368 et
1407 2341 1530 2376 portitor
1549 2339 1612 2366 fuit.
1627 2349 1640 2365 ι)
1661 2339 1680 2355 ²¹
1694 2339 1756 2365 Vox
1775 2337 1833 2365 cla-

1064 2390 1168 2418 mantis
1193 2390 1223 2416 in
1245 2388 1397 2421 deserto,»
1421 2387 1494 2414 sicut
1517 2386 1574 2413 hic.
1599 2387 1629 2413 ln
1652 2384 1766 2413 Psalmo
1781 2383 1802 2400 ²³
1824 2391 1831 2409 z

1066 2462 1098 2485 iv,
1112 2457 1135 2478 ἶ.
1146 2468 1175 2472 -
1192 2455 1209 2468 .‹;
1225 2453 1412 2482 1¹sal.1.xxxus‚
1428 2454 1464 2476 12.
1476 2465 1505 2468 —
1517 2451 1534 2467 ¹⁷
1547 2451 1610 2478 lata,
1623 2456 1642 2476 1.
1653 2450 1723 2472 17.-
1735 2447 1756 2464 ¹⁸
1767 2446 1833 2476 Luc.‚

1065 2496 1103 2520 xl,
1124 2492 1159 2513 13.
1176 2503 1207 2507 -—
1229 2490 1246 2505 ¹⁹
1262 2490 1336 2519 Aug„
1351 2494 1428 2511 serm.
1446 2491 1608 2514 cccxxxviii,
1622 2484 1653 2508 al.
1668 2489 1746 2512 nin,
1766 2489 1792 2506 n.
1809 2484 1832 2505 J».

1068 2539 1092 2542 —
1109 2526 1129 2540 ²⁰
1146 2526 1232 2555 Greg„
1247 2525 1271 2547 in
1288 2524 1392 2554 Ευιιηφ,
1407 2523 1477 2546 hom.
1492 2528 1541 2550 vu,
1556 2527 1582 2544 n.
1598 2522 1621 2543 2.
1636 2532 1665 2536 -—
1682 2519 1700 2533 ²¹
1717 2520 1790 2548 Aug..
1807 2518 1833 2541 in

1064 2562 1145 2590 domu,
1163 2562 1233 2584 tract.
1250 2565 1348 2589 xxxvii,
1362 2565 1389 2582 n.
1405 2560 1426 2582 4.
1443 2571 1468 2574 -—
1486 2558 1506 2573 ²2
1521 2557 1579 2586 isa„
1598 2561 1639 2585 AL,
1652 2556 1674 2578 3.
1689 2567 1719 2571 -
1732 2554 1752 2570 ²³
1764 2552 1835 2577 Psnl.

1066 2603 1147 2626 Lxffl,
1164 2598 1202 2620 34.

1099 2639 1130 2668 (sse
1143 2637 1270 2667 Fla-teleq.
1282 2635 1498 2660 indefectibilis.—
1506 2633 1539 2664 (ὁ)
1556 2632 1618 2663 Vuly
1636 2631 1722 2662 qui.—
1729 2631 1761 2661 (c)
1771 2630 1830 2654 Coet.

1065 2676 1124 2698 mla.
1144 2674 1211 2697 cuitu
1232 2674 1354 2697 joannes.
1371 2684 1400 2688 —
1419 2671 1453 2700 (cl)
1470 2670 1530 2694 Coet.
1546 2669 1606 2693 edit.
1623 2669 1688 2692 deest
1705 2668 1740 2692 in.
