1987 3032
68 652 157 672 consor-

72 682 137 702 mites

53 714 70 733 E
74 719 113 732 van
117 719 143 738 ge
147 723 156 727 -

54 743 152 764 listmum

76 877 158 902 Quinta

58 908 148 934 quaestio

64 939 91 958 de
101 938 150 958 doc-

76 969 139 988 trinae

56 1001 157 1025 Evange-

55 1030 101 1050 licae
111 1036 160 1050 auc-

54 1061 145 1081 toribus.

845 205 1080 237 PROOEMIUM.

168 277 278 304 Pascha
288 276 444 310 integrum,
454 275 484 301 in
496 281 557 309 quo
567 274 683 301 nonnisi
695 274 750 300 tria
761 273 821 300 fere
831 271 933 300 Christi

169 322 320 355 miracula,
337 320 434 348 scribit
451 329 457 347 :
477 328 531 347 nec
544 321 664 355 propter
677 320 734 346 hoc
755 319 863 345 debent
877 317 934 344 dici

170 367 325 402 Evangelia
339 365 528 393 dissonantia.
541 365 621 391 Unde
632 365 708 392 Beda
719 366 727 382 ¹
741 374 747 391 :
767 374 780 390 «
795 365 867 391 Cum
879 363 935 390 sint

170 415 296 449 quatuor
316 411 515 445 Evangelistae,
531 419 592 438 non
612 413 671 438 tam
694 411 821 446 quatuor
843 410 935 436 Evan-

171 459 257 493 gelia,
268 466 357 493 quam
370 465 463 484 unum
476 458 601 492 quatuor
615 457 769 486 librorum,
782 463 843 483 non
854 457 934 482 aetate

171 511 351 537 consonum,
371 503 534 530 ediderunt.
557 503 633 530 Sicut
652 502 729 529 enim
754 502 813 529 duo
834 509 936 528 versus

171 549 306 577 eamdem
326 557 446 584 prorsus
464 549 605 575 habentes
632 548 795 581 materiam,
819 555 873 583 pro
891 546 935 573 di-

170 595 303 622 versitate
326 595 410 622 metri
436 596 462 621 et
488 595 649 621 verborum
673 594 732 621 duo
756 595 831 627 sunt,
849 595 876 620 et
896 594 937 619 ta-

170 648 239 668 men
260 648 320 668 uon
336 641 391 667 nisi
411 648 501 667 unam
523 640 670 667 continent
687 640 858 666 sententiam
866 648 874 673 3
897 639 937 665 sic

171 686 419 720 Evangelistarum
440 686 508 713 libri
528 694 595 713 cum
616 686 672 713 sint
694 688 829 721 quatuor,
845 693 937 712 unum

171 732 321 759 continent
341 732 542 766 Evangelium,
565 732 635 767 quia
658 739 749 758 unam
774 731 937 758 doctrinam

170 777 279 805 faciunt
294 778 330 805 de
345 778 403 805 fide
419 778 570 805 catholica.
587 788 601 804 »
618 779 680 805 Haec
695 778 753 805 ille.
770 779 802 805 Et
814 785 867 812 per
881 777 938 804 hoc

170 825 250 859 patet
262 824 414 859 responsio
429 824 468 851 ad
483 824 607 858 objecta.

207 869 311 902 Quinto
332 869 481 905 quaeritur,
497 877 535 896 an
550 869 682 896 doctrina
702 869 871 904 evangelica
887 868 939 895 de-

172 915 235 942 buit
246 915 321 942 tradi
337 915 374 942 ab
389 915 456 949 illis,
473 923 490 942 a
505 915 612 951 quibus
627 917 668 942 est
682 915 796 942 tradita.
813 916 844 942 Et
856 915 939 942 vide-

173 962 219 988 tur
231 961 313 996 quod
326 969 387 988 non
406 970 411 988 :
428 970 464 989 ex
479 969 538 997 quo
559 962 638 989 enim
651 961 768 988 fuerunt
782 961 940 996 Evangelia

173 1007 278 1042 scripta
293 1016 310 1034 a
324 1007 475 1043 discipulis
486 1008 548 1034 Filii
562 1008 620 1041 Dei,
635 1008 708 1034 sicut
722 1007 862 1034 membris
877 1008 940 1042 ejus

174 1053 237 1088 ipso
252 1053 388 1087 dictante,
404 1055 435 1080 ut
448 1053 544 1080 visum
564 1056 619 1087 est3
642 1061 711 1088 ergo
726 1054 819 1088 magis
834 1053 941 1081 debue-

172 1100 239 1125 runt
253 1099 341 1126 scribi
361 1099 399 1126 ab
415 1099 480 1131 illis,
498 1099 549 1134 qui
569 1099 687 1126 fuerunt
702 1107 769 1126 cum
785 1099 895 1127 Christo
911 1099 941 1126 in

172 1151 273 1178 carne;
298 1152 358 1171 non
380 1152 450 1179 ergo
474 1153 491 1172 a
513 1145 600 1172 beato
624 1146 715 1178 Luca,
735 1145 783 1172 vel
810 1153 828 1172 a
853 1145 940 1173 beato

171 1191 275 1217 Marco.
292 1191 361 1217 Item
380 1190 517 1225 quaeritur
533 1190 569 1217 de
589 1190 692 1217 ordine
716 1199 722 1217 z
745 1191 827 1226 quod
847 1193 938 1218 Evan-

173 1236 283 1271 gelium
302 1236 380 1263 enim
395 1236 514 1263 Joannis
531 1236 631 1263 debuit
644 1237 848 1271 praeordinari,
861 1237 942 1264 vide-

172 1283 228 1315 tur,
244 1290 279 1309 eo
298 1282 380 1317 quod
398 1283 499 1309 tractat
518 1282 554 1308 de
578 1281 727 1309 divinitate
749 1282 811 1309 Filii
832 1282 894 1316 Dei;
916 1285 943 1310 et

174 1327 281 1354 deinde
294 1327 485 1362 Evangelium
498 1327 629 1361 Matthaei,
646 1327 697 1362 qui
708 1326 762 1355 suit
776 1328 942 1362 Apostolus,

174 1376 201 1400 et
225 1381 290 1400 cum
316 1373 426 1401 Christo
450 1373 479 1399 in
501 1380 598 1400 carne.
619 1374 689 1400 Item
710 1374 858 1408 quaerimr,
875 1382 942 1401 cum

173 1419 319 1446 Matthaeus
342 1419 476 1446 habuerit
501 1418 623 1446 beatum
647 1420 775 1446 Marcum
802 1422 943 1455 tanquam

174 1465 217 1491 sui
236 1465 384 1499 Evangelii
405 1464 614 1498 breviatorem,
630 1472 720 1499 quare
735 1465 837 1492 beatus
854 1468 943 1493 Lucas

173 1518 234 1538 non
253 1511 388 1537 habuerit
402 1510 585 1537 consimilem
599 1510 804 1538 breviatorem.
821 1511 865 1538 Ad
883 1512 943 1547 pri-

173 1565 256 1584 mum
278 1556 519 1592 respondendum
547 1559 588 1583 est
615 1557 777 1584 secundum
807 1558 943 1592 Chrysos-

174 1605 297 1636 tomum,
309 1603 359 1638 qui
371 1602 411 1630 ait
419 1604 429 1618 ⁹
445 1602 550 1637 quod«
562 1602 621 1629 (1110
630 1610 665 1630 ex
676 1603 837 1638 discipulis,
847 1606 874 1631 et
883 1605 942 1632 duo

174 1657 210 1676 ex
229 1648 372 1684 Apostolis
393 1649 570 1684 scripserunt
589 1650 760 1683 Evangelia,
780 1650 849 1685 quia
870 1651 943 1678 nihil

174 1695 213 1723 ad
226 1695 347 1723 honoris
360 1703 491 1722 amorem
505 1694 660 1729 faciebant,
673 1696 725 1722 sed
739 1696 778 1722 ad
789 1696 942 1724 utilitatem

174 1741 285 1769 omnia.
307 1751 321 1766 ι)
346 1741 414 1768 1(100
434 1749 605 1768 concessum
628 1741 682 1768 fuit
702 1741 851 1777 discipulis
874 1743 942 1770 seri-

174 1787 244 1815 bere
260 1795 326 1814 cum
342 1787 482 1822 apostolis
496 1795 502 1813 t
518 1788 545 1813 et
558 1786 679 1821 aequalis
690 1787 867 1815 auctoritatis
877 1791 944 1816 sunt

175 1832 331 1866 Evangelia
354 1832 460 1866 scripta
480 1840 497 1859 a
515 1832 675 1867 discipulis,
691 1833 764 1860 sicut
784 1834 889 1869 scripta
904 1835 942 1862 ab

175 1878 324 1912 apostolis,
339 1879 371 1904 ut
389 1878 428 1904 ait
441 1877 616 1912 Augustinus
627 1879 647 1911 ³,
663 1886 716 1905 nec
731 1879 875 1914 imparem
891 1881 942 1908 ha-

175 1923 244 1951 bent
256 1924 465 1951 auctoritatem.
484 1924 615 1956 Quorum
629 1924 851 1959 discipulorum,
867 1934 942 1954 unus

177 1972 236 1997 erat
263 1969 354 2002 Pauli,
370 1969 445 1996 alius
470 1971 530 1996 erat
556 1969 641 2002 Petri,
661 1973 692 1997 ut
713 1971 753 1998 ait
770 1971 940 2007 Chrysosto-

175 2023 240 2042 mus
250 2014 268 2042 ².
285 2017 354 2042 Item
372 2015 428 2042 hoc
449 2015 503 2042 fuit
521 2015 629 2042 sactum
644 2016 683 2042 ad
705 2016 940 2053 significandum,

175 2061 258 2096 quod
278 2069 338 2088 non
358 2061 454 2088 solum
474 2061 602 2095 majores
624 2062 772 2090 debebant
785 2064 877 2091 fidem
891 2073 942 2092 an-

174 2107 318 2140 nuntiare,
336 2109 363 2134 ct
385 2107 510 2141 gloriam
530 2107 578 2134 Dei
599 2108 770 2142 praedicare,
785 2110 837 2136 sed
855 2111 942 2138 etiam

174 2153 312 2181 minores.
340 2153 408 2181 Ideo
431 2161 601 2181 concessum
625 2154 678 2181 suit
702 2155 853 2191 discipulis
875 2159 942 2185 scri-

174 2199 244 2227 bere
267 2200 421 2233 EvangeIIa
443 2207 511 2226 cum
536 2200 684 2234 apostolis.
708 2202 752 2228 Ad
775 2202 857 2229 aliud
885 2211 943 2231 res-

174 2245 286 2280 pondet
299 2245 564 2280 Augustinus⁵sicz
580 2246 680 2273 «Alius
696 2247 748 2274 fuit
760 2247 800 2274 cis
816 2249 851 2283 (a)
867 2250 941 2277 ordo

175 2291 373 2325 cognoscendi
401 2293 488 2326 atque
516 2292 710 2327 praedicandi,
742 2294 815 2321 alius
843 2298 942 2324 autem

175 2337 331 2364 scribendi.
359 2337 402 2364 Ad
437 2337 676 2371 cognoscendum
708 2339 818 2375 quippe
854 2343 941 2377 atque

174 2383 398 2418 praedicandum
415 2383 502 2418 primi
521 2382 647 2417 suerunt,
662 2384 711 2418 qui
735 2386 824 2413 secuti
848 2388 943 2415 Domi-

176 2436 247 2456 num
269 2429 299 2456 in
318 2436 403 2456 carne
418 2430 589 2464 praesentem
609 2429 763 2458 docentem
778 2431 940 2469 audierant,

208 2514 216 2529 ¹
234 2514 303 2543 neu„
319 2514 344 2537 z'n
359 2514 447 2544 Marc„
461 2513 485 2537 in
498 2514 578 2544 princ.
588 2527 618 2531 -
631 2515 639 2528 ²
652 2514 791 2546 chrysost„
803 2518 828 2540 in
842 2519 942 2549 Mami„

178 2548 247 2572 hom.
264 2555 281 2579 1,
296 2556 322 2572 n.
334 2551 357 2571 2.
372 2562 403 2566 —
419 2550 429 2565 ³
444 2550 518 2580 Aug„
533 2551 596 2572 cont.
612 2550 708 2579 Faust„
722 2551 766 2575 lib.
784 2553 813 2582 ΙΙ,
828 2560 850 2576 c.
870 2560 896 2578 11.
912 2568 942 2572 —

179 2583 186 2596 ⁴
208 2583 348 2613 Chrysost.,
366 2584 390 2606 in
414 2584 512 2612 March„
530 2584 599 2608 hom.
624 2591 640 2614 1,
662 2592 688 2608 n.
708 2589 730 2609 2.
747 2599 775 2604 —-
795 2588 804 2603 ⁵
819 2590 892 2619 Aug„
913 2590 942 2613 tle

180 2617 250 2642 Cone.
273 2619 378 2649 Evcmq„
400 2619 444 2643 lib.
467 2620 490 2650 Ι,
507 2626 529 2644 c.
550 2625 583 2650 11,
602 2627 627 2645 u.
645 2622 669 2644 3.
689 2633 718 2639 —
738 2622 746 2635 ⁶
763 2622 838 2654 thid„
858 2631 880 2648 c.
902 2631 941 2655 111,

1700 208 1755 236 ⁶247

990 271 1200 306 facientemque
1218 273 1361 300 miracula
1378 272 1522 306 viderant,
1538 274 1625 307 atque
1641 280 1676 299 ex
1696 272 1758 306 ejus

990 325 1040 344 ore
1056 317 1094 344 ad
1109 318 1368 352 evangelizandum
1383 320 1450 345 sunt
1468 318 1557 345 missi.
1574 318 1629 345 Sed
1644 318 1673 344 in
1690 326 1759 344 con-

990 363 1145 390 scribendo
1161 364 1331 399 Evangelio,
1345 365 1427 399 quod
1439 364 1577 391 divinitus
1591 363 1758 391 ordinatum

991 416 1051 435 esse
1075 409 1255 436 credendum
1276 412 1327 444 est,
1344 418 1379 437 ex
1404 417 1528 437 numero
1552 417 1666 443 eorum,
1683 418 1760 444 quos

991 456 1056 481 ante
1074 455 1241 489 passionem
1263 457 1336 482 Deus
1352 456 1447 490 elegit,
1462 455 1591 490 primum
1609 455 1759 482 ultimum-

991 508 1048 535 que
1064 500 1162 527 locum
1178 502 1237 528 duo
1258 504 1410 529 tenuerunt
1426 511 1432 528 :
1454 502 1584 537 primum
1603 502 1759 535 Matthaeus,

990 546 1128 572 ultimum
1148 548 1289 579 Joannes3
1314 549 1344 573 ut
1363 547 1468 582 reliqui
1489 547 1560 581 duo,
1577 547 1627 582 qui
1652 556 1687 574 ex
1709 548 1761 575 illo

991 599 1115 619 numero
1130 600 1190 619 non
1211 595 1302 627 erant,
1318 593 1370 620 sed
1390 596 1487 620 tamen
1502 593 1646 620 Christum
1661 593 1690 620 in
1705 594 1762 620 illis

992 638 1163 673 loquentem
1178 639 1267 665 secuti
1288 641 1379 673 erant,
1396 641 1537 674 tanquam
1560 639 1614 666 filii
1633 641 1761 674 amplec-

993 683 1083 717 tendi,
1098 685 1185 719 atque
1200 692 1252 719 per
1271 685 1327 711 1100
1348 685 1379 711 111
1399 685 1466 712 1000
1486 685 1586 712 medio
1605 686 1760 720 constituti,

993 733 1117 766 utroque
1138 731 1176 758 ab
1198 731 1238 758 eis
1258 732 1347 759 latere
1366 732 1558 759 munirentur.
1578 744 1590 756 ι)
1614 734 1677 759 Haec
1703 733 1762 760 ille.

993 776 1037 803 Ad
1049 777 1130 803 aliud
1145 778 1303 812 respondet
1316 778 1492 812 Augustinus
1507 779 1517 794 θ
1531 787 1537 805 ;
1559 787 1571 803 «
1586 779 1670 811 Quod
1686 779 1764 806 enim

993 823 1139 850 Matthaeus
1151 823 1255 850 habuit
1264 824 1471 858 breviatorem,
1481 824 1554 851 forte
1567 832 1627 851 non
1641 824 1702 851 sine
1715 825 1766 851 ali-

995 876 1055 904 quo
1070 869 1207 904 mysterio
1226 869 1288 896 fuit.
1306 870 1354 896 Ille
1370 870 1448 897 enim
1471 870 1522 905 qui
1536 871 1648 904 regiam
1663 879 1763 906 perso-

994 923 1064 942 nam
1078 915 1178 943 Christi
1193 916 1373 943 narrandam
1388 918 1565 952 susceperat,
1582 917 1685 944 habuit
1702 919 1766 944 tan-

996 969 1086 996 quam
1099 962 1235 988 comitem
1247 962 1429 996 adjunctum,
1440 963 1490 998 qui
1501 971 1553 990 sua
1562 963 1683 997 vestigia
1696 971 1767 998 quo-

996 1007 1065 1034 dam
1076 1007 1167 1034 modo
1181 1010 1350 1043 sequeretur
1357 1018 1364 1042 ;
1379 1010 1468 1036 Lucas
1479 1011 1587 1043 autem,
1599 1010 1681 1043 cujus
1692 1009 1768 1037 circa

996 1053 1191 1080 sacerdotium
1213 1054 1315 1080 Christi
1335 1056 1395 1081 erat
1415 1055 1546 1088 intentio,
1562 1063 1623 1082 non
1640 1055 1743 1082 habuit
1760 1064 1766 1082 :

996 1099 1133 1126 sacerdos
1147 1099 1225 1126 enim
1240 1100 1274 1135 (b)
1286 1099 1316 1126 in
1332 1101 1435 1128 Sancta
1447 1102 1617 1128 Sanctorum
1632 1101 1712 1128 solus
1726 1101 1768 1128 in-

996 1145 1101 1171 trabat.
1115 1155 1127 1170 »
1146 1147 1178 1172 Et
1190 1145 1231 1172 ihi
1248 1145 1323 1173 bene
1339 1146 1373 1173 de
1388 1147 1454 1174 hoc.

1032 1192 1249 1225 Consequenter
1276 1194 1357 1219 sexto
1391 1192 1528 1227 quaeritur
1559 1192 1596 1219 de
1629 1192 1769 1228 qualitate

996 1236 1078 1263 modi
1090 1237 1177 1271 hujus
1192 1245 1280 1264 sacrae
1294 1238 1445 1271 doctrime,
1457 1246 1494 1265 an
1508 1238 1614 1266 debeat
1628 1247 1689 1265 esse
1704 1246 1769 1266 nar-

996 1284 1117 1311 rativus.
1133 1285 1164 1310 Et
1183 1284 1295 1311 videtur
1310 1285 1392 1319 quod
1412 1284 1519 1312 debeat
1537 1293 1597 1312 esse
1614 1285 1769 1313 ratiocina-

997 1329 1083 1363 tivus,
1097 1329 1168 1364 quia
1182 1330 1314 1357 doctrina
1329 1331 1499 1365 evangelica
1514 1331 1603 1358 estad
1617 1331 1769 1358 elidendas

996 1374 1130 1409 haereses,
1149 1377 1175 1402 et
1190 1376 1228 1402 ad
1244 1377 1463 1404 convincendos
1476 1377 1636 1404 haereticos.
1649 1378 1727 1404 Unde
1740 1379 1749 1394 ⁷
1762 1387 1767 1405 :

1001 1430 1014 1446 (ι
1029 1422 1122 1448 Parati
1136 1421 1175 1448 ad
1188 1421 1425 1449 satisfaciendum
1440 1423 1521 1450 omni
1533 1424 1663 1457 poscenti
1678 1424 1768 1451 ratio-

997 1475 1102 1494 nem.»
1131 1467 1188 1494 Sed
1214 1467 1348 1495 doctrina
1369 1468 1571 1496 ratiocinativa
1595 1469 1633 1496 ad
1655 1470 1708 1496 ista
1729 1472 1771 1497 051

997 1513 1092 1548 aptior
1110 1522 1116 1540 :
1135 1521 1204 1547 ergo
1221 1513 1308 1540 debet
1327 1522 1388 1541 esse
1404 1514 1478 1541 talis,
1497 1516 1565 1542 ltem
1582 1515 1621 1542 ait
1639 1517 1770 1550 Augusti-

997 1567 1052 1586 nus
1066 1560 1076 1575 8
1095 1568 1101 1586 :
1126 1568 1139 1584 «
1161 1559 1205 1586 Ad
1223 1560 1397 1587 discendum
1419 1561 1588 1596 proceditur
1602 1563 1770 1590 auctoritate

998 1607 1025 1632 et
1047 1605 1160 1632 ratione
1178 1615 1184 1632 ;
1205 1608 1336 1640 tempore
1357 1606 1522 1641 auctoritas,
1540 1615 1571 1634 re
1595 1608 1668 1634 ratio
1691 1608 1771 1643 prior

998 1653 1047 1678 est.
1067 1651 1228 1678 Auctoritas
1250 1651 1390 1686 imperitae
1414 1653 1593 1680 multitudini
1613 1654 1769 1688 salubrior,

997 1697 1070 1724 ratio
1087 1698 1216 1724 eruditis.
1235 1707 1248 1723 >³
1268 1699 1330 1725 llaec
1350 1698 1408 1725 ille.
1425 1699 1481 1726 Sed
1496 1699 1628 1726 doctrina
1643 1708 1769 1734 evange-

997 1743 1053 1770 lica
1076 1745 1118 1770 est
1147 1743 1187 1770 ad
1210 1744 1404 1771 eruditionem
1433 1745 1584 1779 omnium,
1607 1746 1769 1773 secundum

997 1789 1238 1824 Chrysostomum
1260 1790 1270 1805 ⁹
1297 1799 1304 1817 ι
1331 1798 1401 1825 ergo
1432 1791 1520 1818 debet
1548 1799 1608 1818 0550
1640 1794 1764 1827 utroque

997 1835 1098 1863 modo.
1115 1836 1159 1862 Ad
1179 1836 1369 1870 contrarium,
1385 1837 1517 1864 doctrina
1540 1839 1708 1872 evangelica
1727 1841 1768 1867 051

997 1882 1035 1909 ad
1049 1881 1248 1908 inducendam
1264 1882 1353 1909 tidem
1375 1882 1395 1899 ¹⁰
1411 1892 1436 1909 1«
1452 1885 1517 1910 Haec
1531 1885 1597 1910 sunt
1617 1885 1722 1919 scripta
1738 1888 1768 1913 ut

997 1927 1131 1955 credatis.
1143 1938 1156 1953 n
1175 1928 1229 1954 Sed
1241 1937 1247 1954 ;
1268 1938 1281 1953 «
1295 1929 1379 1955 Fides
1392 1936 1451 1955 non
1462 1929 1551 1957 habet
1563 1931 1708 1964 meritum,
1720 1932 1766 1959 cui

996 1974 1127 2001 humana
1146 1974 1220 2001 ratio
1244 1975 1354 2009 praebet
1381 1975 1630 2010 experimentum,
1645 1987 1659 2003 »
1686 1978 1724 2004 ait
1749 1978 1765 1995 ¹¹

996 2020 1159 2053 Gregorius
1183 2021 1257 2053 Ergo
1279 2028 1340 2047 non
1362 2021 1451 2048 dehet
1472 2030 1533 2049 esse
1554 2023 1765 2051 ratiocinativa.

996 2066 1081 2099 Quod
1094 2067 1135 2093 est
1150 2066 1373 2093 concedendum
1389 2067 1428 2094 ob
1443 2068 1626 2095 nobilitatem
1642 2071 1767 2097 auctoris

996 2119 1083 2138 sacrze
1098 2111 1236 2138 doctrinae
1251 2112 1435 2146 cvangelicae,
1450 2113 1496 2140 cui
1507 2114 1538 2141 iu
1553 2115 1691 2141 omuibus
1707 2124 1767 2143 cre-

996 2157 1145 2191 110οᾶ111ος
1161 2160 1188 2184 01
1207 2157 1246 2184 01)
1266 2157 1490 2185 indubitabilem
1510 2160 1660 2188 veritatem
1676 2162 1766 2196 ipsius

996 2204 1150 2231 doctrinae:
1177 2205 1205 2230 et
1226 2204 1264 2230 ob
1288 2204 1354 2230 finis
1376 2204 1555 2239 qualitatem,
1573 2214 1637 2241 quae
1661 2210 1702 2234 est
1723 2208 1766 2235 111-

997 2250 1094 2277 (1110110
1109 2250 1190 2283 fidei,
1205 2251 1237 2276 ut
1252 2250 1363 2277 dictum
1378 2252 1428 2283 est,
1446 2259 1511 2285 qua}
1525 2252 1599 2278 fides
1619 2253 1766 2282 inducitur

996 2296 1090 2323 libero
1104 2304 1222 2323 assensu
1237 2295 1389 2322 credentis,
1406 2296 1541 2324 Rationes
1556 2299 1653 2325 tamen
1668 2300 1766 2328 valent

996 2342 1035 2369 ad
1050 2342 1236 2369 nutriendam
1250 2342 1340 2368 fidem
1355 2343 1382 2368 et
1394 2343 1639 2378 confirmandam,
1655 2347 1681 2372 01
1696 2354 1765 2373 0011-

995 2387 1154 2415 fovendam
1179 2396 1185 2414 :
1211 2396 1313 2415 omnes
1337 2389 1434 2416 tamen
1458 2389 1529 2416 tales
1552 2391 1678 2418 rationes
1699 2395 1766 2420 sunt

997 2480 1021 2498 n.
1038 2476 1061 2497 G.
1077 2486 1105 2490 --
1123 2474 1130 2486 7
1151 2474 1157 2495 l
1175 2473 1250 2501 Pctr.,
1272 2478 1309 2501 111,
1328 2474 1404 2495 1ἔὶ.-
1422 2474 1429 2486 “
1444 2474 1518 2504 Aug„
1533 2475 1562 2498 de
1582 2476 1652 2505 Ord„
1671 2477 1714 2500 lib.
1735 2479 1764 2508 lt,

997 2516 1019 2532 c.
1037 2514 1071 2537 lx,
1086 2515 1110 2531 n.
1129 2508 1167 2531 26.
1182 2519 1212 2524 —
1227 2508 1235 2520 ²³
1253 2507 1392 2537 Chrysost„
1413 2509 1438 2531 in
1454 2510 1552 2538 Mattlz„
1569 2510 1639 2534 hom.
1659 2518 1674 2540 1,
1692 2520 1718 2535 n.
1741 2515 1762 2535 ῖς.

997 2557 1026 2562 .-
1043 2544 1061 2560 ιῠ
1073 2544 1152 2572 ,Ιυιημ1
1167 2549 1209 2572 xx,
1223 2545 1260 2566 tjl.
1272 2555 1302 2560 -—
1318 2543 1333 2558 ¹¹
1348 2544 1433 2573 Grog„¹
1450 2545 1475 2567 [ιι
1489 2546 1594 2576 Ευαηφ,
1609 2547 1677 2570 hom.
1692 2554 1763 2579 kmi,

999 2586 1024 2603 u.
1044 2581 1063 2602 1.

1030 2625 1062 2655 (ιι)
1079 2625 1139 2650 Cael.
1154 2624 1213 2648 edit.
1229 2623 1292 2654 ejus.
1305 2637 1334 2642 —
1352 2624 1384 2655 (b)
1399 2626 1459 2650 Item
1473 2628 1568 2651 autem.

1795 326 1854 346 Ordo

1773 357 1873 381 Effinge>

1773 387 1872 406 natarum

1804 1198 1869 1217 Sexta

1789 1227 1880 1253 quaestio

1784 1258 1810 1278 de
1821 1257 1889 1283 queli-

1784 1290 1827 1309 1010
1844 1295 1889 1308 mo-

1783 1320 1805 1339 di
1823 1320 1889 1345 hujus

1804 1356 1870 1370 sacrm

1785 1381 1888 1401 doctrinae

1783 1846 1887 1867 Doctrina

1788 1883 1841 1897 evan
1845 1884 1880 1903 ge-

1790 1908 1831 1927 Iica
1846 1910 1879 1928 est

1781 1939 1807 1957 nd
1825 1939 1887 1959 indu-

1788 1969 1880 1989 cendam

1796 2000 1868 2021 fldem.
