1987 3032
697 217 901 249 EXPOSITlo
924 218 964 248 ΙΝ
987 218 1071 250 CAP.
1094 219 1201 250 XVIII.
1706 232 1744 261 83

151 285 314 316 humilitas
328 284 446 324 duplex
461 286 507 315 est
521 285 613 315 nobis
632 285 808 316 necessaria
819 309 826 322 ‚
840 285 919 315 scili-

152 341 199 369 cet
226 337 367 368 veritatis
396 337 429 367 in
457 337 632 375 intellectu,
656 340 686 368 et
706 338 866 368 charitatis
886 339 919 368 in

152 391 276 427 affectu,
294 393 328 420 ut
343 390 528 420 excludatur
541 400 560 420 a
574 391 664 421 nobis
677 391 826 430 superbia
841 400 920 430 prae-

152 443 354 482 sumptionis,
381 444 412 473 et
433 443 632 481 ambitionis;
659 446 689 474 et
706 444 774 474 ideo
798 444 837 474 ad
859 444 920 474 hoc

152 495 379 526 insinuandum
394 496 462 526 11ωο
478 497 633 526 sententia
644 505 707 526 non
724 496 921 526 irrationabi-

151 548 222 578 liter
243 549 386 578 iteratur.

193 603 241 631 15.
266 602 451 641 Afferebant
465 607 571 633 autem
595 603 640 634 acl
652 603 744 633 illum
762 607 792 633 et
815 604 922 642 infan-

153 658 216 692 tes,
238 656 297 685 etc.
322 655 493 694 Postquam
515 657 662 695 exemplo
677 656 855 695 parabolico
870 656 919 686 in-

153 708 244 738 duxit
260 708 299 739 ad
313 708 529 739 humilitatem
548 710 579 740 in
601 710 754 747 oratione,
772 710 824 739 hic
845 718 920 740 con-

153 763 321 801 sequenter
335 762 480 801 exemplo
505 772 654 802 expresso
674 762 796 793 inducit
810 763 847 793 ad
864 763 923 793 hu-

153 814 317 845 militatem
334 815 368 844 in
382 816 638 853 conversatione,
655 817 685 846 et
700 815 760 845 hoc
779 816 923 854 exemplo

154 867 322 898 infantium
338 868 392 907 qui
414 868 534 899 Christo
553 868 681 899 fuerunt
697 868 792 899 oblati
815 871 845 899 et
868 878 922 899 ac-

154 920 236 959 cepti
250 921 289 950 ab
304 921 372 960 ipso
384 945 391 957 ,
408 921 440 951 in
463 922 557 960 signu
565 931 594 952 111
609 922 845 961 approbationis
860 922 921 952 hu-

156 973 306 1004 militatis.
329 973 365 1003 ln
389 974 487 1013 hujus
510 977 616 1005 autem
632 974 769 1013 exempli
784 974 923 1013 explica-

155 1026 256 1064 tione,
277 1026 420 1066 quinque
442 1027 688 1058 introducuntur
712 1027 750 1057 ab
773 1027 925 1066 Evange-

155 1078 241 1109 lista:
254 1079 407 1118 primum,
419 1080 534 1110 oblatio
544 1081 727 1120 importuna
735 1080 905 1110 infantium
915 1090 923 1119 3

156 1131 344 1168 secundum,
361 1132 494 1162 carnalis
512 1133 685 1173 increpatio
700 1133 902 1163 offerentium
916 1144 922 1171 3

155 1185 283 1214 tertium
300 1208 307 1220 ,
345 1185 487 1223 benigna
521 1187 677 1226 susceptio
713 1186 890 1217 oblatorum
917 1199 923 1223 ;

155 1239 323 1276 quartum,
350 1238 507 1277 judicialis
531 1239 714 1278 approbatio
738 1239 923 1276 humilium;

155 1290 316 1329 quintum,
334 1300 444 1321 severa
458 1292 638 1330 reprobatio
653 1290 873 1331 superborum.

199 1342 303 1373 Primo
338 1344 451 1382 igitiur
483 1347 639 1384 quantum
678 1345 716 1375 ad
759 1345 927 1376 infantium

155 1396 347 1427 oblationem
358 1421 365 1434 ,
381 1397 455 1428 dicit
470 1406 477 1427 ε
504 1398 687 1436 Afferebant
701 1402 808 1428 autem
829 1399 874 1428 ad
888 1399 925 1428 il-

158 1449 225 1479 lum
253 1453 282 1479 et
305 1450 456 1488 z'nfanles,
480 1454 515 1480 ut
536 1460 586 1480 eos
614 1454 766 1490 tanqeret.
796 1451 924 1481 Glossa:

160 1513 174 1530 a
191 1501 264 1532 Post
283 1495 398 1532 dictam
416 1504 663 1534 controversiam
681 1506 712 1534 et
733 1505 839 1535 datam
854 1515 928 1536 sen-

155 1555 303 1593 tentiam,
319 1556 436 1586 humili
456 1557 612 1595 magistro
627 1558 807 1588 offeruntur
822 1558 928 1588 infan-

157 1609 214 1645 tes,
229 1610 264 1638 ut
279 1609 461 1639 ostendatur
476 1610 562 1649 quod
581 1610 732 1641 innocens
748 1613 779 1641 et
793 1611 928 1651 simplex

157 1663 232 1691 aetas
240 1662 278 1691 ad
290 1662 426 1701 gratiam
442 1663 607 1702 pertineat.
619 1663 707 1694 Unde
715 1664 747 1694 in
758 1665 887 1696 Psalmo
899 1665 926 1696 ¹:

161 1725 176 1742 «
190 1713 237 1744 Ex
252 1723 306 1745 ore
326 1715 495 1745 infantium
511 1718 540 1746 et
566 1717 749 1747 lactentium
770 1719 925 1757 perfecisti

156 1766 325 1797 laudem.»
353 1768 533 1798 Offerebant
558 1771 685 1806 autem,
712 1772 747 1799 ut
770 1770 814 1799 eis
841 1770 929 1800 daret

161 1819 409 1850 benedictionem
438 1830 493 1859 per
509 1830 663 1851 manuum
680 1822 927 1861 impositionem.

160 1872 195 1902 In
210 1881 274 1911 quo
290 1873 559 1911 praefigurabatur
574 1876 604 1904 et
619 1875 755 1913 quodam
773 1876 866 1906 modo
879 1877 929 1906 in-

161 1925 346 1955 sinuabatur
362 1928 594 1956 sacramentum
610 1928 859 1959 confirmationis
871 1953 878 1966 ,
896 1930 927 1959 in

159 1987 222 2017 quo
236 1977 328 2008 datur
342 1979 430 2017 copia
445 1979 557 2017 gratiae
572 1980 808 2019 benedictionis,
820 1991 929 2012 secun-

161 2031 236 2060 dum
264 2030 342 2061 illud
359 2032 369 2047 ²
400 2042 406 2061 ι
429 2043 443 2059 «
460 2032 664 2071 imponebant
695 2043 809 2064 manus
835 2044 930 2074 super

161 2083 241 2121 illos,
253 2086 283 2113 et
300 2084 493 2123 accipiebant
506 2085 658 2124 Spiritum
673 2089 828 2117 sanetum.
841 2099 854 2115 n
874 2088 930 2118 Hic

160 2139 266 2167 autem
281 2136 416 2176 Spiritus
431 2140 558 2168 sanctus
569 2139 735 2178 requiescit
751 2150 846 2180 super
863 2150 931 2180 par-

160 2189 268 2227 vulos,
298 2191 472 2220 secundum
502 2191 577 2221 illud
603 2196 612 2211 ³
634 2201 640 2221 :
667 2204 681 2221 «
693 2192 769 2229 Quae
798 2196 844 2223 est
873 2194 930 2224 ista

160 2243 274 2273 domus
293 2252 389 2282 quam
411 2244 606 2274 aedificabitis
627 2246 706 2275 mihi
720 2247 734 2275 ‘?
749 2248 780 2276 et
796 2247 867 2285 quis
887 2250 932 2277 est

162 2294 218 2325 iste
233 2295 320 2325 locus
330 2296 533 2335 requietionis
544 2306 622 2328 meae
633 2300 647 2328 ¹?
663 2299 700 2329 ad
716 2308 812 2338 quem
824 2302 930 2330 autem

161 2348 339 2387 respiciam,
355 2349 416 2378 nisi
427 2350 465 2379 ad
477 2351 705 2389 pauperculum
718 2357 746 2382 et
760 2353 930 2383 contritum

162 2401 288 2440 spiritu,
305 2404 336 2431 et
351 2403 537 2432 trementem
554 2412 715 2434 sermones
732 2414 819 2435 meos
830 2407 844 2435 ἶ)
858 2418 872 2435 »
893 2406 932 2437 Et

163 2454 238 2484 dicit
260 2454 321 2484 alia
341 2454 502 2485 translatio
521 2466 527 2485 z
557 2467 570 2484 α
585 2456 687 2496 Super
708 2467 804 2497 quem
825 2460 930 2499 requi-

164 2509 245 2537 escet
259 2507 388 2546 spiritus
415 2516 520 2546 meus,
547 2509 609 2538 nisi
624 2518 717 2549 super
733 2511 887 2542 humilem
903 2515 934 2543 et

198 2569 205 2584 ¹
220 2568 288 2591 Psal.
303 2570 426 2597 ν111,3.-
438 2570 447 2585 Ξ
459 2569 522 2599 Act„
539 2576 595 2599 vni,
611 2572 690 2595 11—
703 2571 712 2587 ³
726 2574 785 2602 Isa,
798 2579 868 2604 ω’νι,
883 2577 931 2598 1-2.

165 2613 195 2619 —
206 2603 216 2619 ’θ
228 2603 295 2626 Psal.
311 2609 384 2632 xxvi,
402 2606 438 2627 10.
450 2617 479 2622 —
494 2605 501 2618 ⁵
515 2605 602 2633 Levia,
618 2612 701 2637 xxvix,
716 2609 755 2631 28,
768 2622 795 2625 —
812 2609 934 2639 ⁶Matth„

167 2642 222 2667 xm,
237 2639 276 2662 22.
290 2651 320 2656 —-
335 2639 342 2652 ⁷
358 2638 546 2669 Eccli..xv111‚
566 2642 601 2664 12.
616 2655 647 2659 -
660 2642 670 2658 ⁶
687 2643 743 2673 ins..
763 2650 831 2668 xxii.
851 2646 887 2668 24.
904 2658 934 2662 —

166 2672 176 2687 ⁹
187 2673 287 2701 Jerem„
300 2679 390 2702 vani,
406 2676 443 2698 10.

976 286 1121 325 quietum
1135 287 1150 315 ‘3
1178 296 1193 314 ›)
1223 286 1261 317 Et
1288 287 1348 318 hoc
1377 291 1518 322 maxime
1547 302 1660 324 verum
1686 298 1743 334 est,

976 339 1104 377 quando
1116 339 1248 370 Domino
1262 341 1395 372 offertur
1408 343 1418 359 a
1432 353 1438 372 ε
1458 355 1472 372 <‹
1489 344 1643 382 Quoniam
1660 350 1747 386 pater

976 399 1066 421 meus
1086 394 1117 422 et
1140 394 1240 423 mater
1255 402 1326 424 mea
1344 394 1581 436 dereliquerunt
1600 409 1667 438 me,
1686 401 1748 432 Do-

977 444 1083 473 minus
1102 446 1208 475 autem
1233 448 1405 486 assumpsit
1434 458 1495 480 me.
1519 461 1533 478 »
1556 451 1594 482 Et
1623 452 1691 484 ideo
1715 454 1748 484 in

977 496 1115 534 figuram
1136 497 1234 536 hujus
1258 499 1372 530 dicitur
1387 504 1396 519 ὅ
1419 512 1424 531 :
1448 514 1461 531 «
1478 503 1636 544 Quidquid
1652 506 1749 537 semel

977 548 1072 578 fuerit
1086 553 1314 590 consecratum,
1332 556 1475 584 sanctum
1490 559 1673 589 sanctorum
1689 560 1749 590 erit

978 601 1147 632 Domino.»

1018 655 1175 693 Secunde,
1197 660 1352 696 quantum
1368 661 1407 691 ad
1428 662 1632 695 offerentium
1646 666 1750 698 incre-

978 708 1156 746 pationem,
1183 710 1289 740 subdit
1304 722 1309 741 z
1331 713 1427 750 Quod
1439 724 1511 745 cum
1527 716 1669 748 viderent
1683 719 1751 750 clis-

977 759 1086 798 cipulz',
1105 763 1314 801 increpabant
1335 765 1416 803 Illos,
1432 767 1549 799 scillcet
1563 770 1748 803 offerentes:
1770 760 1775 767 .

978 814 1009 842 et
1034 813 1108 851 hoc,
1135 815 1210 854 quia
1233 817 1400 849 carnaliter
1424 821 1643 854 afficiebantur
1671 826 1752 857 circa

980 864 1150 898 Christum.
1173 868 1260 900 Unde
1275 869 1402 902 Glossa:
1424 875 1670 916 «Increpabant,
1687 888 1752 910 non

980 920 1065 958 quod
1085 921 1206 952 nollent
1226 923 1361 955 infantes
1383 935 1480 958 manu
1495 933 1525 959 et.
1548 940 1624 962 voce
1640 931 1752 963 Salva-

980 973 1057 1003 toris
1072 974 1211 1005 bededici
1222 1000 1229 1013 ,
1251 977 1303 1007 sed
1318 979 1393 1017 quia
1416 981 1558 1012 nondun]
1576 984 1704 1022 perfecti
1720 986 1753 1016 in

981 1026 1040 1056 fide
1062 1028 1215 1066 putabant
1231 1038 1304 1059 eum
1328 1031 1360 1060 in
1385 1033 1625 1066 similitudinem
1647 1038 1751 1068 homi-

980 1088 1060 1109 num
1088 1080 1196 1111 lassari
1233 1082 1472 1122 importunitate
1505 1088 1718 1121 offerentium.
1735 1102 1749 1119 n

981 1131 1070 1162 Unde
1085 1137 1213 1173 propter
1228 1135 1368 1174 quietem
1380 1139 1525 1178 magistri
1540 1141 1755 1181 impediebant

981 1194 1062 1224 opus
1076 1186 1189 1217 alienae
1205 1187 1332 1226 salutis,
1349 1191 1430 1221 sieut
1450 1194 1481 1222 et
1495 1192 1607 1225 Petrus
1622 1195 1754 1228 Domino

982 1238 1108 1277 dicenti,
1125 1241 1209 1279 quod
1229 1245 1387 1281 oporteret
1401 1253 1475 1275 eum
1491 1247 1566 1285 pati,
1585 1248 1707 1280 dicebat
1719 1251 1729 1267 ⁶
1744 1262 1751 1281 :

987 1292 1102 1322 «Absit
1116 1302 1134 1322 a
1145 1295 1185 1331 te,
1198 1294 1339 1333 Domine,
1352 1305 1416 1326 non
1429 1299 1489 1329 erit
1503 1300 1560 1330 tibi
1574 1301 1634 1332 hoc
1646 1314 1653 1339 ;
1671 1313 1684 1331 »
1705 1304 1756 1335 vel

982 1345 1057 1383 quia
1079 1347 1247 1377 carnaliter
1270 1348 1489 1382 afficiebantur
1503 1353 1585 1384 eirca
1600 1357 1754 1395 populum

982 1406 1088 1427 suum.
1108 1397 1308 1429 UndeGlossa
1324 1410 1331 1430 :
1347 1402 1602 1445 «Increpabam,·
1613 1407 1671 1438 boc
1686 1409 1755 1440 ideo

983 1449 1125 1487 fortasse,
1140 1451 1217 1490 quia
1232 1453 1321 1491 prius
1336 1455 1490 1494 populum
1502 1457 1698 1500 Judaeorum,
1716 1471 1756 1493 ex

982 1511 1046 1541 quo
1061 1504 1236 1535 secundum
1262 1515 1391 1538 carnem
1406 1513 1505 1548 erant,
1530 1512 1678 1545 volebant
1691 1516 1757 1546 sal-

983 1556 1063 1585 vari.
1075 1567 1090 1584 »
1106 1556 1144 1587 Et
1159 1557 1228 1588 ideo
1236 1560 1354 1590 carnali
1362 1562 1578 1596 misericordIa
1588 1569 1757 1600 moveban-

983 1612 1051 1648 tur,
1068 1611 1106 1641 de
1121 1621 1184 1651 qua
1206 1613 1321 1645 dicitur
1344 1616 1354 1632 ⁷
1377 1627 1383 1646 :
1410 1628 1423 1645 «
1440 1617 1598 1651 Miseratio
1618 1622 1758 1654 hominis

984 1663 1066 1693 circa
1082 1665 1265 1703 proximum
1289 1676 1402 1706 suum,
1421 1670 1636 1704 misericordia
1650 1678 1757 1707 autem

984 1716 1049 1754 Dei,
1065 1728 1079 1744 »
1098 1720 1157 1748 etc.
1177 1718 1211 1749 In
1239 1720 1299 1751 hoc
1313 1724 1420 1752 autem
1436 1723 1515 1755 facto
1539 1726 1684 1767 discipuli
1699 1739 1755 1768 ge-

984 1769 1096 1800 rebant
1111 1772 1225 1810 typum
1237 1774 1413 1805 carnalium
1427 1778 1623 1811 sacerdotum
1638 1783 1668 1812 et
1682 1791 1757 1822 pon-

984 1821 1120 1861 tificum,
1148 1824 1203 1863 qui
1227 1829 1336 1857 amant
1366 1829 1471 1868 magis
1492 1833 1649 1864 carnalem
1667 1836 1756 1874 quie-

984 1875 1047 1904 tem
1058 1899 1068 1912 ,
1100 1878 1131 1905 et
1164 1879 1333 1916 sanguinis
1367 1882 1620 1924 proximitatem,
1659 1897 1756 1927 quam

984 1927 1176 1966 populorum
1192 1930 1339 1962 salutem.
1356 1932 1444 1965 Sicut
1463 1938 1493 1966 et
1508 1937 1543 1967 in
1557 1940 1756 1972 contentione

984 1988 1106 2018 eorum,
1122 1982 1239 2014 scilicet
1254 1984 1493 2026 discipulorum,
1511 1990 1549 2021 de
1565 1993 1754 2032 majoritate,

984 2042 1080 2072 quam
1098 2034 1290 2074 habuerunt,
1308 2039 1414 2077 figura
1430 2042 1555 2079 geritur
1571 2046 1756 2077 ambItioso-

984 2094 1074 2124 rum,
1091 2087 1128 2117 de
1141 2097 1204 2127 qua
1220 2089 1320 2120 infra⁸
1338 2102 1344 2121 :
1360 2092 1477 2124 «Facta
1491 2099 1537 2126 est
1552 2099 1582 2127 et
1598 2100 1756 2131 contentio

984 2138 1065 2169 inter
1079 2140 1265 2180 discipulos,
1282 2144 1353 2183 quis
1377 2154 1505 2185 eorum,
1522 2160 1536 2177 »
1557 2152 1616 2181 etc.
1635 2151 1672 2182 Et
1687 2152 1757 2184 haec

984 2192 1047 2222 duo
1063 2193 1140 2224 vitia
1159 2198 1249 2233 sunt,
1266 2206 1339 2236 quae
1354 2200 1494 2232 maxime
1517 2202 1687 2236 Ecclesiam
1703 2206 1756 2237 Dei

985 2250 1203 2286 corrumpunt,
1222 2249 1340 2280 scilicet
1354 2253 1486 2284 ambitio
1502 2255 1708 2297 dignitatum,
1726 2263 1757 2290 et

986 2299 1183 2338 negligentia
1198 2303 1432 2340 proximorum.
1451 2306 1511 2338 Pro
1528 2311 1663 2350 utroque
1677 2312 1755 2343 isto-

986 2360 1058 2382 rum
1084 2353 1223 2384 111011111-9
1242 2366 1248 2384 ι
1277 2367 1291 2383 «
1310 2356 1492 2390 Maledictus
1509 2362 1565 2401 qui
1584 2363 1657 2394 facit
1675 2374 1756 2405 opus

987 2404 1038 2434 Dei
1049 2406 1274 2443 fraudulenter
1286 2417 1296 2438 .·
1312 2411 1342 2439 et
1352 2411 1536 2444 maledictus
1545 2416 1599 2455 qui
1611 2418 1756 2456 prohibet

987 2458 1129 2496 gladium
1146 2469 1241 2490 suum
1259 2470 1278 2491 a
1291 2464 1459 2502 sanguine.
1474 2477 1487 2495 υ
1507 2468 1577 2498 Alia
1593 2471 1756 2502 translatio

987 2511 1103 2541 habet:
1120 2512 1325 2553 Nefsliqenter
1349 2516 1399 2556 (a).
1424 2518 1459 2548 ln
1478 2529 1542 2559 quo
1557 2522 1653 2553 simul
1668 2524 1757 2555 frau-

987 2564 1117 2594 dulenta
1132 2566 1272 2605 ambitio,
1287 2571 1317 2599 et
1332 2569 1485 2603 desidiosa
1499 2575 1700 2614 negligentia
1710 2586 1757 2608 re-

988 2618 1149 2656 probatur.

1019 2682 1052 2710 (a)
1069 2681 1129 2706 Caet.
1146 2682 1204 2707 edit.
1222 2683 1390 2715 Neyliyentt'a.
