<?xml version="1.0" encoding="UTF-8"?>
<!DOCTYPE html PUBLIC "-//W3C//DTD XHTML 1.0 Transitional//EN"
    "http://www.w3.org/TR/xhtml1/DTD/xhtml1-transitional.dtd">
<html xmlns="http://www.w3.org/1999/xhtml" xml:lang="en" lang="en">
 <head>
  <title>
</title>
<meta http-equiv="Content-Type" content="text/html;charset=utf-8" />
  <meta name='ocr-system' content='tesseract 3.04.00' />
  <meta name='ocr-capabilities' content='ocr_page ocr_carea ocr_par ocr_line ocrx_word'/>
</head>
<body>
  <div class='ocr_page' id='page_1' title='image "./operaomniasixtiv11bonauoft/operaomniasixtiv11bonauoft_0088.png"; bbox 0 0 1987 3032; ppageno 0'>
   <div class='ocr_carea' id='block_1_1' title="bbox 186 202 1245 237">
    <p class='ocr_par' dir='ltr' id='par_1_1' title="bbox 186 202 1245 237">
     <span class='ocr_line' id='line_1_1' title="bbox 186 202 1245 237; baseline 0.004 -4"><span class='ocrx_word' id='word_1_1' title='bbox 186 206 225 234; x_wconf 69' lang='lat'>74</span> <span class='ocrx_word' id='word_1_2' title='bbox 732 202 945 235; x_wconf 84' lang='lat' dir='ltr'>EVANGELII</span> <span class='ocrx_word' id='word_1_3' title='bbox 969 203 1109 236; x_wconf 84' lang='lat' dir='ltr'>SANCTI</span> <span class='ocrx_word' id='word_1_4' title='bbox 1132 205 1245 237; x_wconf 80' lang='lat' dir='ltr'>LUCAE</span> 
     </span>
    </p>
   </div>
   <div class='ocr_carea' id='block_1_2' title="bbox 183 270 962 2548">
    <p class='ocr_par' dir='ltr' id='par_1_2' title="bbox 183 270 962 2548">
     <span class='ocr_line' id='line_1_2' title="bbox 186 270 959 311; baseline -0.001 -9"><span class='ocrx_word' id='word_1_5' title='bbox 186 271 300 311; x_wconf 72' lang='lat' dir='ltr'>pore&#39;:</span> <span class='ocrx_word' id='word_1_6' title='bbox 321 281 336 300; x_wconf 84' lang='lat'><strong>«</strong></span> <span class='ocrx_word' id='word_1_7' title='bbox 348 270 482 302; x_wconf 83' lang='lat' dir='ltr'><strong>Obsecro</strong></span> <span class='ocrx_word' id='word_1_8' title='bbox 497 271 638 311; x_wconf 89' lang='lat' dir='ltr'>primum</span> <span class='ocrx_word' id='word_1_9' title='bbox 658 270 804 301; x_wconf 90' lang='lat' dir='ltr'>omnium</span> <span class='ocrx_word' id='word_1_10' title='bbox 821 270 891 301; x_wconf 87' lang='lat' dir='ltr'>fieri</span> <span class='ocrx_word' id='word_1_11' title='bbox 905 271 959 302; x_wconf 85' lang='lat' dir='ltr'>ob-</span> 
     </span>
     <span class='ocr_line' id='line_1_3' title="bbox 185 324 958 364; baseline 0 -10"><span class='ocrx_word' id='word_1_12' title='bbox 185 324 392 361; x_wconf 78' lang='lat' dir='ltr'>secrationes,</span> <span class='ocrx_word' id='word_1_13' title='bbox 409 324 581 362; x_wconf 80' lang='lat' dir='ltr'>orationes,</span> <span class='ocrx_word' id='word_1_14' title='bbox 607 324 834 364; x_wconf 76' lang='lat' dir='ltr'>postulationes</span> <span class='ocrx_word' id='word_1_15' title='bbox 847 347 855 361; x_wconf 86' lang='lat'>‚</span> <span class='ocrx_word' id='word_1_16' title='bbox 881 332 958 363; x_wconf 86' lang='lat' dir='ltr'>gra-</span> 
     </span>
     <span class='ocr_line' id='line_1_4' title="bbox 185 376 958 417; baseline -0.003 -9"><span class='ocrx_word' id='word_1_17' title='bbox 185 377 304 408; x_wconf 88' lang='lat' dir='ltr'>tiarum</span> <span class='ocrx_word' id='word_1_18' title='bbox 319 377 472 416; x_wconf 80' lang='lat' dir='ltr'>actiones,</span> <span class='ocrx_word' id='word_1_19' title='bbox 489 379 524 408; x_wconf 87' lang='lat' dir='ltr'>ut</span> <span class='ocrx_word' id='word_1_20' title='bbox 543 377 685 417; x_wconf 78' lang='lat' dir='ltr'>quietam</span> <span class='ocrx_word' id='word_1_21' title='bbox 705 379 735 407; x_wconf 89' lang='lat' dir='ltr'>et</span> <span class='ocrx_word' id='word_1_22' title='bbox 753 376 958 416; x_wconf 80' lang='lat' dir='ltr'>tranquillam</span> 
     </span>
     <span class='ocr_line' id='line_1_5' title="bbox 186 430 958 470; baseline -0.001 -9"><span class='ocrx_word' id='word_1_23' title='bbox 186 431 285 461; x_wconf 87' lang='lat' dir='ltr'>vitam</span> <span class='ocrx_word' id='word_1_24' title='bbox 313 439 448 470; x_wconf 80' lang='lat' dir='ltr'>agamus</span> <span class='ocrx_word' id='word_1_25' title='bbox 477 431 510 460; x_wconf 93' lang='lat' dir='ltr'>in</span> <span class='ocrx_word' id='word_1_26' title='bbox 542 431 629 461; x_wconf 91' lang='lat' dir='ltr'>omni</span> <span class='ocrx_word' id='word_1_27' title='bbox 660 431 775 470; x_wconf 84' lang='lat' dir='ltr'>pietate</span> <span class='ocrx_word' id='word_1_28' title='bbox 803 432 834 460; x_wconf 85' lang='lat' dir='ltr'>et</span> <span class='ocrx_word' id='word_1_29' title='bbox 861 430 958 460; x_wconf 78' lang='lat' dir='ltr'>casti·</span> 
     </span>
     <span class='ocr_line' id='line_1_6' title="bbox 185 483 959 522; baseline -0.003 -8"><span class='ocrx_word' id='word_1_30' title='bbox 185 486 247 514; x_wconf 90' lang='lat' dir='ltr'>tate</span> <span class='ocrx_word' id='word_1_31' title='bbox 258 507 265 520; x_wconf 91' lang='lat'>‚</span> <span class='ocrx_word' id='word_1_32' title='bbox 279 494 294 511; x_wconf 75' lang='grc' dir='ltr'><strong>υ</strong></span> <span class='ocrx_word' id='word_1_33' title='bbox 311 486 369 514; x_wconf 88' lang='lat' dir='ltr'>etc.</span> <span class='ocrx_word' id='word_1_34' title='bbox 387 483 498 521; x_wconf 80' lang='lat' dir='ltr'>Sexto,</span> <span class='ocrx_word' id='word_1_35' title='bbox 520 483 761 514; x_wconf 77' lang='lat' dir='ltr'>custoditionem</span> <span class='ocrx_word' id='word_1_36' title='bbox 782 483 959 522; x_wconf 88' lang='lat' dir='ltr'>tranquilli-</span> 
     </span>
     <span class='ocr_line' id='line_1_7' title="bbox 185 535 958 574; baseline -0.001 -7"><span class='ocrx_word' id='word_1_37' title='bbox 185 537 258 567; x_wconf 85' lang='lat' dir='ltr'>tatis</span> <span class='ocrx_word' id='word_1_38' title='bbox 272 537 473 567; x_wconf 60' lang='lat' dir='ltr'>conscientiae</span> <span class='ocrx_word' id='word_1_39' title='bbox 489 540 500 555; x_wconf 73' lang='lat'><em>²</em></span> <span class='ocrx_word' id='word_1_40' title='bbox 516 548 522 567; x_wconf 91' lang='grc'>;</span> <span class='ocrx_word' id='word_1_41' title='bbox 546 548 559 564; x_wconf 88' lang='lat'>«</span> <span class='ocrx_word' id='word_1_42' title='bbox 571 536 654 567; x_wconf 74' lang='lat' dir='ltr'>Nihil</span> <span class='ocrx_word' id='word_1_43' title='bbox 672 535 793 566; x_wconf 80' lang='lat' dir='ltr'>solliciti</span> <span class='ocrx_word' id='word_1_44' title='bbox 809 536 886 574; x_wconf 83' lang='lat' dir='ltr'>sitis,</span> <span class='ocrx_word' id='word_1_45' title='bbox 904 536 958 566; x_wconf 89' lang='lat' dir='ltr'>sed</span> 
     </span>
     <span class='ocr_line' id='line_1_8' title="bbox 185 590 958 628; baseline 0 -8"><span class='ocrx_word' id='word_1_46' title='bbox 185 590 217 620; x_wconf 91' lang='lat' dir='ltr'>in</span> <span class='ocrx_word' id='word_1_47' title='bbox 233 590 321 620; x_wconf 91' lang='lat' dir='ltr'>omni</span> <span class='ocrx_word' id='word_1_48' title='bbox 339 590 479 621; x_wconf 84' lang='lat' dir='ltr'>oratione</span> <span class='ocrx_word' id='word_1_49' title='bbox 499 592 528 621; x_wconf 88' lang='lat' dir='ltr'>et</span> <span class='ocrx_word' id='word_1_50' title='bbox 544 590 775 628; x_wconf 77' lang='lat' dir='ltr'>obsecratione,</span> <span class='ocrx_word' id='word_1_51' title='bbox 791 598 864 620; x_wconf 90' lang='lat' dir='ltr'>cum</span> <span class='ocrx_word' id='word_1_52' title='bbox 883 599 958 628; x_wconf 81' lang='lat' dir='ltr'>gra-</span> 
     </span>
     <span class='ocr_line' id='line_1_9' title="bbox 185 642 960 682; baseline -0.001 -9"><span class='ocrx_word' id='word_1_53' title='bbox 185 643 303 674; x_wconf 80' lang='lat' dir='ltr'>tiarum</span> <span class='ocrx_word' id='word_1_54' title='bbox 317 643 449 680; x_wconf 88' lang='lat' dir='ltr'>actione,</span> <span class='ocrx_word' id='word_1_55' title='bbox 462 643 628 682; x_wconf 79' lang='lat' dir='ltr'>petitiones</span> <span class='ocrx_word' id='word_1_56' title='bbox 637 644 752 673; x_wconf 83' lang='lat' dir='ltr'>vestrae</span> <span class='ocrx_word' id='word_1_57' title='bbox 763 642 960 673; x_wconf 80' lang='lat' dir='ltr'>innotescant</span> 
     </span>
     <span class='ocr_line' id='line_1_10' title="bbox 185 694 959 735; baseline -0.001 -9"><span class='ocrx_word' id='word_1_58' title='bbox 185 695 266 735; x_wconf 87' lang='lat' dir='ltr'>apud</span> <span class='ocrx_word' id='word_1_59' title='bbox 284 695 394 726; x_wconf 90' lang='lat' dir='ltr'>Deum.</span> <span class='ocrx_word' id='word_1_60' title='bbox 411 694 449 726; x_wconf 88' lang='lat' dir='ltr'>Et</span> <span class='ocrx_word' id='word_1_61' title='bbox 464 704 527 735; x_wconf 79' lang='lat' dir='ltr'>pax</span> <span class='ocrx_word' id='word_1_62' title='bbox 547 696 599 726; x_wconf 91' lang='lat' dir='ltr'>Dei</span> <span class='ocrx_word' id='word_1_63' title='bbox 618 704 691 735; x_wconf 85' lang='lat' dir='ltr'>quae</span> <span class='ocrx_word' id='word_1_64' title='bbox 709 698 863 735; x_wconf 78' lang='lat' dir='ltr'>exuperat</span> <span class='ocrx_word' id='word_1_65' title='bbox 887 705 959 726; x_wconf 85' lang='lat' dir='ltr'>om-</span> 
     </span>
     <span class='ocr_line' id='line_1_11' title="bbox 185 748 960 789; baseline 0 -10"><span class='ocrx_word' id='word_1_66' title='bbox 185 758 259 779; x_wconf 85' lang='lat' dir='ltr'>nem</span> <span class='ocrx_word' id='word_1_67' title='bbox 274 758 422 786; x_wconf 88' lang='lat' dir='ltr'>sensum,</span> <span class='ocrx_word' id='word_1_68' title='bbox 439 749 612 788; x_wconf 89' lang='lat' dir='ltr'>custodiat,</span> <span class='ocrx_word' id='word_1_69' title='bbox 626 760 640 777; x_wconf 72' lang='grc' dir='ltr'>ι)</span> <span class='ocrx_word' id='word_1_70' title='bbox 659 752 718 780; x_wconf 85' lang='lat' dir='ltr'>etc.</span> <span class='ocrx_word' id='word_1_71' title='bbox 736 748 878 789; x_wconf 85' lang='lat' dir='ltr'>Septimo</span> <span class='ocrx_word' id='word_1_72' title='bbox 890 773 898 787; x_wconf 90' lang='lat'>‚</span> <span class='ocrx_word' id='word_1_73' title='bbox 915 750 960 780; x_wconf 93' lang='lat' dir='ltr'>in-</span> 
     </span>
     <span class='ocr_line' id='line_1_12' title="bbox 185 803 960 842; baseline 0.003 -10"><span class='ocrx_word' id='word_1_74' title='bbox 185 803 435 833; x_wconf 88' lang='lat' dir='ltr'>flammationem</span> <span class='ocrx_word' id='word_1_75' title='bbox 446 803 562 834; x_wconf 79' lang='lat' dir='ltr'>divinae</span> <span class='ocrx_word' id='word_1_76' title='bbox 577 803 709 842; x_wconf 67' lang='lat' dir='ltr'>grati-333</span> <span class='ocrx_word' id='word_1_77' title='bbox 724 803 758 834; x_wconf 91' lang='lat' dir='ltr'>in</span> <span class='ocrx_word' id='word_1_78' title='bbox 773 804 865 842; x_wconf 76' lang='lat' dir='ltr'>quus</span> <span class='ocrx_word' id='word_1_79' title='bbox 879 804 960 842; x_wconf 84' lang='lat' dir='ltr'>figu-</span> 
     </span>
     <span class='ocr_line' id='line_1_13' title="bbox 185 856 959 888; baseline 0 -1"><span class='ocrx_word' id='word_1_80' title='bbox 185 865 255 887; x_wconf 86' lang='lat' dir='ltr'>ram</span> <span class='ocrx_word' id='word_1_81' title='bbox 279 856 394 887; x_wconf 88' lang='lat' dir='ltr'>dicitur</span> <span class='ocrx_word' id='word_1_82' title='bbox 417 856 455 887; x_wconf 89' lang='lat' dir='ltr'>de</span> <span class='ocrx_word' id='word_1_83' title='bbox 483 856 550 887; x_wconf 89' lang='lat' dir='ltr'>Elia</span> <span class='ocrx_word' id='word_1_84' title='bbox 566 860 599 887; x_wconf 86' lang='lat'>³.-</span> <span class='ocrx_word' id='word_1_85' title='bbox 629 868 642 885; x_wconf 91' lang='lat'>«</span> <span class='ocrx_word' id='word_1_86' title='bbox 665 856 820 888; x_wconf 88' lang='lat' dir='ltr'>lnvocabo</span> <span class='ocrx_word' id='word_1_87' title='bbox 842 866 959 887; x_wconf 90' lang='lat' dir='ltr'>nomen</span> 
     </span>
     <span class='ocr_line' id='line_1_14' title="bbox 186 910 957 950; baseline 0 -10"><span class='ocrx_word' id='word_1_88' title='bbox 186 910 326 948; x_wconf 89' lang='lat' dir='ltr'>Domini;</span> <span class='ocrx_word' id='word_1_89' title='bbox 347 912 377 940; x_wconf 88' lang='lat' dir='ltr'>et</span> <span class='ocrx_word' id='word_1_90' title='bbox 397 910 478 941; x_wconf 89' lang='lat' dir='ltr'>Deus</span> <span class='ocrx_word' id='word_1_91' title='bbox 499 911 553 950; x_wconf 87' lang='lat' dir='ltr'>qui</span> <span class='ocrx_word' id='word_1_92' title='bbox 568 910 747 941; x_wconf 81' lang='lat' dir='ltr'>exaudierit</span> <span class='ocrx_word' id='word_1_93' title='bbox 761 918 817 950; x_wconf 88' lang='lat' dir='ltr'>per</span> <span class='ocrx_word' id='word_1_94' title='bbox 832 910 957 948; x_wconf 85' lang='lat' dir='ltr'>ignem,</span> 
     </span>
     <span class='ocr_line' id='line_1_15' title="bbox 188 963 961 1003; baseline 0.001 -10"><span class='ocrx_word' id='word_1_95' title='bbox 188 963 255 1003; x_wconf 90' lang='lat' dir='ltr'>ipse</span> <span class='ocrx_word' id='word_1_96' title='bbox 269 963 310 994; x_wconf 89' lang='lat' dir='ltr'>sit</span> <span class='ocrx_word' id='word_1_97' title='bbox 324 963 441 994; x_wconf 77' lang='lat' dir='ltr'>Deus.»</span> <span class='ocrx_word' id='word_1_98' title='bbox 455 963 543 994; x_wconf 89' lang='lat' dir='ltr'>Unde</span> <span class='ocrx_word' id='word_1_99' title='bbox 551 963 667 994; x_wconf 88' lang='lat' dir='ltr'>dicitur</span> <span class='ocrx_word' id='word_1_100' title='bbox 678 963 779 1002; x_wconf 72' lang='lat' dir='ltr'>‘quod</span> <span class='ocrx_word' id='word_1_101' title='bbox 791 974 805 992; x_wconf 89' lang='lat'>«</span> <span class='ocrx_word' id='word_1_102' title='bbox 817 972 961 1002; x_wconf 84' lang='lat' dir='ltr'>perseve-</span> 
     </span>
     <span class='ocr_line' id='line_1_16' title="bbox 185 1016 960 1047; baseline 0.003 -1"><span class='ocrx_word' id='word_1_103' title='bbox 185 1018 290 1047; x_wconf 84' lang='lat' dir='ltr'>rantes</span> <span class='ocrx_word' id='word_1_104' title='bbox 316 1018 407 1047; x_wconf 87' lang='lat' dir='ltr'>erant</span> <span class='ocrx_word' id='word_1_105' title='bbox 433 1016 628 1047; x_wconf 86' lang='lat' dir='ltr'>unanimiter</span> <span class='ocrx_word' id='word_1_106' title='bbox 649 1016 682 1046; x_wconf 91' lang='lat' dir='ltr'>in</span> <span class='ocrx_word' id='word_1_107' title='bbox 710 1016 863 1046; x_wconf 87' lang='lat' dir='ltr'>oratione.</span> <span class='ocrx_word' id='word_1_108' title='bbox 879 1028 893 1044; x_wconf 87' lang='lat'>»</span> <span class='ocrx_word' id='word_1_109' title='bbox 923 1016 960 1047; x_wconf 85' lang='lat' dir='ltr'>Et</span> 
     </span>
     <span class='ocr_line' id='line_1_17' title="bbox 184 1069 960 1110; baseline 0 -10"><span class='ocrx_word' id='word_1_110' title='bbox 184 1071 296 1110; x_wconf 84' lang='lat' dir='ltr'>post⁵:</span> <span class='ocrx_word' id='word_1_111' title='bbox 318 1070 427 1100; x_wconf 81' lang='lat' dir='ltr'>«Dum</span> <span class='ocrx_word' id='word_1_112' title='bbox 449 1070 685 1109; x_wconf 85' lang='lat' dir='ltr'>complerentur</span> <span class='ocrx_word' id='word_1_113' title='bbox 708 1070 774 1100; x_wconf 87' lang='lat' dir='ltr'>dies</span> <span class='ocrx_word' id='word_1_114' title='bbox 799 1069 960 1101; x_wconf 89' lang='lat' dir='ltr'>Pentecos-</span> 
     </span>
     <span class='ocr_line' id='line_1_18' title="bbox 185 1123 960 1164; baseline 0 -10"><span class='ocrx_word' id='word_1_115' title='bbox 185 1126 246 1162; x_wconf 90' lang='lat' dir='ltr'>tes,</span> <span class='ocrx_word' id='word_1_116' title='bbox 274 1126 345 1162; x_wconf 65' lang='lat' dir='ltr'>etc„</span> <span class='ocrx_word' id='word_1_117' title='bbox 371 1126 589 1164; x_wconf 83' lang='lat' dir='ltr'>apparuerunt</span> <span class='ocrx_word' id='word_1_118' title='bbox 615 1124 676 1154; x_wconf 91' lang='lat' dir='ltr'>illis</span> <span class='ocrx_word' id='word_1_119' title='bbox 702 1123 875 1163; x_wconf 62' lang='lat' dir='ltr'>dispertita}</span> <span class='ocrx_word' id='word_1_120' title='bbox 903 1123 960 1154; x_wconf 92' lang='lat' dir='ltr'>liu-</span> 
     </span>
     <span class='ocr_line' id='line_1_19' title="bbox 185 1176 958 1216; baseline -0.001 -8"><span class='ocrx_word' id='word_1_121' title='bbox 185 1186 276 1216; x_wconf 68' lang='lat' dir='ltr'>guffl,</span> <span class='ocrx_word' id='word_1_122' title='bbox 289 1188 304 1205; x_wconf 88' lang='lat'>»</span> <span class='ocrx_word' id='word_1_123' title='bbox 329 1179 387 1208; x_wconf 89' lang='lat' dir='ltr'>etc.</span> <span class='ocrx_word' id='word_1_124' title='bbox 404 1176 532 1215; x_wconf 82' lang='lat' dir='ltr'>Octavo,</span> <span class='ocrx_word' id='word_1_125' title='bbox 550 1177 790 1208; x_wconf 83' lang='lat' dir='ltr'>illustrationem</span> <span class='ocrx_word' id='word_1_126' title='bbox 813 1186 958 1216; x_wconf 56' lang='lat' dir='ltr'>supernae</span> 
     </span>
     <span class='ocr_line' id='line_1_20' title="bbox 187 1230 960 1270; baseline 0 -9"><span class='ocrx_word' id='word_1_127' title='bbox 187 1231 363 1270; x_wconf 83' lang='lat' dir='ltr'>sapientiae;</span> <span class='ocrx_word' id='word_1_128' title='bbox 380 1232 471 1270; x_wconf 73' lang='lat' dir='ltr'>quus</span> <span class='ocrx_word' id='word_1_129' title='bbox 483 1230 667 1270; x_wconf 82' lang='lat' dir='ltr'>exemplum</span> <span class='ocrx_word' id='word_1_130' title='bbox 682 1230 819 1261; x_wconf 87' lang='lat' dir='ltr'>habetur</span> <span class='ocrx_word' id='word_1_131' title='bbox 831 1230 864 1260; x_wconf 90' lang='lat' dir='ltr'>in</span> <span class='ocrx_word' id='word_1_132' title='bbox 879 1230 960 1261; x_wconf 90' lang='lat' dir='ltr'>Salo-</span> 
     </span>
     <span class='ocr_line' id='line_1_21' title="bbox 186 1283 960 1323; baseline -0.001 -9"><span class='ocrx_word' id='word_1_133' title='bbox 186 1292 296 1321; x_wconf 88' lang='lat' dir='ltr'>mone,</span> <span class='ocrx_word' id='word_1_134' title='bbox 313 1284 351 1314; x_wconf 91' lang='lat' dir='ltr'>de</span> <span class='ocrx_word' id='word_1_135' title='bbox 365 1292 429 1323; x_wconf 89' lang='lat' dir='ltr'>quo</span> <span class='ocrx_word' id='word_1_136' title='bbox 444 1283 558 1314; x_wconf 86' lang='lat' dir='ltr'>dicitur</span> <span class='ocrx_word' id='word_1_137' title='bbox 570 1284 580 1300; x_wconf 77' lang='lat'><strong>⁶</strong></span> <span class='ocrx_word' id='word_1_138' title='bbox 595 1284 678 1323; x_wconf 88' lang='lat' dir='ltr'>quod</span> <span class='ocrx_word' id='word_1_139' title='bbox 699 1284 804 1314; x_wconf 82' lang='lat' dir='ltr'>oravit</span> <span class='ocrx_word' id='word_1_140' title='bbox 818 1286 849 1313; x_wconf 88' lang='lat' dir='ltr'>et</span> <span class='ocrx_word' id='word_1_141' title='bbox 871 1284 960 1322; x_wconf 85' lang='lat' dir='ltr'>petiit</span> 
     </span>
     <span class='ocr_line' id='line_1_22' title="bbox 184 1336 958 1376; baseline 0 -9"><span class='ocrx_word' id='word_1_142' title='bbox 184 1337 388 1376; x_wconf 81' lang='lat' dir='ltr'>sapientiam,</span> <span class='ocrx_word' id='word_1_143' title='bbox 414 1345 511 1376; x_wconf 87' lang='lat' dir='ltr'>quam</span> <span class='ocrx_word' id='word_1_144' title='bbox 529 1337 625 1366; x_wconf 86' lang='lat' dir='ltr'>etiam</span> <span class='ocrx_word' id='word_1_145' title='bbox 649 1337 796 1367; x_wconf 88' lang='lat' dir='ltr'>obtinuit.</span> <span class='ocrx_word' id='word_1_146' title='bbox 815 1336 853 1367; x_wconf 85' lang='lat' dir='ltr'>Et</span> <span class='ocrx_word' id='word_1_147' title='bbox 867 1337 958 1367; x_wconf 88' lang='lat' dir='ltr'>Jaco-</span> 
     </span>
     <span class='ocr_line' id='line_1_23' title="bbox 184 1389 957 1429; baseline 0.001 -10"><span class='ocrx_word' id='word_1_148' title='bbox 184 1390 264 1420; x_wconf 80' lang='lat' dir='ltr'>bus⁷</span> <span class='ocrx_word' id='word_1_149' title='bbox 281 1401 287 1419; x_wconf 90' lang='lat'>:</span> <span class='ocrx_word' id='word_1_150' title='bbox 310 1389 372 1420; x_wconf 90' lang='lat' dir='ltr'>«Si</span> <span class='ocrx_word' id='word_1_151' title='bbox 388 1389 460 1429; x_wconf 86' lang='lat' dir='ltr'>quis</span> <span class='ocrx_word' id='word_1_152' title='bbox 474 1391 618 1420; x_wconf 78' lang='lat' dir='ltr'>vestrum</span> <span class='ocrx_word' id='word_1_153' title='bbox 639 1389 762 1427; x_wconf 82' lang='lat' dir='ltr'>indiget</span> <span class='ocrx_word' id='word_1_154' title='bbox 785 1389 957 1428; x_wconf 82' lang='lat' dir='ltr'>sapientia,</span> 
     </span>
     <span class='ocr_line' id='line_1_24' title="bbox 184 1442 955 1482; baseline -0.003 -9"><span class='ocrx_word' id='word_1_155' title='bbox 184 1442 321 1482; x_wconf 85' lang='lat' dir='ltr'>postulet</span> <span class='ocrx_word' id='word_1_156' title='bbox 334 1452 353 1473; x_wconf 87' lang='lat' dir='ltr'>a</span> <span class='ocrx_word' id='word_1_157' title='bbox 366 1443 439 1481; x_wconf 85' lang='lat' dir='ltr'>Deo,</span> <span class='ocrx_word' id='word_1_158' title='bbox 456 1442 513 1482; x_wconf 83' lang='lat' dir='ltr'>qui</span> <span class='ocrx_word' id='word_1_159' title='bbox 528 1442 580 1472; x_wconf 87' lang='lat' dir='ltr'>dat</span> <span class='ocrx_word' id='word_1_160' title='bbox 594 1443 744 1473; x_wconf 84' lang='lat' dir='ltr'>omnibus</span> <span class='ocrx_word' id='word_1_161' title='bbox 759 1443 955 1473; x_wconf 74' lang='lat' dir='ltr'>affluenter.»</span> 
     </span>
     <span class='ocr_line' id='line_1_25' title="bbox 184 1495 959 1536; baseline 0.001 -10"><span class='ocrx_word' id='word_1_162' title='bbox 184 1495 291 1534; x_wconf 80' lang='lat' dir='ltr'>Nono,</span> <span class='ocrx_word' id='word_1_163' title='bbox 316 1496 565 1535; x_wconf 87' lang='lat' dir='ltr'>adaperitionem</span> <span class='ocrx_word' id='word_1_164' title='bbox 586 1495 720 1526; x_wconf 87' lang='lat' dir='ltr'>coelestis</span> <span class='ocrx_word' id='word_1_165' title='bbox 734 1497 864 1535; x_wconf 78' lang='lat' dir='ltr'>J&#39;anuae,</span> <span class='ocrx_word' id='word_1_166' title='bbox 888 1505 959 1536; x_wconf 77' lang='lat' dir='ltr'>quae</span> 
     </span>
     <span class='ocr_line' id='line_1_26' title="bbox 184 1549 959 1589; baseline 0 -9"><span class='ocrx_word' id='word_1_167' title='bbox 184 1551 301 1581; x_wconf 84' lang='lat' dir='ltr'>virtute</span> <span class='ocrx_word' id='word_1_168' title='bbox 315 1550 465 1581; x_wconf 85' lang='lat' dir='ltr'>orationis</span> <span class='ocrx_word' id='word_1_169' title='bbox 481 1549 639 1580; x_wconf 83' lang='lat' dir='ltr'>clauditur</span> <span class='ocrx_word' id='word_1_170' title='bbox 655 1549 757 1586; x_wconf 52' lang='lat' dir='ltr'>male,</span> <span class='ocrx_word' id='word_1_171' title='bbox 772 1552 802 1580; x_wconf 86' lang='lat' dir='ltr'>et</span> <span class='ocrx_word' id='word_1_172' title='bbox 817 1550 959 1589; x_wconf 83' lang='lat' dir='ltr'>aperitur</span> 
     </span>
     <span class='ocr_line' id='line_1_27' title="bbox 184 1604 960 1645; baseline 0 -9"><span class='ocrx_word' id='word_1_173' title='bbox 184 1605 294 1641; x_wconf 74' lang='lat' dir='ltr'>bonis¹³</span> <span class='ocrx_word' id='word_1_174' title='bbox 310 1616 316 1636; x_wconf 88' lang='lat'>:</span> <span class='ocrx_word' id='word_1_175' title='bbox 337 1604 352 1634; x_wconf 76' lang='grc' dir='ltr'>ἀ</span> <span class='ocrx_word' id='word_1_176' title='bbox 367 1605 450 1636; x_wconf 88' lang='lat' dir='ltr'>Elias</span> <span class='ocrx_word' id='word_1_177' title='bbox 465 1606 561 1636; x_wconf 86' lang='lat' dir='ltr'>homo</span> <span class='ocrx_word' id='word_1_178' title='bbox 577 1608 644 1635; x_wconf 90' lang='lat' dir='ltr'>erat</span> <span class='ocrx_word' id='word_1_179' title='bbox 658 1605 771 1635; x_wconf 90' lang='lat' dir='ltr'>similis</span> <span class='ocrx_word' id='word_1_180' title='bbox 787 1605 878 1636; x_wconf 87' lang='lat' dir='ltr'>nobis</span> <span class='ocrx_word' id='word_1_181' title='bbox 893 1615 960 1645; x_wconf 90' lang='lat' dir='ltr'>pas-</span> 
     </span>
     <span class='ocr_line' id='line_1_28' title="bbox 184 1659 961 1698; baseline 0 -9"><span class='ocrx_word' id='word_1_182' title='bbox 184 1659 298 1697; x_wconf 83' lang='lat' dir='ltr'>sibilis,</span> <span class='ocrx_word' id='word_1_183' title='bbox 325 1661 357 1689; x_wconf 88' lang='lat' dir='ltr'>et</span> <span class='ocrx_word' id='word_1_184' title='bbox 380 1659 521 1689; x_wconf 87' lang='lat' dir='ltr'>oratione</span> <span class='ocrx_word' id='word_1_185' title='bbox 547 1659 665 1695; x_wconf 83' lang='lat' dir='ltr'>oravit,</span> <span class='ocrx_word' id='word_1_186' title='bbox 692 1661 727 1689; x_wconf 89' lang='lat' dir='ltr'>ut</span> <span class='ocrx_word' id='word_1_187' title='bbox 749 1668 814 1689; x_wconf 90' lang='lat' dir='ltr'>uon</span> <span class='ocrx_word' id='word_1_188' title='bbox 837 1659 961 1698; x_wconf 85' lang='lat' dir='ltr'>plueret</span> 
     </span>
     <span class='ocr_line' id='line_1_29' title="bbox 185 1711 961 1752; baseline 0.001 -11"><span class='ocrx_word' id='word_1_189' title='bbox 185 1721 280 1752; x_wconf 80' lang='lat' dir='ltr'>super</span> <span class='ocrx_word' id='word_1_190' title='bbox 295 1714 433 1748; x_wconf 81' lang='lat' dir='ltr'>terram,</span> <span class='ocrx_word' id='word_1_191' title='bbox 455 1714 484 1742; x_wconf 89' lang='lat' dir='ltr'>et</span> <span class='ocrx_word' id='word_1_192' title='bbox 509 1720 573 1742; x_wconf 89' lang='lat' dir='ltr'>uon</span> <span class='ocrx_word' id='word_1_193' title='bbox 599 1711 679 1751; x_wconf 88' lang='lat' dir='ltr'>pluit</span> <span class='ocrx_word' id='word_1_194' title='bbox 701 1720 802 1742; x_wconf 86' lang='lat' dir='ltr'>annos</span> <span class='ocrx_word' id='word_1_195' title='bbox 825 1714 905 1750; x_wconf 81' lang='lat' dir='ltr'>tres,</span> <span class='ocrx_word' id='word_1_196' title='bbox 931 1714 961 1742; x_wconf 90' lang='lat' dir='ltr'>et</span> 
     </span>
     <span class='ocr_line' id='line_1_30' title="bbox 184 1765 961 1803; baseline 0 -8"><span class='ocrx_word' id='word_1_197' title='bbox 184 1774 309 1796; x_wconf 88' lang='lat' dir='ltr'>menses</span> <span class='ocrx_word' id='word_1_198' title='bbox 321 1774 387 1795; x_wconf 80' lang='lat' dir='ltr'>sex.</span> <span class='ocrx_word' id='word_1_199' title='bbox 405 1765 442 1795; x_wconf 87' lang='lat' dir='ltr'>Et</span> <span class='ocrx_word' id='word_1_200' title='bbox 455 1774 586 1796; x_wconf 88' lang='lat' dir='ltr'>rursum</span> <span class='ocrx_word' id='word_1_201' title='bbox 600 1765 722 1803; x_wconf 87' lang='lat' dir='ltr'>oravit,</span> <span class='ocrx_word' id='word_1_202' title='bbox 739 1767 769 1795; x_wconf 90' lang='lat' dir='ltr'>et</span> <span class='ocrx_word' id='word_1_203' title='bbox 781 1765 896 1796; x_wconf 90' lang='lat' dir='ltr'>coelum</span> <span class='ocrx_word' id='word_1_204' title='bbox 911 1765 961 1796; x_wconf 90' lang='lat' dir='ltr'>de-</span> 
     </span>
     <span class='ocr_line' id='line_1_31' title="bbox 183 1818 960 1858; baseline 0 -9"><span class='ocrx_word' id='word_1_205' title='bbox 183 1819 228 1849; x_wconf 89' lang='lat' dir='ltr'>dit</span> <span class='ocrx_word' id='word_1_206' title='bbox 242 1818 397 1858; x_wconf 82' lang='lat' dir='ltr'>pluviam.</span> <span class='ocrx_word' id='word_1_207' title='bbox 415 1829 430 1847; x_wconf 82' lang='lat'>»</span> <span class='ocrx_word' id='word_1_208' title='bbox 456 1818 598 1856; x_wconf 85' lang='lat' dir='ltr'>Decimo,</span> <span class='ocrx_word' id='word_1_209' title='bbox 617 1819 860 1858; x_wconf 84' lang='lat' dir='ltr'>acquisitionem</span> <span class='ocrx_word' id='word_1_210' title='bbox 879 1828 960 1850; x_wconf 87' lang='lat' dir='ltr'>mer-</span> 
     </span>
     <span class='ocr_line' id='line_1_32' title="bbox 184 1869 956 1907; baseline 0 -7"><span class='ocrx_word' id='word_1_211' title='bbox 184 1869 266 1900; x_wconf 87' lang='lat' dir='ltr'>cedis</span> <span class='ocrx_word' id='word_1_212' title='bbox 280 1869 428 1900; x_wconf 78' lang='lat' dir='ltr'>aeternae⁹</span> <span class='ocrx_word' id='word_1_213' title='bbox 446 1880 452 1900; x_wconf 91' lang='lat'>:</span> <span class='ocrx_word' id='word_1_214' title='bbox 475 1869 552 1900; x_wconf 85' lang='lat' dir='ltr'>«Tu</span> <span class='ocrx_word' id='word_1_215' title='bbox 573 1871 681 1900; x_wconf 86' lang='lat' dir='ltr'>autem</span> <span class='ocrx_word' id='word_1_216' title='bbox 703 1878 776 1899; x_wconf 88' lang='lat' dir='ltr'>cum</span> <span class='ocrx_word' id='word_1_217' title='bbox 798 1870 956 1907; x_wconf 85' lang='lat' dir='ltr'>oraveris,</span> 
     </span>
     <span class='ocr_line' id='line_1_33' title="bbox 183 1922 959 1960; baseline 0.001 -8"><span class='ocrx_word' id='word_1_218' title='bbox 183 1922 267 1952; x_wconf 89' lang='lat' dir='ltr'>intra</span> <span class='ocrx_word' id='word_1_219' title='bbox 292 1922 325 1952; x_wconf 91' lang='lat' dir='ltr'>in</span> <span class='ocrx_word' id='word_1_220' title='bbox 349 1922 533 1952; x_wconf 87' lang='lat' dir='ltr'>cubiculum</span> <span class='ocrx_word' id='word_1_221' title='bbox 557 1924 663 1960; x_wconf 83' lang='lat' dir='ltr'>tuum,</span> <span class='ocrx_word' id='word_1_222' title='bbox 693 1924 723 1952; x_wconf 90' lang='lat' dir='ltr'>et</span> <span class='ocrx_word' id='word_1_223' title='bbox 749 1922 855 1952; x_wconf 88' lang='lat' dir='ltr'>clauso</span> <span class='ocrx_word' id='word_1_224' title='bbox 879 1923 959 1953; x_wconf 88' lang='lat' dir='ltr'>ostio</span> 
     </span>
     <span class='ocr_line' id='line_1_34' title="bbox 185 1975 960 2015; baseline 0.001 -10"><span class='ocrx_word' id='word_1_225' title='bbox 185 1983 241 2005; x_wconf 90' lang='lat' dir='ltr'>ora</span> <span class='ocrx_word' id='word_1_226' title='bbox 265 1977 388 2014; x_wconf 87' lang='lat' dir='ltr'>patrem</span> <span class='ocrx_word' id='word_1_227' title='bbox 414 1977 507 2006; x_wconf 87' lang='lat' dir='ltr'>tuum</span> <span class='ocrx_word' id='word_1_228' title='bbox 532 1975 563 2004; x_wconf 94' lang='lat' dir='ltr'>in</span> <span class='ocrx_word' id='word_1_229' title='bbox 586 1975 789 2013; x_wconf 84' lang='lat' dir='ltr'>abscondito,</span> <span class='ocrx_word' id='word_1_230' title='bbox 818 1977 849 2005; x_wconf 91' lang='lat' dir='ltr'>et</span> <span class='ocrx_word' id='word_1_231' title='bbox 872 1977 960 2015; x_wconf 87' lang='lat' dir='ltr'>pater</span> 
     </span>
     <span class='ocr_line' id='line_1_35' title="bbox 184 2028 956 2067; baseline 0.003 -10"><span class='ocrx_word' id='word_1_232' title='bbox 184 2029 269 2065; x_wconf 90' lang='lat' dir='ltr'>tuus,</span> <span class='ocrx_word' id='word_1_233' title='bbox 294 2028 348 2067; x_wconf 88' lang='lat' dir='ltr'>qui</span> <span class='ocrx_word' id='word_1_234' title='bbox 367 2028 454 2059; x_wconf 87' lang='lat' dir='ltr'>videt</span> <span class='ocrx_word' id='word_1_235' title='bbox 473 2028 506 2058; x_wconf 89' lang='lat' dir='ltr'>in</span> <span class='ocrx_word' id='word_1_236' title='bbox 524 2028 720 2066; x_wconf 83' lang='lat' dir='ltr'>abscondito,</span> <span class='ocrx_word' id='word_1_237' title='bbox 736 2028 845 2059; x_wconf 86' lang='lat' dir='ltr'>reddet</span> <span class='ocrx_word' id='word_1_238' title='bbox 860 2028 927 2059; x_wconf 91' lang='lat' dir='ltr'>tibi.</span> <span class='ocrx_word' id='word_1_239' title='bbox 942 2039 956 2056; x_wconf 74' lang='grc' dir='ltr'>ι)</span> 
     </span>
     <span class='ocr_line' id='line_1_36' title="bbox 187 2080 961 2119; baseline 0.003 -9"><span class='ocrx_word' id='word_1_240' title='bbox 187 2080 208 2099; x_wconf 86' lang='lat'>¹⁰</span> <span class='ocrx_word' id='word_1_241' title='bbox 221 2080 398 2117; x_wconf 71' lang='lat' dir='ltr'>«Quoniam</span> <span class='ocrx_word' id='word_1_242' title='bbox 409 2083 456 2119; x_wconf 88' lang='lat' dir='ltr'>tu,</span> <span class='ocrx_word' id='word_1_243' title='bbox 472 2081 552 2113; x_wconf 88' lang='lat' dir='ltr'>Deus</span> <span class='ocrx_word' id='word_1_244' title='bbox 563 2090 664 2118; x_wconf 88' lang='lat' dir='ltr'>meus,</span> <span class='ocrx_word' id='word_1_245' title='bbox 678 2081 834 2112; x_wconf 77' lang='lat' dir='ltr'>exaudisti</span> <span class='ocrx_word' id='word_1_246' title='bbox 850 2081 961 2112; x_wconf 87' lang='lat' dir='ltr'>oratio-</span> 
     </span>
     <span class='ocr_line' id='line_1_37' title="bbox 184 2134 960 2166; baseline 0.003 -2"><span class='ocrx_word' id='word_1_247' title='bbox 184 2142 258 2164; x_wconf 90' lang='lat' dir='ltr'>nem</span> <span class='ocrx_word' id='word_1_248' title='bbox 283 2143 388 2165; x_wconf 88' lang='lat' dir='ltr'>meam</span> <span class='ocrx_word' id='word_1_249' title='bbox 410 2146 417 2163; x_wconf 76' lang='grc' dir='ltr'>ε</span> <span class='ocrx_word' id='word_1_250' title='bbox 438 2134 549 2166; x_wconf 90' lang='lat' dir='ltr'>dedisti</span> <span class='ocrx_word' id='word_1_251' title='bbox 572 2135 791 2166; x_wconf 62' lang='lat' dir='ltr'>haereditatem</span> <span class='ocrx_word' id='word_1_252' title='bbox 815 2135 960 2166; x_wconf 89' lang='lat' dir='ltr'>timenti-</span> 
     </span>
     <span class='ocr_line' id='line_1_38' title="bbox 185 2187 958 2219; baseline 0.004 -3"><span class='ocrx_word' id='word_1_253' title='bbox 185 2187 247 2217; x_wconf 93' lang='lat' dir='ltr'>bus</span> <span class='ocrx_word' id='word_1_254' title='bbox 265 2196 382 2218; x_wconf 91' lang='lat' dir='ltr'>nomen</span> <span class='ocrx_word' id='word_1_255' title='bbox 402 2190 505 2218; x_wconf 86' lang='lat' dir='ltr'>tuum.</span> <span class='ocrx_word' id='word_1_256' title='bbox 527 2199 542 2216; x_wconf 89' lang='lat'>»</span> <span class='ocrx_word' id='word_1_257' title='bbox 565 2188 603 2218; x_wconf 81' lang='lat' dir='ltr'>Et</span> <span class='ocrx_word' id='word_1_258' title='bbox 622 2188 640 2204; x_wconf 87' lang='lat'>¹¹</span> <span class='ocrx_word' id='word_1_259' title='bbox 665 2199 671 2218; x_wconf 89' lang='lat'>:</span> <span class='ocrx_word' id='word_1_260' title='bbox 698 2200 712 2216; x_wconf 90' lang='lat'>«</span> <span class='ocrx_word' id='word_1_261' title='bbox 731 2187 880 2219; x_wconf 84' lang='lat' dir='ltr'>Laudabo</span> <span class='ocrx_word' id='word_1_262' title='bbox 902 2197 958 2219; x_wconf 92' lang='lat' dir='ltr'>uo-</span> 
     </span>
     <span class='ocr_line' id='line_1_39' title="bbox 186 2241 961 2278; baseline 0.003 -8"><span class='ocrx_word' id='word_1_263' title='bbox 186 2249 260 2270; x_wconf 90' lang='lat' dir='ltr'>men</span> <span class='ocrx_word' id='word_1_264' title='bbox 284 2243 377 2271; x_wconf 91' lang='lat' dir='ltr'>tuum</span> <span class='ocrx_word' id='word_1_265' title='bbox 400 2241 541 2278; x_wconf 81' lang='lat' dir='ltr'>assidue,</span> <span class='ocrx_word' id='word_1_266' title='bbox 565 2243 597 2272; x_wconf 90' lang='lat' dir='ltr'>et</span> <span class='ocrx_word' id='word_1_267' title='bbox 618 2241 803 2272; x_wconf 81' lang='lat' dir='ltr'>collaudabo</span> <span class='ocrx_word' id='word_1_268' title='bbox 829 2241 906 2272; x_wconf 87' lang='lat' dir='ltr'>illud</span> <span class='ocrx_word' id='word_1_269' title='bbox 928 2242 961 2272; x_wconf 92' lang='lat' dir='ltr'>in</span> 
     </span>
     <span class='ocr_line' id='line_1_40' title="bbox 186 2293 961 2331; baseline 0.005 -9"><span class='ocrx_word' id='word_1_270' title='bbox 186 2293 397 2331; x_wconf 81' lang='lat' dir='ltr'>confessione,</span> <span class='ocrx_word' id='word_1_271' title='bbox 412 2296 443 2324; x_wconf 85' lang='lat' dir='ltr'>et</span> <span class='ocrx_word' id='word_1_272' title='bbox 457 2294 606 2325; x_wconf 81' lang='lat' dir='ltr'>exaudita</span> <span class='ocrx_word' id='word_1_273' title='bbox 620 2296 666 2324; x_wconf 89' lang='lat' dir='ltr'>est</span> <span class='ocrx_word' id='word_1_274' title='bbox 681 2295 782 2325; x_wconf 88' lang='lat' dir='ltr'>oratio</span> <span class='ocrx_word' id='word_1_275' title='bbox 799 2304 879 2326; x_wconf 85' lang='lat' dir='ltr'>mea.</span> <span class='ocrx_word' id='word_1_276' title='bbox 891 2306 906 2324; x_wconf 80' lang='grc' dir='ltr'>ι)</span> <span class='ocrx_word' id='word_1_277' title='bbox 926 2295 961 2326; x_wconf 93' lang='lat' dir='ltr'>In</span> 
     </span>
     <span class='ocr_line' id='line_1_41' title="bbox 186 2346 958 2386; baseline 0.005 -11"><span class='ocrx_word' id='word_1_278' title='bbox 186 2346 326 2385; x_wconf 84' lang='lat' dir='ltr'>figuram</span> <span class='ocrx_word' id='word_1_279' title='bbox 341 2348 446 2377; x_wconf 77' lang='lat' dir='ltr'>auten]</span> <span class='ocrx_word' id='word_1_280' title='bbox 466 2347 585 2378; x_wconf 87' lang='lat' dir='ltr'>harum</span> <span class='ocrx_word' id='word_1_281' title='bbox 607 2347 715 2378; x_wconf 82' lang='lat' dir='ltr'>decem</span> <span class='ocrx_word' id='word_1_282' title='bbox 737 2348 958 2386; x_wconf 85' lang='lat' dir='ltr'>efficaciarum,</span> 
     </span>
     <span class='ocr_line' id='line_1_42' title="bbox 186 2398 961 2440; baseline 0.004 -11"><span class='ocrx_word' id='word_1_283' title='bbox 186 2398 233 2430; x_wconf 94' lang='lat' dir='ltr'>sol</span> <span class='ocrx_word' id='word_1_284' title='bbox 255 2399 295 2429; x_wconf 90' lang='lat' dir='ltr'>ad</span> <span class='ocrx_word' id='word_1_285' title='bbox 315 2399 491 2430; x_wconf 90' lang='lat' dir='ltr'>orationem</span> <span class='ocrx_word' id='word_1_286' title='bbox 511 2400 655 2431; x_wconf 72' lang='lat' dir='ltr'>Ezechiae</span> <span class='ocrx_word' id='word_1_287' title='bbox 680 2401 800 2440; x_wconf 84' lang='lat' dir='ltr'>legitur</span> <span class='ocrx_word' id='word_1_288' title='bbox 811 2402 831 2418; x_wconf 82' lang='lat'>¹²</span> <span class='ocrx_word' id='word_1_289' title='bbox 854 2401 961 2432; x_wconf 83' lang='lat' dir='ltr'>decem</span> 
     </span>
     <span class='ocr_line' id='line_1_43' title="bbox 187 2452 960 2494; baseline 0.005 -12"><span class='ocrx_word' id='word_1_290' title='bbox 187 2452 340 2491; x_wconf 85' lang='lat' dir='ltr'>gradibus</span> <span class='ocrx_word' id='word_1_291' title='bbox 355 2453 577 2484; x_wconf 86' lang='lat' dir='ltr'>retrocessisse.</span> <span class='ocrx_word' id='word_1_292' title='bbox 596 2453 642 2484; x_wconf 77' lang='lat' dir='ltr'>Ex</span> <span class='ocrx_word' id='word_1_293' title='bbox 661 2455 778 2494; x_wconf 88' lang='lat' dir='ltr'>quibus</span> <span class='ocrx_word' id='word_1_294' title='bbox 800 2455 960 2494; x_wconf 84' lang='lat' dir='ltr'>colligitur</span> 
     </span>
     <span class='ocr_line' id='line_1_44' title="bbox 187 2506 962 2548; baseline 0.005 -12"><span class='ocrx_word' id='word_1_295' title='bbox 187 2506 273 2546; x_wconf 88' lang='lat' dir='ltr'>quod</span> <span class='ocrx_word' id='word_1_296' title='bbox 287 2506 389 2537; x_wconf 86' lang='lat' dir='ltr'>oratio</span> <span class='ocrx_word' id='word_1_297' title='bbox 404 2506 556 2545; x_wconf 80' lang='lat' dir='ltr'>praevalet</span> <span class='ocrx_word' id='word_1_298' title='bbox 570 2509 694 2538; x_wconf 79' lang='lat' dir='ltr'>naturae</span> <span class='ocrx_word' id='word_1_299' title='bbox 710 2509 863 2545; x_wconf 82' lang='lat' dir='ltr'>inferiori,</span> <span class='ocrx_word' id='word_1_300' title='bbox 880 2517 962 2548; x_wconf 84' lang='lat' dir='ltr'>prae-</span> 
     </span>
    </p>
   </div>
   <div class='ocr_carea' id='block_1_3' title="bbox 188 2567 962 2707">
    <p class='ocr_par' dir='ltr' id='par_1_3' title="bbox 188 2567 962 2707">
     <span class='ocr_line' id='line_1_45' title="bbox 221 2567 962 2602; baseline 0.004 -11"><span class='ocrx_word' id='word_1_301' title='bbox 221 2568 226 2581; x_wconf 84' lang='lat'>¹</span> <span class='ocrx_word' id='word_1_302' title='bbox 243 2569 249 2591; x_wconf 91' lang='lat' dir='ltr'>l</span> <span class='ocrx_word' id='word_1_303' title='bbox 268 2567 339 2597; x_wconf 68' lang='lat' dir='ltr'>Tim„</span> <span class='ocrx_word' id='word_1_304' title='bbox 354 2573 384 2598; x_wconf 83' lang='lat' dir='ltr'>u,</span> <span class='ocrx_word' id='word_1_305' title='bbox 401 2571 421 2598; x_wconf 86' lang='lat'>1,</span> <span class='ocrx_word' id='word_1_306' title='bbox 434 2570 457 2591; x_wconf 75' lang='lat'>2.</span> <span class='ocrx_word' id='word_1_307' title='bbox 473 2581 502 2586; x_wconf 98' lang='lat'><strong>—</strong></span> <span class='ocrx_word' id='word_1_308' title='bbox 515 2568 523 2582; x_wconf 76' lang='lat'><strong>²</strong></span> <span class='ocrx_word' id='word_1_309' title='bbox 536 2568 690 2599; x_wconf 68' lang='lat' dir='ltr'>1211il1&#39;p.‚1v,</span> <span class='ocrx_word' id='word_1_310' title='bbox 705 2572 730 2598; x_wconf 77' lang='grc' dir='ltr'>ὓ,</span> <span class='ocrx_word' id='word_1_311' title='bbox 742 2571 765 2594; x_wconf 75' lang='lat'>7.</span> <span class='ocrx_word' id='word_1_312' title='bbox 778 2584 807 2588; x_wconf 98' lang='lat'><strong>—</strong></span> <span class='ocrx_word' id='word_1_313' title='bbox 822 2571 832 2586; x_wconf 74' lang='lat'>³</span> <span class='ocrx_word' id='word_1_314' title='bbox 846 2571 876 2594; x_wconf 87' lang='lat'>111</span> <span class='ocrx_word' id='word_1_315' title='bbox 893 2571 962 2602; x_wconf 56' lang='lat'>[5897</span> 
     </span>
     <span class='ocr_line' id='line_1_46' title="bbox 188 2603 962 2637; baseline 0.004 -10"><span class='ocrx_word' id='word_1_316' title='bbox 188 2608 266 2633; x_wconf 78' lang='lat' dir='ltr'>xviii,</span> <span class='ocrx_word' id='word_1_317' title='bbox 288 2604 328 2627; x_wconf 79' lang='lat'>24.</span> <span class='ocrx_word' id='word_1_318' title='bbox 350 2616 376 2620; x_wconf 87' lang='lat'>—-</span> <span class='ocrx_word' id='word_1_319' title='bbox 400 2603 410 2620; x_wconf 78' lang='lat'><strong>⁴</strong></span> <span class='ocrx_word' id='word_1_320' title='bbox 427 2603 492 2630; x_wconf 81' lang='lat' dir='ltr'>Act..</span> <span class='ocrx_word' id='word_1_321' title='bbox 517 2609 539 2633; x_wconf 86' lang='grc' dir='ltr'>ι,</span> <span class='ocrx_word' id='word_1_322' title='bbox 560 2605 599 2627; x_wconf 76' lang='lat'>14.</span> <span class='ocrx_word' id='word_1_323' title='bbox 617 2617 649 2622; x_wconf 93' lang='lat'><em>-</em></span> <span class='ocrx_word' id='word_1_324' title='bbox 669 2605 679 2620; x_wconf 73' lang='lat'><strong>⁶</strong></span> <span class='ocrx_word' id='word_1_325' title='bbox 698 2605 769 2635; x_wconf 85' lang='lat' dir='ltr'>lbid.‚</span> <span class='ocrx_word' id='word_1_326' title='bbox 792 2612 826 2636; x_wconf 85' lang='lat'>11,</span> <span class='ocrx_word' id='word_1_327' title='bbox 852 2609 877 2637; x_wconf 84' lang='lat'>1,</span> <span class='ocrx_word' id='word_1_328' title='bbox 897 2608 962 2630; x_wconf 87' lang='lat'>3.—</span> 
     </span>
     <span class='ocr_line' id='line_1_47' title="bbox 191 2639 961 2671; baseline 0.004 -9"><span class='ocrx_word' id='word_1_329' title='bbox 191 2639 395 2669; x_wconf 70' lang='lat' dir='ltr'>⁸111Req-,111,</span> <span class='ocrx_word' id='word_1_330' title='bbox 418 2641 442 2663; x_wconf 80' lang='grc' dir='ltr'>Η</span> <span class='ocrx_word' id='word_1_331' title='bbox 467 2641 491 2662; x_wconf 91' lang='lat' dir='ltr'>et</span> <span class='ocrx_word' id='word_1_332' title='bbox 510 2646 564 2670; x_wconf 87' lang='lat' dir='ltr'>seq.</span> <span class='ocrx_word' id='word_1_333' title='bbox 579 2651 608 2656; x_wconf 98' lang='lat'><strong>—</strong></span> <span class='ocrx_word' id='word_1_334' title='bbox 628 2640 636 2653; x_wconf 89' lang='lat'>⁷</span> <span class='ocrx_word' id='word_1_335' title='bbox 649 2640 713 2668; x_wconf 64' lang='lat' dir='ltr'>lac„</span> <span class='ocrx_word' id='word_1_336' title='bbox 736 2646 757 2670; x_wconf 85' lang='grc' dir='ltr'>ι,</span> <span class='ocrx_word' id='word_1_337' title='bbox 772 2642 795 2664; x_wconf 81' lang='grc'>5.</span> <span class='ocrx_word' id='word_1_338' title='bbox 814 2654 844 2659; x_wconf 92' lang='grc'><strong>-</strong></span> <span class='ocrx_word' id='word_1_339' title='bbox 862 2641 872 2658; x_wconf 83' lang='lat'>⁸</span> <span class='ocrx_word' id='word_1_340' title='bbox 888 2641 961 2671; x_wconf 64' lang='lat' dir='ltr'>thid„</span> 
     </span>
     <span class='ocr_line' id='line_1_48' title="bbox 188 2674 961 2707; baseline 0.006 -10"><span class='ocrx_word' id='word_1_341' title='bbox 188 2679 214 2704; x_wconf 90' lang='lat' dir='ltr'>v,</span> <span class='ocrx_word' id='word_1_342' title='bbox 235 2674 313 2699; x_wconf 76' lang='grc'>17-18.</span> <span class='ocrx_word' id='word_1_343' title='bbox 337 2687 364 2692; x_wconf 87' lang='lat'>-</span> <span class='ocrx_word' id='word_1_344' title='bbox 387 2674 398 2691; x_wconf 79' lang='lat'><strong>⁹</strong></span> <span class='ocrx_word' id='word_1_345' title='bbox 422 2674 522 2703; x_wconf 62' lang='lat' dir='ltr'>Mutila„</span> <span class='ocrx_word' id='word_1_346' title='bbox 547 2680 586 2705; x_wconf 76' lang='grc' dir='ltr'>νι,</span> <span class='ocrx_word' id='word_1_347' title='bbox 606 2676 630 2698; x_wconf 86' lang='grc'>6.</span> <span class='ocrx_word' id='word_1_348' title='bbox 647 2687 676 2694; x_wconf 90' lang='grc'><strong>-</strong></span> <span class='ocrx_word' id='word_1_349' title='bbox 697 2675 716 2693; x_wconf 81' lang='lat'>¹⁰</span> <span class='ocrx_word' id='word_1_350' title='bbox 737 2675 804 2700; x_wconf 75' lang='lat' dir='ltr'>Psal.</span> <span class='ocrx_word' id='word_1_351' title='bbox 825 2683 874 2707; x_wconf 74' lang='lat' dir='ltr'>Lx,</span> <span class='ocrx_word' id='word_1_352' title='bbox 893 2678 916 2701; x_wconf 88' lang='grc'>6.</span> <span class='ocrx_word' id='word_1_353' title='bbox 931 2689 961 2695; x_wconf 90' lang='lat'>·—</span> 
     </span>
    </p>
   </div>
   <div class='ocr_carea' id='block_1_4' title="bbox 1013 272 1792 2495">
    <p class='ocr_par' dir='ltr' id='par_1_4' title="bbox 1015 272 1788 515">
     <span class='ocr_line' id='line_1_49' title="bbox 1015 272 1787 316; baseline 0.006 -13"><span class='ocrx_word' id='word_1_354' title='bbox 1015 272 1100 303; x_wconf 84' lang='lat' dir='ltr'>valet</span> <span class='ocrx_word' id='word_1_355' title='bbox 1113 273 1225 304; x_wconf 90' lang='lat' dir='ltr'>virtuti</span> <span class='ocrx_word' id='word_1_356' title='bbox 1239 273 1327 310; x_wconf 83' lang='lat' dir='ltr'>coeli,</span> <span class='ocrx_word' id='word_1_357' title='bbox 1338 273 1473 314; x_wconf 89' lang='lat' dir='ltr'>imperat</span> <span class='ocrx_word' id='word_1_358' title='bbox 1483 276 1607 306; x_wconf 81' lang='lat' dir='ltr'>naturae</span> <span class='ocrx_word' id='word_1_359' title='bbox 1618 275 1787 316; x_wconf 75' lang='lat' dir='ltr'>spirituali,</span> 
     </span>
     <span class='ocr_line' id='line_1_50' title="bbox 1015 325 1788 366; baseline 0.006 -11"><span class='ocrx_word' id='word_1_360' title='bbox 1015 325 1145 356; x_wconf 86' lang='lat' dir='ltr'>attrahit</span> <span class='ocrx_word' id='word_1_361' title='bbox 1165 326 1319 366; x_wconf 88' lang='lat' dir='ltr'>Spiritum</span> <span class='ocrx_word' id='word_1_362' title='bbox 1338 329 1497 365; x_wconf 83' lang='lat' dir='ltr'>sanetum,</span> <span class='ocrx_word' id='word_1_363' title='bbox 1522 327 1652 358; x_wconf 85' lang='lat' dir='ltr'>inclinat</span> <span class='ocrx_word' id='word_1_364' title='bbox 1671 328 1788 360; x_wconf 87' lang='lat' dir='ltr'>Filium</span> 
     </span>
     <span class='ocr_line' id='line_1_51' title="bbox 1016 378 1788 422; baseline 0.005 -13"><span class='ocrx_word' id='word_1_365' title='bbox 1016 378 1084 416; x_wconf 91' lang='lat' dir='ltr'>Dei,</span> <span class='ocrx_word' id='word_1_366' title='bbox 1101 382 1131 410; x_wconf 91' lang='lat' dir='ltr'>et</span> <span class='ocrx_word' id='word_1_367' title='bbox 1147 379 1274 417; x_wconf 76' lang='lat' dir='ltr'>mitigat</span> <span class='ocrx_word' id='word_1_368' title='bbox 1289 379 1429 417; x_wconf 88' lang='lat' dir='ltr'>Patrem,</span> <span class='ocrx_word' id='word_1_369' title='bbox 1448 389 1484 410; x_wconf 89' lang='lat' dir='ltr'>ac</span> <span class='ocrx_word' id='word_1_370' title='bbox 1499 389 1554 420; x_wconf 89' lang='lat' dir='ltr'>per</span> <span class='ocrx_word' id='word_1_371' title='bbox 1569 381 1629 412; x_wconf 88' lang='lat' dir='ltr'>hoc</span> <span class='ocrx_word' id='word_1_372' title='bbox 1649 382 1788 422; x_wconf 85' lang='lat' dir='ltr'>quodam</span> 
     </span>
     <span class='ocr_line' id='line_1_52' title="bbox 1016 432 1787 473; baseline 0.005 -11"><span class='ocrx_word' id='word_1_373' title='bbox 1016 432 1110 463; x_wconf 89' lang='lat' dir='ltr'>modo</span> <span class='ocrx_word' id='word_1_374' title='bbox 1133 432 1312 463; x_wconf 89' lang='lat' dir='ltr'>dominium</span> <span class='ocrx_word' id='word_1_375' title='bbox 1333 432 1429 463; x_wconf 85' lang='lat' dir='ltr'>habet</span> <span class='ocrx_word' id='word_1_376' title='bbox 1453 437 1598 473; x_wconf 88' lang='lat' dir='ltr'>respectu</span> <span class='ocrx_word' id='word_1_377' title='bbox 1621 434 1787 466; x_wconf 90' lang='lat' dir='ltr'>universo-</span> 
     </span>
     <span class='ocr_line' id='line_1_53' title="bbox 1017 493 1102 515; baseline 0 0"><span class='ocrx_word' id='word_1_378' title='bbox 1017 493 1102 515; x_wconf 87' lang='lat' dir='ltr'>rum.</span> 
     </span>
    </p>

    <p class='ocr_par' dir='ltr' id='par_1_5' title="bbox 1013 537 1790 835">
     <span class='ocr_line' id='line_1_54' title="bbox 1055 537 1789 577; baseline 0.007 -9"><span class='ocrx_word' id='word_1_379' title='bbox 1055 541 1084 569; x_wconf 72' lang='grc' dir='ltr'>εὶ.</span> <span class='ocrx_word' id='word_1_380' title='bbox 1102 538 1207 569; x_wconf 67' lang='lat' dir='ltr'>Judex</span> <span class='ocrx_word' id='word_1_381' title='bbox 1222 537 1356 577; x_wconf 78' lang='lat' dir='ltr'>quidam</span> <span class='ocrx_word' id='word_1_382' title='bbox 1371 542 1450 576; x_wconf 77' lang='lat' dir='ltr'>erat,</span> <span class='ocrx_word' id='word_1_383' title='bbox 1467 541 1525 569; x_wconf 90' lang='lat' dir='ltr'>etc.</span> <span class='ocrx_word' id='word_1_384' title='bbox 1543 539 1616 571; x_wconf 91' lang='lat' dir='ltr'>Post</span> <span class='ocrx_word' id='word_1_385' title='bbox 1633 541 1789 572; x_wconf 85' lang='lat' dir='ltr'>rationem</span> 
     </span>
     <span class='ocr_line' id='line_1_55' title="bbox 1017 591 1787 632; baseline 0.006 -11"><span class='ocrx_word' id='word_1_386' title='bbox 1017 592 1173 632; x_wconf 58' lang='lat' dir='ltr'>parabola}</span> <span class='ocrx_word' id='word_1_387' title='bbox 1192 591 1444 630; x_wconf 80' lang='lat' dir='ltr'>introducendae,</span> <span class='ocrx_word' id='word_1_388' title='bbox 1459 593 1605 624; x_wconf 87' lang='lat' dir='ltr'>subditur</span> <span class='ocrx_word' id='word_1_389' title='bbox 1618 594 1672 624; x_wconf 89' lang='lat' dir='ltr'>hic</span> <span class='ocrx_word' id='word_1_390' title='bbox 1686 594 1787 626; x_wconf 88' lang='lat' dir='ltr'>intro-</span> 
     </span>
     <span class='ocr_line' id='line_1_56' title="bbox 1017 645 1790 688; baseline 0.005 -13"><span class='ocrx_word' id='word_1_391' title='bbox 1017 645 1122 675; x_wconf 89' lang='lat' dir='ltr'>ductio</span> <span class='ocrx_word' id='word_1_392' title='bbox 1137 645 1235 684; x_wconf 89' lang='lat' dir='ltr'>ipsius</span> <span class='ocrx_word' id='word_1_393' title='bbox 1248 645 1425 684; x_wconf 78' lang='lat' dir='ltr'>parabolae;</span> <span class='ocrx_word' id='word_1_394' title='bbox 1445 646 1527 676; x_wconf 87' lang='lat' dir='ltr'>circa</span> <span class='ocrx_word' id='word_1_395' title='bbox 1542 648 1634 686; x_wconf 80' lang='lat' dir='ltr'>quus</span> <span class='ocrx_word' id='word_1_396' title='bbox 1659 656 1790 688; x_wconf 83' lang='lat' dir='ltr'>expres-</span> 
     </span>
     <span class='ocr_line' id='line_1_57' title="bbox 1017 697 1789 737; baseline 0.005 -9"><span class='ocrx_word' id='word_1_397' title='bbox 1017 698 1140 729; x_wconf 85' lang='lat' dir='ltr'>sionem</span> <span class='ocrx_word' id='word_1_398' title='bbox 1164 698 1224 728; x_wconf 84' lang='lat' dir='ltr'>tria</span> <span class='ocrx_word' id='word_1_399' title='bbox 1246 697 1491 729; x_wconf 85' lang='lat' dir='ltr'>introducuntur</span> <span class='ocrx_word' id='word_1_400' title='bbox 1504 723 1512 737; x_wconf 93' lang='lat'>,</span> <span class='ocrx_word' id='word_1_401' title='bbox 1535 699 1653 730; x_wconf 87' lang='lat' dir='ltr'>scilicet</span> <span class='ocrx_word' id='word_1_402' title='bbox 1673 700 1789 732; x_wconf 80' lang='lat' dir='ltr'>duritia</span> 
     </span>
     <span class='ocr_line' id='line_1_58' title="bbox 1013 751 1789 794; baseline 0.005 -12"><span class='ocrx_word' id='word_1_403' title='bbox 1013 751 1130 792; x_wconf 86' lang='lat' dir='ltr'>judicis</span> <span class='ocrx_word' id='word_1_404' title='bbox 1141 775 1148 787; x_wconf 86' lang='lat'>‚</span> <span class='ocrx_word' id='word_1_405' title='bbox 1164 751 1314 781; x_wconf 87' lang='lat' dir='ltr'>instantia</span> <span class='ocrx_word' id='word_1_406' title='bbox 1333 752 1496 791; x_wconf 87' lang='lat' dir='ltr'>pauperis,</span> <span class='ocrx_word' id='word_1_407' title='bbox 1517 755 1548 783; x_wconf 86' lang='lat' dir='ltr'>et</span> <span class='ocrx_word' id='word_1_408' title='bbox 1562 753 1700 785; x_wconf 85' lang='lat' dir='ltr'>efficacia</span> <span class='ocrx_word' id='word_1_409' title='bbox 1714 763 1789 794; x_wconf 90' lang='lat' dir='ltr'>pre-</span> 
     </span>
     <span class='ocr_line' id='line_1_59' title="bbox 1018 805 1074 835; baseline 0 0"><span class='ocrx_word' id='word_1_410' title='bbox 1018 805 1074 835; x_wconf 87' lang='lat' dir='ltr'>cis.</span> 
     </span>
    </p>

    <p class='ocr_par' dir='ltr' id='par_1_6' title="bbox 1016 857 1792 2121">
     <span class='ocr_line' id='line_1_60' title="bbox 1059 857 1790 900; baseline 0.007 -13"><span class='ocrx_word' id='word_1_411' title='bbox 1059 857 1179 894; x_wconf 89' lang='lat' dir='ltr'>Primo,</span> <span class='ocrx_word' id='word_1_412' title='bbox 1195 859 1352 896; x_wconf 86' lang='lat' dir='ltr'>quantum</span> <span class='ocrx_word' id='word_1_413' title='bbox 1375 857 1413 887; x_wconf 89' lang='lat' dir='ltr'>ad</span> <span class='ocrx_word' id='word_1_414' title='bbox 1428 858 1578 890; x_wconf 87' lang='lat' dir='ltr'>duritiam</span> <span class='ocrx_word' id='word_1_415' title='bbox 1595 860 1724 900; x_wconf 85' lang='lat' dir='ltr'>judicis,</span> <span class='ocrx_word' id='word_1_416' title='bbox 1740 861 1790 892; x_wconf 93' lang='lat' dir='ltr'>di-</span> 
     </span>
     <span class='ocr_line' id='line_1_61' title="bbox 1017 910 1791 953; baseline 0.004 -12"><span class='ocrx_word' id='word_1_417' title='bbox 1017 911 1101 941; x_wconf 83' lang='lat' dir='ltr'>citur</span> <span class='ocrx_word' id='word_1_418' title='bbox 1125 910 1164 948; x_wconf 76' lang='lat' dir='ltr'>(a)</span> <span class='ocrx_word' id='word_1_419' title='bbox 1189 921 1195 940; x_wconf 90' lang='lat'>:</span> <span class='ocrx_word' id='word_1_420' title='bbox 1222 910 1327 941; x_wconf 70' lang='lat' dir='ltr'>‚Iudex</span> <span class='ocrx_word' id='word_1_421' title='bbox 1350 910 1479 950; x_wconf 67' lang='lat' dir='ltr'>quidem</span> <span class='ocrx_word' id='word_1_422' title='bbox 1501 916 1571 942; x_wconf 77' lang='lat' dir='ltr'>erat</span> <span class='ocrx_word' id='word_1_423' title='bbox 1593 912 1626 943; x_wconf 74' lang='lat' dir='ltr'>in</span> <span class='ocrx_word' id='word_1_424' title='bbox 1647 913 1791 953; x_wconf 82' lang='lat' dir='ltr'>quadam</span> 
     </span>
     <span class='ocr_line' id='line_1_62' title="bbox 1016 964 1792 1006; baseline 0.004 -11"><span class='ocrx_word' id='word_1_425' title='bbox 1016 964 1162 1001; x_wconf 73' lang='lat' dir='ltr'>ciuitate,</span> <span class='ocrx_word' id='word_1_426' title='bbox 1193 964 1250 1004; x_wconf 79' lang='lat' dir='ltr'>qui</span> <span class='ocrx_word' id='word_1_427' title='bbox 1270 965 1374 995; x_wconf 76' lang='lat' dir='ltr'>Deum</span> <span class='ocrx_word' id='word_1_428' title='bbox 1395 974 1459 994; x_wconf 79' lang='lat' dir='ltr'>non</span> <span class='ocrx_word' id='word_1_429' title='bbox 1489 965 1637 1004; x_wconf 77' lang='lat' dir='ltr'>tt&#39;mebat,</span> <span class='ocrx_word' id='word_1_430' title='bbox 1663 968 1792 1006; x_wconf 87' lang='lat' dir='ltr'>propter</span> 
     </span>
     <span class='ocr_line' id='line_1_63' title="bbox 1017 1017 1790 1057; baseline 0.003 -9"><span class='ocrx_word' id='word_1_431' title='bbox 1017 1017 1168 1048; x_wconf 87' lang='lat' dir='ltr'>duritiam</span> <span class='ocrx_word' id='word_1_432' title='bbox 1198 1017 1318 1055; x_wconf 82' lang='lat' dir='ltr'>cordis,</span> <span class='ocrx_word' id='word_1_433' title='bbox 1345 1026 1418 1057; x_wconf 83' lang='lat' dir='ltr'>quae</span> <span class='ocrx_word' id='word_1_434' title='bbox 1442 1018 1513 1048; x_wconf 85' lang='lat' dir='ltr'>facit</span> <span class='ocrx_word' id='word_1_435' title='bbox 1538 1018 1637 1049; x_wconf 91' lang='lat' dir='ltr'>Deum</span> <span class='ocrx_word' id='word_1_436' title='bbox 1662 1027 1727 1050; x_wconf 92' lang='lat' dir='ltr'>non</span> <span class='ocrx_word' id='word_1_437' title='bbox 1749 1020 1790 1050; x_wconf 84' lang='lat' dir='ltr'>ti-</span> 
     </span>
     <span class='ocr_line' id='line_1_64' title="bbox 1018 1070 1792 1108; baseline 0.003 -7"><span class='ocrx_word' id='word_1_438' title='bbox 1018 1079 1124 1108; x_wconf 88' lang='lat' dir='ltr'>mere,</span> <span class='ocrx_word' id='word_1_439' title='bbox 1146 1070 1323 1101; x_wconf 87' lang='lat' dir='ltr'>secundum</span> <span class='ocrx_word' id='word_1_440' title='bbox 1343 1070 1421 1101; x_wconf 91' lang='lat' dir='ltr'>illud</span> <span class='ocrx_word' id='word_1_441' title='bbox 1446 1071 1467 1089; x_wconf 79' lang='lat'>¹³</span> <span class='ocrx_word' id='word_1_442' title='bbox 1492 1080 1499 1101; x_wconf 91' lang='lat'>:</span> <span class='ocrx_word' id='word_1_443' title='bbox 1531 1071 1715 1102; x_wconf 77' lang='lat' dir='ltr'>«indurasti</span> <span class='ocrx_word' id='word_1_444' title='bbox 1738 1081 1792 1104; x_wconf 88' lang='lat' dir='ltr'>cor</span> 
     </span>
     <span class='ocr_line' id='line_1_65' title="bbox 1017 1123 1791 1161; baseline 0.004 -7"><span class='ocrx_word' id='word_1_445' title='bbox 1017 1127 1175 1161; x_wconf 84' lang='lat' dir='ltr'>nostrum,</span> <span class='ocrx_word' id='word_1_446' title='bbox 1192 1133 1233 1154; x_wconf 89' lang='lat' dir='ltr'>ne</span> <span class='ocrx_word' id='word_1_447' title='bbox 1250 1124 1434 1154; x_wconf 80' lang='lat' dir='ltr'>timeremus</span> <span class='ocrx_word' id='word_1_448' title='bbox 1450 1126 1490 1155; x_wconf 88' lang='lat' dir='ltr'>te.</span> <span class='ocrx_word' id='word_1_449' title='bbox 1507 1135 1521 1153; x_wconf 82' lang='grc' dir='ltr'>ι)</span> <span class='ocrx_word' id='word_1_450' title='bbox 1540 1123 1630 1155; x_wconf 89' lang='lat' dir='ltr'>Tales</span> <span class='ocrx_word' id='word_1_451' title='bbox 1645 1125 1791 1157; x_wconf 89' lang='lat' dir='ltr'>obdurati</span> 
     </span>
     <span class='ocr_line' id='line_1_66' title="bbox 1016 1178 1788 1217; baseline 0.003 -9"><span class='ocrx_word' id='word_1_452' title='bbox 1016 1178 1117 1208; x_wconf 87' lang='lat' dir='ltr'>Deum</span> <span class='ocrx_word' id='word_1_453' title='bbox 1132 1186 1196 1208; x_wconf 91' lang='lat' dir='ltr'>non</span> <span class='ocrx_word' id='word_1_454' title='bbox 1218 1178 1345 1214; x_wconf 82' lang='lat' dir='ltr'>timent,</span> <span class='ocrx_word' id='word_1_455' title='bbox 1371 1178 1424 1208; x_wconf 80' lang='lat' dir='ltr'>sed</span> <span class='ocrx_word' id='word_1_456' title='bbox 1442 1178 1545 1217; x_wconf 89' lang='lat' dir='ltr'>potius</span> <span class='ocrx_word' id='word_1_457' title='bbox 1562 1180 1788 1217; x_wconf 80' lang='lat' dir='ltr'>contemnunt3</span> 
     </span>
     <span class='ocr_line' id='line_1_67' title="bbox 1018 1230 1791 1270; baseline 0.004 -9"><span class='ocrx_word' id='word_1_458' title='bbox 1018 1231 1197 1270; x_wconf 85' lang='lat' dir='ltr'>inquorum</span> <span class='ocrx_word' id='word_1_459' title='bbox 1208 1239 1343 1270; x_wconf 87' lang='lat' dir='ltr'>persona</span> <span class='ocrx_word' id='word_1_460' title='bbox 1351 1230 1409 1261; x_wconf 90' lang='lat' dir='ltr'>Job</span> <span class='ocrx_word' id='word_1_461' title='bbox 1419 1231 1492 1261; x_wconf 85' lang='lat' dir='ltr'>dicit</span> <span class='ocrx_word' id='word_1_462' title='bbox 1502 1232 1523 1250; x_wconf 70' lang='lat'>¹‘</span> <span class='ocrx_word' id='word_1_463' title='bbox 1538 1242 1567 1262; x_wconf 81' lang='lat'>2«</span> <span class='ocrx_word' id='word_1_464' title='bbox 1578 1231 1654 1268; x_wconf 80' lang='lat' dir='ltr'>Quis</span> <span class='ocrx_word' id='word_1_465' title='bbox 1665 1234 1710 1262; x_wconf 87' lang='lat' dir='ltr'>est</span> <span class='ocrx_word' id='word_1_466' title='bbox 1719 1232 1791 1264; x_wconf 91' lang='lat' dir='ltr'>Om-</span> 
     </span>
     <span class='ocr_line' id='line_1_68' title="bbox 1018 1283 1791 1323; baseline 0.003 -9"><span class='ocrx_word' id='word_1_467' title='bbox 1018 1285 1177 1323; x_wconf 79' lang='lat' dir='ltr'>nipotens,</span> <span class='ocrx_word' id='word_1_468' title='bbox 1195 1286 1231 1314; x_wconf 87' lang='lat' dir='ltr'>ut</span> <span class='ocrx_word' id='word_1_469' title='bbox 1246 1283 1424 1314; x_wconf 85' lang='lat' dir='ltr'>serviamus</span> <span class='ocrx_word' id='word_1_470' title='bbox 1441 1284 1470 1314; x_wconf 86' lang='lat' dir='ltr'>ei</span> <span class='ocrx_word' id='word_1_471' title='bbox 1484 1285 1498 1314; x_wconf 71' lang='grc' dir='ltr'>ἱ)</span> <span class='ocrx_word' id='word_1_472' title='bbox 1515 1296 1529 1312; x_wconf 84' lang='lat'>»</span> <span class='ocrx_word' id='word_1_473' title='bbox 1549 1284 1586 1316; x_wconf 89' lang='lat' dir='ltr'>Et</span> <span class='ocrx_word' id='word_1_474' title='bbox 1602 1286 1642 1316; x_wconf 75' lang='lat'>¹⁵:</span> <span class='ocrx_word' id='word_1_475' title='bbox 1663 1296 1678 1313; x_wconf 73' lang='grc' dir='ltr'>(ι</span> <span class='ocrx_word' id='word_1_476' title='bbox 1693 1284 1791 1322; x_wconf 88' lang='lat' dir='ltr'>Quasi</span> 
     </span>
     <span class='ocr_line' id='line_1_69' title="bbox 1017 1336 1792 1377; baseline 0.004 -10"><span class='ocrx_word' id='word_1_477' title='bbox 1017 1337 1097 1367; x_wconf 88' lang='lat' dir='ltr'>nihil</span> <span class='ocrx_word' id='word_1_478' title='bbox 1118 1337 1218 1377; x_wconf 82' lang='lat' dir='ltr'>possit</span> <span class='ocrx_word' id='word_1_479' title='bbox 1231 1337 1333 1368; x_wconf 84' lang='lat' dir='ltr'>facere</span> <span class='ocrx_word' id='word_1_480' title='bbox 1348 1336 1570 1377; x_wconf 86' lang='lat' dir='ltr'>Omnipotens,</span> <span class='ocrx_word' id='word_1_481' title='bbox 1593 1338 1792 1370; x_wconf 85' lang='lat' dir='ltr'>aestimabant</span> 
     </span>
     <span class='ocr_line' id='line_1_70' title="bbox 1018 1390 1792 1430; baseline 0.003 -9"><span class='ocrx_word' id='word_1_482' title='bbox 1018 1400 1102 1421; x_wconf 89' lang='lat' dir='ltr'>eum.</span> <span class='ocrx_word' id='word_1_483' title='bbox 1114 1402 1128 1419; x_wconf 86' lang='lat'>»</span> <span class='ocrx_word' id='word_1_484' title='bbox 1142 1390 1232 1422; x_wconf 89' lang='lat' dir='ltr'>Tales</span> <span class='ocrx_word' id='word_1_485' title='bbox 1246 1394 1320 1421; x_wconf 88' lang='lat' dir='ltr'>sunt</span> <span class='ocrx_word' id='word_1_486' title='bbox 1330 1391 1386 1430; x_wconf 89' lang='lat' dir='ltr'>qui</span> <span class='ocrx_word' id='word_1_487' title='bbox 1398 1391 1506 1422; x_wconf 87' lang='lat' dir='ltr'>dicunt</span> <span class='ocrx_word' id='word_1_488' title='bbox 1517 1391 1594 1422; x_wconf 91' lang='lat' dir='ltr'>illud</span> <span class='ocrx_word' id='word_1_489' title='bbox 1606 1392 1627 1411; x_wconf 79' lang='lat'>¹⁶</span> <span class='ocrx_word' id='word_1_490' title='bbox 1640 1403 1668 1422; x_wconf 77' lang='lat' dir='ltr'>z«</span> <span class='ocrx_word' id='word_1_491' title='bbox 1680 1391 1792 1423; x_wconf 84' lang='lat' dir='ltr'>Manus</span> 
     </span>
     <span class='ocr_line' id='line_1_71' title="bbox 1017 1444 1791 1482; baseline 0.004 -8"><span class='ocrx_word' id='word_1_492' title='bbox 1017 1446 1126 1474; x_wconf 87' lang='lat' dir='ltr'>nostra</span> <span class='ocrx_word' id='word_1_493' title='bbox 1141 1444 1266 1474; x_wconf 80' lang='lat' dir='ltr'>excelsa</span> <span class='ocrx_word' id='word_1_494' title='bbox 1278 1467 1286 1482; x_wconf 92' lang='lat'>,</span> <span class='ocrx_word' id='word_1_495' title='bbox 1311 1446 1342 1474; x_wconf 87' lang='lat' dir='ltr'>et</span> <span class='ocrx_word' id='word_1_496' title='bbox 1361 1453 1424 1474; x_wconf 92' lang='lat' dir='ltr'>non</span> <span class='ocrx_word' id='word_1_497' title='bbox 1441 1444 1593 1476; x_wconf 89' lang='lat' dir='ltr'>Dominus</span> <span class='ocrx_word' id='word_1_498' title='bbox 1605 1469 1613 1482; x_wconf 81' lang='lat'>‚</span> <span class='ocrx_word' id='word_1_499' title='bbox 1637 1446 1709 1476; x_wconf 86' lang='lat' dir='ltr'>fecit</span> <span class='ocrx_word' id='word_1_500' title='bbox 1722 1446 1791 1477; x_wconf 83' lang='lat' dir='ltr'>haee</span> 
     </span>
     <span class='ocr_line' id='line_1_72' title="bbox 1016 1497 1791 1537; baseline 0.004 -10"><span class='ocrx_word' id='word_1_501' title='bbox 1016 1497 1135 1527; x_wconf 86' lang='lat' dir='ltr'>omnia.</span> <span class='ocrx_word' id='word_1_502' title='bbox 1152 1508 1165 1525; x_wconf 90' lang='lat'>»</span> <span class='ocrx_word' id='word_1_503' title='bbox 1196 1497 1234 1527; x_wconf 88' lang='lat' dir='ltr'>Et</span> <span class='ocrx_word' id='word_1_504' title='bbox 1247 1497 1324 1537; x_wconf 88' lang='lat' dir='ltr'>quia</span> <span class='ocrx_word' id='word_1_505' title='bbox 1341 1497 1379 1527; x_wconf 83' lang='lat' dir='ltr'>ad</span> <span class='ocrx_word' id='word_1_506' title='bbox 1395 1497 1547 1528; x_wconf 89' lang='lat' dir='ltr'>duritiam</span> <span class='ocrx_word' id='word_1_507' title='bbox 1563 1499 1791 1531; x_wconf 88' lang='lat' dir='ltr'>concomitatur</span> 
     </span>
     <span class='ocr_line' id='line_1_73' title="bbox 1017 1550 1791 1590; baseline 0.005 -10"><span class='ocrx_word' id='word_1_508' title='bbox 1017 1550 1165 1590; x_wconf 85' lang='lat' dir='ltr'>superbia</span> <span class='ocrx_word' id='word_1_509' title='bbox 1177 1574 1186 1587; x_wconf 93' lang='lat'>,</span> <span class='ocrx_word' id='word_1_510' title='bbox 1208 1550 1279 1580; x_wconf 89' lang='lat' dir='ltr'>ideo</span> <span class='ocrx_word' id='word_1_511' title='bbox 1301 1550 1406 1581; x_wconf 89' lang='lat' dir='ltr'>addit:</span> <span class='ocrx_word' id='word_1_512' title='bbox 1424 1551 1469 1581; x_wconf 81' lang='lat' dir='ltr'>Et</span> <span class='ocrx_word' id='word_1_513' title='bbox 1482 1550 1643 1582; x_wconf 75' lang='lat' dir='ltr'>hominem</span> <span class='ocrx_word' id='word_1_514' title='bbox 1660 1561 1725 1584; x_wconf 81' lang='lat' dir='ltr'>non</span> <span class='ocrx_word' id='word_1_515' title='bbox 1740 1562 1791 1584; x_wconf 78' lang='lat' dir='ltr'>re-</span> 
     </span>
     <span class='ocr_line' id='line_1_74' title="bbox 1020 1604 1788 1643; baseline 0.005 -10"><span class='ocrx_word' id='word_1_516' title='bbox 1020 1604 1204 1641; x_wconf 66' lang='lat' dir='ltr'>verebatur,</span> <span class='ocrx_word' id='word_1_517' title='bbox 1242 1606 1370 1643; x_wconf 88' lang='lat' dir='ltr'>propter</span> <span class='ocrx_word' id='word_1_518' title='bbox 1407 1604 1628 1642; x_wconf 84' lang='lat' dir='ltr'>arrogantiam</span> <span class='ocrx_word' id='word_1_519' title='bbox 1662 1606 1788 1638; x_wconf 85' lang='lat' dir='ltr'>mentis.</span> 
     </span>
     <span class='ocr_line' id='line_1_75' title="bbox 1019 1656 1792 1698; baseline 0.004 -11"><span class='ocrx_word' id='word_1_520' title='bbox 1019 1657 1107 1687; x_wconf 87' lang='lat' dir='ltr'>Unde</span> <span class='ocrx_word' id='word_1_521' title='bbox 1122 1657 1172 1687; x_wconf 87' lang='lat' dir='ltr'>hic</span> <span class='ocrx_word' id='word_1_522' title='bbox 1187 1656 1225 1687; x_wconf 90' lang='lat' dir='ltr'>de</span> <span class='ocrx_word' id='word_1_523' title='bbox 1241 1666 1376 1687; x_wconf 84' lang='lat' dir='ltr'>numero</span> <span class='ocrx_word' id='word_1_524' title='bbox 1390 1657 1517 1687; x_wconf 89' lang='lat' dir='ltr'>illorum</span> <span class='ocrx_word' id='word_1_525' title='bbox 1533 1658 1602 1695; x_wconf 81' lang='lat' dir='ltr'>suit,</span> <span class='ocrx_word' id='word_1_526' title='bbox 1621 1658 1659 1688; x_wconf 90' lang='lat' dir='ltr'>de</span> <span class='ocrx_word' id='word_1_527' title='bbox 1674 1659 1792 1698; x_wconf 85' lang='lat' dir='ltr'>quibus</span> 
     </span>
     <span class='ocr_line' id='line_1_76' title="bbox 1016 1710 1790 1752; baseline 0.001 -11"><span class='ocrx_word' id='word_1_528' title='bbox 1016 1711 1130 1741; x_wconf 87' lang='lat' dir='ltr'>dicitur</span> <span class='ocrx_word' id='word_1_529' title='bbox 1146 1711 1167 1728; x_wconf 79' lang='lat'>²⁷</span> <span class='ocrx_word' id='word_1_530' title='bbox 1188 1721 1218 1740; x_wconf 91' lang='lat'>:«</span> <span class='ocrx_word' id='word_1_531' title='bbox 1229 1710 1454 1750; x_wconf 81' lang='lat' dir='ltr'>Opprimamus</span> <span class='ocrx_word' id='word_1_532' title='bbox 1468 1719 1642 1750; x_wconf 85' lang='lat' dir='ltr'>pauperem</span> <span class='ocrx_word' id='word_1_533' title='bbox 1653 1712 1790 1752; x_wconf 77' lang='lat' dir='ltr'>Justum,</span> 
     </span>
     <span class='ocr_line' id='line_1_77' title="bbox 1017 1763 1790 1803; baseline 0.003 -9"><span class='ocrx_word' id='word_1_534' title='bbox 1017 1773 1081 1795; x_wconf 91' lang='lat' dir='ltr'>non</span> <span class='ocrx_word' id='word_1_535' title='bbox 1096 1772 1266 1803; x_wconf 78' lang='lat' dir='ltr'>parcamus</span> <span class='ocrx_word' id='word_1_536' title='bbox 1282 1763 1387 1794; x_wconf 86' lang='lat' dir='ltr'>viduae</span> <span class='ocrx_word' id='word_1_537' title='bbox 1398 1788 1405 1802; x_wconf 78' lang='lat'>,</span> <span class='ocrx_word' id='word_1_538' title='bbox 1429 1772 1487 1794; x_wconf 90' lang='lat' dir='ltr'>nec</span> <span class='ocrx_word' id='word_1_539' title='bbox 1502 1764 1644 1794; x_wconf 87' lang='lat' dir='ltr'>veterani</span> <span class='ocrx_word' id='word_1_540' title='bbox 1663 1773 1790 1796; x_wconf 88' lang='lat' dir='ltr'>revere-</span> 
     </span>
     <span class='ocr_line' id='line_1_78' title="bbox 1017 1816 1789 1856; baseline 0.004 -9"><span class='ocrx_word' id='word_1_541' title='bbox 1017 1826 1109 1848; x_wconf 83' lang='lat' dir='ltr'>amur</span> <span class='ocrx_word' id='word_1_542' title='bbox 1124 1825 1219 1847; x_wconf 86' lang='lat' dir='ltr'>canos</span> <span class='ocrx_word' id='word_1_543' title='bbox 1236 1816 1327 1847; x_wconf 90' lang='lat' dir='ltr'>multi</span> <span class='ocrx_word' id='word_1_544' title='bbox 1342 1817 1532 1856; x_wconf 81' lang='lat' dir='ltr'>temporis.»</span> <span class='ocrx_word' id='word_1_545' title='bbox 1545 1816 1612 1847; x_wconf 89' lang='lat' dir='ltr'>Tali</span> <span class='ocrx_word' id='word_1_546' title='bbox 1625 1816 1740 1848; x_wconf 87' lang='lat' dir='ltr'>dicitur</span> <span class='ocrx_word' id='word_1_547' title='bbox 1752 1818 1789 1850; x_wconf 79' lang='lat'>¹⁸:</span> 
     </span>
     <span class='ocr_line' id='line_1_79' title="bbox 1021 1870 1792 1910; baseline 0.004 -11"><span class='ocrx_word' id='word_1_548' title='bbox 1021 1882 1034 1899; x_wconf 73' lang='lat' dir='ltr'>a</span> <span class='ocrx_word' id='word_1_549' title='bbox 1047 1870 1102 1902; x_wconf 83' lang='lat' dir='ltr'>Vae</span> <span class='ocrx_word' id='word_1_550' title='bbox 1118 1871 1173 1910; x_wconf 91' lang='lat' dir='ltr'>qui</span> <span class='ocrx_word' id='word_1_551' title='bbox 1186 1870 1350 1910; x_wconf 71' lang='lat' dir='ltr'>praedaris,</span> <span class='ocrx_word' id='word_1_552' title='bbox 1360 1879 1467 1900; x_wconf 90' lang='lat' dir='ltr'>nonne</span> <span class='ocrx_word' id='word_1_553' title='bbox 1478 1872 1508 1900; x_wconf 90' lang='lat' dir='ltr'>et</span> <span class='ocrx_word' id='word_1_554' title='bbox 1522 1870 1587 1910; x_wconf 89' lang='lat' dir='ltr'>ipse</span> <span class='ocrx_word' id='word_1_555' title='bbox 1602 1870 1792 1909; x_wconf 79' lang='lat' dir='ltr'>praedaberis</span> 
     </span>
     <span class='ocr_line' id='line_1_80' title="bbox 1017 1923 1792 1963; baseline 0.003 -10"><span class='ocrx_word' id='word_1_556' title='bbox 1017 1926 1047 1954; x_wconf 83' lang='lat' dir='ltr'>et</span> <span class='ocrx_word' id='word_1_557' title='bbox 1076 1923 1131 1962; x_wconf 90' lang='lat' dir='ltr'>qui</span> <span class='ocrx_word' id='word_1_558' title='bbox 1152 1923 1292 1962; x_wconf 86' lang='lat' dir='ltr'>spernis,</span> <span class='ocrx_word' id='word_1_559' title='bbox 1320 1932 1425 1954; x_wconf 90' lang='lat' dir='ltr'>nonne</span> <span class='ocrx_word' id='word_1_560' title='bbox 1453 1926 1483 1954; x_wconf 88' lang='lat' dir='ltr'>et</span> <span class='ocrx_word' id='word_1_561' title='bbox 1511 1924 1577 1963; x_wconf 89' lang='lat' dir='ltr'>ipse</span> <span class='ocrx_word' id='word_1_562' title='bbox 1605 1924 1763 1962; x_wconf 86' lang='lat' dir='ltr'>sperneris</span> <span class='ocrx_word' id='word_1_563' title='bbox 1776 1925 1792 1955; x_wconf 82' lang='lat'>¹?</span> 
     </span>
     <span class='ocr_line' id='line_1_81' title="bbox 1019 1976 1790 2016; baseline 0.003 -9"><span class='ocrx_word' id='word_1_564' title='bbox 1019 1976 1096 2007; x_wconf 84' lang='lat' dir='ltr'>Cum</span> <span class='ocrx_word' id='word_1_565' title='bbox 1127 1976 1400 2007; x_wconf 87' lang='lat' dir='ltr'>consummaveris</span> <span class='ocrx_word' id='word_1_566' title='bbox 1423 1976 1707 2016; x_wconf 82' lang='lat' dir='ltr'>depraedationem,</span> <span class='ocrx_word' id='word_1_567' title='bbox 1737 1977 1790 2009; x_wconf 91' lang='lat' dir='ltr'>de-</span> 
     </span>
     <span class='ocr_line' id='line_1_82' title="bbox 1017 2029 1791 2070; baseline 0.003 -10"><span class='ocrx_word' id='word_1_568' title='bbox 1017 2030 1209 2070; x_wconf 75' lang='lat' dir='ltr'>praedaberis</span> <span class='ocrx_word' id='word_1_569' title='bbox 1226 2041 1233 2060; x_wconf 89' lang='lat'>:</span> <span class='ocrx_word' id='word_1_570' title='bbox 1265 2038 1338 2060; x_wconf 91' lang='lat' dir='ltr'>cum</span> <span class='ocrx_word' id='word_1_571' title='bbox 1373 2029 1527 2068; x_wconf 82' lang='lat' dir='ltr'>fatigatus</span> <span class='ocrx_word' id='word_1_572' title='bbox 1558 2029 1688 2060; x_wconf 85' lang='lat' dir='ltr'>desieris</span> <span class='ocrx_word' id='word_1_573' title='bbox 1715 2039 1791 2062; x_wconf 88' lang='lat' dir='ltr'>con-</span> 
     </span>
     <span class='ocr_line' id='line_1_83' title="bbox 1016 2083 1452 2121; baseline -0.007 -7"><span class='ocrx_word' id='word_1_574' title='bbox 1016 2086 1169 2121; x_wconf 84' lang='lat' dir='ltr'>temnere,</span> <span class='ocrx_word' id='word_1_575' title='bbox 1186 2083 1421 2114; x_wconf 88' lang='lat' dir='ltr'>comtemneris.</span> <span class='ocrx_word' id='word_1_576' title='bbox 1438 2094 1452 2111; x_wconf 76' lang='lat' dir='ltr'>n</span> 
     </span>
    </p>

    <p class='ocr_par' dir='ltr' id='par_1_7' title="bbox 1015 2136 1791 2495">
     <span class='ocr_line' id='line_1_84' title="bbox 1057 2136 1788 2179; baseline 0.003 -11"><span class='ocrx_word' id='word_1_577' title='bbox 1057 2137 1210 2175; x_wconf 77' lang='lat' dir='ltr'>Secundo,</span> <span class='ocrx_word' id='word_1_578' title='bbox 1223 2140 1378 2177; x_wconf 85' lang='lat' dir='ltr'>quantum</span> <span class='ocrx_word' id='word_1_579' title='bbox 1387 2136 1426 2166; x_wconf 86' lang='lat' dir='ltr'>ad</span> <span class='ocrx_word' id='word_1_580' title='bbox 1436 2136 1618 2168; x_wconf 84' lang='lat' dir='ltr'>instantiam</span> <span class='ocrx_word' id='word_1_581' title='bbox 1628 2139 1788 2179; x_wconf 86' lang='lat' dir='ltr'>pauperis,</span> 
     </span>
     <span class='ocr_line' id='line_1_85' title="bbox 1015 2190 1791 2230; baseline 0.001 -9"><span class='ocrx_word' id='word_1_582' title='bbox 1015 2190 1119 2222; x_wconf 87' lang='lat' dir='ltr'>subdit</span> <span class='ocrx_word' id='word_1_583' title='bbox 1143 2199 1194 2230; x_wconf 55' lang='lat' dir='ltr'>tv.</span> <span class='ocrx_word' id='word_1_584' title='bbox 1214 2193 1250 2229; x_wconf 89' lang='grc'>3)</span> <span class='ocrx_word' id='word_1_585' title='bbox 1271 2201 1277 2221; x_wconf 88' lang='grc'>;</span> <span class='ocrx_word' id='word_1_586' title='bbox 1303 2190 1408 2221; x_wconf 72' lang='lat' dir='ltr'>Vidua</span> <span class='ocrx_word' id='word_1_587' title='bbox 1430 2193 1538 2220; x_wconf 76' lang='lat' dir='ltr'>autem</span> <span class='ocrx_word' id='word_1_588' title='bbox 1558 2191 1708 2230; x_wconf 82' lang='lat' dir='ltr'>quoeclam</span> <span class='ocrx_word' id='word_1_589' title='bbox 1723 2195 1791 2222; x_wconf 80' lang='lat' dir='ltr'>erat</span> 
     </span>
     <span class='ocr_line' id='line_1_86' title="bbox 1016 2243 1791 2277; baseline 0.004 -3"><span class='ocrx_word' id='word_1_590' title='bbox 1016 2244 1049 2274; x_wconf 71' lang='lat'>2⁸72</span> <span class='ocrx_word' id='word_1_591' title='bbox 1061 2244 1186 2275; x_wconf 75' lang='lat' dir='ltr'>civitate</span> <span class='ocrx_word' id='word_1_592' title='bbox 1197 2244 1252 2275; x_wconf 77' lang='lat' dir='ltr'>illa</span> <span class='ocrx_word' id='word_1_593' title='bbox 1263 2243 1383 2275; x_wconf 85' lang='lat' dir='ltr'>:vidua</span> <span class='ocrx_word' id='word_1_594' title='bbox 1395 2243 1511 2274; x_wconf 88' lang='lat' dir='ltr'>scilicet</span> <span class='ocrx_word' id='word_1_595' title='bbox 1520 2244 1669 2276; x_wconf 82' lang='lat' dir='ltr'>destituta</span> <span class='ocrx_word' id='word_1_596' title='bbox 1680 2245 1791 2277; x_wconf 86' lang='lat' dir='ltr'>solatio</span> 
     </span>
     <span class='ocr_line' id='line_1_87' title="bbox 1016 2297 1787 2337; baseline 0.003 -10"><span class='ocrx_word' id='word_1_597' title='bbox 1016 2297 1078 2327; x_wconf 85' lang='lat' dir='ltr'>viri</span> <span class='ocrx_word' id='word_1_598' title='bbox 1091 2308 1098 2334; x_wconf 88' lang='lat'>;</span> <span class='ocrx_word' id='word_1_599' title='bbox 1120 2300 1150 2328; x_wconf 91' lang='lat' dir='ltr'>et</span> <span class='ocrx_word' id='word_1_600' title='bbox 1167 2297 1282 2328; x_wconf 89' lang='lat' dir='ltr'>talibus</span> <span class='ocrx_word' id='word_1_601' title='bbox 1298 2297 1438 2328; x_wconf 84' lang='lat' dir='ltr'>maxime</span> <span class='ocrx_word' id='word_1_602' title='bbox 1457 2298 1503 2327; x_wconf 87' lang='lat' dir='ltr'>est</span> <span class='ocrx_word' id='word_1_603' title='bbox 1517 2297 1787 2337; x_wconf 89' lang='lat' dir='ltr'>subveniendum,</span> 
     </span>
     <span class='ocr_line' id='line_1_88' title="bbox 1016 2349 1791 2390; baseline 0.003 -10"><span class='ocrx_word' id='word_1_604' title='bbox 1016 2350 1192 2381; x_wconf 87' lang='lat' dir='ltr'>secundum</span> <span class='ocrx_word' id='word_1_605' title='bbox 1214 2350 1290 2381; x_wconf 91' lang='lat' dir='ltr'>illud</span> <span class='ocrx_word' id='word_1_606' title='bbox 1306 2351 1328 2370; x_wconf 82' lang='lat'>¹⁹</span> <span class='ocrx_word' id='word_1_607' title='bbox 1348 2361 1354 2380; x_wconf 84' lang='lat' dir='ltr'>z</span> <span class='ocrx_word' id='word_1_608' title='bbox 1372 2360 1388 2379; x_wconf 87' lang='lat'>«</span> <span class='ocrx_word' id='word_1_609' title='bbox 1406 2349 1542 2387; x_wconf 65' lang='lat' dir='ltr'>Quaerite</span> <span class='ocrx_word' id='word_1_610' title='bbox 1562 2350 1737 2390; x_wconf 85' lang='lat' dir='ltr'>judicium,</span> <span class='ocrx_word' id='word_1_611' title='bbox 1761 2354 1791 2382; x_wconf 90' lang='lat' dir='ltr'>et</span> 
     </span>
     <span class='ocr_line' id='line_1_89' title="bbox 1017 2402 1791 2443; baseline 0.003 -10"><span class='ocrx_word' id='word_1_612' title='bbox 1017 2403 1184 2434; x_wconf 85' lang='lat' dir='ltr'>subvenite</span> <span class='ocrx_word' id='word_1_613' title='bbox 1196 2412 1346 2443; x_wconf 88' lang='lat' dir='ltr'>oppresso</span> <span class='ocrx_word' id='word_1_614' title='bbox 1355 2427 1366 2442; x_wconf 92' lang='lat'>,</span> <span class='ocrx_word' id='word_1_615' title='bbox 1384 2402 1525 2442; x_wconf 87' lang='lat' dir='ltr'>judicate</span> <span class='ocrx_word' id='word_1_616' title='bbox 1539 2403 1671 2443; x_wconf 83' lang='lat' dir='ltr'>pupillo,</span> <span class='ocrx_word' id='word_1_617' title='bbox 1687 2404 1791 2435; x_wconf 83' lang='lat' dir='ltr'>defen—</span> 
     </span>
     <span class='ocr_line' id='line_1_90' title="bbox 1016 2455 1790 2495; baseline 0.003 -9"><span class='ocrx_word' id='word_1_618' title='bbox 1016 2456 1079 2487; x_wconf 89' lang='lat' dir='ltr'>dite</span> <span class='ocrx_word' id='word_1_619' title='bbox 1107 2456 1251 2487; x_wconf 79' lang='lat' dir='ltr'>viduam.</span> <span class='ocrx_word' id='word_1_620' title='bbox 1270 2467 1285 2485; x_wconf 78' lang='lat' dir='ltr'>n</span> <span class='ocrx_word' id='word_1_621' title='bbox 1315 2456 1445 2487; x_wconf 81' lang='lat' dir='ltr'>Talibus</span> <span class='ocrx_word' id='word_1_622' title='bbox 1471 2455 1576 2495; x_wconf 85' lang='lat' dir='ltr'>magis</span> <span class='ocrx_word' id='word_1_623' title='bbox 1600 2456 1694 2488; x_wconf 80' lang='lat' dir='ltr'>debet</span> <span class='ocrx_word' id='word_1_624' title='bbox 1720 2457 1790 2488; x_wconf 90' lang='lat' dir='ltr'>fieri</span> 
     </span>
    </p>
   </div>
   <div class='ocr_carea' id='block_1_5' title="bbox 1017 2527 1790 2663">
    <p class='ocr_par' dir='ltr' id='par_1_8' title="bbox 1017 2527 1790 2663">
     <span class='ocr_line' id='line_1_91' title="bbox 1017 2527 1790 2558; baseline 0.003 -8"><span class='ocrx_word' id='word_1_625' title='bbox 1017 2527 1036 2543; x_wconf 90' lang='lat'>¹¹</span> <span class='ocrx_word' id='word_1_626' title='bbox 1054 2527 1144 2557; x_wconf 61' lang='lat' dir='ltr'>Ecclz„</span> <span class='ocrx_word' id='word_1_627' title='bbox 1166 2533 1205 2558; x_wconf 79' lang='lat' dir='ltr'>Li,</span> <span class='ocrx_word' id='word_1_628' title='bbox 1230 2529 1267 2551; x_wconf 83' lang='lat'>15.</span> <span class='ocrx_word' id='word_1_629' title='bbox 1290 2540 1320 2546; x_wconf 90' lang='lat'>·—</span> <span class='ocrx_word' id='word_1_630' title='bbox 1346 2528 1365 2543; x_wconf 56' lang='grc' dir='ltr'>’ἓ</span> <span class='ocrx_word' id='word_1_631' title='bbox 1388 2527 1418 2551; x_wconf 89' lang='lat' dir='ltr'>lV</span> <span class='ocrx_word' id='word_1_632' title='bbox 1438 2527 1505 2557; x_wconf 60' lang='grc' dir='ltr'>Κεφ,</span> <span class='ocrx_word' id='word_1_633' title='bbox 1528 2532 1572 2556; x_wconf 79' lang='lat' dir='ltr'>xx,</span> <span class='ocrx_word' id='word_1_634' title='bbox 1592 2528 1628 2550; x_wconf 80' lang='lat'>11.</span> <span class='ocrx_word' id='word_1_635' title='bbox 1644 2538 1675 2544; x_wconf 93' lang='lat'>—</span> <span class='ocrx_word' id='word_1_636' title='bbox 1693 2527 1710 2544; x_wconf 75' lang='lat'>&#39;³</span> <span class='ocrx_word' id='word_1_637' title='bbox 1731 2527 1790 2558; x_wconf 67' lang='lat' dir='ltr'>Iso„</span> 
     </span>
     <span class='ocr_line' id='line_1_92' title="bbox 1018 2560 1788 2593; baseline 0 -7"><span class='ocrx_word' id='word_1_638' title='bbox 1018 2567 1091 2591; x_wconf 80' lang='lat' dir='ltr'>inu,</span> <span class='ocrx_word' id='word_1_639' title='bbox 1112 2564 1148 2586; x_wconf 77' lang='grc' dir='ltr'>Π.</span> <span class='ocrx_word' id='word_1_640' title='bbox 1165 2575 1194 2580; x_wconf 95' lang='grc'>-</span> <span class='ocrx_word' id='word_1_641' title='bbox 1213 2563 1229 2576; x_wconf 73' lang='lat'>¹⁸</span> <span class='ocrx_word' id='word_1_642' title='bbox 1249 2562 1303 2593; x_wconf 77' lang='lat' dir='ltr'>Joh,</span> <span class='ocrx_word' id='word_1_643' title='bbox 1323 2568 1377 2592; x_wconf 73' lang='lat' dir='ltr'>xxi,</span> <span class='ocrx_word' id='word_1_644' title='bbox 1396 2563 1433 2586; x_wconf 78' lang='lat'>¹5.</span> <span class='ocrx_word' id='word_1_645' title='bbox 1450 2575 1478 2579; x_wconf 98' lang='lat'><strong>—</strong></span> <span class='ocrx_word' id='word_1_646' title='bbox 1496 2562 1512 2577; x_wconf 83' lang='lat'>¹⁵</span> <span class='ocrx_word' id='word_1_647' title='bbox 1532 2560 1606 2592; x_wconf 65' lang='lat' dir='ltr'>ibid„</span> <span class='ocrx_word' id='word_1_648' title='bbox 1622 2567 1692 2592; x_wconf 73' lang='lat' dir='ltr'>xxu,</span> <span class='ocrx_word' id='word_1_649' title='bbox 1709 2563 1746 2586; x_wconf 82' lang='grc'>17.</span> <span class='ocrx_word' id='word_1_650' title='bbox 1762 2576 1788 2580; x_wconf 88' lang='grc'>-</span> 
     </span>
     <span class='ocr_line' id='line_1_93' title="bbox 1019 2596 1790 2657; baseline 0.003 -36"><span class='ocrx_word' id='word_1_651' title='bbox 1019 2597 1036 2656; x_wconf 66' lang='lat'>¹¹⁶</span> <span class='ocrx_word' id='word_1_652' title='bbox 1052 2598 1232 2657; x_wconf 47' lang='lat' dir='ltr'>Deu¹t=&#39;&#39;ls{1n¹11’</span> <span class='ocrx_word' id='word_1_653' title='bbox 1249 2599 1288 2657; x_wconf 50' lang='grc' dir='ltr'>ἓξ.</span> <span class='ocrx_word' id='word_1_654' title='bbox 1299 2611 1329 2616; x_wconf 94' lang='grc'>-</span> <span class='ocrx_word' id='word_1_655' title='bbox 1344 2598 1362 2614; x_wconf 68' lang='lat'>¹³</span> <span class='ocrx_word' id='word_1_656' title='bbox 1375 2596 1444 2628; x_wconf 78' lang='lat' dir='ltr'>Sap.,</span> <span class='ocrx_word' id='word_1_657' title='bbox 1458 2602 1487 2627; x_wconf 81' lang='grc' dir='ltr'>ιι,</span> <span class='ocrx_word' id='word_1_658' title='bbox 1503 2598 1540 2622; x_wconf 80' lang='lat'>10.</span> <span class='ocrx_word' id='word_1_659' title='bbox 1551 2609 1582 2615; x_wconf 92' lang='lat'>-</span> <span class='ocrx_word' id='word_1_660' title='bbox 1594 2596 1683 2628; x_wconf 82' lang='lat' dir='ltr'>¹⁸1sa.,</span> <span class='ocrx_word' id='word_1_661' title='bbox 1696 2604 1790 2629; x_wconf 72' lang='lat' dir='ltr'>nnn,</span> 
     </span>
     <span class='ocr_line' id='line_1_94' title="bbox 1033 2645 1286 2663; baseline -0.004 -6"><span class='ocrx_word' id='word_1_662' title='bbox 1033 2649 1039 2657; x_wconf 87' lang='grc' dir='ltr'>ι</span> <span class='ocrx_word' id='word_1_663' title='bbox 1056 2645 1086 2650; x_wconf 81' lang='grc'>·-</span> <span class='ocrx_word' id='word_1_664' title='bbox 1177 2651 1195 2663; x_wconf 81' lang='lat'>.,</span> <span class='ocrx_word' id='word_1_665' title='bbox 1224 2651 1232 2663; x_wconf 81' lang='lat'><em>‚</em></span> <span class='ocrx_word' id='word_1_666' title='bbox 1280 2650 1286 2656; x_wconf 77' lang='grc'><strong>.</strong></span> 
     </span>
    </p>
   </div>
   <div class='ocr_carea' id='block_1_6' title="bbox 1050 2676 1350 2707">
    <p class='ocr_par' dir='ltr' id='par_1_9' title="bbox 1050 2676 1350 2707">
     <span class='ocr_line' id='line_1_95' title="bbox 1050 2676 1350 2707; baseline -0.003 -6"><span class='ocrx_word' id='word_1_667' title='bbox 1050 2676 1082 2707; x_wconf 82' lang='grc' dir='ltr'>(α)</span> <span class='ocrx_word' id='word_1_668' title='bbox 1098 2677 1159 2702; x_wconf 82' lang='lat' dir='ltr'>Coet.</span> <span class='ocrx_word' id='word_1_669' title='bbox 1175 2677 1232 2702; x_wconf 75' lang='lat' dir='ltr'>edit.</span> <span class='ocrx_word' id='word_1_670' title='bbox 1251 2677 1350 2702; x_wconf 79' lang='lat' dir='ltr'>dieitur.</span> 
     </span>
    </p>
   </div>
  </div>
 </body>
</html>
