1987 3032
51 926 148 950 Ouatuor

44 959 95 977 suut
111 957 148 983 ju-

45 988 110 1007 dicia.

49 1477 150 1497 Judieare

50 1513 142 1532 quorum

46 1539 93 1559 erit.

56 1984 153 2008 Quatuor

48 2014 71 2034 in
92 2014 152 2040 judi-

743 212 946 244 EXPOSITlO
972 212 1010 243 ΙΝ
1032 213 1118 244 CAP.
1142 213 1178 244 V.

165 289 236 314 cere,
255 283 287 308 ut
300 281 465 316 expositum
484 281 526 306 est
547 286 651 313 supra,
679 278 761 313 quod
783 278 930 313 judicium

165 326 246 354 dedit
258 326 345 360 Filio,
362 325 432 361 quia
450 333 503 360 per
516 324 644 351 formam
656 324 732 351 servi
743 325 929 358 judicaturus

165 375 215 399 est.
239 374 271 399 Et
293 372 360 399 ideo
383 371 537 406 sequitur:
559 371 629 402 Quia
651 371 724 403 filins
748 371 872 397 hominis.
898 371 930 396 Ut

165 418 243 445 enim
264 417 303 444 ait
317 417 491 451 Augustinus
505 417 509 429 ¹
528 425 534 442 :
553 416 647 448 «Quia
666 415 696 442 in
711 416 854 450 principio
870 417 931 442 erat

164 464 309 496 Verbum,
338 462 418 489 dedit
438 462 463 488 ei
486 462 576 489 vitam
599 461 630 488 in
660 461 834 496 semetipso;
860 461 930 496 quia

164 509 290 536 Verbum
304 516 372 535 earo
387 508 494 535 factum
509 510 568 541 est,
585 507 661 534 filius
676 507 804 534 hominis
824 509 882 541 est,
903 509 931 534 et

163 554 274 589 accepit
287 556 459 589 potestatem
480 553 606 580 faciendi
627 553 730 588 judicii
747 553 775 579 in
798 553 856 579 fine
876 561 929 579 sfe-

163 599 257 626 culi.»
274 599 330 626 Sed
345 599 491 634 objicitur,
509 599 591 634 quod
606 607 666 625 non
682 599 762 626 solus
781 599 868 625 Filius
883 599 930 633 ju-

163 645 290 679 dicabit,
307 645 377 680 quia
398 645 503 672 dicitur
517 644 656 679 apostolis
671 646 681 661 ‘2
698 654 704 671 :
720 654 732 669 κ
749 644 889 671 sedebitis
904 646 930 671 et

162 699 216 718 vos
227 691 403 725 judicantes,
415 701 429 717 n
442 693 494 718 etc.
508 692 517 707 ³
534 700 546 715 «
557 690 682 724 Angelos
693 690 901 724 judicabimus.
913 700 926 715 »

164 739 196 764 Et
208 737 217 753 ⁴
233 746 240 764 ;
261 747 272 762 «
284 737 430 764 Judicium
444 736 546 763 tribuit
559 736 748 771 pauperibus.
765 746 778 759 n
791 737 865 770 Ergo
876 757 883 769 ,
899 737 931 762 ut

162 783 253 817 prius
271 784 339 810 ltem
353 782 469 809 videtur
484 782 565 818 quod
581 782 667 809 Filius
680 782 795 809 nullum
807 781 929 816 judicet,

163 828 239 856 infra
251 830 260 845 ³
276 838 290 856 ε.
300 838 313 854 «
328 830 390 856 Non
402 828 504 862 judico
520 836 712 863 quemquam.
727 838 740 854 n
753 829 785 855 Et
800 828 838 855 ad
852 828 930 854 istud

162 875 402 910 respondendum
417 874 578 902 seeundum
601 876 751 908 nugonem
764 875 786 907 ⁶,
802 874 854 901 ubi
876 874 928 907 ait,

163 921 246 956 quod
265 923 391 956 quatuor
411 923 476 948 sunt
495 920 607 954 judicia
627 929 633 946 :
654 928 780 955 quorum
801 920 931 955 primum

165 969 205 994 est
215 967 376 994 secundum
387 966 609 1002 praescientiam,
625 974 684 1001 quo
696 974 796 993 sumus
808 966 930 1000 judicati

165 1015 322 1048 antequam
343 1020 489 1046 essemus,
512 1012 580 1039 item
600 1012 681 1039 aliud
703 1013 744 1039 est
768 1011 930 1039 secundum

165 1066 297 1092 causam,
310 1066 369 1093 quo
382 1058 560 1092 judicamur,
576 1066 611 1084 ex
624 1066 683 1092 quo
696 1058 852 1093 incipimus
868 1065 930 1084 esse

163 1105 211 1131 vel
225 1104 310 1137 boni,
326 1104 374 1131 vel
389 1104 459 1131 mali
473 1114 480 1138 ;
497 1104 613 1131 tertium
628 1106 669 1130 est
684 1104 848 1130 secundum
864 1111 931 1138 ope-

163 1150 323 1183 rationem,
349 1150 470 1184 quando
494 1149 634 1184 operibus
655 1149 725 1176 foris
749 1149 931 1176 ostendimus

164 1195 266 1230 quales
281 1203 381 1222 sumus
395 1195 489 1228 intus;
506 1197 643 1230 quartum
654 1197 695 1221 est
706 1195 869 1222 secundum
884 1203 928 1222 re-

163 1241 369 1275 tributionem,
392 1241 499 1268 scilicet
522 1241 551 1267 in
574 1241 764 1276 percipienda
784 1241 929 1268 mercede.

164 1288 195 1314 ln
220 1287 271 1313 illo
291 1287 404 1321 judicio
429 1287 569 1314 sententia
592 1287 725 1320 dictatur,
749 1289 776 1313 et
799 1287 856 1314 hoo
878 1287 931 1314 erit

165 1332 254 1367 ipsius
267 1333 426 1365 Trinitatis,
438 1333 507 1359 item
517 1332 658 1359 sententia
667 1332 811 1367 profertur
823 1341 829 1359 ;
848 1332 931 1367 quod

165 1379 217 1406 erit
231 1378 314 1412 Filii,
327 1379 397 1414 quia
410 1379 441 1405 in
456 1378 635 1405 humanitate
650 1386 703 1405 sua
719 1379 814 1405 omnis
826 1379 931 1412 judicii

165 1424 336 1451 sententiam
358 1424 488 1459 proferre
512 1424 623 1459 accepit
646 1425 807 1451 secundum
834 1427 931 1459 [lugo-

164 1478 242 1497 nem.
253 1470 386 1497 Judicare
397 1478 467 1504 ergo
478 1470 651 1497 auctoritate
661 1472 688 1496 et
700 1470 855 1497 dictamine
869 1478 931 1497 sen-

164 1516 273 1549 tentiae,
290 1518 331 1543 est
345 1515 431 1542 totius
441 1515 599 1548 Trinitatis3
613 1515 745 1550 judicare
757 1524 826 1542 vero
837 1517 933 1551 prola-

164 1562 242 1589 tione
258 1562 405 1589 sententiae
416 1582 424 1595 ,
440 1564 467 1589 et
491 1562 635 1589 evidentia
652 1562 770 1595 formae,
792 1563 852 1589 sive
874 1563 931 1589 mi-

164 1608 284 1635 nisterio
298 1628 307 1641 ,
329 1609 382 1635 erit
398 1608 461 1635 Filii
481 1608 608 1635 hominis
625 1629 633 1642 ,
664 1610 693 1635 ut
707 1608 839 1643 loquitur
862 1609 908 1636 hic
922 1618 930 1643 3

163 1654 295 1688 judicare
326 1662 397 1681 vero
437 1654 599 1681 assistentia
631 1656 659 1681 et
691 1655 905 1689 approbatione
923 1676 932 1689 ,

166 1700 218 1727 erit
243 1701 445 1735 apostolorum
469 1702 496 1727 et
511 1700 743 1735 apostolicorum
758 1701 907 1727 virorum7
925 1711 931 1728 :

170 1756 183 1770 «
197 1746 336 1777 Dominus
358 1746 454 1773 veniet
472 1746 667 1780 adjudicium
688 1754 754 1772 cum
770 1747 934 1773 senioribus

164 1793 266 1827 populi
288 1793 341 1819 sui.
354 1803 367 1818 n
385 1795 417 1820 Et
429 1794 438 1809 ’³
456 1802 462 1820 :
482 1803 494 1817 «
509 1793 620 1819 Nobilis
635 1792 664 1818 in
680 1792 770 1827 portis
793 1793 837 1819 vir
853 1793 932 1827 ejus,

167 1838 288 1872 quando
315 1838 421 1865 sederit
451 1846 517 1864 eum
542 1838 724 1864 senatoribus
752 1840 841 1865 terrae.
868 1849 879 1864 »
904 1840 935 1866 Et

167 1883 204 1909 de
227 1883 271 1909 his
290 1883 365 1910 bene
381 1884 536 1918 Gregorius
553 1886 574 1916 ⁹,
597 1891 749 1918 exponens
771 1884 846 1910 illud
870 1892 933 1911 ver-

167 1928 238 1955 bum
264 1929 317 1955 Joh
341 1937 429 1964 supra
445 1929 543 1956 *ictum
572 1939 578 1956 :
610 1939 623 1954 ι(
655 1930 803 1956 Judieium
834 1930 935 1957 tribuit

167 1975 355 2010 pauperibus.
370 1985 382 1999 n
397 1975 438 2002 lbi
454 1975 533 2002 enim
549 1975 699 2009 distinguit
713 1978 840 2010 quatuor
855 1976 935 2002 ordi-

167 2028 218 2047 nes
233 2021 386 2055 injudicio
397 2042 405 2055 ,
422 2021 531 2048 scilicet
553 2030 558 2048 :
580 2021 662 2056 quod
679 2022 799 2056 quidam
820 2022 934 2056 judica-

168 2066 287 2100 buntur,
303 2074 357 2093 ncc
375 2067 569 2101 judicabunt3
596 2067 719 2102 quidam
739 2067 933 2101 judicabunt,

168 2118 222 2138 nec
240 2111 467 2146 judicabuntur3
493 2113 635 2147 quidam,
660 2120 714 2139 neo
731 2113 908 2147 judicabunt
925 2133 935 2147 ,

167 2164 221 2184 nec
233 2157 455 2191 judicabuntur,
479 2160 532 2185 etc.
558 2159 601 2185 Ad
622 2158 757 2185 ultimum
778 2159 937 2194 respondet

168 2204 250 2237 nugo
261 2203 292 2237 ¹⁰,
308 2204 391 2239 quod
407 2206 550 2239 quantum
570 2205 608 2232 ad
633 2205 803 2232 dictandam
824 2208 937 2232 senten-

168 2249 256 2283 tiam,
273 2249 311 2276 ait
326 2250 452 2277 Christus
469 2259 474 2276 :
495 2261 507 2276 α
522 2253 585 2278 Non
597 2251 698 2285 judico
715 2259 933 2286 quem(1uam;n

170 2297 312 2329 quantum
319 2304 388 2322 vero
397 2296 434 2323 ad
444 2297 650 2331 proferendam
659 2297 842 2331 sententiam,
851 2298 890 2324 ait
900 2298 934 2326 ¹¹:

169 2341 244 2368 Sicut
259 2342 356 2376 audio,
368 2344 406 2369 sic
416 2343 521 2376 judtco,
537 2344 622 2376 infra,
634 2343 750 2370 eodem.
763 2345 793 2370 Et
806 2352 842 2370 ex
854 2344 937 2371 dictis

203 2412 299 2441 ¹Aug„
315 2411 384 2441 ibid.y
401 2419 426 2435 n.
444 2415 479 2435 ιι.
493 2426 518 2430 ——
536 2414 543 2426 ²
558 2413 657 2441 Multla„
669 2420 722 2443 Xix,
736 2415 772 2436 28.
785 2426 812 2430 —-
824 2413 937 2444 ³1Cor.‚

170 2452 204 2476 w,
221 2449 243 2470 55.
257 2459 287 2464 —
302 2447 311 2462 δ
323 2447 376 2477 dub,
391 2450 558 2477 xxx»1,ti.—
574 2449 583 2464 ⁵
598 2448 657 2478 lus„
674 2454 729 2477 viii,
748 2450 782 2472 13.
797 2461 826 2465 —
840 2449 937 2480 ⁸11ug.,

169 2481 198 2504 de
214 2482 294 2510 Sama,
309 2482 351 2505 lib.
369 2483 387 2511 l,
404 2486 467 2513 pai-t.
483 2484 549 2510 Viti,
565 2491 588 2507 e.
605 2489 629 2506 ν.
644 2497 673 2501 -
690 2484 697 2499 ⁷
720 2485 778 2512 lsa„
796 2489 833 2514 ιιι,
854 2486 890 2508 tsi.
910 2498 935 2502 —

171 2515 181 2531 ⁸
192 2517 356 2547 P1·ov.,xxxi,
373 2520 411 2540 23.
424 2531 453 2535 -
468 2520 476 2531 ¹¹
488 2520 575 2548 ‹ire-g„
590 2518 679 2541 Moral.
696 2518 739 2541 lib.
754 2519 842 2548 xxvi,
855 2526 877 2542 e.
894 2526 937 2550 xx,

171 2550 203 2573 al.
218 2557 298 2582 xxvn,
315 2559 341 2575 n.
357 2554 394 2576 49.
407 2565 436 2570 —
452 2554 471 2569 ¹⁰
487 2554 562 2583 llug„
581 2554 622 2577 ubi
639 2560 693 2583 sup.
706 2566 736 2570 —
755 2553 770 2568 ¹*
787 2553 843 2583 inf„
859 2556 938 2578 36.—

172 2585 192 2600 ¹²
207 2586 283 2616 Rom„
298 2593 351 2616 xw,
364 2589 386 2611 4.
405 2601 436 2607 —
449 2589 468 2604 1³
483 2590 490 2612 l
509 2589 575 2618 Cor.y
590 2594 623 2618 ιν,
638 2590 661 2612 5.
678 2601 709 2606 —-
722 2588 742 2605 ¹⁴
760 2588 818 2618 lun,
834 2589 937 2620 collat.²

172 2625 263 2645 xxviii.
281 2634 310 2639 —
333 2623 351 2639 ¹⁸
364 2624 438 2654 Aug„
454 2625 479 2647 in
507 2625 587 2653 Joan„
613 2625 684 2647 tract.
710 2629 786 2654 xxiii,
814 2631 841 2647 n.
859 2626 881 2649 6.
908 2638 937 2643 —

1696 217 1753 246 333

986 279 1081 313 patet,
1097 279 1179 314 quod
1193 278 1380 306 temerarium
1400 280 1442 306 est
1457 279 1542 306 alicui
1561 279 1693 314 judicare
1714 281 1748 316 (a)

986 325 1077 351 alium
1090 326 1109 341 ¹2
1123 334 1128 351 :
1143 327 1204 352 «Tu
1220 325 1285 360 quis
1300 333 1340 358 es,
1357 324 1407 359 qui
1419 324 1534 359 judicas
1549 332 1669 352 servum
1681 325 1752 353 alie-

986 371 1079 397 num?
1092 381 1105 396 »
1124 373 1155 398 Et
1170 371 1190 388 ¹³
1207 379 1233 397 2«
1247 370 1339 398 Nolite
1354 372 1419 397 ante
1435 372 1548 405 tempus
1560 370 1703 404 judicare.
1715 382 1728 395 ι»

1021 417 1065 443 28.
1075 418 1106 443 Et
1121 417 1252 452 sequitur
1262 416 1390 443 secunda
1400 416 1559 451 particula,
1570 416 1601 442 in
1615 424 1675 451 qua
1688 424 1750 444 ma-

986 462 1101 489 nifestat
1122 463 1203 497 quod
1224 462 1354 497 judicat,
1379 462 1487 489 scilieet
1509 462 1625 489 malos:
1649 470 1751 489 omnes

986 508 1064 536 enim
1089 509 1237 536 suscitabit
1248 529 1257 541 ,
1284 509 1335 535 sed
1357 507 1450 535 malos
1473 507 1618 542 judicabit
1637 508 1750 542 judicio

987 554 1192 581 damnationis.
1206 556 1237 581 Et
1247 555 1302 582 hoc
1314 556 1372 587 est,
1385 554 1466 589 quod
1476 554 1515 581 ait
1526 564 1533 580 :
1544 555 1635 582 Nolt'te
1645 555 1751 588 mirari,

987 600 1022 627 dc
1039 608 1073 627 eo
1089 600 1171 635 quod
1187 600 1297 627 dictum
1309 602 1350 627 est
1364 600 1491 633 scilicet,
1503 599 1585 634 quod
1601 599 1691 626 Filius
1701 600 1754 627 ho-

986 646 1072 673 minis
1086 646 1175 673 habet
1194 647 1365 681 potestatem
1384 645 1527 680 judicium
1546 645 1659 679 facere,
1681 645 1751 680 quia

985 694 1057 719 venit
1071 693 1151 725 hora,
1166 692 1273 719 scilicet
1288 691 1319 719 in
1334 692 1391 718 fine
1406 691 1503 718 saeculi
1519 712 1528 725 ,
1543 691 1625 726 quod
1640 691 1706 718 licet
1720 691 1755 718 sit

985 738 1133 770 futurum,
1150 739 1249 764 tamen
1270 745 1398 772 praesens
1420 739 1496 771 Deo,
1522 737 1628 771 quando
1648 746 1733 765 omnes
1745 757 1753 771 ‚

986 785 1034 817 qm·
1043 786 1072 810 z'n
1082 785 1256 810 momnuentcs
1266 783 1301 818 (b)
1310 786 1383 816 sunt,
1395 783 1506 809 audient
1515 791 1611 810 vocem.
1619 785 1651 810 Et
1659 783 1699 810 sic
1714 783 1756 811 lo-

986 829 1084 863 quitur
1098 830 1241 864 quantum
1261 828 1299 855 ad
1314 828 1557 855 resurrectionem
1577 828 1753 856 animarum.

986 875 1065 901 Unde
1088 875 1265 908 Augustinus
1281 875 1301 890 ¹¹⁴
1318 883 1323 900 :
1343 884 1357 899 (ι
1371 876 1402 901 ln
1415 875 1611 901 monumentis
1625 882 1751 909 corpora

986 922 1068 954 sunt,
1085 928 1145 947 non
1160 920 1273 947 animae.
1286 930 1298 944 n
1310 921 1403 955 Supra
1417 928 1487 955 ergo
1505 920 1543 947 ait
1559 920 1595 947 de
1610 927 1754 947 resurrec-

986 966 1063 993 tione
1087 966 1273 999 animarum,
1295 966 1341 992 hic
1357 966 1394 993 de
1418 965 1628 993 resurrectione
1648 974 1753 1001 corpo-

985 1018 1060 1036 rum.
1076 1009 1155 1036 Unde
1168 1010 1343 1044 Augustinus
1354 1010 1373 1026 ¹⁵
1387 1019 1414 1036 ια
1425 1012 1586 1044 Resurgunt
1597 1009 1702 1037 animae
1714 1010 1752 1037 ab

986 1056 1137 1091 iniquitate
1152 1064 1205 1090 per
1219 1056 1261 1089 id,
1271 1056 1354 1090 quod
1369 1058 1411 1083 est
1423 1058 1511 1090 Deus;
1528 1064 1653 1091 corpora
1667 1065 1683 1084 a
1695 1065 1756 1083 cor-

986 1102 1183 1136 ruptionibus,
1199 1109 1251 1136 per
1266 1101 1297 1128 id
1312 1102 1394 1137 quod
1410 1104 1451 1129 est
1462 1102 1563 1129 homo.
1575 1113 1587 1128 η
1603 1102 1621 1118 ¹⁶
1633 1112 1646 1127 «
1657 1102 1753 1129 Domi-

986 1155 1040 1174 nus
1055 1148 1084 1174 in
1097 1147 1180 1181 jussu
1191 1168 1198 1180 ,
1216 1147 1283 1174 etin
1298 1155 1370 1174 voce
1387 1148 1479 1182 tubae,
1496 1150 1550 1176 etc.
1563 1158 1576 1174 n

1021 1197 1064 1223 29.
1082 1196 1114 1222 Et
1128 1194 1277 1229 sequitur:
1294 1195 1396 1222 Mortui
1410 1197 1562 1228 resurqent,
1575 1196 1628 1221 etc.
1642 1196 1676 1222 Et
1689 1202 1754 1229 pro-

986 1242 1077 1268 cedent
1090 1242 1138 1275 qui
1152 1242 1221 1267 bona
1247 1243 1355 1274 eqerunc
1378 1242 1407 1267 z'n
1430 1242 1645 1268 resurrectionem
1671 1243 1754 1274 υἱέας,

986 1287 1095 1314 seilicet
1113 1288 1244 1320 aeternae,
1262 1288 1309 1320 qui
1328 1294 1388 1313 vero
1403 1287 1491 1319 mala,
1510 1288 1562 1313 ete.
1579 1287 1611 1313 In
1626 1294 1756 1313 resurrec-

988 1335 1082 1359 tionem
1104 1333 1224 1366 judicit,
1247 1332 1354 1359 seilicet
1371 1331 1577 1359 damnationis
1599 1332 1640 1359 lbi
1655 1334 1752 1360 autem

987 1378 1109 1405 sumitur
1129 1378 1275 1412 judicium
1296 1385 1349 1412 pro
1374 1385 1476 1413 poena,
1502 1377 1541 1404 ait
1564 1378 1751 1412 Augustinus,

987 1426 1024 1451 De
1040 1424 1169 1459 utrisque
1190 1425 1209 1440 ¹⁷
1227 1433 1233 1450 :
1254 1433 1266 1448 (ι
1281 1423 1393 1457 Venite,
1418 1423 1583 1457 benedicti,
1600 1434 1612 1449 »
1631 1425 1701 1458 etc.;
1727 1426 1754 1451 et

986 1472 1052 1504 post
1068 1479 1074 1496 ;
1090 1471 1169 1503 «lte,
1185 1469 1332 1496 maledieti
1344 1490 1351 1501 ,
1361 1480 1374 1494 ι)
1387 1470 1464 1496 etc.¹⁸
1479 1471 1609 1498 «Omnes
1623 1478 1756 1505 resurge-

986 1523 1063 1548 mus,
1076 1515 1129 1542 sed
1141 1523 1201 1541 non
1214 1523 1315 1542 omnes
1330 1515 1562 1543 immutabimur.
1578 1526 1590 1541 >1
1602 1516 1657 1543 Sed
1673 1525 1755 1551 qua}-

987 1561 1069 1594 ritur,
1085 1561 1209 1596 qualiter
1222 1561 1276 1588 ait:
1293 1562 1324 1587 In
1334 1563 1552 1589 resurrectionem
1563 1563 1675 1597 judieii,
1685 1563 1755 1598 quia

986 1607 1017 1633 in
1032 1608 1134 1634 Psalmo
1148 1607 1169 1624 ¹⁹
1186 1616 1211 1633 z«
1222 1608 1284 1633 Non
1295 1609 1449 1642 resurgent
1463 1608 1543 1643 impii
1558 1608 1589 1635 in
1600 1608 1727 1643 judici03
1738 1619 1751 1635 »

988 1655 1019 1680 Et
1033 1661 1121 1688 supra
1142 1653 1163 1669 ²0
1185 1661 1190 1679 :
1215 1653 1292 1685 «Qui
1309 1661 1369 1680 non
1393 1653 1502 1687 credit,
1524 1654 1586 1688 Jam
1606 1654 1755 1688 judicatus

989 1701 1038 1726 est.
1053 1709 1066 1724 »
1085 1701 1116 1726 Et
1130 1699 1168 1725 ad
1183 1699 1260 1725 istud
1280 1699 1522 1734 respondendum
1537 1702 1579 1727 est
1593 1701 1756 1728 secundum

988 1745 1173 1779 Gregorium,
1190 1745 1241 1772 ubi
1255 1753 1344 1780 supra
1358 1746 1394 1779 ²¹,
1410 1745 1493 1780 quod
1506 1755 1518 1770 «
1530 1749 1681 1781 resurgent
1695 1755 1756 1774 om-

988 1799 1039 1818 nes
1058 1790 1207 1824 infideles,
1229 1790 1280 1817 sed
1298 1790 1337 1817 ad
1357 1793 1553 1826 tormentum,
1574 1800 1634 1819 non
1655 1792 1694 1819 ad
1710 1792 1757 1826 ju-

989 1836 1097 1863 dicium
1114 1845 1120 1863 z
1141 1844 1202 1863 non
1222 1836 1299 1863 enim
1324 1844 1425 1863 eorum
1445 1845 1533 1864 eausa
1552 1839 1620 1864 tunc
1640 1838 1756 1864 discuti-

988 1884 1044 1916 tur,
1069 1882 1119 1917 qui
1140 1882 1178 1909 ad
1203 1884 1392 1917 conspectum
1423 1883 1543 1909 districti
1564 1883 1672 1918 judicis
1693 1884 1756 1918 jam

988 1936 1055 1955 cum
1069 1928 1257 1955 damnatione
1267 1928 1297 1963 (c)
1308 1936 1366 1955 suae
1381 1928 1559 1956 infidelitatis
1574 1929 1726 1957 accedunt.
1740 1940 1753 1955 ι)

988 1976 1020 2001 Et
1033 1974 1101 2001 ideo
1117 1981 1177 2001 nou
1190 1974 1371 2008 judicantur,
1386 1975 1437 2001 sed
1453 1977 1552 2002 tamen
1571 1978 1709 2010 pereunt,
1724 1978 1756 2003 ut

989 2020 1028 2047 ait
1039 2020 1160 2047 ibidem.
1174 2019 1195 2035 ²²
1208 2020 1283 2052 «Qui
1300 2021 1378 2047 enim
1394 2021 1455 2048 sine
1467 2021 1531 2055 lege
1544 2024 1758 2056 peccaverunt,

989 2066 1050 2092 sine
1066 2065 1131 2099 lege
1145 2065 1317 2100 peribunt.»
1336 2068 1367 2093 Et
1385 2066 1453 2093 ideo
1474 2067 1547 2094 tales
1562 2067 1647 2094 ibunt
1661 2069 1690 2094 z'n
1712 2075 1755 2094 re-

989 2115 1175 2141 surrectionem
1190 2112 1291 2146 judieii
1302 2133 1310 2145 ‚
1327 2112 1357 2139 id
1373 2115 1431 2147 est,
1449 2112 1656 2140 damnationis
1672 2115 1704 2140 Et
1719 2113 1755 2140 de

989 2158 1033 2185 his
1056 2158 1278 2193 Chrysostomus
1294 2158 1326 2192 ²³,
1348 2158 1431 2193 quod
1447 2168 1460 2183 «
1478 2158 1561 2186 toties
1582 2159 1708 2186 inculcat
1731 2161 1759 2186 et

990 2206 1219 2236 commemorat,
1243 2203 1299 2230 hoc
1319 2204 1427 2230 scilieet
1442 2204 1587 2238 judicium
1609 2207 1636 2232 et
1650 2204 1758 2238 vitam,

990 2258 1157 2285 praeparans
1172 2249 1369 2276 auditorem.»
1384 2251 1414 2276 Et
1426 2250 1462 2276 de
1473 2250 1527 2276 ista
1541 2250 1753 2278 resurrectione

990 2296 1020 2323 in
1036 2295 1196 2323 Collatione
1213 2295 1404 2330 praedicabili,
1420 2295 1496 2322 infra
1510 2296 1541 2321 ²⁴.

1027 2344 1069 2369 30.
1087 2343 1118 2368 Et
1132 2341 1262 2376 sequitur
1279 2341 1380 2368 ultima
1392 2341 1552 2376 particula,
1563 2341 1672 2369 scilicet
1686 2349 1760 2378 quo-

992 2407 1010 2422 10
1032 2407 1037 2428 l
1061 2405 1151 2434 Thess„
1170 2411 1203 2434 iv,
1225 2407 1262 2428 13.
1278 2417 1309 2422 --
1329 2405 1344 2419 ''
1363 2404 1466 2432 Matth„
1483 2410 1542 2435 xxix,
1558 2405 1586 2429 34
1605 2407 1630 2429 et
1650 2412 1714 2436 seq„
1732 2407 1758 2430 4¹

992 2444 1016 2465 et
1046 2448 1099 2470 seq.
1128 2453 1156 2457 —
1190 2441 1209 2455 Ν
1242 2441 1249 2463 l
1281 2440 1349 2469 Corn,
1379 2445 1421 2469 xv,
1449 2441 1488 2463 51.
1506 2453 1536 2457 —
1558 2441 1576 2456 ¹⁹
1602 2441 1666 2464 Psal.
1691 2447 1709 2470 ι,
1738 2443 1761 2465 5.

991 2489 1021 2494 —
1040 2477 1061 2492 20
1081 2478 1152 2505 sup,
1177 2481 1219 2504 111,
1243 2476 1280 2498 18.
1300 2488 1329 2492 —
1350 2476 1368 2491 Ἡ
1385 2475 1470 2505 Greg,
1492 2475 1533 2498 ubi
1552 2482 1618 2505 sup.‚
1634 2482 1660 2499 n.
1679 2478 1716 2500 50.
1732 2489 1762 2494 —

992 2512 1009 2526 ²²
1025 2512 1102 2540 Rom„
1118 2516 1146 2539 ιι,
1165 2511 1199 2533 12.
1210 2522 1239 2527 —
1253 2510 1270 2523 ²³
1283 2510 1422 2540 Chrysost„
1437 2510 1760 2542 1⁴11Joan.‚h0m.xxxvui,

992 2548 1024 2571 al.
1039 2553 1128 2575 xxxix,
1144 2553 1170 2569 n.
1185 2548 1206 2570 3.
1226 2558 1252 2562 -
1269 2546 1286 2560 2¹
1302 2546 1358 2570 Vid.
1376 2545 1479 2575 Collat„
1496 2552 1588 2571 xxvui.

1024 2590 1055 2618 (α)
1073 2588 1132 2610 Caet.
1147 2586 1206 2609 edil.
1220 2587 1363 2611 vendicare.
1377 2600 1407 2605 —-
1421 2587 1453 2618 (b)
1468 2588 1528 2611 Item
1542 2590 1719 2612 monumento.
1729 2600 1759 2606 —-

993 2626 1023 2655 (c)
1039 2624 1099 2647 Coet.
1117 2622 1177 2644 edit.
1194 2623 1419 2647 condemnatione.

1790 1385 1850 1405 Judi-

1769 1415 1826 1435 cium
1835 1422 1874 1441 pro

1770 1452 1842 1472 poeua.
