1987 3032
10 1321 113 1347 Spu-itua-

10 1353 36 1372 lis
62 1359 112 1373 sen-

9 1390 56 1404 sus.

678 233 883 265 EXPOSITlO
906 233 944 264 IN
967 235 1052 266 CAP.
1076 235 1152 266 ΧΧΙ.

126 300 189 331 suit
204 309 279 331 eum
302 300 416 331 Michol
436 308 492 339 per
509 300 699 337 fenestram3
724 309 819 339 porro
839 299 891 330 ille

127 353 216 390 abiit,
232 355 262 384 et
276 352 409 391 aufugit,
427 354 520 392 atque
536 353 675 383 salvatus
689 355 747 383 est..
764 363 778 381 n

168 405 280 442 Tertio,
297 407 452 444 quantum
467 405 504 435 ad
516 405 673 445 ι1011101001
689 405 806 436 divinae
822 405 892 435 vin-

127 459 228 495 dietae,
243 457 348 488 subdit
367 458 406 496 (v,
431 458 478 497 ⁶22)
499 469 505 488 :
525 458 608 497 Quia
630 458 694 488 dies
714 458 843 488 ultionis
861 457 895 487 hz'

126 514 209 548 sunt,
221 510 460 549 adimpleantur
473 512 582 541 omnia
592 521 664 551 qzcoe
678 511 795 551 scripta
805 514 891 541 sunt.

128 563 270 593 Decrevit
286 565 392 593 autem
415 563 568 594 Dominus
586 564 746 595 destruere
765 563 893 594 Jerusa-

127 615 189 645 lem
205 615 239 645 in
259 615 413 646 ultionem
434 617 601 655 sanguinis
621 617 692 647 Jesu
714 616 847 654 Christi,
864 618 894 646 et

127 668 353 707 prophetarum
375 670 454 708 ejus
476 669 564 700 Unde
583 669 617 700 in
633 669 782 701 Matlhoeo
800 669 837 709 (a)
857 671 864 687 ¹
885 680 891 699 ε

130 733 145 749 «
160 721 198 752 Ut
212 722 319 752 veniat
333 731 492 762 supervos
507 724 611 754 omnis
628 723 761 761 sanguis
773 724 891 762 justus,

126 775 181 813 qui
205 775 324 805 effusus
347 777 393 805 est
416 785 512 814 super
532 779 666 815 terram,
691 786 710 806 a
734 777 894 815 sanguine

126 828 203 858 Abel
235 828 313 867 justi
347 838 446 867 usque
484 829 523 859 ad
558 829 747 868 sanguinem
779 829 893 859 Zacha-

126 880 194 918 riae,
210 892 224 909 »
244 883 302 912 etc.
323 893 337 910 (ι
352 882 454 911 Amen
469 881 538 912 (1100
562 882 664 920 vobis,
681 883 807 913 venient
826 883 894 913 haec

126 934 234 964 onmia
257 943 351 974 super
375 936 616 974 generationem
639 936 743 966 istam.
770 947 783 964 »
814 935 894 967 Nam

127 989 249 1018 tantum
266 988 368 1018 scelus
383 988 470 1018 nullo
484 988 578 1019 modo
596 989 705 1019 debuit
730 998 895 1020 remanere

128 1040 277 1071 inultum.
304 1041 376 1072 Ideo
400 1041 514 1071 dicitur
535 1045 567 1070 2:
590 1054 604 1071 «
630 1041 715 1073 Fecit
743 1042 896 1073 Dominus

127 1104 199 1134 quae
220 1095 381 1134 cogitavit,
403 1095 572 1134 complevit
587 1105 765 1126 sermonem
787 1105 893 1134 suum,

127 1156 222 1187 quem
250 1150 442 1187 praeceperat
469 1158 487 1178 a
516 1149 626 1179 diebus
655 1149 804 1188 antiquis.
836 1149 893 1179 De-

127 1200 255 1237 struxit,
273 1203 303 1231 et
318 1210 380 1231 non
400 1202 548 1241 pepercit,
570 1204 600 1232 et
614 1202 785 1233 laetificavit
801 1212 896 1242 super

129 1255 157 1284 te
186 1254 365 1292 inimicum,
393 1257 424 1284 et
450 1255 599 1285 exaltavit
626 1265 727 1286 cornu
755 1256 893 1286 hostium

128 1308 268 1337 tuorum.
293 1318 307 1334 »
333 1306 542 1346 Spiritualiter
571 1310 677 1338 autem
706 1309 897 1347 intelligitur

128 1369 183 1399 per
198 1360 279 1398 haec,
291 1360 368 1391 ultio
381 1361 548 1391 dominicae
561 1362 790 1401 indignationis
805 1372 895 1403 prop-

128 1415 175 1443 ter
203 1418 328 1452 peccata
356 1423 564 1453 personarum
589 1415 869 1446 ecclesiasticarum
885 1441 894 1454 ,

129 1467 194 1496 tam
206 1466 406 1498 saecularium
422 1476 517 1506 quam
534 1467 770 1507 religiosarum,
788 1479 896 1500 secun-

128 1519 205 1549 dum
218 1519 296 1549 illud
313 1519 321 1535 ⁸
344 1530 350 1550 ε
373 1531 387 1548 (ι
402 1519 562 1560 Principes
577 1522 645 1560 ejus
660 1521 693 1551 in
707 1523 896 1553 muneribus

125 1571 330 1611 Judicabant,
356 1575 385 1602 et
408 1573 582 1604 sacerdotes
605 1575 673 1613 ejus
696 1575 729 1604 in
754 1576 897 1606 mercede

131 1623 293 1661 docebant,
310 1627 340 1655 et
353 1626 516 1666 prophetae
531 1628 600 1666 eJ'us
614 1627 648 1657 in
667 1628 800 1667 pecunia
815 1628 894 1659 divi-

129 1677 257 1708 nabant.
270 1688 284 1705 »
305 1677 416 1708 Subdit
434 1688 440 1707 :
462 1690 476 1708 «
492 1678 621 1719 Propter
635 1679 705 1719 1100,
723 1690 896 1713 0011501105-

129 1728 179 1766 tri,
198 1728 273 1760 Sion
287 1730 374 1769 quasi
393 1739 471 1769 ager
489 1731 640 1769 arabitur,
658 1744 672 1760 n
695 1735 753 1763 etc.
776 1733 813 1763 Et
827 1743 896 1773 spe-

129 1781 250 1812 cialiter
288 1784 415 1822 propter
451 1786 575 1822 peccata
612 1785 815 1823 praelatorum
847 1789 857 1804 ⁶
888 1796 895 1816 :

134 1846 148 1863 α
163 1835 325 1872 Quomodo
341 1835 421 1865 facta
436 1838 481 1866 est
497 1837 647 1867 meretrix
661 1838 770 1868 civitas
786 1839 897 1877 tidelis,

132 1888 225 1927 plena
236 1888 369 1926 judicii‘.>
385 1888 400 1918 J
405 1888 509 1918 ustitia
524 1889 679 1920 habitavit
700 1891 731 1921 in
750 1901 796 1929 ea,
814 1901 900 1923 nunc

132 1943 239 1971 autem
254 1941 432 1971 homicidae.
450 1952 465 1969 1)
482 1940 518 1972 Ε1
533 1944 602 1981 post
619 1953 625 1973 z
647 1954 661 1971 «
677 1942 836 1984 Principes
850 1946 899 1976 tui

133 1993 283 2031 infideles,
297 1994 370 2024 socii
385 1994 504 2024 furum.
527 1994 642 2026 Omnes
665 1996 803 2035 diligunt
823 2008 898 2029 mu—

133 2055 220 2084 nera,
239 2048 415 2086 sequuntur
434 2048 668 2079 retributiones.
685 2060 699 2077 n
723 2050 874 2090 Sequitur
892 2062 897 2080 ε

139 2111 152 2127 «
163 2099 293 2139 Propter
303 2100 373 2137 1100,
381 2100 424 2130 ait
432 2100 585 2131 Dominus
597 2101 678 2132 Deus
688 2104 898 2143 exercituum,

134 2153 214 2183 110111
227 2152 412 2183 consolabor
425 2162 520 2193 super
535 2154 678 2185 hostibus
687 2156 778 2187 meis.
796 2168 809 2185 n
831 2157 902 2188 Ideo

135 2205 250 2235 dicitur
266 2206 275 2221 ⁵
294 2214 300 2233 :
324 2216 338 2233 t(
352 2205 422 2236 Dies
441 2206 572 2236 ultionis
587 2207 722 2247 Domini,
739 2218 844 2240 annus
857 2220 903 2241 re-

136 2257 343 2288 tributionum
364 2258 475 2297 judicii
500 2258 586 2290 Sion.
607 2271 622 2288 »
645 2261 683 2291 Et
700 2264 710 2280 ⁶
733 2273 740 2292 ι
766 2273 780 2291 (1
806 2263 904 2294 Mittet

137 2310 197 2341 illis
218 2310 301 2341 Deus
323 2312 537 2351 operationem
561 2314 692 2352 erroris,
712 2317 748 2345 ut
777 2317 905 2347 credant

138 2364 311 2402 mendacio,
324 2366 359 2394 ut
370 2364 551 2404 judicentur
566 2374 686 2405 omnes,
699 2368 829 2407 quinon
840 2378 905 2401 cre-

139 2416 285 2448 diderunt
309 2417 443 2455 veritati,
462 2418 516 2447 sed
540 2423 765 2451 consenserunt
788 2421 904 2462 iniqui—

140 2470 230 2500 tati.»
252 2470 291 2501 Et
305 2473 381 2501 tunc
404 2472 436 2500 in
463 2470 575 2500 ultima
603 2472 805 2504 tribulatione
835 2484 907 2506 con-

141 2524 386 2554 summabuntur
412 2524 538 2561 omnia,
563 2525 738 2556 secundum
767 2527 843 2558 illud
864 2529 874 2545 ⁷
896 2540 903 2559 z

173 2583 178 2598 ¹
195 2584 293 2615 Mami„
304 2586 533 2614 κ111ι1,35-36.-ἱ
544 2586 640 2617 Thr-en„
658 2593 684 2617 11,
701 2590 738 2612 17.
754 2603 784 2606 —
797 2590 806 2606 ³
820 2591 906 2621 Mida,

143 2620 233 2648 111,11,
245 2623 283 2644 12.
300 2634 325 2637 —
342 2622 349 2635 ⁴
365 2622 422 2651 lxm,
439 2627 458 2652 1,
474 2624 514 2650 21,
527 2622 611 2645 23-21.
628 2635 658 2640 -
671 2624 680 2639 ⁵
697 2624 868 2657 1111(1,Χ1(111ν,
884 2628 905 2650 8.

142 2665 171 2670 —
187 2654 195 2667 θ
208 2654 226 2677 ll
244 2654 535 2686 Thess.,u,10-11.—⁷
553 2658 635 2687 Aper„
649 2665 675 2687 Χ,
687 2660 708 2682 7.
721 2673 750 2676 —
761 2660 907 2693 ⁸1bid.,xv‚

142 2691 165 2711 ὅ.
185 2702 215 2706 -
238 2690 268 2713 ’Ἰ
288 2690 375 2721 Thess„
390 2698 413 2721 v,
434 2694 456 2715 3.
476 2705 500 2708 -
519 2692 613 2722 19Ιε(ι,,
626 2696 763 2724 xx1x‚l-⁴3.
783 2709 808 2713 -
827 2697 907 2721 1111110

1658 245 1714 274 163

953 312 967 329 «
984 300 1018 331 In
1033 301 1142 332 diebus
1163 302 1249 333 vocis
1272 303 1396 342 septimi
1420 305 1538 344 angeli⁷
1555 315 1628 337 cum
1652 317 1714 339 coe-

948 351 1030 390 perit
1052 352 1130 383 tuba
1151 361 1278 391 canere,
1301 356 1576 387 consummabitur
1596 361 1716 398 myste-

949 403 1033 434 rium
1057 405 1131 443 Dei,
1158 405 1237 436 sicut
1267 407 1500 445 evangelizavit
1525 419 1581 449 per
1607 420 1716 442 servos

950 468 1022 489 suos
1038 461 1217 500 propbetas.
1233 472 1247 490 n
1267 462 1305 492 Et
1318 465 1343 492 ⁸:
1365 474 1379 491 (1
1396 463 1563 504 Impletum
1577 469 1624 497 est
1638 469 1715 498 tem-

949 511 1038 550 plum
1054 513 1108 543 Dei
1130 515 1217 545 sumo
1238 524 1257 545 a
1276 517 1436 556 majestate
1456 518 1525 557 Dei,
1549 521 1580 550 et
1600 520 1717 552 virtute

950 565 1035 603 ejus;
1051 568 1082 596 et
1094 575 1187 597 nemo
1202 570 1322 607 poterat
1340 569 1470 601 introire
1493 571 1526 601 in
1549 574 1716 612 templum,

950 618 1048 648 donec
1070 624 1367 653 consummarentur
1385 626 1505 664 septem
1527 625 1631 665 plagae
1646 636 1716 667 sep-

950 672 1013 700 tem
1030 673 1233 711 angelorum.
1247 685 1260 702 n

991 726 1039 754 23.
1062 725 1116 755 Voe
1131 730 1237 757 autem
1250 730 1491 768 proeqnmztz'bus
1506 735 1535 761 et
1549 733 1718 763 nutrienti-

952 777 1090 814 bzcs,etc.
1114 778 1283 819 Postquam
1308 781 1471 822 descripsit
1495 783 1614 815 bellum
1636 795 1718 825 prae-

952 830 1076 868 cedens,
1095 831 1242 863 describit
1256 833 1307 864 hic
1323 836 1461 866 secundo
1476 837 1634 868 excidium
1649 840 1721 870 sub-

952 892 1098 922 sequens,
1115 885 1196 915 circa
1211 887 1295 925 quod
1311 887 1553 920 describendum
1568 890 1628 921 tria
1643 892 1721 922 insi—

952 938 1114 974 nuantur,
1143 938 1259 970 scilicet
1282 942 1442 980 oppressio
1464 942 1599 973 civitatis
1627 953 1719 975 occu-

951 989 1073 1027 pandae,
1090 990 1260 1022 destructio
1281 993 1413 1024 civitatis
1432 1003 1602 1035 oppressae,
1620 1000 1651 1028 et
1664 998 1719 1028 de-

952 1042 1061 1072 solatio
1074 1043 1210 1074 civitatis
1220 1045 1400 1077 destructae.

993 1094 1099 1125 Primo
1124 1105 1214 1135 ergo,
1244 1101 1398 1137 quantum
1424 1101 1463 1131 ad
1484 1102 1722 1142 oppressionem

952 1146 1087 1177 civitatis
1109 1151 1310 1190 occupandae⁷
1328 1152 1422 1183 dicit:
1449 1154 1501 1185 Voe
1515 1159 1623 1186 autem
1634 1165 1720 1196 prce-

951 1201 1123 1238 qnantz'bus
1151 1207 1181 1232 et
1208 1205 1418 1236 nutrientibus
1447 1208 1479 1237 in
1511 1209 1573 1239 illis
1601 1209 1719 1240 dicbus.

953 1252 1080 1284 Glossa:
1102 1266 1116 1283 (ι
1132 1255 1273 1291 Quarum
1299 1259 1380 1289 uteri
1395 1260 1446 1291 vel
1462 1270 1577 1293 manus
1598 1264 1722 1295 sarcina

952 1305 1090 1337 filiorum
1105 1312 1316 1347 praegravatae
1332 1311 1417 1350 fugae
1431 1315 1649 1347 necessitatem
1664 1318 1722 1348 im-

952 1360 1086 1399 pedient.
1111 1372 1125 1390 1)
1143 1362 1222 1399 Quia
1235 1364 1419 1403 huiusmodi
1435 1377 1500 1399 non
1515 1371 1630 1409 poterit
1644 1381 1722 1412 pro-

952 1412 1039 1444 desse
1057 1414 1142 1453 fuga,
1160 1417 1335 1448 secundum
1350 1419 1427 1450 illud
1443 1421 1453 1437 ⁹
1473 1432 1479 1451 :
1497 1433 1511 1451 c<
1526 1422 1721 1462 Repentinus

952 1465 997 1495 eis
1033 1468 1236 1506 superveniet
1262 1469 1426 1510 interitus,
1456 1474 1538 1505 sicut
1573 1477 1662 1508 dolor
1687 1479 1721 1509 in

953 1520 1041 1549 utero
1054 1519 1210 1559 habentis,
1226 1524 1257 1552 et
1271 1532 1335 1553 non
1350 1524 1542 1564 effugient.»
1561 1528 1650 1560 Ratio
1663 1540 1722 1562 au-

952 1572 1016 1600 tem
1031 1571 1127 1611 hujus
1145 1575 1191 1604 est
1205 1575 1378 1607 vehemens
1394 1581 1556 1618 oppressio
1569 1583 1720 1623 civitatis3

953 1623 1022 1654 ideo
1035 1624 1119 1655 addit
1132 1636 1138 1656 ε
1151 1626 1227 1657 Erit
1240 1629 1325 1659 enim
1332 1638 1484 1669 pressura
1495 1643 1616 1674 mamm
1628 1646 1724 1677 super

954 1680 1084 1715 terram,
1111 1682 1140 1708 et
1166 1680 1215 1710 ira
1233 1682 1352 1721 populo
1373 1683 1456 1723 huic,
1486 1689 1661 1720 secundum
1689 1691 1724 1721 il-

952 1728 1008 1759 lud
1036 1731 1056 1748 ¹⁰
1088 1741 1094 1760 :
1126 1731 1209 1762 «Vae
1234 1733 1346 1765 Ariel:
1373 1736 1458 1768 Ariel
1486 1739 1596 1771 civitas
1623 1752 1720 1782 quam

953 1784 1154 1821 expugnavit
1168 1784 1273 1816 David.
1295 1786 1334 1818 Et
1351 1789 1597 1825 circumvallabo
1618 1796 1703 1827 Ariel
1714 1821 1722 1835 ‚

954 1837 984 1864 et
1012 1835 1071 1865 erit
1097 1837 1192 1867 tristis
1218 1840 1249 1868 et
1280 1849 1426 1882 moerens
1454 1844 1491 1875 Et
1521 1847 1723 1881 circumdabo

954 1888 1045 1926 quasi
1065 1889 1226 1928 sphaeram
1250 1892 1282 1922 in
1307 1894 1441 1927 circuitu
1466 1899 1530 1937 tuo,
1553 1903 1584 1931 et
1604 1903 1723 1941 Jaciam

954 1943 1064 1972 contra
1087 1944 1117 1973 te
1139 1953 1311 1984 aggerem,
1335 1950 1365 1978 et
1387 1952 1585 1985 munimenta
1607 1965 1724 1995 ponam

954 1995 986 2024 in
1011 1996 1206 2028 obsidionem
1230 2001 1330 2031 tuam.
1358 2013 1372 2030 n
1406 2003 1587 2038 Secundum
1610 2012 1722 2050 mysti-

956 2058 1028 2078 cum
1061 2051 1167 2080 autem
1204 2051 1396 2084 intellectum
1430 2066 1487 2096 per
1520 2065 1725 2101 praegnantes

956 2101 1182 2140 intelliguntur
1200 2105 1316 2136 animae
1335 2111 1536 2150 peccatrices,
1553 2123 1626 2153 quae
1648 2125 1723 2148 con-

957 2154 1077 2193 cipiunt
1092 2165 1148 2194 per
1164 2159 1282 2196 peccati
1301 2163 1586 2202 concupiscentiam
1599 2192 1607 2206 ,
1625 2171 1656 2200 et
1670 2179 1725 2209 pa-

957 2207 1044 2238 riunt
1071 2217 1128 2247 per
1164 2212 1378 2249 operationem
1417 2225 1609 2255 perversam.
1638 2222 1726 2255 Unde

958 2261 1159 2299 Augustinus
1174 2264 1206 2301 ¹¹,
1223 2264 1260 2295 cle
1278 2266 1383 2297 Verbis
1398 2270 1532 2303 Domine·
1546 2283 1554 2304 :
1568 2286 1582 2303 «
1596 2275 1727 2313 Quando

960 2314 1151 2354 concupiscit
1176 2317 1247 2355 quis
1269 2327 1337 2349 rem
1357 2321 1505 2361 alienam,
1533 2327 1641 2360 anima
1668 2340 1726 2362 sua

960 2367 1048 2406 quasi
1064 2369 1240 2408 concepisse
1255 2371 1381 2404 videtur
1397 2384 1404 2404 ε
1421 2385 1519 2416 quam
1532 2389 1602 2412 rem
1622 2383 1649 2413 si
1671 2394 1728 2424 per

960 2419 1099 2459 aliquam
1114 2422 1289 2460 nequitiam
1311 2428 1449 2464 potuerit
1470 2431 1622 2474 obtinere,
1639 2439 1730 2476 quasi

961 2475 1071 2503 natum
1095 2474 1198 2504 filium
1213 2477 1360 2522 osculari,
1378 2483 1408 2511 et
1422 2485 1546 2517 nutrire
1567 2493 1731 2528 cognosci-

962 2528 1025 2557 tur.
1053 2538 1067 2555 »
1096 2527 1185 2558 Unde
1213 2529 1328 2561 dicitur
1356 2533 1377 2549 ¹¹
1404 2545 1410 2565 :
1443 2548 1457 2565 α
1475 2537 1729 2581 Concupiscentia

963 2623 1051 2644 auctor
1066 2628 1141 2645 scrin.
1159 2629 1204 2651 xx,
1219 2623 1248 2647 (le
1263 2625 1334 2650 Verb.
1358 2629 1439 2661 Dom.,
1459 2634 1490 2658 al.
1511 2641 1568 2667 va,
1584 2645 1610 2662 11,
1629 2641 1650 2669 4,
1666 2640 1732 2665 inter

964 2658 1037 2686 Oper.
1055 2658 1130 2687 Aug„
1144 2660 1253 2688 append.
1269 2662 1331 2685 tom.
1349 2664 1378 2688 V.
1395 2669 1456 2685 —1'2
1471 2670 1532 2700 dac,
1551 2678 1567 2702 1,
1585 2675 1620 2698 15.

998 2697 1026 2726 (a)
1045 2696 1104 2720 Cat.
1119 2697 1178 2722 edit.
1194 2699 1264 2723 Unde
1283 2702 1425 2730 Martha-us.

1766 2033 1843 2059 Mysti-

1740 2070 1778 2084 cus
1792 2070 1844 2085 sen-

1740 2101 1785 2116 SUS·
