1987 3032
682 227 723 257 IN
745 227 830 258 CAP.
856 226 881 256 11
905 225 1043 257 SANCTI
1063 224 1236 257 ιΙΟΑΝΝΙΞ.

167 294 242 321 Talis
259 296 301 321 est
322 294 425 329 religio
446 300 528 320 sacra
548 293 736 328 spiritualiter
748 313 756 326 ,
779 292 932 320 nobilitate

168 341 311 375 ingenua=
327 340 449 374 elevata,
464 341 576 374 ornata,
593 341 620 366 et
634 339 674 366 sic
685 340 721 366 de
731 339 823 367 aliis.¹
838 338 933 366 «Gelu

170 387 205 413 de
215 386 289 413 coelo
302 386 367 421 quis
382 385 419 421 (a)
430 385 550 420 genuit?
563 396 575 411 »
588 386 630 413 lbi
642 385 796 420 Gregorius
806 386 815 402 Ξ
831 394 837 412 ;
851 394 863 410 ι(
873 386 934 412 Coe-

168 432 230 459 lum
241 433 282 459 est
293 431 427 458 sublimis
440 431 499 458 vita
514 434 691 459 sanctorum.
704 442 716 457 »
732 433 762 459 Et
777 432 787 448 ³
802 441 808 458 ε
825 440 837 456 ι(
847 433 934 458 Num-

169 477 242 513 quid
256 477 331 504 nosti
346 476 482 504 ordinem
496 477 561 504 coeli
572 479 585 504 ἱ)
596 488 608 503 η
625 479 678 504 etc.
696 480 727 505 Et
738 478 747 494 '⁴
762 486 768 504 :
782 486 796 502 «
812 476 934 512 Spiritus

170 523 283 551 Domini
298 524 413 551 ornavit
427 524 525 551 coelos.
543 534 555 549 »
597 534 611 549 <t
626 524 737 551 Ccelum
756 523 827 550 mihi
850 522 934 550 sedes

169 572 220 597 est.
236 579 248 595 »
266 569 461 605 EtApostolus
476 571 485 586 ὃ
497 579 502 597 :
515 572 637 597 «Nostra
649 569 831 596 conversatio
847 570 889 596 est
905 569 935 595 in

169 615 258 643 coelis.
274 625 287 641 n
299 616 386 651 Hujus
396 616 567 651 coeliangeli
580 617 647 643 sunt
658 615 787 650 religiosi
796 615 861 648 viri,
876 615 935 642 vita

170 662 303 697 angelica
317 662 440 697 praediti.
456 662 583 696 Angelus
597 662 676 689 enim
685 662 805 688 nuntius
820 661 935 694 dicitur,

170 711 200 736 ut
214 708 253 735 ait
268 708 443 743 Augustinus
458 709 477 735 ⁷.
491 708 545 741 Qui
561 716 632 742 ergo
646 715 771 742 regnum
793 707 934 734 ooelorum

171 757 198 782 et
221 754 321 782 divina
343 754 536 788 documenta,
552 762 585 781 ac
601 754 662 788 ejus
677 753 859 780 voluntatem
876 753 936 779 vita

171 803 198 828 et
212 800 345 827 doctrina
358 800 507 833 nuntiant,
523 800 618 834 angeli
633 801 715 833 sunt,
731 800 768 826 de
784 799 892 834 quibus
907 799 937 825 in

171 848 277 874 Psalmo
291 848 301 863 ⁵
319 856 325 874 ς
345 857 358 872 α
379 847 434 880 Qui
454 847 523 874 facit
543 847 665 882 angelos
687 855 754 874 suos
779 846 905 881 spiritus.
921 856 933 871 n

172 893 252 921 Unde
279 895 306 921 et
329 893 366 921 de
392 893 543 921 sacerdote
572 895 629 920 Deo
656 901 684 919 se
709 893 888 920 sacrificante
903 892 912 908 ⁹
930 902 936 919 ε

174 951 187 965 «
208 939 336 974 Angelus
361 940 475 967 Domini
497 939 678 966 exercituum
702 940 754 966 est.
777 949 791 964 »
816 940 939 966 Istorum

172 985 346 1020 angelorum
361 987 402 1012 est
425 985 584 1012 ascendere
605 985 637 1011 in
662 984 939 1019 contemplationem

173 1032 332 1059 divinitatis
353 1033 419 1059 Jesu
434 1031 551 1065 Christi,
568 1034 595 1059 et
617 1039 793 1058 arcanorum
816 1031 896 1065 ejus,
913 1033 941 1058 et

173 1079 350 1106 descendere
372 1078 411 1105 ad
431 1078 623 1105 imitationem
646 1077 817 1104 humilitatis
838 1077 939 1112 ipsius.

172 1125 223 1152 Vel
255 1124 424 1151 ascendentes
435 1145 443 1158 ‚
471 1132 579 1151 arcana
615 1123 772 1150 divinitatis
810 1123 941 1150 conside-

173 1171 268 1198 rando
294 1173 322 1197 et
352 1170 559 1205 praedicando3
583 1170 777 1202 descendentes,
811 1170 942 1196 humana

175 1218 211 1245 de
233 1217 296 1252 ipso
321 1216 524 1244 annuntiando
540 1236 549 1250 ,
572 1218 659 1251 prout
684 1216 783 1243 Glossa
811 1217 940 1250 exponit.

174 1265 238 1298 Vel,
256 1267 287 1291 ut
301 1264 340 1291 ait
353 1263 529 1298 Augustinus
545 1263 564 1280 ¹⁰
582 1272 611 1290 ει(
626 1263 792 1290 Ascendunt
807 1263 845 1290 ad
858 1263 942 1290 intel-

174 1311 329 1346 ligendum
338 1310 533 1344 divinitatem3
546 1309 741 1343 descendunt,
754 1311 785 1336 ut
793 1309 943 1336 inveniant

176 1365 244 1385 eum
258 1356 366 1384 factum
382 1365 417 1383 ex
432 1356 564 1383 muliere.
581 1366 593 1381 n
612 1355 630 1371 ¹¹
646 1355 721 1382 Vidit
735 1355 854 1389 scalam,
870 1357 941 1389 etc.;

177 1405 205 1431 et
218 1403 349 1438 sequitur
365 1412 371 1429 2
388 1413 400 1428 «
416 1402 542 1437 Angelos
565 1401 755 1429 ascendentes
775 1403 802 1428 ct
825 1402 944 1429 descen-

176 1450 287 1477 dentes.
297 1460 310 1475 »
316 1449 363 1476 Vel
369 1450 536 1476 ascendentes
545 1449 574 1475 in
584 1448 757 1484 suspensiva
765 1449 945 1483 contempla-

177 1497 265 1531 tione,
279 1496 462 1523 descendentes
472 1495 502 1522 in
516 1495 669 1530 negotiosa
681 1495 806 1528 actione,
819 1495 899 1530 quia,
913 1497 944 1523 ut

177 1543 216 1570 ait
239 1542 416 1577 Augustinus
439 1541 480 1568 ¹²:
499 1541 643 1577 «Triplex
669 1543 711 1568 est
739 1548 831 1575 genus
858 1541 942 1575 vitae,

176 1589 284 1616 scilicet
298 1589 441 1622 otiosum,
454 1589 606 1615 actuosum
615 1608 622 1620 ,
635 1589 662 1614 et
673 1595 709 1614 ex
723 1588 849 1622 utroque
865 1594 943 1614 com-

176 1635 314 1670 positum.
328 1645 340 1659 n
354 1636 386 1661 Et
395 1634 527 1669 sequitur
540 1644 546 1660 :
562 1644 574 1658 ιι
585 1635 642 1660 Nec
656 1633 696 1660 sic
708 1641 768 1660 esse
785 1633 944 1668 quisquam

177 1682 265 1709 debet
285 1681 412 1714 otiosus,
427 1683 460 1707 ut
473 1680 626 1707 utilitatem
649 1687 709 1706 non
724 1679 831 1713 cogitet
846 1679 944 1714 proxi-

177 1729 217 1756 mi
237 1738 244 1763 ς
273 1735 327 1755 nec
352 1727 392 1754 sic
419 1729 554 1754 actuosus
571 1747 578 1759 ‚
608 1727 640 1752 ut
664 1726 944 1761 contemplationem

176 1782 237 1802 non
260 1774 389 1809 requirat
410 1773 468 1800 Dei.
492 1782 506 1798 »
525 1774 588 1799 Haec
613 1772 671 1798 ille.
689 1772 850 1799 Ascendere
874 1780 943 1807 ergo

175 1823 284 1849 debent
307 1821 435 1855 religiosi
457 1821 486 1847 in
510 1819 756 1854 contemplatione
777 1819 815 1846 ad
840 1827 943 1846 vacan-

176 1868 247 1895 dum
278 1870 350 1901 Deo,
373 1869 400 1894 et
428 1866 604 1893 descendere
627 1866 656 1892 in
678 1865 832 1899 negotiosa
855 1866 944 1892 actio-

175 1922 211 1941 ne
232 1913 270 1940 ad
291 1913 505 1940 consulendum
528 1911 684 1947 proximo,
705 1911 842 1945 exemplo
862 1913 943 1946 Moy-

175 1960 226 1993 sis,
245 1960 295 1994 qui
314 1958 476 1994 aliquando
498 1957 674 1985 ascendebat
696 1957 734 1984 ad
756 1958 846 1984 Deum
859 1977 867 1990 ,
889 1957 943 1984 ali-

175 2005 295 2041 quando
311 2004 508 2032 descendebat
527 2003 566 2031 ad
584 2003 749 2038 populum;
766 2005 793 2030 et
807 2003 942 2039 exemplo

175 2051 297 2085 Christi,
327 2051 379 2085 qui
407 2050 568 2085 aliquando
595 2049 772 2076 ascendebat
800 2049 830 2076 in
857 2057 943 2076 mon-

174 2100 233 2125 tem
247 2097 326 2124 solus
342 2104 441 2130 orare,
458 2095 620 2131 aliquando
637 2095 836 2122 descendebat
850 2095 888 2122 ad
904 2095 943 2122 ci-

174 2144 294 2177 vitates,
319 2145 406 2178 prout
430 2142 470 2169 ait
489 2141 660 2176 Gregorius,
687 2141 796 2168 docens
818 2141 943 2176 qualiter

174 2189 341 2218 vacandum
364 2191 405 2216 est
420 2188 659 2223 contemplationi
683 2187 804 2221 divinae,
820 2189 847 2215 ct
867 2196 941 2223 qua-

173 2237 237 2264 liter
251 2234 467 2269 indulgendum
481 2236 523 2261 est
537 2233 644 2261 actioni
660 2234 795 2261 virtuosae
816 2233 855 2261 ad
870 2234 943 2262 alio-

173 2290 239 2309 rum
254 2281 416 2308 utilitatem.

207 2377 211 2389 ¹
232 2374 288 2404 dor),
311 2380 423 2403 xxxviii,
439 2375 477 2397 20.
494 2386 522 2390 —
541 2374 549 2387 2
564 2375 649 2403 Greg„
668 2373 771 2401 Moral„
784 2373 828 2396 lib.
851 2374 942 2404 xxix,

174 2418 197 2435 c.
219 2416 279 2438 xx1,
300 2409 331 2433 al.
355 2414 454 2437 xxviii,
474 2414 501 2432 n.
522 2410 560 2432 515.
580 2422 610 2425 —
628 2409 638 2424 ²⁵
655 2408 712 2438 dol),
731 2414 845 2437 xxxviii,
860 2410 898 2432 33.
913 2422 944 2426 —

174 2447 181 2460 ⁴
199 2446 269 2472 thid..
291 2450 364 2473 xxvi,
390 2447 425 2468 13.
441 2456 471 2460 -
486 2445 493 2456 ”
509 2444 566 2470 Isu..
586 2449 654 2471 mvi,
677 2446 696 2466 ι.
713 2455 741 2459 -
757 2444 765 2455 ⁵
780 2443 884 2473 Philip„
902 2449 942 2473 ιιι,

173 2482 213 2505 20.
227 2494 258 2498 —
276 2481 282 2494 ⁷
299 2482 372 2509 Aug„
393 2479 422 2502 tle
441 2479 517 2502 Civis.
539 2479 601 2505 Det,
618 2478 660 2501 lib.
677 2478 771 2506 xvnl,
789 2486 810 2501 c.
828 2484 904 2507 XXXV,
919 2481 943 2502 et

173 2517 236 2539 cont.
260 2515 356 2545 Fami„
380 2514 422 2537 lib.
444 2514 513 2542 ΧΥΙ,
535 2521 557 2536 c.
579 2519 621 2536 xx.
637 2526 667 2530 —
689 2515 696 2524 “
710 2514 777 2536 Psas.
799 2519 857 2541 (2111,
876 2515 898 2536 ιι.
914 2526 943 2531 —-

174 2551 184 2567 ⁹
200 2550 300 2580 Malao„
317 2557 351 2580 11,
369 2551 392 2573 7.
408 2562 437 2566 —
459 2550 479 2565 ¹⁰
498 2550 612 2578 August„
627 2550 692 2572 conl.
710 2548 806 2578 Fam-l„
824 2548 865 2572 lib.
889 2549 943 2578 ΧΗ,

175 2594 196 2610 e.
213 2592 283 2610 xxvi.
295 2599 324 2603 —
339 2587 356 2603 ¹·
373 2585 443 2612 Gen..
457 2590 548 2612 xxviii,
568 2586 601 2607 12,
618 2597 647 2600 —
662 2584 677 2597 ¹²
689 2585 806 2614 August„
821 2583 850 2606 de
865 2584 942 2607 Cwit.

176 2621 230 2650 Dei,
246 2621 289 2644 lib.
307 2622 370 2650 ΧΙΧ,
385 2628 408 2645 c.
422 2626 474 2644 ΧιΧ.
487 2633 516 2638 -
530 2620 548 2635 “·”
563 2619 645 2647 Cant„
659 2625 696 2648 ιιι,
714 2621 751 2642 Η.
766 2631 795 2636 -
811 2618 831 2634 Η
844 2618 943 2645 Mami„

175 2662 240 2686 xxii,
255 2658 278 2680 2.
291 2669 322 2675 —
337 2657 354 2673 ¹¹⁵
369 2657 455 2688 Greg.‚
468 2656 494 2679 in
506 2655 613 2686 Evanq.,
625 2654 694 2679 hom.
713 2659 823 2685 xxxvm,
837 2660 863 2678 n.
880 2654 901 2679 3.
912 2666 943 2672 -—

1697 216 1753 244 537

1178 342 1289 368 Collatio
1309 339 1463 373 undecima,
1484 347 1518 372 ιι,
1542 343 1565 366 ι.

1209 410 1236 433 ln
1250 409 1359 433 claustro
1374 407 1532 432 Monialium.

1023 477 1134 511 Nuptioe
1149 477 1230 509 factoe
1242 476 1342 502 suntin
1359 476 1432 501 Cana
1447 474 1573 502 Galilaeoe.
1589 474 1620 500 ln
1635 473 1679 500 his
1695 481 1756 500 ver-

989 522 1034 549 bis
1048 522 1199 549 moraliter
1208 521 1346 556 expositis
1358 520 1418 547 duo
1431 520 1595 554 figurantur
1607 528 1613 546 :
1627 519 1756 555 primum

990 570 1032 596 est
1057 568 1189 595 indivisae
1212 566 1426 602 conjunctionis
1452 565 1578 598 Christi,
1601 567 1628 592 et
1653 565 1758 592 animae

990 614 1084 641 fidelis
1095 613 1249 649 perfectio,
1264 613 1305 640 ibi
1322 622 1328 640 z
1344 614 1454 647 Nuptiae
1465 614 1546 645 faccee
1560 614 1640 645 sunt3
1658 618 1759 638 secun-

991 660 1063 687 dum
1086 663 1126 687 est
1148 660 1288 686 virtutum
1311 658 1415 686 animce
1439 657 1586 685 nubendae
1611 657 1683 684 Filio
1708 657 1757 684 Dei

991 705 1143 741 figuratio,
1155 705 1197 732 ibi
1213 714 1219 732 z
1236 707 1268 732 In
1279 705 1349 732 Cana
1366 705 1495 732 Galiloeoe.

1028 752 1147 785 Aitergo
1156 747 1165 778 ’;
1177 752 1288 786 Νιιρίῑιε
1299 753 1379 784 sactoe
1387 753 1458 784 sunt,
1467 750 1575 777 scilicet
1584 749 1759 784 Redempto-

992 799 1031 825 ris
1045 800 1072 825 et
1082 797 1186 825 ammte
1194 797 1290 824 fidelis
1300 797 1330 823 in
1339 797 1439 823 divino
1449 796 1518 823 unio
1529 796 1575 831 (b).
1584 797 1654 822 Nota
1663 797 1759 822 tamen

993 844 1075 880 quod
1090 846 1156 870 sunt
1171 843 1387 878 quadruplices.
1397 842 1493 869 Primo
1510 843 1576 868 sunt
1590 841 1696 868 divinae
1710 848 1760 867 na-

993 894 1062 918 turae
1073 892 1099 917 et
1109 890 1244 916 humanae
1253 889 1283 916 in
1293 888 1414 922 Christo,
1427 896 1492 923 quae
1502 888 1530 914 fu
1536 889 1619 915 erunt
1629 887 1759 921 figuratae

993 937 1023 964 in
1036 936 1143 971 nuptiis
1159 936 1273 963 Assueri
1289 937 1316 962 et
1329 936 1434 962 Hester.
1451 936 1591 962 Assuerus
1606 933 1685 960 enim
1700 933 1759 959 bea-

995 987 1037 1010 tus
1055 983 1273 1017 interpretatur,
1291 983 1398 1015 Hester,
1414 982 1524 1008 elevatio
1543 980 1706 1012 vocationis,
1724 978 1762 1005 de

995 1028 1102 1064 quibus
1117 1030 1221 1055 Hester.
1233 1028 1252 1044 ¹⁵³
1271 1037 1283 1053 z<
1299 1027 1398 1054 Videte
1413 1034 1511 1061 regem
1528 1025 1715 1053 Salomonem
1730 1024 1761 1051 in

996 1075 1177 1108 diademate,
1195 1081 1254 1109 quo
1275 1073 1428 1101 coronavit
1450 1080 1517 1099 eum
1543 1073 1635 1098 mater
1660 1079 1713 1098 sua
1733 1071 1763 1097 in

996 1122 1043 1148 die
1055 1120 1298 1156 desponsationis.
1315 1130 1327 1143 n
1346 1121 1376 1146 Et
1391 1118 1410 1135 ¹³*
1427 1127 1433 1145 :
1448 1128 1460 1143 (ι
1476 1118 1550 1145 Fecit
1569 1117 1684 1152 nuptias
1702 1116 1763 1143 filio

996 1175 1058 1197 suo,
1070 1177 1082 1191 »
1100 1167 1140 1193 lbi
1154 1166 1308 1200 Gregorius
1324 1165 1343 1181 ¹5
1360 1166 1467 1191 mDeus
1482 1166 1562 1191 Pater
1574 1163 1689 1198 nuptias
1699 1163 1766 1189 fecit.

996 1213 1058 1240 filio
1074 1221 1142 1245 suo,
1160 1211 1280 1247 quando
1296 1211 1374 1238 hunc
1394 1211 1424 1237 in
1441 1212 1522 1237 utero
1538 1209 1661 1243 Virginis
1681 1211 1765 1235 natu-

997 1268 1036 1286 rze
1058 1259 1194 1285 humanae
1218 1257 1366 1292 copulavit
1386 1256 1427 1291 (c).
1451 1266 1464 1281 »
1482 1258 1552 1283 Item
1572 1257 1638 1282 sunt
1659 1254 1766 1289 nuptiae

999 1305 1060 1332 Filii
1084 1305 1132 1332 Dei
1155 1303 1296 1331 incarnati
1310 1305 1337 1330 et
1355 1303 1486 1329 Ecclesiae
1497 1323 1505 1335 ‚
1530 1301 1605 1328 infra
1621 1302 1640 1317 ¹⁶
1657 1311 1663 1328 ;
1682 1311 1695 1326 (ι
1711 1301 1765 1334 Qui

998 1351 1088 1378 habet
1107 1358 1262 1385 sponsam,
1278 1357 1401 1384 sponsus
1423 1351 1473 1375 est.
1490 1358 1503 1373 n
1522 1349 1628 1375 Harum
1649 1347 1766 1382 nuptia-

998 1405 1064 1424 rum
1088 1397 1189 1431 figur-ee
1215 1397 1282 1422 sunt
1304 1395 1363 1421 istae
1383 1394 1507 1429 nuptiae,
1523 1393 1559 1420 de
1575 1393 1682 1428 quibus
1695 1393 1743 1420 hic
1756 1414 1764 1427 ,

998 1445 1085 1478 prout
1106 1442 1226 1477 exponit
1247 1440 1424 1475 Augustinus
1441 1441 1461 1456 ¹⁷
1477 1439 1523 1467 hic
1538 1439 1713 1466 sufficienter
1735 1439 1765 1466 in

998 1489 1138 1519 homilia,
1164 1490 1191 1515 et
1213 1488 1243 1514 in
1269 1487 1379 1514 Glossa.
1398 1487 1418 1503 ¹³
1442 1496 1454 1511 (ι
1472 1487 1690 1520 Sacramentum
1709 1485 1765 1512 hoc

999 1542 1141 1569 magnum
1165 1535 1226 1567 est,
1248 1534 1275 1559 et
1300 1532 1419 1565 Christi,
1440 1533 1468 1559 et
1496 1531 1648 1565 Ecclesiae,
1671 1541 1683 1556 n
1712 1533 1765 1558 etc.

999 1583 1069 1608 ltem
1090 1582 1157 1607 sunt
1180 1579 1289 1614 nuptiae
1311 1578 1372 1606 Filii
1392 1577 1457 1611 Dei,
1474 1579 1500 1605 et
1520 1577 1652 1604 Ecclesiae
1666 1577 1767 1604 trium-

999 1626 1125 1662 phantis.
1142 1624 1161 1641 ¹⁹
1180 1636 1193 1651 «
1207 1624 1330 1658 Quando
1351 1625 1512 1651 revertatur
1527 1631 1545 1650 a
1558 1623 1676 1658 nuptiis.
1693 1632 1706 1648 u
1725 1623 1766 1650 lbi

1000 1672 1153 1707 Gregorius
1169 1671 1187 1687 ²0
1203 1681 1210 1698 ;
1229 1680 1243 1697 c<
1260 1671 1304 1697 Ad
1319 1670 1435 1705 nuptias
1455 1669 1537 1701 abiit,
1553 1669 1674 1704 quando
1690 1668 1766 1696 mul-

1000 1718 1153 1746 titudinem
1173 1717 1348 1752 angelorum
1363 1723 1459 1742 novus
1473 1715 1563 1742 homo
1579 1714 1634 1741 sibi
1649 1714 1768 1749 copula—

999 1765 1049 1792 vit;
1067 1775 1080 1789 »
1097 1766 1115 1781 2¹
1134 1774 1146 1789 <t
1159 1764 1235 1791 Beati
1251 1763 1301 1798 qui
1314 1762 1353 1789 ad
1374 1769 1487 1789 coenam
1508 1761 1676 1796 nuptiarum
1693 1761 1767 1795 Agni

1000 1811 1094 1838 vocati
1110 1812 1185 1837 sunt.
1202 1820 1214 1835 »
1231 1811 1302 1836 Item
1317 1810 1383 1835 sunt
1398 1807 1507 1843 nuptiae
1523 1807 1585 1834 Filii
1603 1806 1650 1833 Dei
1666 1808 1693 1833 et
1707 1806 1768 1833 ani-

1000 1865 1054 1884 mae
1071 1856 1167 1883 fidelis
1186 1855 1338 1882 celebratae
1359 1854 1389 1881 in
1414 1853 1542 1880 thalamo
1565 1852 1767 1886 conscientiae,

1000 1911 1065 1938 quoe
1078 1902 1182 1929 merito
1194 1901 1301 1936 nuptiae
1312 1901 1448 1927 dicuntur
1461 1899 1500 1926 ob
1511 1899 1670 1926 indivisam
1684 1898 1768 1925 unio-

1000 1957 1083 1982 nem,
1099 1949 1138 1975 ob
1160 1948 1351 1975 affectuosam
1374 1945 1577 1979 dilectionem,
1597 1945 1636 1972 ol)
1657 1944 1766 1971 faecun-

1000 1995 1069 2022 dam
1079 1994 1313 2030 generationem,
1325 1993 1364 2020 ob
1379 1991 1618 2020 communionem
1633 1991 1766 2018 omnium

998 2042 1218 2078 posscssionum
1247 2050 1252 2068 :
1278 2041 1338 2067 haec
1361 2040 1440 2067 enim
1468 2039 1542 2066 inter
1570 2047 1711 2074 sponsum
1741 2040 1768 2065 et

999 2096 1147 2124 sponsam.
1160 2087 1239 2114 Unde
1249 2086 1414 2114 Bernartius
1425 2085 1446 2100 ²²
1457 2094 1484 2112 2«
1494 2087 1556 2112 Non
1573 2086 1614 2112 est
1629 2085 1686 2112 alia
1698 2092 1767 2111 con-

999 2135 1085 2162 nexio
1101 2134 1175 2160 iuter
1193 2140 1332 2168 sponsam
1347 2134 1373 2159 et
1388 2139 1540 2167 sponsum,
1549 2132 1653 2166 praeter
1668 2138 1766 2158 amare

1000 2184 1026 2208 ct
1037 2180 1129 2208 amari
1145 2189 1151 2207 z
1167 2180 1213 2206 hic
1228 2186 1319 2206 nexus
1333 2178 1423 2208 vincit
1442 2177 1524 2213 quod
1542 2178 1646 2204 natura
1662 2176 1768 2204 arctius

996 2227 1107 2262 junxit,
1123 2226 1231 2253 scilicet
1250 2224 1400 2252 vinculum
1420 2225 1576 2260 parentum
1594 2223 1632 2250 ad
1650 2223 1768 2250 filios.²³

1000 2275 1110 2307 Propter
1132 2273 1177 2299 hoc
1199 2272 1331 2305 relinquet
1355 2271 1428 2297 homo
1450 2272 1555 2304 patrem
1574 2272 1598 2296 et
1612 2271 1731 2296 matrem.
1752 2278 1766 2294 ι)

1000 2323 1031 2348 Et
1044 2319 1156 2347 ibidem
1168 2317 1331 2345 Bernardus
1343 2317 1363 2333 2¹·
1380 2326 1386 2343 :
1400 2326 1413 2342 α
1428 2318 1491 2343 Haec
1505 2315 1637 2350 nomina,
1651 2316 1767 2350 Sponsus

1000 2369 1027 2393 ct
1049 2366 1151 2400 Sponsa
1169 2385 1177 2398 ,
1196 2364 1318 2391 nomina
1341 2362 1439 2389 dulcia
1462 2363 1551 2395 sunt,
1578 2361 1686 2397 quibus
1709 2369 1769 2388 una

1000 2432 1019 2447 ¹⁶
1046 2430 1189 2458 Joan.,111‚
1211 2430 1249 2451 29.
1273 2441 1298 2443 -
1326 2427 1346 2443 ¹⁷
1365 2428 1439 2457 Aug„
1465 2427 1490 2449 in
1510 2426 1591 2456 Joan„
1609 2427 1682 2449 tract.
1711 2431 1768 2455 vin,

1000 2473 1025 2489 ιι.
1049 2467 1068 2488 sa.
1094 2477 1122 2481 —
1145 2464 1163 2479 1¹⁵
1185 2463 1282 2493 Eplaer’.5.‚
1308 2467 1332 2491 V,
1359 2463 1397 2485 32.
1419 2474 1448 2478 —
1472 2462 1491 2477 1⁹
1513 2461 1581 2489 Luc„
1603 2466 1656 2490 xn,
1679 2461 1716 2484 36.
1740 2472 1769 2477 —

1000 2502 1019 2516 ³⁰
1034 2502 1119 2529 Greg„
1136 2500 1161 2522 in
1179 2499 1283 2528 Ευαηφ,
1297 2497 1367 2521 hom.
1385 2502 1442 2526 λιιι,
1457 2503 1485 2519 n.
1499 2498 1522 2519 2.
1534 2509 1563 2513 —
1579 2496 1596 2511 2¹
1614 2496 1698 2525 Alma,
1715 2500 1768 2524 xix,

1000 2540 1021 2560 ιι.
1039 2548 1069 2552 -
1090 2536 1107 2548 '²²
1131 2533 1261 2562 uernum„
1284 2540 1307 2555 zzz
1329 2533 1412 2560 Cant„
1427 2538 1504 2555 serm.
1526 2537 1639 2560 Lxxxiu,
1659 2537 1683 2553 n.
1701 2531 1723 2553 3.
1739 2543 1768 2547 —

1000 2571 1020 2587 2³
1040 2572 1111 2598 Gen..
1131 2576 1160 2599 ιι,
1175 2570 1212 2592 2=.
1229 2581 1258 2585 —
1270 2568 1289 2583 ²⁵
1307 2568 1391 2597 Rern„
1409 2568 1435 2590 in
1452 2568 1536 2596 Cant„
1553 2572 1630 2589 serm.
1648 2570 1728 2593 vn‚n.
1744 2565 1765 2587 2.

1032 2617 1065 2647 (a.)
1081 2616 1141 2639 Coet.
1163 2614 1222 2638 edit.
1240 2614 1292 2645 qui.
1305 2627 1335 2630 —
1357 2613 1387 2644 (b)
1409 2613 1467 2643 [Δις.
1488 2612 1616 2637 convivio.
1633 2623 1662 2628 —
1680 2610 1710 2641 (c)
1727 2609 1766 2635 Al.

1002 2651 1140 2683 conjunxit.
