1987 3032
211 223 269 252 574

212 287 376 315 occidistis?
396 287 449 320 Qui
473 286 686 322 responderunt
715 294 720 312 z
746 285 859 312 Similes
877 285 933 318 tui,
953 287 981 312 et

211 342 287 361 unus
301 341 335 361 ex
351 334 392 361 eis
406 333 490 368 quasi
505 333 582 360 filius
597 331 685 366 regis.
701 341 714 356 n
742 332 794 357 Per
811 331 890 357 viros
905 338 980 365 prae-

211 380 304 407 dictos
328 379 440 407 occisos
468 381 611 413 martyres
630 379 753 412 possunt
778 377 903 411 signari;
929 376 981 403 sed

211 434 296 459 unus,
312 425 420 452 scilieet
437 427 518 452 Jesus
533 423 671 456 Christus,
687 423 771 458 quasi
792 422 870 449 filius
884 422 980 457 regis;

210 474 242 499 ut
256 472 318 499 haec
342 471 430 498 dictio
458 471 542 502 Quasi
565 477 625 496 non
647 469 682 496 sit
704 468 913 502 similitudinis,
929 468 980 495 sed

211 518 423 550 affirmationis,
438 517 497 544 sive
514 515 651 548 veritatis,
666 515 740 542 sieut
753 523 842 550 supra
858 514 865 529 ¹
884 523 889 541 ε
910 524 922 539 a
938 514 980 540 vi-

211 564 308 591 dImus
322 563 446 597 gloriam
458 564 535 597 quasi
547 561 672 595 gloriam
681 560 847 595 unigenitia
857 562 937 587 Patre
952 569 978 587 ι»

210 610 262 637 ubi
276 609 395 644 ponitur
409 616 463 644 pro
482 608 611 641 veritate,
626 615 685 634 non
710 615 763 642 pro
779 606 981 639 similitudine,

210 658 242 683 ut
258 656 298 682 ait
313 655 467 689 Gregorius
486 654 505 680 ².
524 656 554 682 Et
568 654 635 681 licet
655 656 729 681 esset
743 655 839 681 tantus
855 655 883 680 et
906 653 981 687 talis,

211 704 307 729 tamen
324 702 456 728 mortuus
477 702 520 728 est
541 700 705 727 voluntarie
726 708 781 735 pro
804 707 908 734 genere
928 699 982 726 hu-

211 755 310 781 mano,
327 755 416 782 supra
431 748 441 763 ³
469 755 475 772 :
495 756 508 772 ι(
530 748 702 774 potestatem
730 746 827 773 habeo
850 745 982 780 ponendi

211 793 341 820 animam
355 801 462 820 meam.
479 803 492 817 »
515 794 547 819 Et
562 792 603 820 ibi
622 793 631 809 '⁴
646 792 682 819 de
697 792 763 819 hoc.
780 791 860 819 Unde
883 792 913 818 in
926 791 983 818 hoe

210 841 289 875 patet
301 848 354 867 sua
367 847 484 867 summa
499 839 626 873 bonitas,
647 847 700 866 sua
717 838 894 866 admiranda
916 838 984 865 cha-

210 886 290 920 ritas,
305 894 357 914 sua
371 886 517 921 stupenda
532 886 664 921 aequitas,
681 886 708 912 et
722 893 781 912 suae
805 884 983 912 condescen-

210 932 300 959 sionis
315 932 438 959 mirifica
458 931 609 959 humilitas
635 940 641 958 :
667 939 758 966 quam
785 930 935 958 admirans
957 933 984 957 et

210 979 330 1013 stupens
353 978 509 1013 Apostolus
531 978 571 1005 ait
586 978 595 994 ⁵
612 986 618 1005 :
638 987 651 1003 «
673 977 810 1010 Quicum
832 977 862 1003 in
888 976 984 1003 forma

211 1024 259 1051 Dei
270 1025 353 1057 esset,
365 1034 377 1049 ι)
395 1026 460 1059 etc.,
472 1026 570 1051 tamen
583 1023 773 1051 «humiliavit
783 1022 982 1057 semetipsum,

210 1070 301 1097 factus
316 1070 459 1097 obediens
474 1078 567 1105 usque
583 1070 622 1097 ad
637 1072 772 1102 mortem,
791 1079 804 1094 n
822 1071 873 1096 etc.
894 1070 925 1095 Et
941 1068 984 1095 in-

210 1117 254 1144 fra
268 1118 278 1134 ὃ
294 1126 300 1143 :
319 1126 332 1142 «
354 1117 493 1152 Majorem
521 1117 689 1144 charitatem
715 1124 803 1143 nemo
829 1116 928 1149 habet,
954 1117 984 1142 ut

211 1163 340 1190 animam
364 1171 447 1190 suam
471 1165 562 1198 ponat
587 1163 652 1198 quis
675 1170 729 1198 pro
750 1162 868 1195 amicis,
890 1172 902 1186 »
929 1164 983 1189 ete.

211 1210 273 1236 Non
288 1209 366 1236 enim
389 1209 485 1236 solum
500 1209 636 1243 dignatus
656 1210 699 1235 est
720 1208 880 1241 incarnari,
896 1209 923 1234 et
938 1216 984 1241 ge-

211 1254 374 1282 neralitates
388 1255 532 1282 humanas
556 1255 712 1289 suscipere,
732 1254 806 1281 sieut
826 1254 935 1281 esurire
958 1256 985 1281 et

211 1301 299 1334 sitire,
322 1303 388 1335 etc.,
411 1302 462 1328 sed
484 1301 571 1328 etiam
593 1301 679 1334 mori,
696 1308 764 1327 cum
782 1302 880 1327 tamen
904 1308 984 1327 mors

212 1347 247 1374 sit
271 1347 486 1374 amarissimum
507 1347 595 1382 quid,
616 1347 686 1382 quia
706 1346 848 1373 terminus
870 1346 984 1381 passio-

213 1401 292 1420 num.
309 1394 376 1420 ldeo
390 1394 400 1410 ⁷
418 1403 424 1420 ε
452 1403 465 1418 «
481 1393 674 1420 Commendat
696 1395 794 1420 autem
814 1392 984 1419 charitatem

213 1447 306 1466 suam.
319 1449 332 1464 »
351 1441 382 1466 Et
396 1440 527 1474 sequitur
541 1449 548 1466 :
561 1449 573 1464 (ι
590 1442 642 1467 I’ro
658 1438 744 1466 nobis
758 1440 892 1465 mortuus
908 1440 982 1465 est.»

214 1487 245 1512 Et
259 1487 392 1512 mortuus
406 1487 499 1512 morte
513 1486 615 1519 crucis,
633 1493 700 1520 quae
724 1487 785 1512 erat
804 1492 884 1511 mors
900 1484 983 1518 igno—

214 1531 389 1558 ininiositate
412 1531 589 1566 turpissima,
604 1531 717 1565 judicio
741 1530 983 1564 crucifigentium,

214 1577 400 1604 diuturnitate
416 1578 541 1612 prolixa,
565 1576 720 1604 acerbitate
741 1584 851 1603 amara.
873 1579 985 1610 Augus-

214 1623 290 1650 tinus
304 1624 314 1639 ⁸
329 1633 334 1650 :
354 1634 367 1648 (ι
392 1623 442 1651 Illa
466 1625 558 1650 morte
574 1622 647 1649 nihil
663 1622 745 1657 pejus
768 1622 821 1649 fuit
844 1622 916 1649 inter
931 1630 983 1656 ge-

213 1677 284 1696 nera
306 1670 456 1696 mortium.
476 1670 549 1696 Mors
572 1668 816 1703 protendebatur,
838 1675 874 1694 ne
899 1667 987 1694 dolor

215 1715 298 1742 citius
326 1715 478 1748 finiretur,
502 1725 515 1740 »
548 1717 601 1741 etc,
631 1715 663 1741 Et
688 1713 730 1740 ibi
751 1713 827 1740 bene
856 1713 893 1740 de
918 1713 984 1740 hoc.

215 1762 225 1786 i*
244 1763 358 1789 «Morte
378 1760 544 1796 turpissima
569 1760 801 1787 condemnemus
828 1767 906 1786 eum.
924 1769 937 1785 ι)
955 1760 988 1786 Et

214 1808 254 1834 sie
268 1807 344 1834 mori
358 1815 412 1842 pro
427 1806 540 1842 populo
563 1806 616 1832 fuit
635 1805 811 1840 expediens,
826 1813 862 1832 ne
877 1808 987 1840 pereat,

215 1855 243 1880 et
269 1860 336 1880 vere
362 1852 522 1887 expediens
551 1852 589 1879 ad
619 1851 711 1886 ipsius
739 1851 842 1878 mortis
867 1851 987 1878 occisio-

215 1907 284 1926 nem
299 1898 318 1915 ¹⁰
335 1907 341 1925 :
364 1908 377 1924 t(
394 1900 447 1926 Ero
462 1906 542 1925 mors
556 1899 623 1932 tua,
646 1905 735 1925 more.
751 1906 764 1922 n
781 1897 862 1924 Unde
876 1899 988 1931 Augus-

215 1945 279 1972 tinu
296 1947 331 1971 s¹¹
346 1954 352 1971 ε
372 1945 458 1972 «Vita
480 1945 596 1971 mortua
611 1943 719 1970 occidit
742 1944 877 1970 mortem.
895 1943 989 1970 Pleni-

216 1991 287 2018 tudo
301 1992 367 2018 vitae
382 1990 538 2025 deglutivit
551 1991 686 2023 mortem,
701 1989 841 2024 absorpta
853 1990 895 2015 est
909 1996 989 2016 mors

216 2037 247 2064 in
261 2037 384 2064 victoria
398 2037 488 2072 patris
504 2036 553 2071 (α).
570 2046 584 2061 »
602 2037 669 2062 Item
686 2035 726 2062 sic
740 2035 815 2062 mori
834 2034 887 2061 fuit
902 2042 988 2069 expe-

219 2083 302 2110 diens
317 2083 355 2110 ad
370 2082 484 2117 generis
499 2082 620 2108 humani
633 2081 669 2108 de
681 2081 845 2116 captivitate
861 2080 990 2107 satanica

218 2129 453 2164 redemptionem
469 2129 489 2148 ¹2
503 2137 528 2154 2«
543 2127 659 2154 Occisus
674 2135 714 2160 eS,
731 2129 759 2154 et
772 2126 921 2154 redemisti
936 2134 990 2153 nos

221 2176 277 2201 Deo
292 2175 322 2201 in
338 2175 478 2208 sanguine
494 2176 553 2200 tuo.
582 2184 594 2197 »ι
613 2173 632 2189 ¹³
656 2183 668 2197 α
688 2172 782 2208 Empti
808 2172 875 2199 estis
896 2172 989 2207 pretio

220 2228 339 2255 magno.
356 2232 368 2244 n
386 2220 466 2247 Unde
481 2219 657 2254 Augustinus
673 2219 692 2236 ¹¹⁴
710 2227 735 2244 1«
749 2219 873 2246 Pretium
886 2220 991 2246 nostrae

220 2267 430 2302 redemptionis
444 2267 486 2293 est
499 2265 618 2300 sanguis
628 2265 764 2292 Christi.»
777 2266 846 2292 Item
860 2265 900 2291 sic
916 2265 991 2292 mori

220 2311 274 2339 fuit
296 2313 453 2347 expediens
478 2312 515 2339 ad
544 2320 664 2339 omnem
687 2311 948 2338 sanctificationem
965 2313 992 2338 et

220 2358 398 2385 lavationem
414 2367 431 2386 a
454 2360 575 2394 peccato
597 2366 650 2393 per
673 2357 755 2384 illam
776 2365 889 2384 sacram
911 2357 992 2384 obla-

221 2404 342 2438 tionem,
358 2412 417 2439 qua
442 2413 472 2431 se
494 2403 601 2431 obtulit
627 2403 755 2431 Christus
779 2403 809 2430 in
832 2410 917 2430 cruce
941 2403 960 2422 ¹⁵
984 2411 990 2429 :

253 2465 260 2481 ¹
279 2464 359 2490 Jocm„
380 2470 398 2493 1,
420 2465 455 2488 11,
472 2478 501 2482 -
522 2466 530 2479 ²
549 2466 635 2495 Greg,
658 2463 760 2492 Moral„
776 2463 819 2487 lib.
836 2464 912 2493 XXV,
928 2470 949 2487 e.
967 2468 992 2493 x,

221 2507 247 2524 n.
262 2501 304 2523 25.
318 2513 343 2516 —
360 2500 369 2513 ³
382 2500 462 2529 Joan„
482 2506 511 2529 x,
532 2502 568 2524 18.
584 2514 612 2517 —
630 2500 639 2515 Β
656 2500 711 2523 Υἰᾱ.
727 2507 794 2529 sup.‚
816 2499 908 2522 Collat.
924 2505 949 2522 L.
965 2511 991 2515 —-

221 2535 231 2551 ὅ
246 2534 352 2565 Philip„
368 2541 396 2564 11,
410 2537 434 2564 7,
447 2536 469 2558 S.
486 2548 516 2552 —
531 2536 540 2549 '³
553 2537 635 2561 doun..
652 2541 694 2565 ΧΥ,
711 2536 747 2558 13.
764 2547 788 2551 -
808 2534 818 2550 '¹
835 2535 911 2562 Rom„
928 2539 952 2564 v,
970 2535 993 2562 8,

222 2572 244 2593 9.
258 2583 288 2588 -
304 2571 312 2584 ⁸
326 2572 400 2602 Augu,
420 2571 445 2593 in
465 2570 546 2599 donn„
566 2572 638 2594 tract.
657 2576 750 2600 xxxvi,
765 2577 791 2594 n.
811 2571 834 2593 4.
849 2582 878 2586 ·—
894 2570 904 2586 ¹³
924 2571 993 2600 San,

223 2611 256 2635 ιι,
276 2607 315 2628 20.
339 2619 363 2622 —
382 2606 401 2621 ¹⁰
420 2606 485 2633 Ose..
506 2611 566 2633 xuni,
592 2607 628 2628 ¹4.
646 2618 676 2622 —
695 2606 713 2620 ¹¹
732 2607 851 2634 August„
870 2605 895 2627 ιή
913 2605 993 2631 loon..

223 2641 296 2663 tract.
312 2646 357 2669 xii,
372 2647 398 2663 n.
416 2641 530 2663 11.--1ζ
545 2641 629 2669 Αμοικ,
645 2645 667 2669 ν,
683 2641 706 2663 9.
719 2652 749 2656 —
766 2640 783 2653 ¹³
801 2640 807 2662 1
824 2640 891 2667 Cor„
906 2645 940 2668 vi,
954 2640 992 2661 20.

717 217 986 250 COLLATIONES
1008 216 1299 249 PRAEDICABILES

1039 294 1053 309 «
1068 285 1148 312 Lavit
1162 293 1216 312 nos
1231 293 1249 312 a
1262 285 1388 320 peccatis
1402 284 1507 313 nostris
1522 284 1552 311 in
1566 283 1708 319 sanguine
1721 289 1802 311 suo-»i

1038 331 1056 347 ¹⁸
1071 331 1221 358 «Tradidit
1234 331 1423 367 semetipsum
1438 331 1618 359 oblationem
1637 332 1664 357 et
1679 329 1806 357 hostiam

1037 385 1091 412 pro
1105 377 1199 404 nohis.
1224 388 1238 403 »
1262 378 1331 405 Item
1352 377 1393 404 sic
1412 378 1488 405 mori
1510 377 1563 404 suit
1587 375 1747 411 expediens
1767 374 1807 402 ad

1037 424 1150 458 generis
1165 424 1286 451 humani
1309 424 1578 451 reconciliationem
1594 424 1651 449 Deo
1678 422 1763 455 Patri,
1779 422 1808 448 et

1038 470 1075 497 ad
1091 470 1339 497 introductionem
1354 470 1382 497 in
1404 477 1528 504 regnum
1548 469 1649 504 gloriae
1664 468 1683 486 ¹⁷
1699 477 1706 495 ε
1722 478 1735 493 n
1753 469 1807 495 Re-

1038 517 1183 544 conciliati
1210 517 1288 543 enim
1312 524 1413 544 sumus
1433 524 1485 552 per
1505 518 1628 543 mortem
1649 515 1710 542 Filii
1733 514 1806 549 ejus.

1038 564 1068 590 Et
1081 563 1102 579 ¹²³
1119 571 1145 589 :a
1162 565 1223 598 Ipse
1239 563 1318 590 enim
1333 564 1375 590 est
1386 570 1445 598 pax
1460 564 1569 595 nostra,
1585 561 1635 596 qui
1649 561 1715 588 fecit
1728 562 1807 587 utra-

1038 617 1095 644 que
1110 617 1213 636 unum.
1231 619 1244 634 »
1267 610 1299 636 Et
1317 608 1384 636 ideo
1409 608 1515 635 dicitur
1531 607 1551 625 ¹⁹
1567 616 1574 634 ;
1595 616 1608 632 ι(
1622 608 1672 634 Per
1691 606 1808 641 sangui-

1038 662 1106 682 nem
1126 663 1212 682 suum
1229 654 1318 681 semel
1344 654 1473 681 introivit
1492 654 1522 680 in
1546 655 1655 680 sancta.
1672 662 1686 678 »

1075 701 1194 736 (Subdit
1203 701 1340 728 continue
1353 709 1359 728 z
1369 702 1377 735 )
1390 702 1466 735 Ergo
1474 702 1540 727 sunt
1550 697 1719 727 meditanda
1729 707 1735 725 :
1746 697 1809 725 Filii

1040 747 1087 773 Dei
1102 746 1281 781 sublimitas,
1297 755 1356 774 suae
1370 746 1514 782 passionis
1530 746 1594 772 dira
1609 744 1764 775 acerbitas,
1782 745 1811 770 et

1039 793 1171 828 ejusdem
1182 793 1326 828 passionis
1333 792 1510 820 multimoda
1518 791 1726 824 commoditas,
1733 791 1765 817 ut
1775 789 1812 816 sit

1039 839 1068 866 in
1084 839 1171 866 nobis
1185 839 1275 875 ipsius
1290 839 1434 874 passionis
1450 838 1578 874 perfecta
1593 836 1782 865 imitabilitas.

1133 941 1247 967 Collatio
1267 941 1602 975 quinquaqesimaquz'nca,
1623 946 1681 973 xn,
1701 940 1727 965 3.

1074 1024 1168 1051 Maria
1183 1026 1284 1059 accepit
1302 1025 1397 1051 libram
1421 1025 1552 1057 unquenti
1575 1024 1671 1058 pistici
1688 1022 1812 1057 pretiosi,

1039 1072 1064 1097 et
1085 1072 1164 1096 zmoeit
1178 1070 1256 1104 pedes
1271 1072 1343 1104 Jesu,
1365 1072 1417 1097 etc.
1443 1070 1473 1096 In
1493 1069 1539 1096 his
1554 1069 1651 1096 verbis
1671 1068 1813 1103 figuratur

1039 1116 1197 1152 spiritualis
1214 1116 1335 1150 oblatio,
1353 1124 1412 1151 qua
1427 1116 1516 1143 debet
1535 1115 1634 1142 anima
1657 1114 1752 1142 fidelis
1767 1113 1812 1141 Fi-

1039 1162 1111 1189 lium
1127 1163 1174 1189 Dei
1189 1162 1347 1196 honorare,
1370 1164 1398 1189 et
1416 1169 1507 1196 quam
1528 1161 1552 1188 ei
1576 1161 1681 1188 offerre
1701 1159 1788 1187 debet
1803 1167 1810 1185 ε

1039 1211 1069 1237 111
1083 1211 1192 1246 quibus
1207 1212 1333 1245 quatuor
1348 1210 1523 1244 figurantur,
1539 1216 1667 1244 quorum
1680 1207 1812 1243 primum

1039 1258 1081 1283 est
1089 1264 1222 1291 personae
1228 1256 1376 1283 offerentis
1384 1256 1532 1290 acceptata
1542 1254 1588 1281 Dei
1597 1252 1812 1289 (mvirtuositas,

1039 1302 1079 1329 ibi
1097 1311 1104 1329 ε
1122 1304 1230 1334 Μανίας
1247 1301 1410 1328 secundum
1431 1302 1473 1328 est
1495 1299 1654 1327 oblationis
1677 1297 1812 1334 perfecti-

1039 1349 1147 1383 bilitas,
1163 1348 1204 1376 ibi
1222 1358 1228 1375 τ
1245 1350 1356 1382 Accepit
1369 1349 1464 1374 libram
1477 1347 1624 1381 unquenti;
1640 1344 1757 1372 tertium
1771 1346 1813 1371 est

1040 1395 1069 1421 in
1078 1395 1230 1422 offerendo
1242 1394 1346 1421 sedula
1360 1392 1632 1428 obsequiositaS‚ibi
1644 1401 1650 1419 :
1668 1392 1751 1418 Unoeit
1762 1397 1812 1425 pe-

1040 1441 1098 1470 des:
1122 1444 1259 1476 quartum
1283 1449 1319 1468 ex
1342 1441 1387 1468 his
1411 1440 1550 1467 redolens
1567 1439 1727 1470 famositas,
1747 1437 1811 1465 ibi:

1040 1489 1137 1514 Domus
1151 1489 1264 1522 impleta
1280 1490 1318 1514 est
1335 1495 1367 1514 ea:
1382 1487 1460 1513 odore
1474 1487 1617 1520 unquenti.

1075 1534 1119 1560 Ait
1133 1541 1204 1568 ergo
1222 1543 1227 1560 :
1245 1535 1349 1566 Μανία,
1366 1541 1431 1568 quae
1447 1534 1506 1559 erat
1529 1539 1655 1567 persona
1679 1532 1813 1566 accepta-

1039 1579 1108 1606 bilis
1123 1581 1193 1613 Deo,
1206 1582 1233 1606 et
1248 1588 1265 1606 a
1281 1581 1340 1606 Deo
1355 1579 1472 1612 dilecta,
1488 1586 1576 1613 supra
1591 1580 1613 1595 ²⁰
1630 1586 1656 1604 z«
1671 1576 1815 1612 Diligebat

1039 1627 1119 1653 Jesus
1134 1625 1283 1659 Martham,
1296 1627 1323 1652 et
1337 1633 1471 1652 sororem
1485 1625 1547 1658 ejus
1561 1624 1691 1651 Mariam.
1703 1633 1717 1650 »
1733 1623 1814 1650 Prius

1041 1671 1119 1698 enim
1135 1670 1224 1697 debet
1238 1679 1299 1697 esse
1320 1678 1448 1705 persona
1463 1670 1590 1697 offerens
1610 1670 1770 1705 acceptata,
1783 1667 1816 1695 ut

1041 1719 1188 1751 gratanter
1209 1716 1313 1744 offerat
1333 1717 1354 1733 ²¹
1374 1725 1380 1742 :
1404 1716 1485 1743 Prius
1502 1716 1658 1751 «respexit
1681 1716 1755 1742 Deus
1777 1714 1816 1741 ad

1040 1763 1124 1797 Abel,
1140 1766 1167 1790 et
1181 1773 1195 1789 u
1209 1765 1311 1798 postea
1327 1772 1341 1788 «
1357 1762 1395 1789 ad
1410 1770 1533 1789 munera
1546 1762 1618 1796 ejus.
1633 1772 1646 1787 »
1663 1761 1743 1789 Unde
1754 1762 1814 1788 Ma-

1042 1809 1085 1836 ria
1100 1809 1221 1843 gerebat
1233 1816 1391 1844 personam
1415 1808 1548 1843 perfectae
1568 1808 1733 1843 poenitentis
1748 1816 1754 1834 :
1770 1807 1814 1834 in—

1042 1856 1215 1889 terpretatur
1230 1855 1308 1882 enim
1324 1863 1445 1881 antarum
1464 1862 1546 1888 mare,
1563 1854 1593 1881 in
1609 1861 1669 1889 quo
1684 1853 1815 1888 signatur

1043 1901 1224 1928 contritionis
1237 1901 1355 1928 veritas.
1371 1902 1441 1928 Item
1456 1900 1661 1935 interpretatur
1680 1900 1769 1933 stella,
1786 1898 1816 1925 in

1044 1954 1103 1981 quo
1125 1946 1256 1981 signatur
1277 1946 1464 1973 immaculata
1487 1946 1608 1981 puritas.
1635 1947 1706 1973 Item
1728 1945 1816 1972 inter-

1042 1995 1172 2028 pretatur
1190 1995 1247 2027 lum,
1263 1993 1293 2020 in
1310 2001 1369 2028 quo
1389 1993 1519 2027 signatur
1541 1992 1714 2019 inoffuscata
1731 1991 1816 2018 lumi-

1044 2039 1162 2066 nositas.
1189 2040 1259 2066 Item
1282 2039 1487 2074 interpretatur
1506 2038 1626 2072 domina,
1649 2037 1681 2064 111
1702 2045 1762 2072 quo
1781 2036 1816 2064 si-

1045 2088 1150 2120 gnatur
1165 2085 1466 2121 concupiscentiarum
1487 2084 1672 2119 disciplinata
1692 2083 1815 2118 castiga-

1045 2131 1157 2158 bilitas:
1170 2139 1237 2166 quae
1252 2131 1361 2158 debent
1373 2139 1433 2158 esse
1449 2131 1478 2157 in
1494 2130 1593 2158 anima
1606 2130 1774 2165 poenitente,
1789 2130 1817 2156 et

1044 2177 1161 2204 fuerunt
1176 2178 1206 2204 in
1220 2178 1318 2211 Maria,
1334 2177 1407 2204 sicut
1419 2177 1542 2212 planum
1555 2179 1596 2204 est
1610 2184 1645 2203 ex
1659 2176 1734 2203 serie
1749 2175 1817 2202 vitae

1045 2231 1116 2257 sune,
1129 2223 1165 2250 de
1180 2231 1240 2258 qua
1254 2223 1358 2250 dicitur
1368 2222 1399 2256 ²²,
1414 2222 1495 2257 quod
1511 2233 1524 2247 «
1537 2222 1637 2249 dilexit
1651 2221 1788 2254 multum,
1800 2230 1814 2246 »

1045 2270 1073 2296 et
1087 2269 1153 2296 ideo
1169 2277 1186 2296 a
1198 2271 1255 2296 Deo
1271 2269 1376 2296 dilecta
1389 2271 1415 2296 ct
1430 2271 1578 2304 acceptata
1591 2268 1613 2284 ²²⁵
1624 2277 1650 2294 ει(
1663 2267 1819 2302 Diligentes

1046 2315 1125 2342 enim
1133 2323 1180 2343 me
1196 2315 1320 2350 diligo.»
1335 2317 1387 2342 Per
1401 2315 1508 2342 libram
1523 2314 1675 2349 unguenti,
1689 2312 1820 2340 devotio-

1046 2361 1090 2388 nis
1103 2361 1330 2396 perfectibilitas.
1348 2362 1379 2388 Ut
1393 2361 1432 2388 ait
1445 2360 1607 2388 Bernardus
1618 2360 1641 2377 2⁶
1655 2368 1662 2386 z
1678 2370 1691 2385 «
1704 2358 1819 2394 Triplex

1046 2462 1077 2467 -—
1092 2450 1110 2465 ¹⁵
1124 2451 1198 2480 Aug„
1212 2451 1300 2474 Enarr.
1318 2450 1343 2473 in
1358 2449 1426 2473 Psal.
1440 2454 1501 2479 xcx,
1514 2455 1540 2472 n.
1554 2450 1576 2473 5.
1588 2461 1618 2466 —
1630 2449 1651 2465 ¹³
1662 2448 1746 2478 Apoc„
1761 2452 1779 2477 1,
1794 2448 1818 2470 5.

1046 2498 1077 2502 -
1091 2486 1111 2500 ¹⁶
1126 2486 1225 2515 Ephes„
1245 2491 1268 2513 v,
1283 2488 1306 2508 2.
1323 2498 1353 2502 —-
1375 2485 1392 2500 ¹⁷
1409 2485 1485 2513 Rom„
1502 2490 1525 2514 v,
1544 2488 1579 2507 10.
1593 2496 1624 2501 -
1646 2483 1819 2513 '⁸Epl1es.,11‚

1049 2521 1087 2543 Η.
1102 2533 1132 2537 -
1149 2522 1169 2536 ¹¹'
1185 2521 1325 2549 Hebr.,1x,
1345 2522 1380 2543 12.
1396 2532 1426 2536 —
1441 2519 1463 2535 ²⁰
1477 2519 1558 2548 down,
1576 2524 1616 2548 xi,
1631 2519 1654 2541 ὅ.
1669 2529 1700 2535 -
1715 2518 1732 2532 11
1748 2517 1818 2545 Gen..

1048 2561 1087 2585 iv,
1106 2557 1128 2579 4.
1150 2568 1180 2572 —
1200 2556 1217 2569 ²²
1239 2557 1307 2583 Luc„
1331 2561 1381 2583 vii,
1399 2556 1436 2578 107.
1458 2567 1489 2572 —
1511 2554 1531 2570 ²¹⁸
1551 2555 1635 2582 Prov„
1653 2559 1716 2583 vni,
1734 2554 1773 2577 Π.
1788 2564 1819 2570 -

1048 2591 1067 2605 ¹⁴
1084 2590 1170 2620 Bern.‚
1184 2598 1258 2621 supet·
1273 2590 1359 2618 Cant.,
1375 2597 1452 2613 serm.
1468 2596 1493 2619 x,
1511 2596 1537 2612 n.
1552 2590 1574 2611 4.

1080 2638 1113 2668 (a)
1129 2639 1185 2669 Leq.
1201 2639 1227 2662 in
1249 2638 1340 2662 Christi
1356 2644 1472 2667 corpore.
1489 2650 1514 2654 -—
1532 2636 1563 2666 (b)
1579 2638 1715 2667 acceptatae
1729 2643 1743 2660 s
1756 2637 1816 2660 Deo.
