1987 3032
706 228 745 259 IN
767 228 853 259 CAP.
877 229 902 259 ΙΙ
925 228 1063 260 SANCTI
1084 229 1258 260 JOANNIS.

191 297 297 324 erroris
323 296 497 332 propinatur
524 295 555 322 in
584 295 682 322 verbis
708 297 888 331 poetarum;
918 295 954 322 de

191 350 250 378 quo
268 343 276 360 ¹
295 351 300 369 :
320 352 333 368 «
348 343 410 375 Quo
431 341 523 368 modo
545 340 647 368 vinum
662 343 812 377 potantem
827 341 954 376 decipit,

190 389 230 416 sic
248 389 294 415 vir
315 388 479 423 superbus,
499 397 512 413 n
537 389 590 414 etc.
614 389 645 414 Et
665 395 753 415 omne
773 387 831 414 tale
852 387 956 414 vinum

188 435 313 462 inebriat
326 436 487 470 potantem.
504 435 535 460 Et
550 434 623 461 sicut
643 434 744 461 viuum
765 442 824 461 non
839 433 955 461 modice

189 483 338 517 sumptum
352 480 496 507 rationem
510 480 676 515 perturbat,
688 480 863 507 memoriam
873 487 956 507 ener-

189 529 260 560 vat,
282 526 464 554 oblivionem
487 526 628 561 immittit=
654 534 783 553 errorem
808 526 954 561 infundit,

189 573 228 599 ad
242 572 438 607 ignorantiam
452 572 599 608 perducit,
617 574 648 600 ut
662 573 776 600 Boetius
795 572 833 600 ait
848 572 884 600 de
900 572 956 599 dis-

188 618 297 653 ciplina
314 619 506 652 scholarium,
523 618 562 645 sic
582 618 737 654 quodlibet
758 619 859 645 vinum
880 627 955 653 prce-

189 665 300 692 dictum
325 665 449 692 inebriat
470 666 620 700 potantem
636 665 646 680 Ξ
668 673 673 691 :
699 674 711 689 «
728 664 784 692 Viri
805 664 892 692 fortes
916 665 955 692 ad

188 710 371 738 miscendam
392 711 572 738 ebrietatem.
596 721 609 735 n
634 711 676 738 lbi
698 711 891 746 Hieronymus
912 712 922 727 ³
947 719 969 745 :-

191 757 318 785 «Omnis
340 757 520 792 perturbatio
541 759 635 792 potest
658 758 769 784 ebrietas
789 756 953 792 appellari,

188 811 253 838 quae
268 803 409 838 accipitur
434 803 468 830 de
486 803 555 830 vino
574 803 680 830 furoris
705 802 904 830 draconum.»
924 805 955 830 Et

187 849 261 876 sicut
285 849 409 876 ebrietas
433 857 450 876 a
477 849 544 876 vino
569 849 694 876 naturali
720 850 762 876 est
786 849 954 876 voluntaria

186 895 315 929 insania,
330 896 362 922 ut
384 895 423 922 ait
446 895 592 928 Seneca³,
613 895 652 922 sic
675 903 692 922 a
712 895 859 930 praedictis
878 894 955 921 vinis

187 941 310 968 ebrietas
324 942 419 976 potest
434 940 491 967 dici
506 941 619 968 insania
632 950 637 968 ε
653 941 838 968 «Fornicatio
855 941 934 968 enim
945 942 954 957 ⁵

187 989 215 1014 et
229 987 353 1014 ebrietas
373 987 508 1014 auferunt
527 995 587 1014 cor.
604 998 617 1011 n
635 989 666 1015 In
687 988 790 1014 Psalmo
804 987 814 1002 ⁶
831 996 837 1014 :
856 997 869 1013 «
883 989 955 1014 Tur-

186 1033 247 1060 bati
269 1036 335 1061 sunt
349 1035 377 1060 et
395 1033 467 1060 moti
482 1033 555 1060 sicut
569 1033 675 1060 ebrius.
692 1044 706 1058 »
722 1033 732 1048 ⁷
749 1044 761 1058 «
777 1035 823 1060 Vae
838 1041 954 1061 coronae

186 1079 352 1114 superbiae,
377 1079 465 1106 ebriis
491 1079 628 1114 Ephraim
653 1079 701 1114 (a).
724 1089 737 1104 ι)
760 1081 791 1106 Et
813 1080 918 1107 eodem
947 1089 954 1106 :

189 1135 202 1150 «
217 1126 357 1153 Sacerdos
381 1128 409 1153 et
429 1125 572 1160 propheta
595 1126 761 1153 nescierunt
776 1133 836 1161 prae
860 1125 954 1153 ebrie-

185 1173 259 1205 tate,
275 1182 287 1197 »
305 1174 358 1199 etc.
376 1173 407 1198 Et
422 1179 456 1199 ex
477 1172 534 1199 hoc
557 1173 636 1207 patet
659 1171 785 1198 tertium.
811 1173 842 1199 Et
857 1172 897 1199 sic
913 1171 954 1198 in-

186 1217 303 1245 ebriatis
328 1219 493 1253 apponetur
514 1218 596 1253 quod
620 1217 747 1244 deterius
768 1220 827 1251 est,
842 1218 873 1244 id
892 1221 952 1252 est,

185 1264 328 1298 amarius,
340 1264 410 1299 quia
424 1264 590 1291 amaritudo
605 1264 736 1299 sequitur
750 1271 882 1291 amorem
892 1272 954 1291 car-

186 1310 294 1344 nalem,
311 1309 474 1337 secundum
489 1311 641 1344 Hugonem
655 1310 665 1325 ⁸
682 1318 688 1336 :
705 1320 717 1335 «
733 1310 816 1337 Risus
831 1310 954 1337 dolore⁹

185 1358 365 1389 miscebitur,
378 1359 405 1385 et
419 1360 548 1385 extrema
564 1357 665 1392 gaudii
679 1358 774 1385 luctus
789 1361 922 1393 occupat.
937 1369 950 1383 »

185 1406 216 1431 Et
233 1403 250 1418 '⁰
269 1413 275 1431 :
294 1405 361 1432 «Ne
385 1404 524 1431 intuearis
550 1404 670 1438 vinum,
699 1404 820 1439 quando
850 1404 954 1431 flaves-

185 1450 236 1483 cit,
252 1461 265 1476 »
287 1453 358 1485 etc.;
380 1452 407 1478 et
433 1450 582 1486 sequitur:
601 1459 615 1475 (ι
639 1450 801 1484 Ingreditur
822 1450 953 1484 blande,

185 1500 212 1524 et
226 1498 256 1524 in
276 1497 335 1524 fine
356 1496 504 1524 mordebit
524 1499 555 1523 ut
576 1496 707 1524 coluber.
722 1507 736 1522 ν
753 1499 784 1524 Et
799 1497 867 1524 ideo
883 1497 954 1524 tales

185 1543 323 1570 dicuntur
345 1542 484 1570 inebriari
509 1543 656 1570 absinthio
674 1542 711 1569 ¹¹:
734 1543 884 1570 «tnebriat
906 1551 953 1570 me

183 1589 345 1623 absinthio,
367 1598 380 1613 »
400 1588 431 1616 id
450 1590 505 1622 est,
527 1596 627 1616 amore
648 1589 744 1616 saeculi
763 1589 811 1616 vel
831 1589 951 1623 mundi,

183 1643 243 1670 quo
260 1635 393 1670 quisquis
407 1638 447 1662 est
460 1635 573 1668 ebrius,
589 1635 815 1662 amaritudinem
830 1635 953 1668 laboris,

183 1689 273 1716 quem
297 1681 416 1713 tolerat,
440 1680 576 1714 ignorat,
592 1680 631 1707 ait
654 1681 809 1715 Gregorius
824 1680 843 1696 ¹²
863 1688 953 1715 expo-

182 1735 255 1754 nens
270 1727 353 1754 illud.
373 1728 488 1753 «Nocet
504 1726 582 1753 enim
607 1728 705 1761 empta
725 1726 829 1753 dolore
848 1726 953 1762 volup-

183 1776 241 1808 tas,
258 1784 280 1805 »,
289 1774 328 1801 ait
341 1774 473 1801 Horatius
482 1794 490 1807 ,
506 1775 560 1800 etc.

340 1875 452 1902 Collatia
472 1874 668 1907 deci'rnatertia,
689 1881 723 1907 11,
745 1875 788 1901 10.

220 1960 258 1986 Tu
279 1961 367 1986 autem
386 1960 500 1986 servasti
520 1959 615 1985 bonum
633 1959 726 1984 vinum
751 1965 833 1992 usque
855 1959 949 1985 adhuc.

182 2005 325 2039 Quoniam
345 2004 455 2032 dictum
477 2007 519 2031 est
540 2004 576 2031 de
592 2003 661 2030 vino
684 2006 800 2039 sumpto
821 2004 850 2030 in
873 2004 951 2032 mala

181 2050 395 2086 significatione
411 2071 419 2084 ,
445 2050 512 2077 ideo
542 2050 589 2076 hic
619 2049 655 2076 de
679 2050 748 2076 vino
777 2051 894 2085 sumpto
920 2050 950 2076 in

182 2098 262 2125 bona
298 2099 330 2124 Et
353 2096 517 2123 secundum
545 2096 602 2123 hoc
622 2096 677 2122 tria
699 2095 746 2122 hic
765 2096 949 2129 figurantur,

181 2151 310 2179 quorum
328 2143 458 2178 primum
478 2143 520 2169 est
541 2141 715 2169 celebrantis
732 2141 848 2176 nuptias
868 2141 951 2177 spiri-

181 2190 290 2223 tuales,
310 2189 370 2216 sive
391 2188 576 2221 convivium,
598 2188 739 2222 dignitas,
754 2187 796 2214 ibi
813 2196 819 2214 :
835 2188 888 2221 Tu;
905 2195 949 2215 se-

182 2236 309 2264 cundum
320 2237 361 2262 est
371 2235 431 2262 vini
447 2234 571 2270 appositi
588 2234 761 2269 pretiositas,
773 2233 815 2260 ibi
827 2243 834 2261 ι
848 2235 949 2260 Bonum

181 2285 289 2315 viuum;
306 2281 421 2308 tertium
437 2283 479 2308 est
493 2280 523 2307 in
537 2279 724 2315 providendo
739 2281 816 2307 recta
831 2279 949 2307 ordina-

181 2328 297 2361 bilitas,
312 2327 354 2354 ibi
371 2336 377 2353 ε
393 2327 513 2353 Servasti
524 2334 606 2360 usque
618 2326 713 2352 adhuc.

217 2374 262 2401 Ait
282 2381 352 2408 ergo
372 2382 378 2399 ε
401 2374 454 2406 Tu,
476 2372 507 2399 in
531 2380 590 2408 quo
610 2372 698 2399 Filius
714 2371 761 2398 Dei
781 2370 924 2406 figuratur
941 2380 947 2398 ε

214 2448 218 2461 “
236 2446 337 2473 Halm„
360 2452 390 2474 ιι,
412 2447 435 2469 5.
453 2459 483 2462 -
497 2445 507 2460 ²
533 2445 591 2474 ism,
612 2450 635 2473 v,
658 2446 693 2467 tt.
713 2457 743 2461 -
759 2444 767 2456 ⁵
790 2443 903 2474 Hieron„
924 2444 948 2466 in

183 2482 239 2509 Lm..
256 2482 299 2505 lib.
322 2482 355 2511 lt,
375 2490 396 2503 c.
418 2487 442 2503 v.
461 2493 491 2497 —
512 2480 521 2495 ⁵·
543 2480 644 2508 Senec,
665 2479 743 2509 Epist.
762 2483 874 2507 muni,
893 2480 949 2508 post

182 2517 248 2540 med.
267 2531 296 2536 —
317 2518 326 2533 ⁵
339 2520 404 2545 ose,
427 2522 459 2544 iv,
482 2518 516 2539 ιι.
532 2528 563 2532 —-
579 2515 589 2531 θ
609 2513 667 2537 Psal
695 2520 752 2541 ew,
768 2514 806 2536 27.
823 2526 851 2530 —
867 2514 873 2527 ⁷
889 2514 949 2542 [ὅπη

183 2558 278 2581 xxviii,
298 2556 323 2582 1,
339 2553 362 2575 7.
378 2565 407 2569 —
423 2551 434 2567 ⁸
450 2551 524 2578 Huc,
541 2550 570 2572 tle
585 2545 640 2573 Arc.
658 2548 721 2575 Noe,
741 2548 784 2571 lib.
806 2549 827 2578 1,
843 2555 864 2572 c.
887 2554 904 2572 ι.
919 2561 949 2566 —-

181 2588 191 2604 ⁹
206 2588 289 2612 Prov..
307 2594 359 2617 xiv,
385 2588 419 2611 13.
435 2600 465 2604 -
490 2587 507 2603 ¹⁰
524 2585 595 2614 thiu„
616 2590 694 2613 xxii,
715 2586 753 2607 31.
771 2597 796 2600 —-
817 2584 832 2599 '¹
852 2583 948 2614 Thren„

183 2627 220 2652 iu,
238 2624 274 2646 15.
291 2635 320 2640 --
339 2623 358 2638 ¹²
371 2623 456 2652 Grng„
475 2621 573 2645 Moral..
595 2620 636 2643 tib.
661 2620 715 2648 vu,
734 2625 747 2642 c
773 2624 828 2648 viu,
845 2618 877 2642 al.
894 2624 947 2648 xxi,

183 2664 207 2680 u.
228 2659 256 2681 27.
286 2671 315 2674 —
339 2658 359 2674 ¹³
381 2659 495 2687 August,
516 2664 540 2679 ιη
561 2657 641 2684 joma,
662 2656 724 2678 tract
757 2660 797 2683 ix,
815 2660 840 2677 n.
865 2657 898 2677 tr).
920 2667 948 2671 -

1720 237 1778 267 539

1011 295 1073 330 ipse
1088 295 1166 322 enim
1180 303 1233 331 per
1246 304 1387 331 sponsum
1401 297 1448 325 hic
1463 298 1603 333 signatur,
1616 301 1778 329 secundum

1011 342 1203 376 Augustinum
1218 342 1249 369 ¹³.
1264 343 1326 378 lpse
1342 343 1421 370 enim
1442 346 1484 371 est
1497 353 1621 380 sponsus
1636 347 1686 382 qui
1706 348 1779 375 cele-

1011 387 1107 414 bravit
1122 388 1252 423 nuptias,
1268 389 1304 416 de
1321 389 1428 424 quibus
1443 391 1472 417 in
1493 391 1584 426 priori
1604 392 1777 427 collatione,

1012 437 1039 462 et
1054 435 1090 462 de
1106 444 1166 471 quo
1181 436 1257 464 infra
1273 435 1291 451 ’ὦ
1306 445 1332 463 :a
1347 437 1400 470 Qui
1415 438 1505 465 habet
1519 446 1657 473 sponsam
1667 461 1675 473 ,
1692 448 1778 475 spon-

1011 489 1059 507 sus
1086 483 1136 508 est.
1161 492 1173 507 ι)
1194 483 1256 517 Ipse
1280 482 1359 509 enim
1382 485 1423 510 cst
1444 483 1495 519 qui
1513 484 1532 500 ¹⁵
1553 484 1645 511 «fecit
1666 493 1779 513 coenam

1011 535 1151 562 magnam
1166 530 1191 555 et
1208 528 1321 555 vocavit
1341 529 1459 556 multos.
1475 539 1488 555 »
1506 531 1538 557 Et
1555 531 1574 550 ¹⁶
1593 540 1619 557 z«
1634 531 1711 558 Beati
1727 533 1778 567 qui

1011 573 1049 600 ad
1064 581 1177 600 coenam
1192 574 1360 609 nuptiarum
1376 575 1443 609 agni
1459 578 1525 602 sunt
1540 577 1670 604 vocati.»
1685 579 1717 604 Et
1727 578 1777 605 iste

1011 627 1135 654 sponsus
1149 620 1246 654 posuit
1259 620 1372 647 bonum
1397 621 1515 655 vinum,
1531 623 1560 649 in
1581 631 1640 658 quo
1663 625 1779 651 notatur

1011 665 1173 692 secundum
1190 674 1196 692 z
1214 667 1244 692 ut
1260 666 1339 693 enim
1354 667 1393 694 ait
1407 668 1583 702 Augustinus
1601 670 1618 685 ¹⁷
1633 678 1664 696 :u
1680 670 1779 698 Omnis

1011 711 1164 746 prophetia
1179 711 1289 738 Christo
1303 712 1450 740 intellecto
1467 714 1569 741 vinum
1580 717 1636 748 est,
1652 718 1679 742 et
1693 716 1777 751 sapit,

1011 757 1093 792 quod
1112 765 1172 784 non
1195 758 1347 793 sapiebat3
1365 761 1392 786 et
1405 759 1544 794 inebriat,
1561 761 1643 796 quod
1657 769 1718 789 non
1735 762 1778 788 in-

1011 803 1153 830 ebriabat.
1170 813 1182 828 n
1204 806 1272 831 ttem
1296 805 1336 831 ait
1356 805 1486 840 ibidem,
1502 807 1584 842 quod
1600 807 1714 835 bonum
1735 808 1778 835 vi-

1010 856 1081 876 num
1106 851 1147 876 est
1172 850 1365 885 Evangelium
1387 851 1500 879 Christi.
1521 854 1552 880 Et
1574 855 1651 880 recte
1672 853 1777 881 dicitur

1010 894 1123 927 vinum,
1140 895 1221 930 quod
1237 897 1279 922 est
1294 896 1393 931 liquor
1406 905 1513 932 purus,
1529 899 1660 933 sapiduS,
1672 899 1778 933 clarus,

1010 941 1151 975 salubris,
1167 941 1330 975 virtuosuS,
1346 951 1469 970 manans
1493 944 1528 971 de
1552 945 1626 978 vite,
1649 947 1682 972 ut
1702 947 1780 981 patet

1010 987 1048 1014 ad
1064 995 1182 1014 sensum
1199 997 1206 1014 ε
1223 988 1275 1015 sed
1289 989 1417 1016 Christus
1433 992 1473 1017 est
1487 990 1554 1017 vitis
1565 991 1586 1011 ¹⁸
1602 1000 1628 1018 ιιι
1640 984 1700 1026 Ego
1713 994 1778 1019 sum

1010 1034 1091 1067 vitis,
1106 1044 1120 1059 »
1134 1044 1150 1061 :1
1165 1042 1225 1070 qua
1245 1036 1393 1063 emanavit
1408 1037 1605 1071 Evangelium.
1625 1039 1657 1065 Et
1671 1038 1707 1065 de
1721 1038 1778 1066 hoc

1009 1080 1040 1107 in
1054 1080 1150 1115 figura
1165 1080 1242 1108 bene
1257 1082 1278 1098 ¹⁹
1297 1090 1322 1108 z«
1340 1082 1482 1109 Videbam
1502 1091 1601 1110 coram
1620 1092 1667 1111 me
1689 1084 1779 1111 vitem

1010 1126 1040 1153 in
1064 1134 1123 1161 qua
1147 1128 1229 1153 erant
1249 1128 1304 1154 tres
1326 1128 1520 1163 propagines,
1538 1139 1551 1154 »
1575 1131 1603 1156 et
1623 1130 1777 1165 sequitur:

1012 1182 1026 1197 «
1041 1173 1101 1199 Tuli
1118 1180 1186 1207 ergo
1201 1181 1288 1207 uvaS,
1306 1176 1332 1200 et
1348 1174 1476 1209 expressi
1492 1175 1521 1201 in
1538 1175 1658 1203 calicem
1669 1197 1676 1209 ,
1690 1186 1702 1201 »
1722 1178 1775 1203 etc.

1010 1219 1061 1245 Per
1075 1218 1178 1250 vitem,
1195 1220 1275 1246 Jesus
1290 1219 1436 1254 Christus,
1452 1228 1504 1255 per
1518 1222 1574 1248 tres
1589 1222 1776 1257 propagines,

1010 1266 1066 1291 tres
1080 1266 1191 1291 naturae
1209 1265 1238 1291 in
1252 1265 1314 1300 ipso
1326 1286 1334 1299 ,
1351 1265 1459 1293 scilicet
1477 1270 1581 1294 natura
1601 1267 1757 1295 divinitatis
1768 1289 1777 1301 ,

1010 1312 1037 1337 et
1051 1310 1150 1337 anima
1164 1310 1329 1344 rationalis,
1345 1314 1371 1338 et
1390 1314 1495 1339 natura
1514 1313 1694 1348 corporalis:
1712 1322 1779 1349 quae

1009 1358 1075 1383 sunt
1092 1356 1146 1383 tria
1160 1359 1238 1390 sata,
1252 1364 1319 1391 quae
1335 1357 1449 1384 miscuit
1469 1358 1589 1392 mulier,
1605 1359 1636 1386 id
1658 1361 1712 1393 est,
1734 1368 1778 1387 sa-

1008 1402 1118 1437 pientia
1139 1402 1256 1436 divina,
1278 1404 1310 1429 ut
1331 1404 1451 1438 exponit
1469 1404 1632 1431 Bernardus
1652 1405 1704 1432 ibi.
1725 1406 1777 1432 Per

1009 1456 1096 1481 uvaS,
1112 1448 1212 1475 suavia
1232 1448 1309 1475 dicta
1331 1450 1359 1475 et
1373 1449 1448 1476 facta
1466 1449 1637 1484 salvatoris,
1652 1459 1688 1478 ex
1710 1452 1776 1486 qui-

1008 1494 1065 1521 bus
1081 1496 1122 1521 est
1143 1494 1297 1521 collectum
1316 1502 1431 1522 sacrum
1445 1495 1645 1530 Evangelium.
1663 1498 1694 1523 Et
1707 1505 1776 1525 vere

1008 1539 1085 1566 istud
1101 1542 1142 1566 est
1163 1540 1276 1567 bonum
1292 1540 1403 1567 vinum.
1432 1542 1463 1568 Ut
1483 1541 1562 1568 enim
1583 1542 1622 1569 ait
1644 1543 1752 1570 Seneca
1769 1553 1776 1571 ε

1012 1587 1150 1613 «Bonum
1174 1586 1235 1612 vini
1258 1588 1300 1613 est
1318 1594 1406 1621 sapor
1423 1596 1429 1613 ι
1446 1597 1458 1612 »
1477 1587 1528 1614 sed
1548 1587 1622 1615 nihil
1642 1590 1684 1615 est
1702 1589 1778 1624 sapi-

1009 1631 1075 1658 dius
1088 1632 1245 1666 Evaugelio
1261 1632 1372 1659 homini
1386 1633 1528 1668 spirituali
1538 1633 1657 1661 habenti
1672 1643 1777 1662 sanum

1007 1678 1152 1712 palatum,
1165 1680 1195 1704 ut
1208 1677 1247 1704 ait
1262 1678 1404 1713 Propheta
1420 1679 1441 1694 ²⁰
1457 1688 1482 1705 ει(
1496 1680 1588 1712 Quam
1604 1680 1701 1708 dulcia
1715 1680 1777 1707 fau-

1008 1723 1090 1750 cibus
1106 1723 1178 1750 meis
1193 1723 1312 1758 eloquia
1326 1726 1384 1751 tua!
1398 1734 1411 1750 »
1422 1726 1438 1743 ²¹
1451 1734 1464 1750 ι(
1480 1727 1573 1752 Favus
1588 1726 1666 1753 enim
1681 1726 1776 1753 mellis

1007 1770 1098 1797 verba
1119 1770 1291 1805 composita.
1309 1780 1322 1796 n
1339 1771 1409 1797 Vere
1425 1771 1503 1798 enim
1517 1771 1540 1788 ²2
1557 1772 1679 1799 «vinum
1699 1772 1776 1800 istud

1007 1816 1037 1842 in
1049 1815 1263 1850 jucunditatem
1277 1816 1313 1851 (b)
1330 1819 1468 1843 creatum.
1484 1826 1497 1842 ι)
1515 1818 1585 1844 Item
1602 1818 1715 1845 bonum
1731 1819 1776 1846 di-

1008 1863 1080 1890 citur
1094 1862 1196 1889 vinum
1215 1862 1254 1889 ob
1270 1862 1334 1889 vitis
1350 1862 1591 1897 generositatem,
1608 1867 1634 1891 et
1647 1864 1686 1892 oh
1702 1865 1773 1899 soli,

1006 1910 1037 1937 in
1052 1918 1111 1945 quo
1129 1912 1184 1943 est,
1206 1909 1337 1936 coelicam
1359 1910 1584 1944 irrorationem,
1604 1911 1643 1938 ob
1665 1913 1775 1946 tempe-

1006 1957 1099 1983 ratam
1125 1956 1335 1988 maturitatem,
1358 1956 1397 1982 ob
1421 1957 1643 1991 temporaneam
1665 1957 1774 1985 collec-

1006 2002 1133 2034 tionem,
1154 2002 1192 2028 ob
1213 2002 1309 2029 omnis
1328 2001 1502 2036 impuritatis
1522 2003 1773 2037 segregationem,

1006 2048 1045 2075 ob
1061 2048 1138 2074 vasis
1152 2047 1183 2074 in
1195 2055 1254 2082 quo
1269 2047 1421 2083 reponitur
1436 2048 1644 2082 sinceritatem,
1658 2051 1685 2076 et
1700 2049 1774 2076 odo-

1005 2094 1123 2121 riferam
1144 2094 1280 2120 virtutem
1300 2096 1327 2120 et
1350 2094 1562 2128 integritatem,
1583 2096 1611 2121 et
1633 2095 1672 2122 ob
1692 2095 1774 2122 suffi-

1005 2141 1128 2167 cientem
1156 2139 1395 2173 defaecationem,
1421 2142 1452 2166 ut
1480 2142 1558 2175 patet
1585 2141 1772 2169 sensibiliter.

1005 2187 1036 2213 Et
1056 2186 1126 2221 quia
1149 2186 1204 2213 tale
1230 2187 1272 2212 est
1296 2185 1487 2220 Evangelium
1508 2195 1524 2213 a
1543 2186 1618 2219 vite,
1641 2194 1706 2221 quae
1731 2190 1773 2215 est

1004 2232 1149 2264 Christus,
1165 2239 1322 2266 emanans,
1337 2233 1365 2259 et
1379 2231 1417 2259 ab
1433 2232 1496 2266 ipso
1513 2232 1563 2267 qui
1576 2235 1617 2259 est
1631 2233 1675 2260 sol
1691 2233 1772 2268 justi-

1005 2278 1048 2305 tiae
1064 2280 1254 2311 maturatum,
1270 2280 1297 2304 et
1316 2277 1356 2304 sic
1376 2277 1412 2304 de
1432 2278 1511 2311 aliis,
1529 2280 1558 2305 ut
1580 2280 1657 2313 patet
1678 2280 1773 2307 consi-

1004 2324 1116 2351 deranti
1141 2334 1146 2350 :
1170 2324 1236 2351 ideo
1261 2324 1364 2351 merito
1389 2324 1494 2351 dicitur
1515 2324 1627 2352 bonum
1647 2325 1771 2360 vinum,

1004 2370 1085 2405 quod
1100 2370 1198 2406 posuit
1211 2369 1338 2397 Christus
1356 2370 1385 2397 in
1400 2378 1453 2397 sua
1473 2378 1574 2398 mensa
1588 2371 1610 2387 ²³
1626 2380 1632 2398 z
1651 2381 1665 2396 ι(
1681 2372 1771 2399 Bibite

1004 2435 1021 2450 ¹¹
1036 2434 1117 2462 Jmmq
1136 2440 1173 2463 ιιι,
1192 2435 1230 2456 25).
1245 2446 1275 2450 —
1298 2434 1317 2449 ¹⁵
1332 2434 1400 2461 Luc„
1415 2439 1468 2464 xiv,
1486 2436 1521 2458 10.
1537 2447 1566 2452 —
1585 2435 1602 2450 ¹⁶
1616 2435 1700 2466 Apoc„
1717 2442 1770 2465 xix,

1003 2471 1026 2493 9.
1044 2481 1071 2486 -
1087 2470 1104 2484 ¹⁷
1125 2471 1194 2499 Aug,
1211 2468 1252 2491 ubi
1267 2475 1334 2499 sup.,
1348 2475 1373 2492 n.
1391 2470 1414 2498 3,
1433 2471 1456 2492 ὅ.
1474 2482 1500 2486 -
1520 2470 1539 2485 ¹¹³
1553 2470 1634 2499 loun„
1650 2476 1690 2499 xv,
1710 2473 1731 2501 t,
1747 2473 1770 2494 5.

1004 2518 1030 2521 —
1057 2505 1076 2520 ¹¹³
1101 2505 1170 2532 Gen„
1197 2510 1244 2531 η,
1264 2506 1294 2532 21,
1314 2506 1351 2527 tt.
1372 2517 1402 2521 —
1425 2504 1446 2520 ²⁰
1470 2504 1534 2528 t’sal.
1556 2508 1721 2535 cxv111,103.
1742 2519 1770 2523 -

1004 2542 1019 2557 ³¹
1044 2543 1127 2569 Proin,
1150 2547 1207 2569 xvi,
1224 2542 1245 2563 ¹t.
1264 2553 1293 2557 —
1309 2541 1327 2554 ²²
1348 2541 1434 2569 Ecclr'„
1456 2547 1532 2571 xxxl,
1550 2544 1588 2565 35.
1603 2555 1634 2560 —
1647 2543 1668 2557 ³³
1688 2543 1769 2572 Ρι·ου.,

1005 2583 1040 2606 ΙΧ,
1057 2579 1081 2600 fi.

1034 2621 1068 2649 (οι
1090 2616 1154 2643 (Ῑιέΐῗ
1169 2619 1228 2643 edit.
1248 2619 1364 2650 Effraim,
1378 2622 1402 2644 et
1420 2621 1456 2644 sic
1473 2620 1591 2650 deinceps.
1610 2633 1639 2637 —
1657 2620 1698 2651 (b)
1709 2620 1769 2645 Cat.

1002 2655 1061 2679 edd.
1076 2655 1239 2685 jucunditate.
