<?xml version="1.0" encoding="UTF-8"?>
<!DOCTYPE html PUBLIC "-//W3C//DTD XHTML 1.0 Transitional//EN"
    "http://www.w3.org/TR/xhtml1/DTD/xhtml1-transitional.dtd">
<html xmlns="http://www.w3.org/1999/xhtml" xml:lang="en" lang="en">
 <head>
  <title>
</title>
<meta http-equiv="Content-Type" content="text/html;charset=utf-8" />
  <meta name='ocr-system' content='tesseract 3.04.00' />
  <meta name='ocr-capabilities' content='ocr_page ocr_carea ocr_par ocr_line ocrx_word'/>
</head>
<body>
  <div class='ocr_page' id='page_1' title='image "./operaomniasixtiv11bonauoft/operaomniasixtiv11bonauoft_0321.png"; bbox 0 0 1987 3032; ppageno 0'>
   <div class='ocr_carea' id='block_1_1' title="bbox 717 213 1171 247">
    <p class='ocr_par' dir='ltr' id='par_1_1' title="bbox 717 213 1171 247">
     <span class='ocr_line' id='line_1_1' title="bbox 717 213 1171 247; baseline -0.002 -1"><span class='ocrx_word' id='word_1_1' title='bbox 717 213 922 246; x_wconf 82' lang='lat' dir='ltr'>EXPOSITIO</span> <span class='ocrx_word' id='word_1_2' title='bbox 945 214 986 245; x_wconf 91' lang='lat' dir='ltr'><strong>IN</strong></span> <span class='ocrx_word' id='word_1_3' title='bbox 1008 215 1093 247; x_wconf 88' lang='lat' dir='ltr'><strong>CAP.</strong></span> <span class='ocrx_word' id='word_1_4' title='bbox 1119 216 1171 246; x_wconf 84' lang='lat' dir='ltr'><strong>III.</strong></span> 
     </span>
    </p>
   </div>
   <div class='ocr_carea' id='block_1_2' title="bbox 25 282 914 361">
    <p class='ocr_par' dir='ltr' id='par_1_2' title="bbox 25 282 914 361">
     <span class='ocr_line' id='line_1_2' title="bbox 33 282 914 317; baseline -0.002 -7"><span class='ocrx_word' id='word_1_5' title='bbox 33 290 119 311; x_wconf 65' lang='lat' dir='ltr'><strong>testatio</strong></span> <span class='ocrx_word' id='word_1_6' title='bbox 144 284 223 312; x_wconf 90' lang='lat' dir='ltr'><strong>tione</strong></span> <span class='ocrx_word' id='word_1_7' title='bbox 237 283 298 311; x_wconf 85' lang='lat' dir='ltr'><strong>Filii</strong></span> <span class='ocrx_word' id='word_1_8' title='bbox 311 284 359 311; x_wconf 86' lang='lat' dir='ltr'><strong>Dei</strong></span> <span class='ocrx_word' id='word_1_9' title='bbox 373 283 553 310; x_wconf 85' lang='lat' dir='ltr'><strong>sacramento</strong></span> <span class='ocrx_word' id='word_1_10' title='bbox 567 282 806 317; x_wconf 79' lang='lat' dir='ltr'><strong>regenerationis,</strong></span> <span class='ocrx_word' id='word_1_11' title='bbox 818 283 846 308; x_wconf 90' lang='lat' dir='ltr'><strong>et</strong></span> <span class='ocrx_word' id='word_1_12' title='bbox 859 283 914 308; x_wconf 85' lang='lat' dir='ltr'><strong>tes-</strong></span> 
     </span>
     <span class='ocr_line' id='line_1_3' title="bbox 25 320 914 361; baseline -0.006 -2"><span class='ocrx_word' id='word_1_13' title='bbox 25 320 74 340; x_wconf 56' lang='lat' dir='ltr'><strong>Filii</strong></span> <span class='ocrx_word' id='word_1_14' title='bbox 81 322 129 343; x_wconf 80' lang='lat' dir='ltr'><strong>Dei.</strong></span> <span class='ocrx_word' id='word_1_15' title='bbox 144 331 267 358; x_wconf 89' lang='lat' dir='ltr'><strong>timonio</strong></span> <span class='ocrx_word' id='word_1_16' title='bbox 278 330 365 357; x_wconf 86' lang='lat' dir='ltr'><strong>etiam</strong></span> <span class='ocrx_word' id='word_1_17' title='bbox 379 328 505 356; x_wconf 86' lang='lat' dir='ltr'><strong>Joannis.</strong></span> <span class='ocrx_word' id='word_1_18' title='bbox 518 330 579 355; x_wconf 84' lang='lat' dir='ltr'><strong>Post</strong></span> <span class='ocrx_word' id='word_1_19' title='bbox 591 329 643 355; x_wconf 76' lang='lat' dir='ltr'><strong>hoec</strong></span> <span class='ocrx_word' id='word_1_20' title='bbox 657 330 729 355; x_wconf 62' lang='lat' dir='ltr'><strong>venit</strong></span> <span class='ocrx_word' id='word_1_21' title='bbox 740 330 769 354; x_wconf 64' lang='lat' dir='ltr'><strong>z&#39;rz</strong></span> <span class='ocrx_word' id='word_1_22' title='bbox 781 329 914 361; x_wconf 70' lang='lat' dir='ltr'><strong>Juclaeam,</strong></span> 
     </span>
    </p>
   </div>
   <div class='ocr_carea' id='block_1_3' title="bbox 126 375 914 1705">
    <p class='ocr_par' dir='ltr' id='par_1_3' title="bbox 126 375 914 1705">
     <span class='ocr_line' id='line_1_4' title="bbox 144 375 914 411; baseline -0.005 -6"><span class='ocrx_word' id='word_1_23' title='bbox 144 380 196 406; x_wconf 89' lang='lat' dir='ltr'><strong>ete.</strong></span> <span class='ocrx_word' id='word_1_24' title='bbox 207 380 237 405; x_wconf 91' lang='lat' dir='ltr'><strong>Et</strong></span> <span class='ocrx_word' id='word_1_25' title='bbox 245 378 306 405; x_wconf 87' lang='lat' dir='ltr'><strong>haec</strong></span> <span class='ocrx_word' id='word_1_26' title='bbox 315 377 343 404; x_wconf 89' lang='lat' dir='ltr'><strong>in</strong></span> <span class='ocrx_word' id='word_1_27' title='bbox 353 376 425 403; x_wconf 84' lang='lat' dir='ltr'><strong>duas</strong></span> <span class='ocrx_word' id='word_1_28' title='bbox 438 376 550 411; x_wconf 89' lang='lat' dir='ltr'><strong>:primo</strong></span> <span class='ocrx_word' id='word_1_29' title='bbox 566 375 609 402; x_wconf 93' lang='lat' dir='ltr'><strong>sui</strong></span> <span class='ocrx_word' id='word_1_30' title='bbox 625 375 769 402; x_wconf 86' lang='lat' dir='ltr'><strong>adventus</strong></span> <span class='ocrx_word' id='word_1_31' title='bbox 783 375 914 410; x_wconf 79' lang='lat' dir='ltr'><strong>praemis-</strong></span> 
     </span>
     <span class='ocr_line' id='line_1_5' title="bbox 143 422 913 458; baseline -0.004 -7"><span class='ocrx_word' id='word_1_32' title='bbox 143 424 197 458; x_wconf 89' lang='lat' dir='ltr'><strong>sio,</strong></span> <span class='ocrx_word' id='word_1_33' title='bbox 215 426 241 451; x_wconf 89' lang='lat' dir='ltr'><strong>et</strong></span> <span class='ocrx_word' id='word_1_34' title='bbox 256 423 313 450; x_wconf 86' lang='lat' dir='ltr'><strong>loci</strong></span> <span class='ocrx_word' id='word_1_35' title='bbox 327 422 514 457; x_wconf 79' lang='lat' dir='ltr'><strong>specificatio,</strong></span> <span class='ocrx_word' id='word_1_36' title='bbox 532 422 560 448; x_wconf 90' lang='lat' dir='ltr'><strong>in</strong></span> <span class='ocrx_word' id='word_1_37' title='bbox 577 430 636 457; x_wconf 84' lang='lat' dir='ltr'><strong>quo</strong></span> <span class='ocrx_word' id='word_1_38' title='bbox 648 423 707 448; x_wconf 87' lang='lat' dir='ltr'><strong>erat</strong></span> <span class='ocrx_word' id='word_1_39' title='bbox 717 423 856 454; x_wconf 84' lang='lat' dir='ltr'><strong>Joannes;</strong></span> <span class='ocrx_word' id='word_1_40' title='bbox 869 429 913 448; x_wconf 84' lang='lat' dir='ltr'><strong>se-</strong></span> 
     </span>
     <span class='ocr_line' id='line_1_6' title="bbox 143 467 914 504; baseline -0.005 -7"><span class='ocrx_word' id='word_1_41' title='bbox 143 470 241 497; x_wconf 87' lang='lat' dir='ltr'><strong>cundo</strong></span> <span class='ocrx_word' id='word_1_42' title='bbox 257 469 422 504; x_wconf 58' lang='lat' dir='ltr'><strong>quaestionis</strong></span> <span class='ocrx_word' id='word_1_43' title='bbox 445 469 481 495; x_wconf 89' lang='lat' dir='ltr'><strong>de</strong></span> <span class='ocrx_word' id='word_1_44' title='bbox 497 468 692 504; x_wconf 67' lang='lat' dir='ltr'><strong>praecellentia</strong></span> <span class='ocrx_word' id='word_1_45' title='bbox 706 467 769 494; x_wconf 86' lang='lat' dir='ltr'><strong>Filii</strong></span> <span class='ocrx_word' id='word_1_46' title='bbox 785 467 832 494; x_wconf 89' lang='lat' dir='ltr'><strong>Dei</strong></span> <span class='ocrx_word' id='word_1_47' title='bbox 847 467 914 493; x_wconf 83' lang='lat' dir='ltr'><strong>sub-</strong></span> 
     </span>
     <span class='ocr_line' id='line_1_7' title="bbox 139 513 913 551; baseline -0.004 -8"><span class='ocrx_word' id='word_1_48' title='bbox 139 515 261 551; x_wconf 80' lang='lat' dir='ltr'><strong>junctio,</strong></span> <span class='ocrx_word' id='word_1_49' title='bbox 277 515 319 542; x_wconf 91' lang='lat' dir='ltr'><strong>ibi</strong></span> <span class='ocrx_word' id='word_1_50' title='bbox 344 523 350 541; x_wconf 89' lang='lat'>:</span> <span class='ocrx_word' id='word_1_51' title='bbox 375 516 457 541; x_wconf 73' lang='lat' dir='ltr'><strong>Facta</strong></span> <span class='ocrx_word' id='word_1_52' title='bbox 480 518 518 541; x_wconf 78' lang='lat' dir='ltr'><strong>est</strong></span> <span class='ocrx_word' id='word_1_53' title='bbox 538 516 659 549; x_wconf 77' lang='lat' dir='ltr'><strong>qaoeslio,</strong></span> <span class='ocrx_word' id='word_1_54' title='bbox 684 516 737 541; x_wconf 88' lang='lat' dir='ltr'><strong>etc.</strong></span> <span class='ocrx_word' id='word_1_55' title='bbox 763 515 794 541; x_wconf 81' lang='lat' dir='ltr'><strong>tn</strong></span> <span class='ocrx_word' id='word_1_56' title='bbox 818 513 913 549; x_wconf 85' lang='lat' dir='ltr'><strong>prima</strong></span> 
     </span>
     <span class='ocr_line' id='line_1_8' title="bbox 141 561 913 596; baseline -0.004 -7"><span class='ocrx_word' id='word_1_57' title='bbox 141 563 295 589; x_wconf 84' lang='lat' dir='ltr'><strong>narrantur</strong></span> <span class='ocrx_word' id='word_1_58' title='bbox 311 561 383 594; x_wconf 86' lang='lat' dir='ltr'><strong>duo,</strong></span> <span class='ocrx_word' id='word_1_59' title='bbox 399 569 465 596; x_wconf 54' lang='lat' dir='ltr'><strong>quse</strong></span> <span class='ocrx_word' id='word_1_60' title='bbox 485 561 561 588; x_wconf 87' lang='lat' dir='ltr'><strong>dicta</strong></span> <span class='ocrx_word' id='word_1_61' title='bbox 582 563 658 588; x_wconf 88' lang='lat' dir='ltr'><strong>sunt.</strong></span> <span class='ocrx_word' id='word_1_62' title='bbox 679 561 723 588; x_wconf 83' lang='lat' dir='ltr'><strong>Ait</strong></span> <span class='ocrx_word' id='word_1_63' title='bbox 738 568 807 594; x_wconf 82' lang='lat' dir='ltr'><strong>ergo</strong></span> <span class='ocrx_word' id='word_1_64' title='bbox 825 569 831 586; x_wconf 73' lang='grc' dir='ltr'><em>ι</em></span> <span class='ocrx_word' id='word_1_65' title='bbox 850 561 913 586; x_wconf 81' lang='lat' dir='ltr'><strong>Post</strong></span> 
     </span>
     <span class='ocr_line' id='line_1_9' title="bbox 141 607 913 643; baseline -0.001 -8"><span class='ocrx_word' id='word_1_66' title='bbox 141 609 204 642; x_wconf 77' lang='lat' dir='ltr'><strong>Izoec,</strong></span> <span class='ocrx_word' id='word_1_67' title='bbox 223 608 332 635; x_wconf 81' lang='lat' dir='ltr'><strong>scilieet</strong></span> <span class='ocrx_word' id='word_1_68' title='bbox 350 611 417 643; x_wconf 86' lang='lat' dir='ltr'><strong>post</strong></span> <span class='ocrx_word' id='word_1_69' title='bbox 435 608 552 641; x_wconf 80' lang='lat' dir='ltr'>Pascha,</span> <span class='ocrx_word' id='word_1_70' title='bbox 569 609 643 634; x_wconf 69' lang='lat' dir='ltr'><strong>venit</strong></span> <span class='ocrx_word' id='word_1_71' title='bbox 659 609 689 634; x_wconf 77' lang='lat' dir='ltr'><strong>in</strong></span> <span class='ocrx_word' id='word_1_72' title='bbox 710 608 838 635; x_wconf 76' lang='lat' dir='ltr'><strong>Judaeam.</strong></span> <span class='ocrx_word' id='word_1_73' title='bbox 856 607 913 635; x_wconf 87' lang='lat' dir='ltr'><strong>Sed</strong></span> 
     </span>
     <span class='ocr_line' id='line_1_10' title="bbox 140 653 913 689; baseline -0.001 -8"><span class='ocrx_word' id='word_1_74' title='bbox 140 654 278 689; x_wconf 81' lang='lat' dir='ltr'><strong>quaeritur</strong></span> <span class='ocrx_word' id='word_1_75' title='bbox 293 654 329 681; x_wconf 90' lang='lat' dir='ltr'><strong>de</strong></span> <span class='ocrx_word' id='word_1_76' title='bbox 344 654 456 681; x_wconf 86' lang='lat' dir='ltr'><strong>ratione</strong></span> <span class='ocrx_word' id='word_1_77' title='bbox 473 662 533 681; x_wconf 68' lang='lat' dir='ltr'><strong>sure</strong></span> <span class='ocrx_word' id='word_1_78' title='bbox 547 653 727 688; x_wconf 78' lang='lat' dir='ltr'><strong>mutationis,</strong></span> <span class='ocrx_word' id='word_1_79' title='bbox 739 661 774 681; x_wconf 79' lang='lat' dir='ltr'><strong>ex</strong></span> <span class='ocrx_word' id='word_1_80' title='bbox 789 661 849 689; x_wconf 88' lang='lat' dir='ltr'><strong>quo</strong></span> <span class='ocrx_word' id='word_1_81' title='bbox 865 662 913 681; x_wconf 87' lang='lat' dir='ltr'><strong>su-</strong></span> 
     </span>
     <span class='ocr_line' id='line_1_11' title="bbox 138 700 910 735; baseline 0 -8"><span class='ocrx_word' id='word_1_82' title='bbox 138 708 193 735; x_wconf 86' lang='lat' dir='ltr'><strong>pra</strong></span> <span class='ocrx_word' id='word_1_83' title='bbox 219 700 329 727; x_wconf 87' lang='lat' dir='ltr'><strong>dictum</strong></span> <span class='ocrx_word' id='word_1_84' title='bbox 350 700 421 727; x_wconf 85' lang='lat' dir='ltr'><strong>est·¹</strong></span> <span class='ocrx_word' id='word_1_85' title='bbox 444 709 450 727; x_wconf 73' lang='grc' dir='ltr'>ε</span> <span class='ocrx_word' id='word_1_86' title='bbox 474 710 488 725; x_wconf 87' lang='grc'>«</span> <span class='ocrx_word' id='word_1_87' title='bbox 508 700 644 727; x_wconf 78' lang='lat' dir='ltr'><strong>Ascendit</strong></span> <span class='ocrx_word' id='word_1_88' title='bbox 666 700 910 735; x_wconf 80' lang='lat' dir='ltr'><strong>Hierosolymam,</strong></span> 
     </span>
     <span class='ocr_line' id='line_1_12' title="bbox 126 739 910 781; baseline 0 -8"><span class='ocrx_word' id='word_1_89' title='bbox 126 739 210 781; x_wconf 48' lang='lat' dir='ltr'><strong>&#39;quia</strong></span> <span class='ocrx_word' id='word_1_90' title='bbox 233 754 326 781; x_wconf 80' lang='lat' dir='ltr'><strong>prope</strong></span> <span class='ocrx_word' id='word_1_91' title='bbox 350 747 412 774; x_wconf 86' lang='lat' dir='ltr'><strong>erat</strong></span> <span class='ocrx_word' id='word_1_92' title='bbox 435 746 552 774; x_wconf 80' lang='lat' dir='ltr'>Pascha.</span> <span class='ocrx_word' id='word_1_93' title='bbox 576 757 588 771; x_wconf 73' lang='lat' dir='ltr'>n</span> <span class='ocrx_word' id='word_1_94' title='bbox 615 746 734 774; x_wconf 61' lang='lat' dir='ltr'><strong>Videtur</strong></span> <span class='ocrx_word' id='word_1_95' title='bbox 753 746 835 781; x_wconf 87' lang='lat' dir='ltr'><strong>quod</strong></span> <span class='ocrx_word' id='word_1_96' title='bbox 858 746 910 773; x_wconf 89' lang='lat' dir='ltr'><strong>de-</strong></span> 
     </span>
     <span class='ocr_line' id='line_1_13' title="bbox 138 791 911 828; baseline 0.001 -10"><span class='ocrx_word' id='word_1_97' title='bbox 138 791 248 819; x_wconf 87' lang='lat' dir='ltr'><strong>buisset</strong></span> <span class='ocrx_word' id='word_1_98' title='bbox 267 792 393 827; x_wconf 87' lang='lat' dir='ltr'><strong>amplius</strong></span> <span class='ocrx_word' id='word_1_99' title='bbox 412 793 571 827; x_wconf 78' lang='lat' dir='ltr'><strong>quiescere,</strong></span> <span class='ocrx_word' id='word_1_100' title='bbox 590 801 657 819; x_wconf 86' lang='lat' dir='ltr'><strong>eum</strong></span> <span class='ocrx_word' id='word_1_101' title='bbox 678 792 791 819; x_wconf 86' lang='lat' dir='ltr'><strong>dicatur</strong></span> <span class='ocrx_word' id='word_1_102' title='bbox 809 800 911 828; x_wconf 89' lang='lat' dir='ltr'><strong>repro-</strong></span> 
     </span>
     <span class='ocr_line' id='line_1_14' title="bbox 137 831 907 875; baseline 0.004 -11"><span class='ocrx_word' id='word_1_103' title='bbox 137 831 264 865; x_wconf 47' lang='lat' dir='ltr'><strong>bando*²</strong></span> <span class='ocrx_word' id='word_1_104' title='bbox 277 848 285 866; x_wconf 89' lang='lat'><strong>.·</strong></span> <span class='ocrx_word' id='word_1_105' title='bbox 300 848 312 863; x_wconf 84' lang='lat'>«</span> <span class='ocrx_word' id='word_1_106' title='bbox 327 840 389 866; x_wconf 90' lang='lat' dir='ltr'><strong>Non</strong></span> <span class='ocrx_word' id='word_1_107' title='bbox 405 839 525 874; x_wconf 79' lang='lat' dir='ltr'><strong>quievit,</strong></span> <span class='ocrx_word' id='word_1_108' title='bbox 537 841 563 866; x_wconf 92' lang='lat' dir='ltr'><strong>et</strong></span> <span class='ocrx_word' id='word_1_109' title='bbox 579 839 702 866; x_wconf 87' lang='lat' dir='ltr'><strong>Domino</strong></span> <span class='ocrx_word' id='word_1_110' title='bbox 715 847 775 867; x_wconf 89' lang='lat' dir='ltr'><strong>non</strong></span> <span class='ocrx_word' id='word_1_111' title='bbox 790 840 907 875; x_wconf 85' lang='lat' dir='ltr'><strong>placuit.</strong></span> 
     </span>
     <span class='ocr_line' id='line_1_15' title="bbox 137 884 909 921; baseline 0.003 -10"><span class='ocrx_word' id='word_1_112' title='bbox 137 886 170 911; x_wconf 85' lang='lat' dir='ltr'><strong>Et</strong></span> <span class='ocrx_word' id='word_1_113' title='bbox 184 884 223 912; x_wconf 84' lang='lat' dir='ltr'><strong>ad</strong></span> <span class='ocrx_word' id='word_1_114' title='bbox 240 885 317 912; x_wconf 87' lang='lat' dir='ltr'><strong>istud</strong></span> <span class='ocrx_word' id='word_1_115' title='bbox 336 885 494 920; x_wconf 76' lang='lat' dir='ltr'><strong>respondet</strong></span> <span class='ocrx_word' id='word_1_116' title='bbox 509 885 732 920; x_wconf 81' lang='lat' dir='ltr'><strong>Chrysostomus</strong></span> <span class='ocrx_word' id='word_1_117' title='bbox 748 887 767 920; x_wconf 83' lang='lat'><strong>³,</strong></span> <span class='ocrx_word' id='word_1_118' title='bbox 783 886 865 921; x_wconf 89' lang='lat' dir='ltr'><strong>quod</strong></span> <span class='ocrx_word' id='word_1_119' title='bbox 880 886 909 913; x_wconf 90' lang='lat' dir='ltr'><strong>in</strong></span> 
     </span>
     <span class='ocr_line' id='line_1_16' title="bbox 138 931 908 966; baseline 0.003 -9"><span class='ocrx_word' id='word_1_120' title='bbox 138 931 371 959; x_wconf 81' lang='lat' dir='ltr'><strong>solemnitatibus</strong></span> <span class='ocrx_word' id='word_1_121' title='bbox 387 931 508 966; x_wconf 89' lang='lat' dir='ltr'><strong>quidem</strong></span> <span class='ocrx_word' id='word_1_122' title='bbox 520 932 550 958; x_wconf 92' lang='lat' dir='ltr'><strong>in</strong></span> <span class='ocrx_word' id='word_1_123' title='bbox 563 931 709 959; x_wconf 85' lang='lat' dir='ltr'><strong>civitatem</strong></span> <span class='ocrx_word' id='word_1_124' title='bbox 721 933 908 966; x_wconf 85' lang='lat' dir='ltr'><strong>ascendebat,</strong></span> 
     </span>
     <span class='ocr_line' id='line_1_17' title="bbox 138 977 907 1014; baseline 0.003 -10"><span class='ocrx_word' id='word_1_125' title='bbox 138 978 166 1004; x_wconf 89' lang='lat' dir='ltr'><strong>et</strong></span> <span class='ocrx_word' id='word_1_126' title='bbox 186 977 325 1011; x_wconf 78' lang='lat' dir='ltr'><strong>dogmata</strong></span> <span class='ocrx_word' id='word_1_127' title='bbox 348 978 544 1013; x_wconf 83' lang='lat' dir='ltr'><strong>proponebat,</strong></span> <span class='ocrx_word' id='word_1_128' title='bbox 559 980 586 1005; x_wconf 89' lang='lat' dir='ltr'><strong>et</strong></span> <span class='ocrx_word' id='word_1_129' title='bbox 607 978 749 1006; x_wconf 85' lang='lat' dir='ltr'><strong>miracula</strong></span> <span class='ocrx_word' id='word_1_130' title='bbox 769 978 907 1014; x_wconf 69' lang='lat' dir='ltr'><strong>faciebat,</strong></span> 
     </span>
     <span class='ocr_line' id='line_1_18' title="bbox 136 1025 908 1058; baseline 0.003 -7"><span class='ocrx_word' id='word_1_131' title='bbox 136 1026 203 1058; x_wconf 90' lang='lat' dir='ltr'><strong>post</strong></span> <span class='ocrx_word' id='word_1_132' title='bbox 221 1032 291 1051; x_wconf 87' lang='lat' dir='ltr'><strong>vero</strong></span> <span class='ocrx_word' id='word_1_133' title='bbox 311 1025 509 1052; x_wconf 81' lang='lat' dir='ltr'><strong>solemnitates</strong></span> <span class='ocrx_word' id='word_1_134' title='bbox 530 1025 678 1052; x_wconf 83' lang='lat' dir='ltr'><strong>multoties</strong></span> <span class='ocrx_word' id='word_1_135' title='bbox 698 1025 736 1052; x_wconf 84' lang='lat' dir='ltr'><strong>ad</strong></span> <span class='ocrx_word' id='word_1_136' title='bbox 751 1026 908 1053; x_wconf 87' lang='lat' dir='ltr'><strong>Jordanem</strong></span> 
     </span>
     <span class='ocr_line' id='line_1_19' title="bbox 136 1069 907 1105; baseline 0.005 -10"><span class='ocrx_word' id='word_1_137' title='bbox 136 1069 283 1103; x_wconf 84' lang='lat' dir='ltr'><strong>veniebat,</strong></span> <span class='ocrx_word' id='word_1_138' title='bbox 296 1071 366 1105; x_wconf 83' lang='lat' dir='ltr'><strong>quia</strong></span> <span class='ocrx_word' id='word_1_139' title='bbox 377 1071 446 1098; x_wconf 88' lang='lat' dir='ltr'><strong>illue</strong></span> <span class='ocrx_word' id='word_1_140' title='bbox 460 1071 544 1098; x_wconf 87' lang='lat' dir='ltr'><strong>multi</strong></span> <span class='ocrx_word' id='word_1_141' title='bbox 558 1072 788 1099; x_wconf 86' lang='lat' dir='ltr'><strong>concurrebant.-</strong></span> <span class='ocrx_word' id='word_1_142' title='bbox 803 1080 863 1099; x_wconf 90' lang='lat' dir='ltr'><strong>non</strong></span> <span class='ocrx_word' id='word_1_143' title='bbox 878 1081 907 1100; x_wconf 89' lang='lat' dir='ltr'><strong>se</strong></span> 
     </span>
     <span class='ocr_line' id='line_1_20' title="bbox 136 1117 908 1152; baseline 0.004 -11"><span class='ocrx_word' id='word_1_144' title='bbox 136 1117 294 1149; x_wconf 82' lang='lat' dir='ltr'><strong>ostentans,</strong></span> <span class='ocrx_word' id='word_1_145' title='bbox 315 1124 410 1152; x_wconf 82' lang='lat' dir='ltr'><strong>neque</strong></span> <span class='ocrx_word' id='word_1_146' title='bbox 434 1117 579 1144; x_wconf 86' lang='lat' dir='ltr'><strong>honorem</strong></span> <span class='ocrx_word' id='word_1_147' title='bbox 599 1117 733 1152; x_wconf 80' lang='lat' dir='ltr'><strong>diligens,</strong></span> <span class='ocrx_word' id='word_1_148' title='bbox 753 1118 804 1144; x_wconf 84' lang='lat' dir='ltr'><strong>sed</strong></span> <span class='ocrx_word' id='word_1_149' title='bbox 830 1118 908 1145; x_wconf 89' lang='lat' dir='ltr'><strong>utili-</strong></span> 
     </span>
     <span class='ocr_line' id='line_1_21' title="bbox 135 1162 905 1198; baseline 0.004 -10"><span class='ocrx_word' id='word_1_150' title='bbox 135 1162 223 1189; x_wconf 83' lang='lat' dir='ltr'><strong>tatem</strong></span> <span class='ocrx_word' id='word_1_151' title='bbox 237 1162 374 1198; x_wconf 85' lang='lat' dir='ltr'><strong>pluribus</strong></span> <span class='ocrx_word' id='word_1_152' title='bbox 390 1163 426 1198; x_wconf 81' lang='lat' dir='ltr'><strong>(a)</strong></span> <span class='ocrx_word' id='word_1_153' title='bbox 443 1163 571 1190; x_wconf 82' lang='lat' dir='ltr'><strong>studens.</strong></span> <span class='ocrx_word' id='word_1_154' title='bbox 588 1174 600 1188; x_wconf 73' lang='grc' dir='ltr'><strong>ι)</strong></span> <span class='ocrx_word' id='word_1_155' title='bbox 624 1165 688 1191; x_wconf 82' lang='lat' dir='ltr'><strong>Haec</strong></span> <span class='ocrx_word' id='word_1_156' title='bbox 702 1164 760 1191; x_wconf 88' lang='lat' dir='ltr'><strong>ille.</strong></span> <span class='ocrx_word' id='word_1_157' title='bbox 778 1164 854 1191; x_wconf 86' lang='lat' dir='ltr'><strong>Infra</strong></span> <span class='ocrx_word' id='word_1_158' title='bbox 872 1164 882 1179; x_wconf 64' lang='lat'><strong>⁴</strong></span> <span class='ocrx_word' id='word_1_159' title='bbox 899 1174 905 1191; x_wconf 88' lang='lat'>:</span> 
     </span>
     <span class='ocr_line' id='line_1_22' title="bbox 138 1208 906 1238; baseline 0.003 -3"><span class='ocrx_word' id='word_1_160' title='bbox 138 1217 151 1232; x_wconf 76' lang='grc' dir='ltr'>α</span> <span class='ocrx_word' id='word_1_161' title='bbox 170 1208 268 1235; x_wconf 86' lang='lat' dir='ltr'><strong>Palam</strong></span> <span class='ocrx_word' id='word_1_162' title='bbox 292 1209 406 1236; x_wconf 87' lang='lat' dir='ltr'><strong>loeutus</strong></span> <span class='ocrx_word' id='word_1_163' title='bbox 424 1218 489 1237; x_wconf 87' lang='lat' dir='ltr'><strong>sum</strong></span> <span class='ocrx_word' id='word_1_164' title='bbox 510 1210 662 1237; x_wconf 79' lang='lat' dir='ltr'><strong>mundo.»</strong></span> <span class='ocrx_word' id='word_1_165' title='bbox 691 1212 723 1237; x_wconf 88' lang='lat' dir='ltr'><strong>Et</strong></span> <span class='ocrx_word' id='word_1_166' title='bbox 745 1218 805 1238; x_wconf 89' lang='lat' dir='ltr'><strong>non</strong></span> <span class='ocrx_word' id='word_1_167' title='bbox 827 1211 906 1238; x_wconf 88' lang='lat' dir='ltr'><strong>solus</strong></span> 
     </span>
     <span class='ocr_line' id='line_1_23' title="bbox 133 1254 906 1291; baseline 0.003 -10"><span class='ocrx_word' id='word_1_168' title='bbox 133 1254 223 1288; x_wconf 88' lang='lat' dir='ltr'><strong>venit,</strong></span> <span class='ocrx_word' id='word_1_169' title='bbox 239 1255 290 1282; x_wconf 87' lang='lat' dir='ltr'><strong>sed</strong></span> <span class='ocrx_word' id='word_1_170' title='bbox 312 1258 336 1282; x_wconf 82' lang='lat' dir='ltr'><strong>et</strong></span> <span class='ocrx_word' id='word_1_171' title='bbox 360 1256 488 1290; x_wconf 63' lang='lat' dir='ltr'><strong>discipuli</strong></span> <span class='ocrx_word' id='word_1_172' title='bbox 509 1257 565 1289; x_wconf 81' lang='lat' dir='ltr'><strong>ejus</strong></span> <span class='ocrx_word' id='word_1_173' title='bbox 586 1258 614 1283; x_wconf 79' lang='lat' dir='ltr'><strong>z&#39;n</strong></span> <span class='ocrx_word' id='word_1_174' title='bbox 632 1257 763 1291; x_wconf 76' lang='lat' dir='ltr'><strong>Judoeam,</strong></span> <span class='ocrx_word' id='word_1_175' title='bbox 781 1259 833 1283; x_wconf 89' lang='lat' dir='ltr'><strong>etc.</strong></span> <span class='ocrx_word' id='word_1_176' title='bbox 850 1258 906 1283; x_wconf 85' lang='lat' dir='ltr'><strong>Nec</strong></span> 
     </span>
     <span class='ocr_line' id='line_1_24' title="bbox 134 1301 906 1335; baseline 0.003 -8"><span class='ocrx_word' id='word_1_177' title='bbox 134 1301 246 1327; x_wconf 82' lang='lat' dir='ltr'><strong>tantum</strong></span> <span class='ocrx_word' id='word_1_178' title='bbox 265 1301 354 1335; x_wconf 72' lang='lat' dir='ltr'><strong>venit,</strong></span> <span class='ocrx_word' id='word_1_179' title='bbox 370 1302 421 1328; x_wconf 88' lang='lat' dir='ltr'><strong>sed</strong></span> <span class='ocrx_word' id='word_1_180' title='bbox 437 1304 494 1328; x_wconf 83' lang='lat' dir='ltr'><strong>z&#39;lIic</strong></span> <span class='ocrx_word' id='word_1_181' title='bbox 513 1302 710 1335; x_wconf 76' lang='lat' dir='ltr'><strong>demorabatur,</strong></span> <span class='ocrx_word' id='word_1_182' title='bbox 726 1302 765 1329; x_wconf 85' lang='lat' dir='ltr'><strong>ad</strong></span> <span class='ocrx_word' id='word_1_183' title='bbox 780 1302 906 1329; x_wconf 87' lang='lat' dir='ltr'><strong>aliorum</strong></span> 
     </span>
     <span class='ocr_line' id='line_1_25' title="bbox 133 1346 906 1384; baseline 0.003 -11"><span class='ocrx_word' id='word_1_184' title='bbox 133 1346 286 1374; x_wconf 78' lang='lat' dir='ltr'><strong>utilitatem</strong></span> <span class='ocrx_word' id='word_1_185' title='bbox 312 1357 318 1374; x_wconf 71' lang='grc' dir='ltr'>ε</span> <span class='ocrx_word' id='word_1_186' title='bbox 343 1355 397 1374; x_wconf 89' lang='lat' dir='ltr'><strong>nec</strong></span> <span class='ocrx_word' id='word_1_187' title='bbox 418 1348 524 1375; x_wconf 78' lang='lat' dir='ltr'><strong>trustra</strong></span> <span class='ocrx_word' id='word_1_188' title='bbox 543 1349 632 1381; x_wconf 82' lang='lat' dir='ltr'><strong>venit,</strong></span> <span class='ocrx_word' id='word_1_189' title='bbox 652 1349 704 1375; x_wconf 86' lang='lat' dir='ltr'><strong>sed</strong></span> <span class='ocrx_word' id='word_1_190' title='bbox 727 1348 906 1384; x_wconf 83' lang='lat' dir='ltr'><strong>baptizabat,</strong></span> 
     </span>
     <span class='ocr_line' id='line_1_26' title="bbox 134 1393 903 1429; baseline 0.004 -10"><span class='ocrx_word' id='word_1_191' title='bbox 134 1393 242 1420; x_wconf 82' lang='lat' dir='ltr'><strong>scilicet</strong></span> <span class='ocrx_word' id='word_1_192' title='bbox 269 1402 322 1428; x_wconf 88' lang='lat' dir='ltr'><strong>per</strong></span> <span class='ocrx_word' id='word_1_193' title='bbox 349 1394 526 1429; x_wconf 72' lang='lat' dir='ltr'><strong>discipulOS,</strong></span> <span class='ocrx_word' id='word_1_194' title='bbox 554 1394 594 1421; x_wconf 86' lang='lat' dir='ltr'><strong>ait</strong></span> <span class='ocrx_word' id='word_1_195' title='bbox 621 1395 730 1421; x_wconf 84' lang='lat' dir='ltr'><strong>Glossa.</strong></span> <span class='ocrx_word' id='word_1_196' title='bbox 758 1395 833 1422; x_wconf 80' lang='lat' dir='ltr'><strong>Infra</strong></span> <span class='ocrx_word' id='word_1_197' title='bbox 862 1396 871 1411; x_wconf 69' lang='lat'>5</span> <span class='ocrx_word' id='word_1_198' title='bbox 898 1405 903 1422; x_wconf 90' lang='lat'>:</span> 
     </span>
     <span class='ocr_line' id='line_1_27' title="bbox 136 1439 905 1476; baseline 0.005 -12"><span class='ocrx_word' id='word_1_199' title='bbox 136 1448 150 1463; x_wconf 83' lang='lat'>«</span> <span class='ocrx_word' id='word_1_200' title='bbox 169 1439 407 1475; x_wconf 50' lang='lat' dir='ltr'><strong>Quamvis-lesus</strong></span> <span class='ocrx_word' id='word_1_201' title='bbox 428 1448 488 1467; x_wconf 90' lang='lat' dir='ltr'><strong>non</strong></span> <span class='ocrx_word' id='word_1_202' title='bbox 507 1440 675 1475; x_wconf 86' lang='lat' dir='ltr'><strong>baptizaret,</strong></span> <span class='ocrx_word' id='word_1_203' title='bbox 696 1441 748 1467; x_wconf 89' lang='lat' dir='ltr'><strong>scd</strong></span> <span class='ocrx_word' id='word_1_204' title='bbox 770 1441 905 1476; x_wconf 80' lang='lat' dir='ltr'><strong>discipuli</strong></span> 
     </span>
     <span class='ocr_line' id='line_1_28' title="bbox 133 1484 904 1521; baseline 0.003 -10"><span class='ocrx_word' id='word_1_205' title='bbox 133 1484 203 1518; x_wconf 87' lang='lat' dir='ltr'><strong>ejus.</strong></span> <span class='ocrx_word' id='word_1_206' title='bbox 217 1494 230 1510; x_wconf 71' lang='lat'><strong>&gt;³</strong></span> <span class='ocrx_word' id='word_1_207' title='bbox 249 1485 304 1513; x_wconf 85' lang='lat' dir='ltr'><strong>Sed</strong></span> <span class='ocrx_word' id='word_1_208' title='bbox 319 1485 467 1520; x_wconf 70' lang='lat' dir='ltr'><strong>quaeritur,</strong></span> <span class='ocrx_word' id='word_1_209' title='bbox 482 1494 572 1520; x_wconf 86' lang='lat' dir='ltr'><strong>quare</strong></span> <span class='ocrx_word' id='word_1_210' title='bbox 587 1486 786 1521; x_wconf 80' lang='lat' dir='ltr'><strong>baptizabant,</strong></span> <span class='ocrx_word' id='word_1_211' title='bbox 798 1494 832 1513; x_wconf 79' lang='lat' dir='ltr'><strong>ex</strong></span> <span class='ocrx_word' id='word_1_212' title='bbox 844 1495 904 1521; x_wconf 87' lang='lat' dir='ltr'><strong>quo</strong></span> 
     </span>
     <span class='ocr_line' id='line_1_29' title="bbox 132 1531 904 1559; baseline 0.001 -1"><span class='ocrx_word' id='word_1_213' title='bbox 132 1538 193 1558; x_wconf 87' lang='lat' dir='ltr'><strong>non</strong></span> <span class='ocrx_word' id='word_1_214' title='bbox 208 1534 290 1558; x_wconf 88' lang='lat' dir='ltr'><strong>erant</strong></span> <span class='ocrx_word' id='word_1_215' title='bbox 308 1531 405 1558; x_wconf 86' lang='lat' dir='ltr'><strong>adhuc</strong></span> <span class='ocrx_word' id='word_1_216' title='bbox 420 1532 500 1558; x_wconf 84' lang='lat' dir='ltr'><strong>missi</strong></span> <span class='ocrx_word' id='word_1_217' title='bbox 516 1532 554 1558; x_wconf 87' lang='lat' dir='ltr'><strong>ad</strong></span> <span class='ocrx_word' id='word_1_218' title='bbox 568 1532 645 1559; x_wconf 75' lang='lat' dir='ltr'><strong>hoc?</strong></span> <span class='ocrx_word' id='word_1_219' title='bbox 665 1534 696 1559; x_wconf 85' lang='lat' dir='ltr'><strong>Et</strong></span> <span class='ocrx_word' id='word_1_220' title='bbox 715 1532 754 1559; x_wconf 83' lang='lat' dir='ltr'><strong>ad</strong></span> <span class='ocrx_word' id='word_1_221' title='bbox 769 1532 825 1559; x_wconf 88' lang='lat' dir='ltr'><strong>hoe</strong></span> <span class='ocrx_word' id='word_1_222' title='bbox 841 1541 904 1559; x_wconf 84' lang='lat' dir='ltr'><strong>res-</strong></span> 
     </span>
     <span class='ocr_line' id='line_1_30' title="bbox 130 1576 903 1613; baseline 0.004 -10"><span class='ocrx_word' id='word_1_223' title='bbox 130 1576 242 1611; x_wconf 87' lang='lat' dir='ltr'><strong>pondet</strong></span> <span class='ocrx_word' id='word_1_224' title='bbox 257 1577 480 1612; x_wconf 85' lang='lat' dir='ltr'><strong>Chrysostomus</strong></span> <span class='ocrx_word' id='word_1_225' title='bbox 493 1579 514 1611; x_wconf 61' lang='grc' dir='ltr'><strong>ὃ,</strong></span> <span class='ocrx_word' id='word_1_226' title='bbox 530 1578 612 1613; x_wconf 84' lang='lat' dir='ltr'><strong>quod</strong></span> <span class='ocrx_word' id='word_1_227' title='bbox 627 1578 667 1604; x_wconf 83' lang='lat' dir='ltr'><strong>sic</strong></span> <span class='ocrx_word' id='word_1_228' title='bbox 682 1578 837 1611; x_wconf 83' lang='lat' dir='ltr'><strong>faciebant,</strong></span> <span class='ocrx_word' id='word_1_229' title='bbox 854 1587 903 1606; x_wconf 81' lang='lat' dir='ltr'><strong>vo-</strong></span> 
     </span>
     <span class='ocr_line' id='line_1_31' title="bbox 130 1622 902 1659; baseline 0.004 -10"><span class='ocrx_word' id='word_1_230' title='bbox 130 1622 222 1649; x_wconf 82' lang='lat' dir='ltr'><strong>lentes</strong></span> <span class='ocrx_word' id='word_1_231' title='bbox 245 1623 392 1651; x_wconf 78' lang='lat' dir='ltr'><strong>adducere</strong></span> <span class='ocrx_word' id='word_1_232' title='bbox 415 1624 522 1651; x_wconf 81' lang='lat' dir='ltr'><strong>multos</strong></span> <span class='ocrx_word' id='word_1_233' title='bbox 545 1624 665 1652; x_wconf 79' lang='lat' dir='ltr'><strong>salutari</strong></span> <span class='ocrx_word' id='word_1_234' title='bbox 684 1625 832 1659; x_wconf 73' lang='lat' dir='ltr'><strong>doetrinae,</strong></span> <span class='ocrx_word' id='word_1_235' title='bbox 849 1625 902 1652; x_wconf 85' lang='lat' dir='ltr'><strong>sei-</strong></span> 
     </span>
     <span class='ocr_line' id='line_1_32' title="bbox 130 1668 903 1705; baseline 0.004 -10"><span class='ocrx_word' id='word_1_236' title='bbox 130 1668 196 1696; x_wconf 83' lang='lat' dir='ltr'><strong>licet</strong></span> <span class='ocrx_word' id='word_1_237' title='bbox 211 1669 322 1696; x_wconf 82' lang='lat' dir='ltr'><strong>Christi.</strong></span> <span class='ocrx_word' id='word_1_238' title='bbox 344 1672 376 1697; x_wconf 90' lang='lat' dir='ltr'><strong>Et</strong></span> <span class='ocrx_word' id='word_1_239' title='bbox 391 1672 469 1705; x_wconf 83' lang='lat' dir='ltr'><strong>patet</strong></span> <span class='ocrx_word' id='word_1_240' title='bbox 485 1670 532 1697; x_wconf 88' lang='lat' dir='ltr'><strong>hic</strong></span> <span class='ocrx_word' id='word_1_241' title='bbox 552 1671 723 1705; x_wconf 77' lang='lat' dir='ltr'><strong>mysterium</strong></span> <span class='ocrx_word' id='word_1_242' title='bbox 740 1681 746 1696; x_wconf 82' lang='lat' dir='ltr'><strong><em>z</em></strong></span> <span class='ocrx_word' id='word_1_243' title='bbox 762 1673 836 1698; x_wconf 75' lang='lat' dir='ltr'><strong>Jesus</strong></span> <span class='ocrx_word' id='word_1_244' title='bbox 854 1680 903 1698; x_wconf 79' lang='lat' dir='ltr'><strong>au-</strong></span> 
     </span>
    </p>
   </div>
   <div class='ocr_carea' id='block_1_4' title="bbox 1686 223 1744 252">
    <p class='ocr_par' dir='ltr' id='par_1_4' title="bbox 1686 223 1744 252">
     <span class='ocr_line' id='line_1_33' title="bbox 1686 223 1744 252; baseline 0 0"><span class='ocrx_word' id='word_1_245' title='bbox 1686 223 1744 252; x_wconf 87' lang='lat'><strong>303</strong></span> 
     </span>
    </p>
   </div>
   <div class='ocr_carea' id='block_1_5' title="bbox 959 281 1744 1704">
    <p class='ocr_par' dir='ltr' id='par_1_5' title="bbox 966 281 1744 733">
     <span class='ocr_line' id='line_1_34' title="bbox 970 281 1741 321; baseline 0.008 -13"><span class='ocrx_word' id='word_1_246' title='bbox 970 281 1035 309; x_wconf 82' lang='lat' dir='ltr'><strong>h’ter</strong></span> <span class='ocrx_word' id='word_1_247' title='bbox 1058 283 1120 309; x_wconf 88' lang='lat' dir='ltr'><strong>erat</strong></span> <span class='ocrx_word' id='word_1_248' title='bbox 1148 283 1229 310; x_wconf 84' lang='lat' dir='ltr'><strong>lacus</strong></span> <span class='ocrx_word' id='word_1_249' title='bbox 1258 283 1292 319; x_wconf 84' lang='lat' dir='ltr'><strong>(b)</strong></span> <span class='ocrx_word' id='word_1_250' title='bbox 1314 284 1477 312; x_wconf 86' lang='lat' dir='ltr'><strong>seeundum</strong></span> <span class='ocrx_word' id='word_1_251' title='bbox 1496 286 1690 321; x_wconf 84' lang='lat' dir='ltr'><strong>Augustinum</strong></span> <span class='ocrx_word' id='word_1_252' title='bbox 1712 288 1741 313; x_wconf 83' lang='lat'><strong>¹².</strong></span> 
     </span>
     <span class='ocr_line' id='line_1_35' title="bbox 970 328 1744 368; baseline 0.008 -14"><span class='ocrx_word' id='word_1_253' title='bbox 970 328 1136 356; x_wconf 88' lang='lat' dir='ltr'><strong>Secundum</strong></span> <span class='ocrx_word' id='word_1_254' title='bbox 1152 329 1283 357; x_wconf 84' lang='lat' dir='ltr'><strong>Glossam</strong></span> <span class='ocrx_word' id='word_1_255' title='bbox 1305 338 1375 358; x_wconf 87' lang='lat' dir='ltr'><strong>vero</strong></span> <span class='ocrx_word' id='word_1_256' title='bbox 1399 340 1405 358; x_wconf 91' lang='lat'>:</span> <span class='ocrx_word' id='word_1_257' title='bbox 1431 341 1444 357; x_wconf 89' lang='lat'>«</span> <span class='ocrx_word' id='word_1_258' title='bbox 1462 333 1546 359; x_wconf 69' lang='lat' dir='ltr'><strong>Juxta</strong></span> <span class='ocrx_word' id='word_1_259' title='bbox 1563 332 1660 367; x_wconf 87' lang='lat' dir='ltr'><strong>Salim,</strong></span> <span class='ocrx_word' id='word_1_260' title='bbox 1678 341 1744 368; x_wconf 82' lang='lat' dir='ltr'><strong>quae</strong></span> 
     </span>
     <span class='ocr_line' id='line_1_36' title="bbox 970 374 1741 412; baseline 0.006 -12"><span class='ocrx_word' id='word_1_261' title='bbox 970 376 1011 401; x_wconf 88' lang='lat' dir='ltr'><strong>est</strong></span> <span class='ocrx_word' id='word_1_262' title='bbox 1027 374 1124 402; x_wconf 86' lang='lat' dir='ltr'><strong>civitas</strong></span> <span class='ocrx_word' id='word_1_263' title='bbox 1137 376 1184 402; x_wconf 90' lang='lat' dir='ltr'><strong>vel</strong></span> <span class='ocrx_word' id='word_1_264' title='bbox 1196 376 1356 412; x_wconf 73' lang='lat' dir='ltr'><strong>oppidum,</strong></span> <span class='ocrx_word' id='word_1_265' title='bbox 1369 379 1400 404; x_wconf 93' lang='lat' dir='ltr'><strong>ut</strong></span> <span class='ocrx_word' id='word_1_266' title='bbox 1412 377 1517 405; x_wconf 89' lang='lat' dir='ltr'><strong>dicitur</strong></span> <span class='ocrx_word' id='word_1_267' title='bbox 1532 378 1561 405; x_wconf 87' lang='lat' dir='ltr'><strong>in</strong></span> <span class='ocrx_word' id='word_1_268' title='bbox 1573 379 1714 406; x_wconf 67' lang='lat' dir='ltr'><strong>Historiis.</strong></span> <span class='ocrx_word' id='word_1_269' title='bbox 1728 389 1741 405; x_wconf 76' lang='lat' dir='ltr'><strong><em>n</em></strong></span> 
     </span>
     <span class='ocr_line' id='line_1_37' title="bbox 969 421 1744 459; baseline 0.006 -12"><span class='ocrx_word' id='word_1_270' title='bbox 969 421 1136 448; x_wconf 84' lang='lat' dir='ltr'><strong>Secundum</strong></span> <span class='ocrx_word' id='word_1_271' title='bbox 1153 430 1222 449; x_wconf 85' lang='lat' dir='ltr'><strong>vero</strong></span> <span class='ocrx_word' id='word_1_272' title='bbox 1238 422 1448 459; x_wconf 85' lang='lat' dir='ltr'><strong>Hieronymum</strong></span> <span class='ocrx_word' id='word_1_273' title='bbox 1466 434 1472 451; x_wconf 91' lang='lat'><strong>:</strong></span> <span class='ocrx_word' id='word_1_274' title='bbox 1492 434 1505 450; x_wconf 89' lang='lat'>«</span> <span class='ocrx_word' id='word_1_275' title='bbox 1521 425 1618 458; x_wconf 80' lang='lat' dir='ltr'><strong>Salz&#39;m,</strong></span> <span class='ocrx_word' id='word_1_276' title='bbox 1633 425 1744 452; x_wconf 87' lang='lat' dir='ltr'><strong>ubire-</strong></span> 
     </span>
     <span class='ocr_line' id='line_1_38' title="bbox 968 467 1742 506; baseline 0.008 -14"><span class='ocrx_word' id='word_1_277' title='bbox 968 467 1067 501; x_wconf 85' lang='lat' dir='ltr'><strong>gnavit</strong></span> <span class='ocrx_word' id='word_1_278' title='bbox 1082 468 1301 496; x_wconf 80' lang='lat' dir='ltr'><strong>Melchisedech.</strong></span> <span class='ocrx_word' id='word_1_279' title='bbox 1318 479 1331 495; x_wconf 84' lang='lat'>»</span> <span class='ocrx_word' id='word_1_280' title='bbox 1350 470 1438 497; x_wconf 88' lang='lat' dir='ltr'><strong>Salim</strong></span> <span class='ocrx_word' id='word_1_281' title='bbox 1453 478 1535 505; x_wconf 89' lang='lat' dir='ltr'><strong>vero,</strong></span> <span class='ocrx_word' id='word_1_282' title='bbox 1553 470 1589 497; x_wconf 89' lang='lat' dir='ltr'><strong>de</strong></span> <span class='ocrx_word' id='word_1_283' title='bbox 1608 479 1668 506; x_wconf 85' lang='lat' dir='ltr'><strong>quo</strong></span> <span class='ocrx_word' id='word_1_284' title='bbox 1683 471 1742 505; x_wconf 87' lang='lat' dir='ltr'><strong>hic,</strong></span> 
     </span>
     <span class='ocr_line' id='line_1_39' title="bbox 968 512 1743 552; baseline 0.006 -13"><span class='ocrx_word' id='word_1_285' title='bbox 968 512 1172 548; x_wconf 87' lang='lat' dir='ltr'><strong>interpretatur</strong></span> <span class='ocrx_word' id='word_1_286' title='bbox 1200 517 1287 550; x_wconf 65' lang='lat' dir='ltr'><strong>pugil.</strong></span> <span class='ocrx_word' id='word_1_287' title='bbox 1313 516 1479 543; x_wconf 88' lang='lat' dir='ltr'><strong>Secundum</strong></span> <span class='ocrx_word' id='word_1_288' title='bbox 1505 524 1575 544; x_wconf 89' lang='lat' dir='ltr'><strong>vero</strong></span> <span class='ocrx_word' id='word_1_289' title='bbox 1602 517 1743 552; x_wconf 89' lang='lat' dir='ltr'><strong>Hierony-</strong></span> 
     </span>
     <span class='ocr_line' id='line_1_40' title="bbox 967 560 1742 598; baseline 0.005 -12"><span class='ocrx_word' id='word_1_290' title='bbox 967 567 1051 586; x_wconf 89' lang='lat' dir='ltr'><strong>mum</strong></span> <span class='ocrx_word' id='word_1_291' title='bbox 1068 561 1089 576; x_wconf 77' lang='lat'><strong>¹²³</strong></span> <span class='ocrx_word' id='word_1_292' title='bbox 1104 560 1203 594; x_wconf 86' lang='lat' dir='ltr'><strong>plures</strong></span> <span class='ocrx_word' id='word_1_293' title='bbox 1223 561 1340 589; x_wconf 85' lang='lat' dir='ltr'><strong>fuerunt</strong></span> <span class='ocrx_word' id='word_1_294' title='bbox 1358 562 1456 596; x_wconf 90' lang='lat' dir='ltr'><strong>Salim,</strong></span> <span class='ocrx_word' id='word_1_295' title='bbox 1472 564 1504 590; x_wconf 91' lang='lat' dir='ltr'><strong>ut</strong></span> <span class='ocrx_word' id='word_1_296' title='bbox 1522 564 1601 598; x_wconf 86' lang='lat' dir='ltr'><strong>patet</strong></span> <span class='ocrx_word' id='word_1_297' title='bbox 1616 563 1742 598; x_wconf 80' lang='lat' dir='ltr'><strong>ibidem3</strong></span> 
     </span>
     <span class='ocr_line' id='line_1_41' title="bbox 968 605 1741 643; baseline 0.005 -12"><span class='ocrx_word' id='word_1_298' title='bbox 968 607 995 632; x_wconf 91' lang='lat' dir='ltr'><strong>et</strong></span> <span class='ocrx_word' id='word_1_299' title='bbox 1016 605 1115 633; x_wconf 83' lang='lat' dir='ltr'><strong>subdit</strong></span> <span class='ocrx_word' id='word_1_300' title='bbox 1133 607 1287 642; x_wconf 88' lang='lat' dir='ltr'><strong>rationem,</strong></span> <span class='ocrx_word' id='word_1_301' title='bbox 1305 616 1395 643; x_wconf 86' lang='lat' dir='ltr'><strong>quare</strong></span> <span class='ocrx_word' id='word_1_302' title='bbox 1418 609 1477 636; x_wconf 91' lang='lat' dir='ltr'><strong>illic</strong></span> <span class='ocrx_word' id='word_1_303' title='bbox 1502 611 1563 636; x_wconf 89' lang='lat' dir='ltr'><strong>erat</strong></span> <span class='ocrx_word' id='word_1_304' title='bbox 1583 610 1709 636; x_wconf 86' lang='lat' dir='ltr'><strong>Joannes</strong></span> <span class='ocrx_word' id='word_1_305' title='bbox 1735 617 1741 635; x_wconf 90' lang='lat'>:</span> 
     </span>
     <span class='ocr_line' id='line_1_42' title="bbox 968 651 1743 688; baseline 0.006 -11"><span class='ocrx_word' id='word_1_306' title='bbox 968 651 1037 683; x_wconf 77' lang='lat' dir='ltr'><strong>Quia</strong></span> <span class='ocrx_word' id='word_1_307' title='bbox 1053 660 1128 686; x_wconf 80' lang='lat' dir='ltr'><strong>aquoe</strong></span> <span class='ocrx_word' id='word_1_308' title='bbox 1144 654 1235 679; x_wconf 69' lang='lat' dir='ltr'><strong>multa·</strong></span> <span class='ocrx_word' id='word_1_309' title='bbox 1249 657 1336 688; x_wconf 76' lang='lat' dir='ltr'><strong>erant,</strong></span> <span class='ocrx_word' id='word_1_310' title='bbox 1353 655 1407 682; x_wconf 87' lang='lat' dir='ltr'><strong>ete.</strong></span> <span class='ocrx_word' id='word_1_311' title='bbox 1418 655 1499 682; x_wconf 89' lang='lat' dir='ltr'><strong>Unde</strong></span> <span class='ocrx_word' id='word_1_312' title='bbox 1516 657 1543 682; x_wconf 90' lang='lat' dir='ltr'><strong>et</strong></span> <span class='ocrx_word' id='word_1_313' title='bbox 1555 654 1643 682; x_wconf 84' lang='lat' dir='ltr'><strong>Salim</strong></span> <span class='ocrx_word' id='word_1_314' title='bbox 1657 655 1743 683; x_wconf 86' lang='lat' dir='ltr'><strong>inter-</strong></span> 
     </span>
     <span class='ocr_line' id='line_1_43' title="bbox 966 699 1337 733; baseline 0.005 -9"><span class='ocrx_word' id='word_1_315' title='bbox 966 699 1096 732; x_wconf 86' lang='lat' dir='ltr'><strong>pretatur</strong></span> <span class='ocrx_word' id='word_1_316' title='bbox 1110 700 1184 725; x_wconf 72' lang='lat' dir='ltr'><strong>ortus</strong></span> <span class='ocrx_word' id='word_1_317' title='bbox 1197 707 1337 733; x_wconf 78' lang='lat' dir='ltr'><strong>aquarum.</strong></span> 
     </span>
    </p>

    <p class='ocr_par' dir='ltr' id='par_1_6' title="bbox 959 745 1742 1704">
     <span class='ocr_line' id='line_1_44' title="bbox 1001 745 1742 780; baseline 0.005 -10"><span class='ocrx_word' id='word_1_318' title='bbox 1001 745 1045 771; x_wconf 68' lang='lat'><strong>24.</strong></span> <span class='ocrx_word' id='word_1_319' title='bbox 1069 745 1104 770; x_wconf 82' lang='lat' dir='ltr'><strong>Et</strong></span> <span class='ocrx_word' id='word_1_320' title='bbox 1124 745 1242 771; x_wconf 78' lang='lat' dir='ltr'><strong>nondum</strong></span> <span class='ocrx_word' id='word_1_321' title='bbox 1261 747 1358 773; x_wconf 80' lang='lat' dir='ltr'><strong>missus</strong></span> <span class='ocrx_word' id='word_1_322' title='bbox 1381 748 1482 780; x_wconf 62' lang='lat' dir='ltr'><strong>fuerat,</strong></span> <span class='ocrx_word' id='word_1_323' title='bbox 1501 748 1555 774; x_wconf 87' lang='lat' dir='ltr'><strong>etc.</strong></span> <span class='ocrx_word' id='word_1_324' title='bbox 1572 748 1604 774; x_wconf 89' lang='lat' dir='ltr'><strong>Et</strong></span> <span class='ocrx_word' id='word_1_325' title='bbox 1627 755 1661 774; x_wconf 83' lang='lat' dir='ltr'><strong>ex</strong></span> <span class='ocrx_word' id='word_1_326' title='bbox 1685 747 1742 775; x_wconf 89' lang='lat' dir='ltr'><strong>hoc</strong></span> 
     </span>
     <span class='ocr_line' id='line_1_45' title="bbox 965 790 1742 828; baseline 0.005 -12"><span class='ocrx_word' id='word_1_327' title='bbox 965 791 1044 824; x_wconf 81' lang='lat' dir='ltr'><strong>patet</strong></span> <span class='ocrx_word' id='word_1_328' title='bbox 1065 790 1139 817; x_wconf 90' lang='lat' dir='ltr'><strong>ordo</strong></span> <span class='ocrx_word' id='word_1_329' title='bbox 1161 790 1299 825; x_wconf 74' lang='lat' dir='ltr'><strong>historiae,</strong></span> <span class='ocrx_word' id='word_1_330' title='bbox 1319 793 1346 819; x_wconf 87' lang='lat' dir='ltr'><strong>et</strong></span> <span class='ocrx_word' id='word_1_331' title='bbox 1370 792 1452 826; x_wconf 86' lang='lat' dir='ltr'><strong>quod</strong></span> <span class='ocrx_word' id='word_1_332' title='bbox 1473 792 1520 819; x_wconf 88' lang='lat' dir='ltr'><strong>hic</strong></span> <span class='ocrx_word' id='word_1_333' title='bbox 1543 795 1653 826; x_wconf 83' lang='lat' dir='ltr'><strong>narrat,</strong></span> <span class='ocrx_word' id='word_1_334' title='bbox 1677 801 1742 828; x_wconf 82' lang='lat' dir='ltr'><strong>quae</strong></span> 
     </span>
     <span class='ocr_line' id='line_1_46' title="bbox 966 835 1741 873; baseline 0.005 -11"><span class='ocrx_word' id='word_1_335' title='bbox 966 835 1015 862; x_wconf 86' lang='lat' dir='ltr'><strong>alii</strong></span> <span class='ocrx_word' id='word_1_336' title='bbox 1039 837 1225 871; x_wconf 68' lang='lat' dir='ltr'><strong>evangelistae</strong></span> <span class='ocrx_word' id='word_1_337' title='bbox 1247 838 1455 873; x_wconf 54' lang='lat' dir='ltr'><strong>praeterierant,</strong></span> <span class='ocrx_word' id='word_1_338' title='bbox 1474 841 1562 873; x_wconf 91' lang='lat' dir='ltr'><strong>prout</strong></span> <span class='ocrx_word' id='word_1_339' title='bbox 1585 839 1691 866; x_wconf 86' lang='lat' dir='ltr'><strong>dicitur</strong></span> <span class='ocrx_word' id='word_1_340' title='bbox 1712 839 1741 866; x_wconf 89' lang='lat' dir='ltr'><strong>in</strong></span> 
     </span>
     <span class='ocr_line' id='line_1_47' title="bbox 965 882 1741 920; baseline 0.003 -11"><span class='ocrx_word' id='word_1_341' title='bbox 965 882 1065 910; x_wconf 87' lang='lat' dir='ltr'><strong>Glossa</strong></span> <span class='ocrx_word' id='word_1_342' title='bbox 1088 883 1174 911; x_wconf 90' lang='lat' dir='ltr'><strong>bene.</strong></span> <span class='ocrx_word' id='word_1_343' title='bbox 1191 884 1248 911; x_wconf 89' lang='lat' dir='ltr'><strong>Sed</strong></span> <span class='ocrx_word' id='word_1_344' title='bbox 1271 885 1409 919; x_wconf 74' lang='lat' dir='ltr'><strong>quaeritur</strong></span> <span class='ocrx_word' id='word_1_345' title='bbox 1435 886 1498 911; x_wconf 77' lang='lat' dir='ltr'><strong>:Ex</strong></span> <span class='ocrx_word' id='word_1_346' title='bbox 1520 892 1580 920; x_wconf 89' lang='lat' dir='ltr'><strong>quo</strong></span> <span class='ocrx_word' id='word_1_347' title='bbox 1605 884 1741 919; x_wconf 84' lang='lat' dir='ltr'><strong>discipuli</strong></span> 
     </span>
     <span class='ocr_line' id='line_1_48' title="bbox 965 929 1741 966; baseline 0.003 -11"><span class='ocrx_word' id='word_1_348' title='bbox 965 929 1067 956; x_wconf 83' lang='lat' dir='ltr'><strong>Christi</strong></span> <span class='ocrx_word' id='word_1_349' title='bbox 1087 929 1287 965; x_wconf 81' lang='lat' dir='ltr'><strong>baptizabant,</strong></span> <span class='ocrx_word' id='word_1_350' title='bbox 1302 930 1418 958; x_wconf 90' lang='lat' dir='ltr'><strong>videtur</strong></span> <span class='ocrx_word' id='word_1_351' title='bbox 1439 930 1521 966; x_wconf 88' lang='lat' dir='ltr'><strong>quod</strong></span> <span class='ocrx_word' id='word_1_352' title='bbox 1544 932 1670 958; x_wconf 87' lang='lat' dir='ltr'><strong>Joannes</strong></span> <span class='ocrx_word' id='word_1_353' title='bbox 1691 930 1741 957; x_wconf 90' lang='lat' dir='ltr'><strong>de-</strong></span> 
     </span>
     <span class='ocr_line' id='line_1_49' title="bbox 964 974 1740 1004; baseline 0.004 -3"><span class='ocrx_word' id='word_1_354' title='bbox 964 974 1074 1002; x_wconf 83' lang='lat' dir='ltr'><strong>buisset</strong></span> <span class='ocrx_word' id='word_1_355' title='bbox 1094 984 1205 1004; x_wconf 89' lang='lat' dir='ltr'><strong>cessare</strong></span> <span class='ocrx_word' id='word_1_356' title='bbox 1223 985 1229 1003; x_wconf 92' lang='lat'>:</span> <span class='ocrx_word' id='word_1_357' title='bbox 1254 979 1322 1004; x_wconf 89' lang='lat' dir='ltr'><strong>tunc</strong></span> <span class='ocrx_word' id='word_1_358' title='bbox 1338 977 1416 1004; x_wconf 89' lang='lat' dir='ltr'><strong>enim</strong></span> <span class='ocrx_word' id='word_1_359' title='bbox 1439 977 1651 1004; x_wconf 83' lang='lat' dir='ltr'><strong>reverentiores</strong></span> <span class='ocrx_word' id='word_1_360' title='bbox 1671 977 1740 1004; x_wconf 91' lang='lat' dir='ltr'><strong>illos</strong></span> 
     </span>
     <span class='ocr_line' id='line_1_50' title="bbox 965 1022 1740 1058; baseline 0.003 -10"><span class='ocrx_word' id='word_1_361' title='bbox 965 1022 1145 1049; x_wconf 84' lang='lat' dir='ltr'><strong>ostendisset.</strong></span> <span class='ocrx_word' id='word_1_362' title='bbox 1163 1023 1206 1050; x_wconf 88' lang='lat' dir='ltr'><strong>Sic</strong></span> <span class='ocrx_word' id='word_1_363' title='bbox 1222 1023 1345 1058; x_wconf 89' lang='lat' dir='ltr'><strong>opponit</strong></span> <span class='ocrx_word' id='word_1_364' title='bbox 1359 1023 1593 1058; x_wconf 77' lang='lat' dir='ltr'><strong>chrysostomus.</strong></span> <span class='ocrx_word' id='word_1_365' title='bbox 1608 1025 1676 1050; x_wconf 87' lang='lat' dir='ltr'><strong>ltem</strong></span> <span class='ocrx_word' id='word_1_366' title='bbox 1689 1023 1740 1050; x_wconf 92' lang='lat' dir='ltr'><strong>de-</strong></span> 
     </span>
     <span class='ocr_line' id='line_1_51' title="bbox 964 1068 1738 1104; baseline 0.001 -9"><span class='ocrx_word' id='word_1_367' title='bbox 964 1068 1074 1096; x_wconf 87' lang='lat' dir='ltr'><strong>buisset</strong></span> <span class='ocrx_word' id='word_1_368' title='bbox 1103 1069 1246 1096; x_wconf 86' lang='lat' dir='ltr'><strong>dimisisse</strong></span> <span class='ocrx_word' id='word_1_369' title='bbox 1271 1069 1429 1104; x_wconf 83' lang='lat' dir='ltr'><strong>primatum</strong></span> <span class='ocrx_word' id='word_1_370' title='bbox 1456 1069 1567 1096; x_wconf 88' lang='lat' dir='ltr'><strong>Christo</strong></span> <span class='ocrx_word' id='word_1_371' title='bbox 1597 1071 1624 1096; x_wconf 89' lang='lat' dir='ltr'><strong>et</strong></span> <span class='ocrx_word' id='word_1_372' title='bbox 1651 1069 1738 1096; x_wconf 89' lang='lat' dir='ltr'><strong>disci-</strong></span> 
     </span>
     <span class='ocr_line' id='line_1_52' title="bbox 963 1115 1739 1150; baseline 0.001 -9"><span class='ocrx_word' id='word_1_373' title='bbox 963 1115 1040 1149; x_wconf 85' lang='lat' dir='ltr'><strong>pulis</strong></span> <span class='ocrx_word' id='word_1_374' title='bbox 1062 1115 1133 1150; x_wconf 65' lang='lat' dir='ltr'><strong>ejus</strong></span> <span class='ocrx_word' id='word_1_375' title='bbox 1150 1116 1256 1142; x_wconf 88' lang='lat' dir='ltr'><strong>lterum</strong></span> <span class='ocrx_word' id='word_1_376' title='bbox 1278 1123 1369 1150; x_wconf 84' lang='lat' dir='ltr'><strong>quare</strong></span> <span class='ocrx_word' id='word_1_377' title='bbox 1389 1115 1488 1142; x_wconf 85' lang='lat' dir='ltr'><strong>subdit</strong></span> <span class='ocrx_word' id='word_1_378' title='bbox 1512 1124 1518 1142; x_wconf 73' lang='grc' dir='ltr'><strong><em>ε</em></strong></span> <span class='ocrx_word' id='word_1_379' title='bbox 1537 1116 1659 1143; x_wconf 66' lang='lat' dir='ltr'><strong>Nondum</strong></span> <span class='ocrx_word' id='word_1_380' title='bbox 1681 1119 1739 1142; x_wconf 80' lang='lat' dir='ltr'><strong>erat</strong></span> 
     </span>
     <span class='ocr_line' id='line_1_53' title="bbox 963 1161 1739 1197; baseline 0.001 -10"><span class='ocrx_word' id='word_1_381' title='bbox 963 1163 1058 1187; x_wconf 79' lang='lat' dir='ltr'><strong>missus</strong></span> <span class='ocrx_word' id='word_1_382' title='bbox 1073 1162 1102 1187; x_wconf 81' lang='lat' dir='ltr'><strong>z‘n</strong></span> <span class='ocrx_word' id='word_1_383' title='bbox 1117 1169 1243 1188; x_wconf 79' lang='lat' dir='ltr'><strong>carcerem</strong></span> <span class='ocrx_word' id='word_1_384' title='bbox 1251 1170 1261 1191; x_wconf 86' lang='lat'><strong>,·</strong></span> <span class='ocrx_word' id='word_1_385' title='bbox 1276 1161 1346 1196; x_wconf 88' lang='lat' dir='ltr'><strong>quia</strong></span> <span class='ocrx_word' id='word_1_386' title='bbox 1360 1161 1483 1196; x_wconf 86' lang='lat' dir='ltr'><strong>planum</strong></span> <span class='ocrx_word' id='word_1_387' title='bbox 1498 1163 1548 1195; x_wconf 87' lang='lat' dir='ltr'><strong>est,</strong></span> <span class='ocrx_word' id='word_1_388' title='bbox 1568 1161 1649 1196; x_wconf 88' lang='lat' dir='ltr'><strong>quod</strong></span> <span class='ocrx_word' id='word_1_389' title='bbox 1659 1163 1739 1197; x_wconf 84' lang='lat' dir='ltr'><strong>post-</strong></span> 
     </span>
     <span class='ocr_line' id='line_1_54' title="bbox 963 1207 1738 1242; baseline 0.003 -9"><span class='ocrx_word' id='word_1_390' title='bbox 963 1214 1053 1241; x_wconf 88' lang='lat' dir='ltr'><strong>quam</strong></span> <span class='ocrx_word' id='word_1_391' title='bbox 1069 1207 1121 1234; x_wconf 85' lang='lat' dir='ltr'><strong>fuit</strong></span> <span class='ocrx_word' id='word_1_392' title='bbox 1135 1207 1240 1234; x_wconf 80' lang='lat' dir='ltr'><strong>missus</strong></span> <span class='ocrx_word' id='word_1_393' title='bbox 1261 1207 1291 1234; x_wconf 90' lang='lat' dir='ltr'><strong>in</strong></span> <span class='ocrx_word' id='word_1_394' title='bbox 1307 1216 1465 1241; x_wconf 84' lang='lat' dir='ltr'><strong>carcerem,</strong></span> <span class='ocrx_word' id='word_1_395' title='bbox 1481 1215 1542 1235; x_wconf 91' lang='lat' dir='ltr'><strong>non</strong></span> <span class='ocrx_word' id='word_1_396' title='bbox 1557 1208 1738 1242; x_wconf 73' lang='lat' dir='ltr'><strong>baptizavit?</strong></span> 
     </span>
     <span class='ocr_line' id='line_1_55' title="bbox 962 1253 1739 1290; baseline 0.004 -11"><span class='ocrx_word' id='word_1_397' title='bbox 962 1254 993 1280; x_wconf 89' lang='lat' dir='ltr'><strong>Et</strong></span> <span class='ocrx_word' id='word_1_398' title='bbox 1009 1253 1047 1280; x_wconf 89' lang='lat' dir='ltr'><strong>ad</strong></span> <span class='ocrx_word' id='word_1_399' title='bbox 1059 1253 1136 1280; x_wconf 88' lang='lat' dir='ltr'><strong>istud</strong></span> <span class='ocrx_word' id='word_1_400' title='bbox 1146 1254 1386 1289; x_wconf 88' lang='lat' dir='ltr'><strong>respondendum</strong></span> <span class='ocrx_word' id='word_1_401' title='bbox 1394 1254 1559 1281; x_wconf 88' lang='lat' dir='ltr'><strong>secundum</strong></span> <span class='ocrx_word' id='word_1_402' title='bbox 1570 1255 1739 1290; x_wconf 87' lang='lat' dir='ltr'><strong>Chrysosto-</strong></span> 
     </span>
     <span class='ocr_line' id='line_1_56' title="bbox 963 1300 1737 1335; baseline 0.004 -10"><span class='ocrx_word' id='word_1_403' title='bbox 963 1307 1045 1326; x_wconf 89' lang='lat' dir='ltr'><strong>mum</strong></span> <span class='ocrx_word' id='word_1_404' title='bbox 1055 1301 1087 1333; x_wconf 57' lang='lat'><strong>¹²,</strong></span> <span class='ocrx_word' id='word_1_405' title='bbox 1096 1300 1166 1335; x_wconf 87' lang='lat' dir='ltr'><strong>quia</strong></span> <span class='ocrx_word' id='word_1_406' title='bbox 1176 1308 1291 1335; x_wconf 87' lang='lat' dir='ltr'><strong>semper</strong></span> <span class='ocrx_word' id='word_1_407' title='bbox 1302 1300 1401 1327; x_wconf 85' lang='lat' dir='ltr'><strong>tribuit</strong></span> <span class='ocrx_word' id='word_1_408' title='bbox 1410 1300 1605 1335; x_wconf 86' lang='lat' dir='ltr'><strong>principatum</strong></span> <span class='ocrx_word' id='word_1_409' title='bbox 1617 1301 1737 1335; x_wconf 87' lang='lat' dir='ltr'><strong>Christo,</strong></span> 
     </span>
     <span class='ocr_line' id='line_1_57' title="bbox 962 1345 1738 1380; baseline 0.004 -9"><span class='ocrx_word' id='word_1_410' title='bbox 962 1346 990 1372; x_wconf 87' lang='lat' dir='ltr'><strong>et</strong></span> <span class='ocrx_word' id='word_1_411' title='bbox 1011 1345 1034 1371; x_wconf 82' lang='lat' dir='ltr'><strong>si</strong></span> <span class='ocrx_word' id='word_1_412' title='bbox 1057 1348 1205 1380; x_wconf 85' lang='lat' dir='ltr'><strong>cessasset,</strong></span> <span class='ocrx_word' id='word_1_413' title='bbox 1221 1346 1408 1380; x_wconf 78' lang='lat' dir='ltr'><strong>litigiosiores</strong></span> <span class='ocrx_word' id='word_1_414' title='bbox 1430 1346 1571 1374; x_wconf 84' lang='lat' dir='ltr'><strong>effecisset</strong></span> <span class='ocrx_word' id='word_1_415' title='bbox 1592 1347 1665 1374; x_wconf 89' lang='lat' dir='ltr'><strong>alios</strong></span> <span class='ocrx_word' id='word_1_416' title='bbox 1686 1347 1738 1374; x_wconf 84' lang='lat' dir='ltr'><strong>ad-</strong></span> 
     </span>
     <span class='ocr_line' id='line_1_58' title="bbox 961 1392 1737 1426; baseline 0.004 -9"><span class='ocrx_word' id='word_1_417' title='bbox 961 1399 1063 1418; x_wconf 86' lang='lat' dir='ltr'><strong>versus</strong></span> <span class='ocrx_word' id='word_1_418' title='bbox 1086 1392 1243 1426; x_wconf 80' lang='lat' dir='ltr'><strong>Chi-istum3</strong></span> <span class='ocrx_word' id='word_1_419' title='bbox 1268 1395 1296 1419; x_wconf 87' lang='lat' dir='ltr'><strong>et</strong></span> <span class='ocrx_word' id='word_1_420' title='bbox 1316 1392 1404 1420; x_wconf 88' lang='lat' dir='ltr'><strong>etiam</strong></span> <span class='ocrx_word' id='word_1_421' title='bbox 1427 1393 1450 1419; x_wconf 92' lang='lat' dir='ltr'><strong>si</strong></span> <span class='ocrx_word' id='word_1_422' title='bbox 1472 1395 1620 1426; x_wconf 84' lang='lat' dir='ltr'><strong>cessasset,</strong></span> <span class='ocrx_word' id='word_1_423' title='bbox 1640 1393 1737 1420; x_wconf 83' lang='lat' dir='ltr'><strong>existi-</strong></span> 
     </span>
     <span class='ocr_line' id='line_1_59' title="bbox 961 1438 1737 1475; baseline 0.004 -11"><span class='ocrx_word' id='word_1_424' title='bbox 961 1439 1091 1465; x_wconf 86' lang='lat' dir='ltr'><strong>maretur</strong></span> <span class='ocrx_word' id='word_1_425' title='bbox 1115 1446 1148 1465; x_wconf 87' lang='lat' dir='ltr'><strong>cx</strong></span> <span class='ocrx_word' id='word_1_426' title='bbox 1172 1439 1234 1465; x_wconf 89' lang='lat' dir='ltr'><strong>zelo</strong></span> <span class='ocrx_word' id='word_1_427' title='bbox 1258 1438 1354 1466; x_wconf 87' lang='lat' dir='ltr'><strong>facere</strong></span> <span class='ocrx_word' id='word_1_428' title='bbox 1379 1448 1385 1466; x_wconf 75' lang='lat'>2</span> <span class='ocrx_word' id='word_1_429' title='bbox 1416 1446 1477 1466; x_wconf 84' lang='lat' dir='ltr'><strong>non</strong></span> <span class='ocrx_word' id='word_1_430' title='bbox 1500 1439 1578 1466; x_wconf 88' lang='lat' dir='ltr'><strong>enim</strong></span> <span class='ocrx_word' id='word_1_431' title='bbox 1601 1439 1656 1466; x_wconf 86' lang='lat' dir='ltr'><strong>sibi</strong></span> <span class='ocrx_word' id='word_1_432' title='bbox 1681 1440 1737 1475; x_wconf 88' lang='lat' dir='ltr'><strong>ipsi</strong></span> 
     </span>
     <span class='ocr_line' id='line_1_60' title="bbox 961 1483 1736 1519; baseline 0.004 -9"><span class='ocrx_word' id='word_1_433' title='bbox 961 1483 1087 1517; x_wconf 82' lang='lat' dir='ltr'><strong>gloriam</strong></span> <span class='ocrx_word' id='word_1_434' title='bbox 1106 1484 1279 1519; x_wconf 85' lang='lat' dir='ltr'><strong>accipiebat,</strong></span> <span class='ocrx_word' id='word_1_435' title='bbox 1295 1485 1347 1511; x_wconf 83' lang='lat' dir='ltr'><strong>scd</strong></span> <span class='ocrx_word' id='word_1_436' title='bbox 1371 1485 1481 1513; x_wconf 88' lang='lat' dir='ltr'><strong>Christo</strong></span> <span class='ocrx_word' id='word_1_437' title='bbox 1502 1485 1633 1513; x_wconf 83' lang='lat' dir='ltr'><strong>mittebat</strong></span> <span class='ocrx_word' id='word_1_438' title='bbox 1653 1486 1736 1513; x_wconf 87' lang='lat' dir='ltr'><strong>audi-</strong></span> 
     </span>
     <span class='ocr_line' id='line_1_61' title="bbox 960 1530 1736 1566; baseline 0.005 -10"><span class='ocrx_word' id='word_1_439' title='bbox 960 1531 1047 1557; x_wconf 85' lang='lat' dir='ltr'><strong>tores.</strong></span> <span class='ocrx_word' id='word_1_440' title='bbox 1067 1530 1110 1557; x_wconf 88' lang='lat' dir='ltr'><strong>Ad</strong></span> <span class='ocrx_word' id='word_1_441' title='bbox 1131 1530 1213 1557; x_wconf 86' lang='lat' dir='ltr'><strong>aliud</strong></span> <span class='ocrx_word' id='word_1_442' title='bbox 1233 1530 1403 1566; x_wconf 85' lang='lat' dir='ltr'><strong>respondet,</strong></span> <span class='ocrx_word' id='word_1_443' title='bbox 1423 1531 1506 1566; x_wconf 88' lang='lat' dir='ltr'><strong>quod</strong></span> <span class='ocrx_word' id='word_1_444' title='bbox 1527 1533 1653 1559; x_wconf 86' lang='lat' dir='ltr'><strong>Joannes</strong></span> <span class='ocrx_word' id='word_1_445' title='bbox 1675 1541 1736 1560; x_wconf 89' lang='lat' dir='ltr'><strong>non</strong></span> 
     </span>
     <span class='ocr_line' id='line_1_62' title="bbox 960 1576 1735 1613; baseline 0.005 -11"><span class='ocrx_word' id='word_1_446' title='bbox 960 1576 1090 1608; x_wconf 83' lang='lat' dir='ltr'><strong>cessavit,</strong></span> <span class='ocrx_word' id='word_1_447' title='bbox 1101 1576 1238 1603; x_wconf 86' lang='lat' dir='ltr'><strong>continue</strong></span> <span class='ocrx_word' id='word_1_448' title='bbox 1250 1577 1414 1604; x_wconf 85' lang='lat' dir='ltr'><strong>admonens</strong></span> <span class='ocrx_word' id='word_1_449' title='bbox 1424 1577 1581 1612; x_wconf 89' lang='lat' dir='ltr'><strong>populum,</strong></span> <span class='ocrx_word' id='word_1_450' title='bbox 1590 1580 1617 1605; x_wconf 88' lang='lat' dir='ltr'><strong>et</strong></span> <span class='ocrx_word' id='word_1_451' title='bbox 1627 1587 1735 1613; x_wconf 82' lang='lat' dir='ltr'><strong>magna</strong></span> 
     </span>
     <span class='ocr_line' id='line_1_63' title="bbox 959 1622 1736 1658; baseline 0.005 -10"><span class='ocrx_word' id='word_1_452' title='bbox 959 1622 1121 1649; x_wconf 87' lang='lat' dir='ltr'><strong>reverenda</strong></span> <span class='ocrx_word' id='word_1_453' title='bbox 1146 1623 1303 1650; x_wconf 88' lang='lat' dir='ltr'><strong>ostendens</strong></span> <span class='ocrx_word' id='word_1_454' title='bbox 1328 1632 1393 1658; x_wconf 82' lang='lat' dir='ltr'><strong>quae</strong></span> <span class='ocrx_word' id='word_1_455' title='bbox 1420 1625 1486 1650; x_wconf 88' lang='lat' dir='ltr'><strong>Jesu</strong></span> <span class='ocrx_word' id='word_1_456' title='bbox 1514 1626 1599 1658; x_wconf 88' lang='lat' dir='ltr'><strong>sunt,</strong></span> <span class='ocrx_word' id='word_1_457' title='bbox 1628 1625 1736 1653; x_wconf 88' lang='lat' dir='ltr'><strong>scilieet</strong></span> 
     </span>
     <span class='ocr_line' id='line_1_64' title="bbox 959 1668 1734 1704; baseline 0.004 -9"><span class='ocrx_word' id='word_1_458' title='bbox 959 1676 1115 1704; x_wconf 87' lang='lat' dir='ltr'><strong>quousque</strong></span> <span class='ocrx_word' id='word_1_459' title='bbox 1130 1668 1183 1696; x_wconf 88' lang='lat' dir='ltr'><strong>fuit</strong></span> <span class='ocrx_word' id='word_1_460' title='bbox 1198 1669 1303 1696; x_wconf 89' lang='lat' dir='ltr'><strong>missus</strong></span> <span class='ocrx_word' id='word_1_461' title='bbox 1324 1670 1353 1696; x_wconf 89' lang='lat' dir='ltr'><strong>in</strong></span> <span class='ocrx_word' id='word_1_462' title='bbox 1369 1678 1524 1697; x_wconf 83' lang='lat' dir='ltr'><strong>carcerem.</strong></span> <span class='ocrx_word' id='word_1_463' title='bbox 1542 1671 1682 1703; x_wconf 66' lang='lat' dir='ltr'><strong>Quaeritur</strong></span> <span class='ocrx_word' id='word_1_464' title='bbox 1697 1679 1734 1698; x_wconf 88' lang='lat' dir='ltr'><strong>an</strong></span> 
     </span>
    </p>
   </div>
   <div class='ocr_carea' id='block_1_6' title="bbox 959 1714 1853 1751">
    <p class='ocr_par' dir='ltr' id='par_1_7' title="bbox 959 1714 1853 1751">
     <span class='ocr_line' id='line_1_65' title="bbox 959 1714 1853 1751; baseline 0.006 -10"><span class='ocrx_word' id='word_1_465' title='bbox 959 1714 1065 1741; x_wconf 86' lang='lat' dir='ltr'><strong>eodem</strong></span> <span class='ocrx_word' id='word_1_466' title='bbox 1088 1715 1235 1750; x_wconf 87' lang='lat' dir='ltr'><strong>baptismo</strong></span> <span class='ocrx_word' id='word_1_467' title='bbox 1250 1716 1441 1751; x_wconf 85' lang='lat' dir='ltr'><strong>baptizabant</strong></span> <span class='ocrx_word' id='word_1_468' title='bbox 1462 1716 1599 1751; x_wconf 79' lang='lat' dir='ltr'><strong>discipuli</strong></span> <span class='ocrx_word' id='word_1_469' title='bbox 1619 1717 1730 1750; x_wconf 89' lang='lat' dir='ltr'><strong>Christi,</strong></span> <span class='ocrx_word' id='word_1_470' title='bbox 1759 1725 1853 1750; x_wconf 73' lang='lat' dir='ltr'><strong>Quaestio</strong></span> 
     </span>
    </p>
   </div>
   <div class='ocr_carea' id='block_1_7' title="bbox 959 1757 1853 1808">
    <p class='ocr_par' dir='ltr' id='par_1_8' title="bbox 959 1757 1853 1808">
     <span class='ocr_line' id='line_1_66' title="bbox 959 1757 1853 1808; baseline 0.002 -21"><span class='ocrx_word' id='word_1_471' title='bbox 959 1762 986 1787; x_wconf 88' lang='lat' dir='ltr'><strong>et</strong></span> <span class='ocrx_word' id='word_1_472' title='bbox 999 1762 1135 1788; x_wconf 86' lang='lat' dir='ltr'><strong>Joannes.</strong></span> <span class='ocrx_word' id='word_1_473' title='bbox 1155 1762 1186 1787; x_wconf 85' lang='lat' dir='ltr'><strong>Et</strong></span> <span class='ocrx_word' id='word_1_474' title='bbox 1208 1761 1291 1796; x_wconf 88' lang='lat' dir='ltr'><strong>quod</strong></span> <span class='ocrx_word' id='word_1_475' title='bbox 1306 1762 1423 1795; x_wconf 89' lang='lat' dir='ltr'><strong>eodem,</strong></span> <span class='ocrx_word' id='word_1_476' title='bbox 1439 1762 1555 1789; x_wconf 88' lang='lat' dir='ltr'><strong>videtur</strong></span> <span class='ocrx_word' id='word_1_477' title='bbox 1570 1763 1732 1791; x_wconf 85' lang='lat' dir='ltr'><strong>secundum</strong></span> <span class='ocrx_word' id='word_1_478' title='bbox 1748 1757 1853 1808; x_wconf 46' lang='lat'><strong>⁶283?</strong></span> 
     </span>
    </p>
   </div>
   <div class='ocr_carea' id='block_1_8' title="bbox 958 1807 1846 1844">
    <p class='ocr_par' dir='ltr' id='par_1_9' title="bbox 958 1807 1846 1844">
     <span class='ocr_line' id='line_1_67' title="bbox 958 1807 1846 1844; baseline 0.007 -11"><span class='ocrx_word' id='word_1_479' title='bbox 958 1807 1209 1841; x_wconf 72' lang='lat' dir='ltr'><strong>Chrysostomum,</strong></span> <span class='ocrx_word' id='word_1_480' title='bbox 1231 1807 1283 1834; x_wconf 90' lang='lat' dir='ltr'><strong>ubi</strong></span> <span class='ocrx_word' id='word_1_481' title='bbox 1307 1815 1408 1843; x_wconf 82' lang='lat' dir='ltr'><strong>supra,</strong></span> <span class='ocrx_word' id='word_1_482' title='bbox 1431 1808 1482 1842; x_wconf 88' lang='lat' dir='ltr'><strong>qui</strong></span> <span class='ocrx_word' id='word_1_483' title='bbox 1506 1808 1545 1835; x_wconf 85' lang='lat' dir='ltr'><strong>ait</strong></span> <span class='ocrx_word' id='word_1_484' title='bbox 1569 1809 1651 1844; x_wconf 84' lang='lat' dir='ltr'><strong>quod</strong></span> <span class='ocrx_word' id='word_1_485' title='bbox 1672 1817 1733 1837; x_wconf 88' lang='lat' dir='ltr'><strong>non</strong></span> <span class='ocrx_word' id='word_1_486' title='bbox 1754 1819 1846 1839; x_wconf 74' lang='lat' dir='ltr'><strong>Joanuis</strong></span> 
     </span>
    </p>
   </div>
   <div class='ocr_carea' id='block_1_9' title="bbox 130 1716 903 1843">
    <p class='ocr_par' dir='ltr' id='par_1_10' title="bbox 130 1716 903 1843">
     <span class='ocr_line' id='line_1_68' title="bbox 131 1716 902 1749; baseline 0.004 -8"><span class='ocrx_word' id='word_1_487' title='bbox 131 1717 181 1741; x_wconf 76' lang='lat' dir='ltr'><strong>tem</strong></span> <span class='ocrx_word' id='word_1_488' title='bbox 199 1717 271 1742; x_wconf 74' lang='lat' dir='ltr'><strong>venit</strong></span> <span class='ocrx_word' id='word_1_489' title='bbox 293 1717 322 1742; x_wconf 76' lang='lat' dir='ltr'><strong>z&#39;tz</strong></span> <span class='ocrx_word' id='word_1_490' title='bbox 345 1716 476 1749; x_wconf 76' lang='lat' dir='ltr'><strong>Judoeam,</strong></span> <span class='ocrx_word' id='word_1_491' title='bbox 493 1716 523 1743; x_wconf 93' lang='lat' dir='ltr'><strong>id</strong></span> <span class='ocrx_word' id='word_1_492' title='bbox 541 1719 590 1747; x_wconf 85' lang='lat' dir='ltr'><strong>est,</strong></span> <span class='ocrx_word' id='word_1_493' title='bbox 608 1717 639 1743; x_wconf 90' lang='lat' dir='ltr'><strong>in</strong></span> <span class='ocrx_word' id='word_1_494' title='bbox 659 1717 789 1744; x_wconf 86' lang='lat' dir='ltr'><strong>animam</strong></span> <span class='ocrx_word' id='word_1_495' title='bbox 811 1718 902 1744; x_wconf 87' lang='lat' dir='ltr'><strong>confi-</strong></span> 
     </span>
     <span class='ocr_line' id='line_1_69' title="bbox 130 1761 903 1797; baseline 0.004 -10"><span class='ocrx_word' id='word_1_496' title='bbox 130 1763 248 1795; x_wconf 81' lang='lat' dir='ltr'><strong>tentem,</strong></span> <span class='ocrx_word' id='word_1_497' title='bbox 259 1761 320 1789; x_wconf 85' lang='lat' dir='ltr'><strong>sive</strong></span> <span class='ocrx_word' id='word_1_498' title='bbox 333 1762 517 1790; x_wconf 81' lang='lat' dir='ltr'><strong>confessione</strong></span> <span class='ocrx_word' id='word_1_499' title='bbox 534 1763 662 1790; x_wconf 85' lang='lat' dir='ltr'><strong>veritatis</strong></span> <span class='ocrx_word' id='word_1_500' title='bbox 672 1763 752 1797; x_wconf 89' lang='lat' dir='ltr'><strong>fidei,</strong></span> <span class='ocrx_word' id='word_1_501' title='bbox 765 1763 824 1790; x_wconf 79' lang='lat' dir='ltr'><strong>sive</strong></span> <span class='ocrx_word' id='word_1_502' title='bbox 836 1772 903 1791; x_wconf 88' lang='lat' dir='ltr'><strong>con—</strong></span> 
     </span>
     <span class='ocr_line' id='line_1_70' title="bbox 130 1806 902 1843; baseline 0.003 -9"><span class='ocrx_word' id='word_1_503' title='bbox 130 1806 255 1834; x_wconf 81' lang='lat' dir='ltr'><strong>sessione</strong></span> <span class='ocrx_word' id='word_1_504' title='bbox 275 1809 487 1842; x_wconf 82' lang='lat' dir='ltr'><strong>magnitudinis</strong></span> <span class='ocrx_word' id='word_1_505' title='bbox 503 1809 609 1835; x_wconf 67' lang='lat' dir='ltr'><strong>divin-&#39;e</strong></span> <span class='ocrx_word' id='word_1_506' title='bbox 625 1809 735 1843; x_wconf 56' lang='lat' dir='ltr'><strong>gloriae,</strong></span> <span class='ocrx_word' id='word_1_507' title='bbox 751 1809 811 1836; x_wconf 81' lang='lat' dir='ltr'><strong>sive</strong></span> <span class='ocrx_word' id='word_1_508' title='bbox 834 1818 902 1837; x_wconf 85' lang='lat' dir='ltr'><strong>con-</strong></span> 
     </span>
    </p>
   </div>
   <div class='ocr_carea' id='block_1_10' title="bbox 127 1852 903 2608">
    <p class='ocr_par' dir='ltr' id='par_1_11' title="bbox 127 1852 903 2303">
     <span class='ocr_line' id='line_1_71' title="bbox 129 1852 902 1889; baseline 0.005 -10"><span class='ocrx_word' id='word_1_509' title='bbox 129 1852 254 1880; x_wconf 87' lang='lat' dir='ltr'><strong>fessione</strong></span> <span class='ocrx_word' id='word_1_510' title='bbox 270 1854 364 1888; x_wconf 56' lang='lat' dir='ltr'><strong>eulpae</strong></span> <span class='ocrx_word' id='word_1_511' title='bbox 379 1855 389 1871; x_wconf 77' lang='lat'>⁷</span> <span class='ocrx_word' id='word_1_512' title='bbox 406 1863 412 1881; x_wconf 89' lang='lat'>:</span> <span class='ocrx_word' id='word_1_513' title='bbox 432 1865 444 1878; x_wconf 77' lang='grc' dir='ltr'><strong>ι(</strong></span> <span class='ocrx_word' id='word_1_514' title='bbox 459 1854 487 1881; x_wconf 77' lang='lat' dir='ltr'><strong>si</strong></span> <span class='ocrx_word' id='word_1_515' title='bbox 508 1855 574 1889; x_wconf 80' lang='lat' dir='ltr'><strong>quis</strong></span> <span class='ocrx_word' id='word_1_516' title='bbox 589 1855 776 1882; x_wconf 84' lang='lat' dir='ltr'><strong>confitebitur</strong></span> <span class='ocrx_word' id='word_1_517' title='bbox 790 1864 837 1882; x_wconf 88' lang='lat' dir='ltr'><strong>me</strong></span> <span class='ocrx_word' id='word_1_518' title='bbox 853 1864 902 1883; x_wconf 81' lang='lat' dir='ltr'><strong>eo-</strong></span> 
     </span>
     <span class='ocr_line' id='line_1_72' title="bbox 129 1900 903 1934; baseline 0.005 -8"><span class='ocrx_word' id='word_1_519' title='bbox 129 1907 193 1927; x_wconf 90' lang='lat' dir='ltr'><strong>ram</strong></span> <span class='ocrx_word' id='word_1_520' title='bbox 208 1900 387 1934; x_wconf 86' lang='lat' dir='ltr'><strong>hominibus,</strong></span> <span class='ocrx_word' id='word_1_521' title='bbox 404 1911 416 1926; x_wconf 62' lang='lat' dir='ltr'><strong>&gt;u</strong></span> <span class='ocrx_word' id='word_1_522' title='bbox 435 1903 488 1928; x_wconf 89' lang='lat' dir='ltr'><strong>ete.</strong></span> <span class='ocrx_word' id='word_1_523' title='bbox 504 1902 534 1928; x_wconf 86' lang='lat' dir='ltr'><strong>ln</strong></span> <span class='ocrx_word' id='word_1_524' title='bbox 550 1903 654 1928; x_wconf 78' lang='lat' dir='ltr'><strong>Psalmo</strong></span> <span class='ocrx_word' id='word_1_525' title='bbox 673 1901 682 1916; x_wconf 79' lang='lat'>⁸</span> <span class='ocrx_word' id='word_1_526' title='bbox 698 1911 705 1929; x_wconf 89' lang='lat'><strong>:</strong></span> <span class='ocrx_word' id='word_1_527' title='bbox 727 1912 740 1927; x_wconf 86' lang='lat'>«</span> <span class='ocrx_word' id='word_1_528' title='bbox 756 1904 839 1929; x_wconf 88' lang='lat' dir='ltr'><strong>Facta</strong></span> <span class='ocrx_word' id='word_1_529' title='bbox 861 1905 903 1930; x_wconf 89' lang='lat' dir='ltr'><strong>est</strong></span> 
     </span>
     <span class='ocr_line' id='line_1_73' title="bbox 129 1946 901 1984; baseline 0.005 -12"><span class='ocrx_word' id='word_1_530' title='bbox 129 1946 228 1973; x_wconf 82' lang='lat' dir='ltr'><strong>Judaea</strong></span> <span class='ocrx_word' id='word_1_531' title='bbox 242 1947 252 1962; x_wconf 76' lang='lat'>⁹</span> <span class='ocrx_word' id='word_1_532' title='bbox 266 1947 454 1974; x_wconf 81' lang='lat' dir='ltr'><strong>sanctificatio</strong></span> <span class='ocrx_word' id='word_1_533' title='bbox 465 1947 537 1982; x_wconf 88' lang='lat' dir='ltr'><strong>ejus.</strong></span> <span class='ocrx_word' id='word_1_534' title='bbox 554 1958 566 1973; x_wconf 86' lang='lat'>»</span> <span class='ocrx_word' id='word_1_535' title='bbox 584 1949 615 1975; x_wconf 92' lang='lat' dir='ltr'><strong>ln</strong></span> <span class='ocrx_word' id='word_1_536' title='bbox 630 1948 680 1975; x_wconf 86' lang='lat' dir='ltr'><strong>tali</strong></span> <span class='ocrx_word' id='word_1_537' title='bbox 693 1950 825 1976; x_wconf 88' lang='lat' dir='ltr'><strong>moratur</strong></span> <span class='ocrx_word' id='word_1_538' title='bbox 839 1949 901 1984; x_wconf 88' lang='lat' dir='ltr'><strong>ipse</strong></span> 
     </span>
     <span class='ocr_line' id='line_1_74' title="bbox 129 1991 902 2029; baseline 0.005 -11"><span class='ocrx_word' id='word_1_539' title='bbox 129 1991 216 2019; x_wconf 87' lang='lat' dir='ltr'><strong>Filius</strong></span> <span class='ocrx_word' id='word_1_540' title='bbox 232 1992 280 2019; x_wconf 88' lang='lat' dir='ltr'><strong>Dei</strong></span> <span class='ocrx_word' id='word_1_541' title='bbox 296 1995 323 2019; x_wconf 92' lang='lat' dir='ltr'><strong>et</strong></span> <span class='ocrx_word' id='word_1_542' title='bbox 338 1993 475 2028; x_wconf 87' lang='lat' dir='ltr'><strong>discipuli</strong></span> <span class='ocrx_word' id='word_1_543' title='bbox 490 1993 563 2028; x_wconf 82' lang='lat' dir='ltr'><strong>ejus,</strong></span> <span class='ocrx_word' id='word_1_544' title='bbox 577 1994 687 2021; x_wconf 86' lang='lat' dir='ltr'><strong>scilicet</strong></span> <span class='ocrx_word' id='word_1_545' title='bbox 701 1994 781 2022; x_wconf 85' lang='lat' dir='ltr'><strong>dona</strong></span> <span class='ocrx_word' id='word_1_546' title='bbox 796 1995 902 2029; x_wconf 81' lang='lat' dir='ltr'><strong>gratia-</strong></span> 
     </span>
     <span class='ocr_line' id='line_1_75' title="bbox 128 2038 900 2074; baseline 0.006 -10"><span class='ocrx_word' id='word_1_547' title='bbox 128 2045 195 2064; x_wconf 90' lang='lat' dir='ltr'><strong>rum</strong></span> <span class='ocrx_word' id='word_1_548' title='bbox 209 2040 236 2065; x_wconf 88' lang='lat' dir='ltr'><strong>et</strong></span> <span class='ocrx_word' id='word_1_549' title='bbox 250 2038 379 2072; x_wconf 89' lang='lat' dir='ltr'><strong>virtutes,</strong></span> <span class='ocrx_word' id='word_1_550' title='bbox 395 2039 465 2074; x_wconf 88' lang='lat' dir='ltr'><strong>quia</strong></span> <span class='ocrx_word' id='word_1_551' title='bbox 481 2040 546 2066; x_wconf 87' lang='lat' dir='ltr'><strong>talis</strong></span> <span class='ocrx_word' id='word_1_552' title='bbox 561 2040 660 2067; x_wconf 86' lang='lat' dir='ltr'><strong>anima</strong></span> <span class='ocrx_word' id='word_1_553' title='bbox 674 2043 769 2068; x_wconf 85' lang='lat' dir='ltr'><strong>servat</strong></span> <span class='ocrx_word' id='word_1_554' title='bbox 787 2049 900 2069; x_wconf 89' lang='lat' dir='ltr'><strong>sermo-</strong></span> 
     </span>
     <span class='ocr_line' id='line_1_76' title="bbox 128 2084 900 2122; baseline 0.006 -12"><span class='ocrx_word' id='word_1_555' title='bbox 128 2091 197 2110; x_wconf 87' lang='lat' dir='ltr'><strong>nem</strong></span> <span class='ocrx_word' id='word_1_556' title='bbox 220 2092 317 2111; x_wconf 86' lang='lat' dir='ltr'><strong>suum.</strong></span> <span class='ocrx_word' id='word_1_557' title='bbox 334 2084 409 2112; x_wconf 79' lang='lat' dir='ltr'><strong>Infra</strong></span> <span class='ocrx_word' id='word_1_558' title='bbox 425 2085 443 2100; x_wconf 89' lang='lat'><strong>¹⁰</strong></span> <span class='ocrx_word' id='word_1_559' title='bbox 461 2095 467 2113; x_wconf 91' lang='lat'><strong>:</strong></span> <span class='ocrx_word' id='word_1_560' title='bbox 487 2095 500 2111; x_wconf 93' lang='lat'>«</span> <span class='ocrx_word' id='word_1_561' title='bbox 515 2086 542 2113; x_wconf 89' lang='lat' dir='ltr'><strong>Si</strong></span> <span class='ocrx_word' id='word_1_562' title='bbox 560 2086 626 2121; x_wconf 89' lang='lat' dir='ltr'><strong>quis</strong></span> <span class='ocrx_word' id='word_1_563' title='bbox 651 2086 746 2121; x_wconf 81' lang='lat' dir='ltr'><strong>diligit</strong></span> <span class='ocrx_word' id='word_1_564' title='bbox 766 2095 824 2122; x_wconf 88' lang='lat' dir='ltr'><strong>me,</strong></span> <span class='ocrx_word' id='word_1_565' title='bbox 839 2096 900 2115; x_wconf 84' lang='lat' dir='ltr'><strong>ser-</strong></span> 
     </span>
     <span class='ocr_line' id='line_1_77' title="bbox 127 2132 900 2167; baseline 0.006 -11"><span class='ocrx_word' id='word_1_566' title='bbox 127 2137 258 2164; x_wconf 85' lang='lat' dir='ltr'><strong>monem,</strong></span> <span class='ocrx_word' id='word_1_567' title='bbox 278 2141 291 2156; x_wconf 87' lang='lat'>»</span> <span class='ocrx_word' id='word_1_568' title='bbox 310 2133 363 2158; x_wconf 91' lang='lat' dir='ltr'><strong>etc.</strong></span> <span class='ocrx_word' id='word_1_569' title='bbox 385 2133 415 2158; x_wconf 82' lang='lat' dir='ltr'><strong>Et</strong></span> <span class='ocrx_word' id='word_1_570' title='bbox 435 2132 566 2167; x_wconf 86' lang='lat' dir='ltr'><strong>sequitur</strong></span> <span class='ocrx_word' id='word_1_571' title='bbox 585 2142 591 2159; x_wconf 91' lang='lat'>:</span> <span class='ocrx_word' id='word_1_572' title='bbox 614 2143 627 2158; x_wconf 78' lang='grc' dir='ltr'><strong>(ι</strong></span> <span class='ocrx_word' id='word_1_573' title='bbox 646 2133 689 2160; x_wconf 86' lang='lat' dir='ltr'><strong>Ad</strong></span> <span class='ocrx_word' id='word_1_574' title='bbox 709 2142 776 2160; x_wconf 89' lang='lat' dir='ltr'><strong>eum</strong></span> <span class='ocrx_word' id='word_1_575' title='bbox 799 2134 900 2161; x_wconf 90' lang='lat' dir='ltr'><strong>venie-</strong></span> 
     </span>
     <span class='ocr_line' id='line_1_78' title="bbox 127 2177 901 2215; baseline 0.006 -13"><span class='ocrx_word' id='word_1_576' title='bbox 127 2183 204 2208; x_wconf 87' lang='lat' dir='ltr'><strong>mus,</strong></span> <span class='ocrx_word' id='word_1_577' title='bbox 218 2187 231 2202; x_wconf 78' lang='lat'>»</span> <span class='ocrx_word' id='word_1_578' title='bbox 251 2179 303 2204; x_wconf 86' lang='lat' dir='ltr'><strong>etc.</strong></span> <span class='ocrx_word' id='word_1_579' title='bbox 321 2179 353 2204; x_wconf 90' lang='lat' dir='ltr'><strong>Et</strong></span> <span class='ocrx_word' id='word_1_580' title='bbox 366 2177 494 2213; x_wconf 85' lang='lat' dir='ltr'><strong>baptizat</strong></span> <span class='ocrx_word' id='word_1_581' title='bbox 508 2178 640 2213; x_wconf 78' lang='lat' dir='ltr'><strong>veniens,</strong></span> <span class='ocrx_word' id='word_1_582' title='bbox 656 2179 686 2205; x_wconf 91' lang='lat' dir='ltr'><strong>id</strong></span> <span class='ocrx_word' id='word_1_583' title='bbox 706 2182 756 2214; x_wconf 87' lang='lat' dir='ltr'><strong>est,</strong></span> <span class='ocrx_word' id='word_1_584' title='bbox 774 2181 901 2215; x_wconf 88' lang='lat' dir='ltr'><strong>amplius</strong></span> 
     </span>
     <span class='ocr_line' id='line_1_79' title="bbox 127 2222 900 2262; baseline 0.009 -14"><span class='ocrx_word' id='word_1_585' title='bbox 127 2222 273 2256; x_wconf 86' lang='lat' dir='ltr'><strong>purificat.</strong></span> <span class='ocrx_word' id='word_1_586' title='bbox 288 2223 442 2259; x_wconf 85' lang='lat' dir='ltr'><strong>Diseipulis</strong></span> <span class='ocrx_word' id='word_1_587' title='bbox 459 2225 594 2260; x_wconf 88' lang='lat' dir='ltr'><strong>promisit</strong></span> <span class='ocrx_word' id='word_1_588' title='bbox 609 2226 627 2242; x_wconf 82' lang='lat'><strong>¹¹</strong></span> <span class='ocrx_word' id='word_1_589' title='bbox 645 2234 651 2252; x_wconf 88' lang='lat'>:</span> <span class='ocrx_word' id='word_1_590' title='bbox 671 2236 685 2251; x_wconf 66' lang='lat' dir='ltr'><strong>a</strong></span> <span class='ocrx_word' id='word_1_591' title='bbox 700 2227 755 2253; x_wconf 60' lang='lat' dir='ltr'><strong>Vos</strong></span> <span class='ocrx_word' id='word_1_592' title='bbox 770 2226 900 2262; x_wconf 83' lang='lat' dir='ltr'><strong>baptiza-</strong></span> 
     </span>
     <span class='ocr_line' id='line_1_80' title="bbox 127 2267 341 2303; baseline 0.005 -8"><span class='ocrx_word' id='word_1_593' title='bbox 127 2267 242 2303; x_wconf 85' lang='lat' dir='ltr'><strong>bimini,</strong></span> <span class='ocrx_word' id='word_1_594' title='bbox 258 2279 272 2295; x_wconf 68' lang='lat'><strong>1&gt;</strong></span> <span class='ocrx_word' id='word_1_595' title='bbox 289 2271 341 2296; x_wconf 85' lang='lat' dir='ltr'><strong>etc.</strong></span> 
     </span>
    </p>

    <p class='ocr_par' dir='ltr' id='par_1_12' title="bbox 128 2316 900 2447">
     <span class='ocr_line' id='line_1_81' title="bbox 162 2316 900 2353; baseline 0.005 -10"><span class='ocrx_word' id='word_1_596' title='bbox 162 2317 206 2343; x_wconf 76' lang='lat'><strong>23.</strong></span> <span class='ocrx_word' id='word_1_597' title='bbox 221 2317 251 2342; x_wconf 83' lang='lat' dir='ltr'><strong>Et</strong></span> <span class='ocrx_word' id='word_1_598' title='bbox 259 2316 391 2350; x_wconf 85' lang='lat' dir='ltr'><strong>sequitur</strong></span> <span class='ocrx_word' id='word_1_599' title='bbox 399 2316 456 2344; x_wconf 87' lang='lat' dir='ltr'><strong>loci</strong></span> <span class='ocrx_word' id='word_1_600' title='bbox 465 2317 653 2352; x_wconf 86' lang='lat' dir='ltr'><strong>specificatio,</strong></span> <span class='ocrx_word' id='word_1_601' title='bbox 666 2318 695 2345; x_wconf 92' lang='lat' dir='ltr'><strong>in</strong></span> <span class='ocrx_word' id='word_1_602' title='bbox 705 2326 764 2353; x_wconf 82' lang='lat' dir='ltr'><strong>quo</strong></span> <span class='ocrx_word' id='word_1_603' title='bbox 775 2320 900 2347; x_wconf 73' lang='lat' dir='ltr'><strong>loannes</strong></span> 
     </span>
     <span class='ocr_line' id='line_1_82' title="bbox 128 2361 899 2400; baseline 0.006 -12"><span class='ocrx_word' id='word_1_604' title='bbox 128 2361 304 2396; x_wconf 81' lang='lat' dir='ltr'><strong>baptizabat,</strong></span> <span class='ocrx_word' id='word_1_605' title='bbox 322 2362 363 2389; x_wconf 88' lang='lat' dir='ltr'><strong>ibi</strong></span> <span class='ocrx_word' id='word_1_606' title='bbox 378 2372 383 2389; x_wconf 89' lang='lat'>:</span> <span class='ocrx_word' id='word_1_607' title='bbox 401 2364 467 2390; x_wconf 78' lang='lat' dir='ltr'><strong>Erat</strong></span> <span class='ocrx_word' id='word_1_608' title='bbox 483 2367 571 2391; x_wconf 82' lang='lat' dir='ltr'><strong>autem</strong></span> <span class='ocrx_word' id='word_1_609' title='bbox 585 2365 698 2392; x_wconf 73' lang='lat' dir='ltr'><strong>Jowmes</strong></span> <span class='ocrx_word' id='word_1_610' title='bbox 712 2365 854 2400; x_wconf 55' lang='lat' dir='ltr'><strong>baptizans</strong></span> <span class='ocrx_word' id='word_1_611' title='bbox 870 2368 899 2393; x_wconf 78' lang='lat' dir='ltr'><strong>in</strong></span> 
     </span>
     <span class='ocr_line' id='line_1_83' title="bbox 130 2409 900 2447; baseline 0.008 -13"><span class='ocrx_word' id='word_1_612' title='bbox 130 2409 241 2442; x_wconf 77' lang='lat' dir='ltr'><strong>AEnnon,</strong></span> <span class='ocrx_word' id='word_1_613' title='bbox 257 2409 308 2444; x_wconf 87' lang='lat' dir='ltr'><strong>qui</strong></span> <span class='ocrx_word' id='word_1_614' title='bbox 324 2411 384 2437; x_wconf 88' lang='lat' dir='ltr'><strong>erat</strong></span> <span class='ocrx_word' id='word_1_615' title='bbox 397 2410 476 2437; x_wconf 84' lang='lat' dir='ltr'><strong>lacus</strong></span> <span class='ocrx_word' id='word_1_616' title='bbox 494 2410 527 2444; x_wconf 80' lang='lat' dir='ltr'><strong>(b)</strong></span> <span class='ocrx_word' id='word_1_617' title='bbox 541 2410 623 2444; x_wconf 78' lang='lat' dir='ltr'><strong>juxta</strong></span> <span class='ocrx_word' id='word_1_618' title='bbox 639 2411 738 2446; x_wconf 74' lang='lat' dir='ltr'><strong>salim,</strong></span> <span class='ocrx_word' id='word_1_619' title='bbox 755 2412 806 2447; x_wconf 87' lang='lat' dir='ltr'><strong>qui</strong></span> <span class='ocrx_word' id='word_1_620' title='bbox 821 2412 900 2440; x_wconf 89' lang='lat' dir='ltr'><strong>simi-</strong></span> 
     </span>
    </p>

    <p class='ocr_par' dir='ltr' id='par_1_13' title="bbox 130 2467 899 2608">
     <span class='ocr_line' id='line_1_84' title="bbox 164 2467 898 2503; baseline 0.008 -13"><span class='ocrx_word' id='word_1_621' title='bbox 164 2467 259 2498; x_wconf 71' lang='lat' dir='ltr'><strong>¹Sup„</strong></span> <span class='ocrx_word' id='word_1_622' title='bbox 275 2474 306 2499; x_wconf 86' lang='lat'><strong>11,</strong></span> <span class='ocrx_word' id='word_1_623' title='bbox 327 2471 362 2492; x_wconf 77' lang='lat'><strong>13.</strong></span> <span class='ocrx_word' id='word_1_624' title='bbox 377 2482 407 2486; x_wconf 95' lang='lat'><strong>—-</strong></span> <span class='ocrx_word' id='word_1_625' title='bbox 423 2470 546 2499; x_wconf 72' lang='lat' dir='ltr'><strong>2.le1·em.‚</strong></span> <span class='ocrx_word' id='word_1_626' title='bbox 563 2476 617 2500; x_wconf 65' lang='grc' dir='ltr'><strong>λιν,</strong></span> <span class='ocrx_word' id='word_1_627' title='bbox 635 2473 673 2494; x_wconf 78' lang='grc'><strong>10.</strong></span> <span class='ocrx_word' id='word_1_628' title='bbox 689 2484 719 2488; x_wconf 94' lang='lat'><strong>—-</strong></span> <span class='ocrx_word' id='word_1_629' title='bbox 735 2472 745 2487; x_wconf 76' lang='lat'><strong>³</strong></span> <span class='ocrx_word' id='word_1_630' title='bbox 758 2472 898 2503; x_wconf 53' lang='lat' dir='ltr'><strong>Chrysea„</strong></span> 
     </span>
     <span class='ocr_line' id='line_1_85' title="bbox 130 2501 898 2538; baseline 0.01 -15"><span class='ocrx_word' id='word_1_631' title='bbox 130 2501 172 2524; x_wconf 88' lang='lat' dir='ltr'><strong>ubi</strong></span> <span class='ocrx_word' id='word_1_632' title='bbox 187 2509 252 2533; x_wconf 62' lang='lat' dir='ltr'><strong>sup„</strong></span> <span class='ocrx_word' id='word_1_633' title='bbox 267 2503 337 2527; x_wconf 70' lang='lat' dir='ltr'><strong>hom.</strong></span> <span class='ocrx_word' id='word_1_634' title='bbox 354 2510 450 2534; x_wconf 61' lang='lat' dir='ltr'><strong>xxxm,</strong></span> <span class='ocrx_word' id='word_1_635' title='bbox 467 2505 628 2530; x_wconf 75' lang='lat' dir='ltr'><strong>al.xxxx.11.</strong></span> <span class='ocrx_word' id='word_1_636' title='bbox 646 2509 667 2529; x_wconf 88' lang='grc'><strong>1.</strong></span> <span class='ocrx_word' id='word_1_637' title='bbox 683 2519 712 2523; x_wconf 90' lang='lat'><strong>·—</strong></span> <span class='ocrx_word' id='word_1_638' title='bbox 728 2507 737 2522; x_wconf 89' lang='lat'><strong>¹·</strong></span> <span class='ocrx_word' id='word_1_639' title='bbox 753 2508 808 2535; x_wconf 63' lang='lat' dir='ltr'><strong>tuf„</strong></span> <span class='ocrx_word' id='word_1_640' title='bbox 827 2514 898 2538; x_wconf 77' lang='lat' dir='ltr'><strong>xvui,</strong></span> 
     </span>
     <span class='ocr_line' id='line_1_86' title="bbox 130 2537 899 2573; baseline 0.009 -14"><span class='ocrx_word' id='word_1_641' title='bbox 130 2537 169 2559; x_wconf 78' lang='lat'><strong>20.</strong></span> <span class='ocrx_word' id='word_1_642' title='bbox 184 2548 215 2554; x_wconf 78' lang='lat'>—</span> <span class='ocrx_word' id='word_1_643' title='bbox 228 2539 237 2554; x_wconf 73' lang='lat'><strong>³</strong></span> <span class='ocrx_word' id='word_1_644' title='bbox 252 2539 307 2568; x_wconf 50' lang='lat' dir='ltr'><strong>ins„</strong></span> <span class='ocrx_word' id='word_1_645' title='bbox 328 2545 362 2569; x_wconf 76' lang='lat' dir='ltr'><strong>iv,</strong></span> <span class='ocrx_word' id='word_1_646' title='bbox 382 2543 404 2564; x_wconf 75' lang='lat'><strong>2.</strong></span> <span class='ocrx_word' id='word_1_647' title='bbox 420 2553 451 2557; x_wconf 92' lang='lat'>—</span> <span class='ocrx_word' id='word_1_648' title='bbox 465 2542 474 2553; x_wconf 57' lang='lat' dir='ltr'>fi</span> <span class='ocrx_word' id='word_1_649' title='bbox 490 2541 631 2571; x_wconf 55' lang='lat' dir='ltr'><strong>Clirysost„</strong></span> <span class='ocrx_word' id='word_1_650' title='bbox 649 2541 691 2565; x_wconf 72' lang='lat' dir='ltr'><strong>ulii</strong></span> <span class='ocrx_word' id='word_1_651' title='bbox 706 2549 762 2572; x_wconf 81' lang='lat' dir='ltr'><strong>sup.</strong></span> <span class='ocrx_word' id='word_1_652' title='bbox 778 2550 850 2573; x_wconf 84' lang='lat' dir='ltr'><strong>prox.</strong></span> <span class='ocrx_word' id='word_1_653' title='bbox 868 2557 899 2561; x_wconf 97' lang='lat'><strong>—</strong></span> 
     </span>
     <span class='ocr_line' id='line_1_87' title="bbox 132 2571 898 2608; baseline 0.012 -16"><span class='ocrx_word' id='word_1_654' title='bbox 132 2571 139 2584; x_wconf 94' lang='lat'>⁷</span> <span class='ocrx_word' id='word_1_655' title='bbox 154 2571 254 2602; x_wconf 64' lang='lat' dir='ltr'><strong>Mami„</strong></span> <span class='ocrx_word' id='word_1_656' title='bbox 274 2579 303 2603; x_wconf 84' lang='lat' dir='ltr'><strong>x,</strong></span> <span class='ocrx_word' id='word_1_657' title='bbox 320 2576 358 2597; x_wconf 68' lang='lat'><strong>223.</strong></span> <span class='ocrx_word' id='word_1_658' title='bbox 381 2588 410 2592; x_wconf 93' lang='lat'><strong>—</strong></span> <span class='ocrx_word' id='word_1_659' title='bbox 430 2577 437 2589; x_wconf 81' lang='lat'><strong>*⁵</strong></span> <span class='ocrx_word' id='word_1_660' title='bbox 455 2576 520 2599; x_wconf 56' lang='lat' dir='ltr'><strong>Paul.</strong></span> <span class='ocrx_word' id='word_1_661' title='bbox 537 2582 598 2606; x_wconf 73' lang='lat'><strong>(311¹,</strong></span> <span class='ocrx_word' id='word_1_662' title='bbox 614 2580 637 2600; x_wconf 69' lang='lat'><strong>2.</strong></span> <span class='ocrx_word' id='word_1_663' title='bbox 654 2589 683 2593; x_wconf 92' lang='lat'><strong>—</strong></span> <span class='ocrx_word' id='word_1_664' title='bbox 698 2580 706 2591; x_wconf 65' lang='lat'><strong><em>³</em></strong></span> <span class='ocrx_word' id='word_1_665' title='bbox 723 2579 776 2601; x_wconf 83' lang='lat' dir='ltr'><strong>Hoc</strong></span> <span class='ocrx_word' id='word_1_666' title='bbox 793 2585 898 2608; x_wconf 84' lang='lat' dir='ltr'><strong>nomen,</strong></span> 
     </span>
    </p>
   </div>
   <div class='ocr_carea' id='block_1_11' title="bbox 130 2606 898 2679">
    <p class='ocr_par' dir='ltr' id='par_1_14' title="bbox 130 2606 898 2679">
     <span class='ocr_line' id='line_1_88' title="bbox 130 2606 898 2643; baseline 0.012 -15"><span class='ocrx_word' id='word_1_667' title='bbox 130 2606 224 2631; x_wconf 77' lang='lat' dir='ltr'><strong>Judoea,</strong></span> <span class='ocrx_word' id='word_1_668' title='bbox 241 2609 307 2638; x_wconf 86' lang='lat' dir='ltr'><strong>apud</strong></span> <span class='ocrx_word' id='word_1_669' title='bbox 324 2610 444 2634; x_wconf 61' lang='lat' dir='ltr'><strong>Hebraeos</strong></span> <span class='ocrx_word' id='word_1_670' title='bbox 457 2613 531 2635; x_wconf 69' lang='lat' dir='ltr'><strong>sonat</strong></span> <span class='ocrx_word' id='word_1_671' title='bbox 546 2612 741 2636; x_wconf 77' lang='lat' dir='ltr'><strong>consessionem.</strong></span> <span class='ocrx_word' id='word_1_672' title='bbox 759 2625 790 2630; x_wconf 83' lang='lat'><em>-</em></span> <span class='ocrx_word' id='word_1_673' title='bbox 806 2614 827 2630; x_wconf 88' lang='lat'><strong>¹⁰</strong></span> <span class='ocrx_word' id='word_1_674' title='bbox 843 2614 898 2643; x_wconf 83' lang='lat' dir='ltr'><strong>lut&#39;.‚</strong></span> 
     </span>
     <span class='ocr_line' id='line_1_89' title="bbox 131 2643 898 2679; baseline 0.012 -15"><span class='ocrx_word' id='word_1_675' title='bbox 131 2647 184 2670; x_wconf 81' lang='lat' dir='ltr'><strong>xiv,</strong></span> <span class='ocrx_word' id='word_1_676' title='bbox 196 2643 234 2666; x_wconf 75' lang='lat'><strong>23.</strong></span> <span class='ocrx_word' id='word_1_677' title='bbox 245 2655 276 2660; x_wconf 90' lang='lat'>—</span> <span class='ocrx_word' id='word_1_678' title='bbox 288 2644 305 2660; x_wconf 88' lang='lat'><strong>²¹</strong></span> <span class='ocrx_word' id='word_1_679' title='bbox 318 2645 383 2674; x_wconf 79' lang='lat' dir='ltr'><strong>Act.,</strong></span> <span class='ocrx_word' id='word_1_680' title='bbox 396 2652 415 2676; x_wconf 83' lang='lat'><strong>1,</strong></span> <span class='ocrx_word' id='word_1_681' title='bbox 428 2647 450 2669; x_wconf 75' lang='lat'><strong>5.</strong></span> <span class='ocrx_word' id='word_1_682' title='bbox 465 2659 496 2664; x_wconf 86' lang='lat'><strong>——</strong></span> <span class='ocrx_word' id='word_1_683' title='bbox 506 2647 524 2662; x_wconf 78' lang='lat'><strong>¹²</strong></span> <span class='ocrx_word' id='word_1_684' title='bbox 535 2648 610 2678; x_wconf 63' lang='lat' dir='ltr'><strong>Aug„</strong></span> <span class='ocrx_word' id='word_1_685' title='bbox 622 2648 646 2670; x_wconf 82' lang='lat' dir='ltr'><strong>in</strong></span> <span class='ocrx_word' id='word_1_686' title='bbox 658 2648 739 2678; x_wconf 62' lang='lat' dir='ltr'><strong>doun„</strong></span> <span class='ocrx_word' id='word_1_687' title='bbox 752 2650 824 2673; x_wconf 82' lang='lat' dir='ltr'><strong>tract.</strong></span> <span class='ocrx_word' id='word_1_688' title='bbox 839 2655 898 2679; x_wconf 79' lang='lat' dir='ltr'><strong>xm,</strong></span> 
     </span>
    </p>
   </div>
   <div class='ocr_carea' id='block_1_12' title="bbox 957 1850 1852 1905">
    <p class='ocr_par' dir='ltr' id='par_1_15' title="bbox 957 1850 1852 1905">
     <span class='ocr_line' id='line_1_90' title="bbox 957 1850 1852 1905; baseline 0.006 -27"><span class='ocrx_word' id='word_1_689' title='bbox 957 1852 1125 1887; x_wconf 85' lang='lat' dir='ltr'><strong>baptizabat</strong></span> <span class='ocrx_word' id='word_1_690' title='bbox 1149 1852 1287 1886; x_wconf 80' lang='lat' dir='ltr'><strong>ChristuS,</strong></span> <span class='ocrx_word' id='word_1_691' title='bbox 1310 1853 1380 1888; x_wconf 80' lang='lat' dir='ltr'><strong>quia</strong></span> <span class='ocrx_word' id='word_1_692' title='bbox 1405 1853 1540 1881; x_wconf 89' lang='lat' dir='ltr'><strong>nondum</strong></span> <span class='ocrx_word' id='word_1_693' title='bbox 1568 1857 1629 1882; x_wconf 86' lang='lat' dir='ltr'><strong>erat</strong></span> <span class='ocrx_word' id='word_1_694' title='bbox 1659 1856 1733 1883; x_wconf 84' lang='lat' dir='ltr'><strong>dans</strong></span> <span class='ocrx_word' id='word_1_695' title='bbox 1747 1850 1852 1905; x_wconf 47' lang='grc' dir='ltr'><strong>ἱζιξζῖζ</strong></span> 
     </span>
    </p>
   </div>
   <div class='ocr_carea' id='block_1_13' title="bbox 957 1899 1838 1936">
    <p class='ocr_par' dir='ltr' id='par_1_16' title="bbox 957 1899 1838 1936">
     <span class='ocr_line' id='line_1_91' title="bbox 957 1899 1838 1936; baseline 0.007 -11"><span class='ocrx_word' id='word_1_696' title='bbox 957 1899 1095 1934; x_wconf 87' lang='lat' dir='ltr'><strong>Spiritum</strong></span> <span class='ocrx_word' id='word_1_697' title='bbox 1116 1900 1248 1926; x_wconf 87' lang='lat' dir='ltr'><strong>sanctum</strong></span> <span class='ocrx_word' id='word_1_698' title='bbox 1274 1899 1304 1925; x_wconf 89' lang='lat' dir='ltr'><strong>in</strong></span> <span class='ocrx_word' id='word_1_699' title='bbox 1332 1900 1618 1936; x_wconf 80' lang='lat' dir='ltr'><strong>superabundantia3</strong></span> <span class='ocrx_word' id='word_1_700' title='bbox 1649 1901 1733 1929; x_wconf 89' lang='lat' dir='ltr'><strong>disci·</strong></span> <span class='ocrx_word' id='word_1_701' title='bbox 1747 1910 1838 1931; x_wconf 80' lang='lat' dir='ltr'><strong>Christi.</strong></span> 
     </span>
    </p>
   </div>
   <div class='ocr_carea' id='block_1_14' title="bbox 954 1945 1734 2446">
    <p class='ocr_par' dir='ltr' id='par_1_17' title="bbox 954 1945 1734 2446">
     <span class='ocr_line' id='line_1_92' title="bbox 957 1945 1734 1981; baseline 0.006 -10"><span class='ocrx_word' id='word_1_702' title='bbox 957 1945 1019 1980; x_wconf 92' lang='lat' dir='ltr'><strong>puli</strong></span> <span class='ocrx_word' id='word_1_703' title='bbox 1041 1952 1112 1972; x_wconf 88' lang='lat' dir='ltr'><strong>vero</strong></span> <span class='ocrx_word' id='word_1_704' title='bbox 1135 1945 1273 1979; x_wconf 81' lang='lat' dir='ltr'><strong>agebant,</strong></span> <span class='ocrx_word' id='word_1_705' title='bbox 1289 1945 1320 1971; x_wconf 89' lang='lat' dir='ltr'><strong>id</strong></span> <span class='ocrx_word' id='word_1_706' title='bbox 1341 1947 1392 1979; x_wconf 87' lang='lat' dir='ltr'><strong>est,</strong></span> <span class='ocrx_word' id='word_1_707' title='bbox 1408 1945 1608 1981; x_wconf 82' lang='lat' dir='ltr'><strong>baptizabant,</strong></span> <span class='ocrx_word' id='word_1_708' title='bbox 1625 1947 1734 1976; x_wconf 82' lang='lat' dir='ltr'><strong>scilicet</strong></span> 
     </span>
     <span class='ocr_line' id='line_1_93' title="bbox 957 1991 1732 2030; baseline 0.004 -11"><span class='ocrx_word' id='word_1_709' title='bbox 957 1991 1105 2027; x_wconf 88' lang='lat' dir='ltr'><strong>baptismo</strong></span> <span class='ocrx_word' id='word_1_710' title='bbox 1121 2001 1185 2026; x_wconf 88' lang='lat' dir='ltr'><strong>suo,</strong></span> <span class='ocrx_word' id='word_1_711' title='bbox 1197 1992 1306 2020; x_wconf 83' lang='lat' dir='ltr'><strong>scilicet</strong></span> <span class='ocrx_word' id='word_1_712' title='bbox 1320 1993 1421 2020; x_wconf 87' lang='lat' dir='ltr'><strong>Christi</strong></span> <span class='ocrx_word' id='word_1_713' title='bbox 1434 2002 1440 2020; x_wconf 91' lang='lat'>:</span> <span class='ocrx_word' id='word_1_714' title='bbox 1453 2001 1524 2029; x_wconf 84' lang='lat' dir='ltr'><strong>ergo</strong></span> <span class='ocrx_word' id='word_1_715' title='bbox 1540 1994 1646 2022; x_wconf 87' lang='lat' dir='ltr'><strong>eodem</strong></span> <span class='ocrx_word' id='word_1_716' title='bbox 1661 1995 1732 2030; x_wconf 84' lang='lat' dir='ltr'><strong>bap-</strong></span> 
     </span>
     <span class='ocr_line' id='line_1_94' title="bbox 956 2038 1732 2074; baseline 0.005 -9"><span class='ocrx_word' id='word_1_717' title='bbox 956 2038 1042 2065; x_wconf 90' lang='lat' dir='ltr'><strong>tismo</strong></span> <span class='ocrx_word' id='word_1_718' title='bbox 1062 2038 1259 2074; x_wconf 85' lang='lat' dir='ltr'><strong>baptizabant.</strong></span> <span class='ocrx_word' id='word_1_719' title='bbox 1283 2039 1327 2066; x_wconf 82' lang='lat' dir='ltr'><strong>Ad</strong></span> <span class='ocrx_word' id='word_1_720' title='bbox 1350 2040 1529 2067; x_wconf 86' lang='lat' dir='ltr'><strong>contrarium</strong></span> <span class='ocrx_word' id='word_1_721' title='bbox 1555 2049 1562 2067; x_wconf 86' lang='lat'>:</span> <span class='ocrx_word' id='word_1_722' title='bbox 1588 2041 1627 2068; x_wconf 86' lang='lat' dir='ltr'><strong>ait</strong></span> <span class='ocrx_word' id='word_1_723' title='bbox 1654 2042 1732 2069; x_wconf 91' lang='lat' dir='ltr'><strong>enim</strong></span> 
     </span>
     <span class='ocr_line' id='line_1_95' title="bbox 956 2085 1731 2121; baseline 0.005 -10"><span class='ocrx_word' id='word_1_724' title='bbox 956 2085 1135 2119; x_wconf 82' lang='lat' dir='ltr'><strong>Augustinus</strong></span> <span class='ocrx_word' id='word_1_725' title='bbox 1149 2085 1179 2119; x_wconf 75' lang='lat'><strong>¹⁵,</strong></span> <span class='ocrx_word' id='word_1_726' title='bbox 1190 2085 1272 2120; x_wconf 84' lang='lat' dir='ltr'><strong>quod</strong></span> <span class='ocrx_word' id='word_1_727' title='bbox 1287 2085 1435 2113; x_wconf 85' lang='lat' dir='ltr'><strong>«Christus</strong></span> <span class='ocrx_word' id='word_1_728' title='bbox 1448 2086 1607 2121; x_wconf 88' lang='lat' dir='ltr'><strong>baptizavit</strong></span> <span class='ocrx_word' id='word_1_729' title='bbox 1618 2095 1679 2115; x_wconf 88' lang='lat' dir='ltr'><strong>non</strong></span> <span class='ocrx_word' id='word_1_730' title='bbox 1695 2096 1731 2115; x_wconf 91' lang='lat' dir='ltr'><strong>eo</strong></span> 
     </span>
     <span class='ocr_line' id='line_1_96' title="bbox 955 2130 1732 2168; baseline 0.004 -10"><span class='ocrx_word' id='word_1_731' title='bbox 955 2130 1116 2166; x_wconf 86' lang='lat' dir='ltr'><strong>baptismo,</strong></span> <span class='ocrx_word' id='word_1_732' title='bbox 1133 2139 1192 2166; x_wconf 90' lang='lat' dir='ltr'><strong>quo</strong></span> <span class='ocrx_word' id='word_1_733' title='bbox 1212 2131 1265 2158; x_wconf 80' lang='lat' dir='ltr'><strong>suit</strong></span> <span class='ocrx_word' id='word_1_734' title='bbox 1284 2131 1445 2166; x_wconf 86' lang='lat' dir='ltr'><strong>baptizatus</strong></span> <span class='ocrx_word' id='word_1_735' title='bbox 1468 2141 1475 2159; x_wconf 91' lang='lat'><strong>:</strong></span> <span class='ocrx_word' id='word_1_736' title='bbox 1491 2142 1504 2158; x_wconf 86' lang='lat'>»</span> <span class='ocrx_word' id='word_1_737' title='bbox 1522 2133 1574 2160; x_wconf 88' lang='lat' dir='ltr'><strong>sed</strong></span> <span class='ocrx_word' id='word_1_738' title='bbox 1591 2133 1638 2160; x_wconf 90' lang='lat' dir='ltr'><strong>hic</strong></span> <span class='ocrx_word' id='word_1_739' title='bbox 1657 2134 1732 2168; x_wconf 90' lang='lat' dir='ltr'><strong>bap·</strong></span> 
     </span>
     <span class='ocr_line' id='line_1_97' title="bbox 955 2177 1730 2214; baseline 0.004 -10"><span class='ocrx_word' id='word_1_740' title='bbox 955 2177 1042 2204; x_wconf 87' lang='lat' dir='ltr'><strong>tizare</strong></span> <span class='ocrx_word' id='word_1_741' title='bbox 1056 2177 1162 2204; x_wconf 87' lang='lat' dir='ltr'><strong>dicitur</strong></span> <span class='ocrx_word' id='word_1_742' title='bbox 1172 2185 1225 2212; x_wconf 90' lang='lat' dir='ltr'><strong>per</strong></span> <span class='ocrx_word' id='word_1_743' title='bbox 1240 2177 1400 2213; x_wconf 86' lang='lat' dir='ltr'><strong>discipulos</strong></span> <span class='ocrx_word' id='word_1_744' title='bbox 1411 2187 1417 2204; x_wconf 92' lang='lat'>:</span> <span class='ocrx_word' id='word_1_745' title='bbox 1428 2186 1496 2212; x_wconf 82' lang='lat' dir='ltr'><strong>ergo</strong></span> <span class='ocrx_word' id='word_1_746' title='bbox 1511 2186 1573 2206; x_wconf 88' lang='lat' dir='ltr'><strong>non</strong></span> <span class='ocrx_word' id='word_1_747' title='bbox 1583 2179 1730 2214; x_wconf 88' lang='lat' dir='ltr'><strong>baptismo</strong></span> 
     </span>
     <span class='ocr_line' id='line_1_98' title="bbox 954 2223 1731 2259; baseline 0.004 -9"><span class='ocrx_word' id='word_1_748' title='bbox 954 2223 1082 2250; x_wconf 81' lang='lat' dir='ltr'><strong>Joannis.</strong></span> <span class='ocrx_word' id='word_1_749' title='bbox 1100 2225 1131 2250; x_wconf 89' lang='lat' dir='ltr'><strong>Et</strong></span> <span class='ocrx_word' id='word_1_750' title='bbox 1145 2224 1184 2250; x_wconf 86' lang='lat' dir='ltr'><strong>ad</strong></span> <span class='ocrx_word' id='word_1_751' title='bbox 1204 2223 1280 2250; x_wconf 90' lang='lat' dir='ltr'><strong>illud</strong></span> <span class='ocrx_word' id='word_1_752' title='bbox 1297 2224 1550 2259; x_wconf 85' lang='lat' dir='ltr'><strong>respondendum,</strong></span> <span class='ocrx_word' id='word_1_753' title='bbox 1567 2226 1731 2253; x_wconf 90' lang='lat' dir='ltr'><strong>seeundum</strong></span> 
     </span>
     <span class='ocr_line' id='line_1_99' title="bbox 956 2269 1731 2305; baseline 0.005 -10"><span class='ocrx_word' id='word_1_754' title='bbox 956 2269 1211 2304; x_wconf 78' lang='lat' dir='ltr'><strong>chrysostomum,</strong></span> <span class='ocrx_word' id='word_1_755' title='bbox 1226 2269 1278 2296; x_wconf 89' lang='lat' dir='ltr'><strong>ubi</strong></span> <span class='ocrx_word' id='word_1_756' title='bbox 1293 2277 1381 2305; x_wconf 87' lang='lat' dir='ltr'><strong>supra</strong></span> <span class='ocrx_word' id='word_1_757' title='bbox 1396 2269 1425 2304; x_wconf 76' lang='lat'><strong>¹⁶,</strong></span> <span class='ocrx_word' id='word_1_758' title='bbox 1442 2271 1524 2305; x_wconf 88' lang='lat' dir='ltr'><strong>quod</strong></span> <span class='ocrx_word' id='word_1_759' title='bbox 1542 2280 1556 2295; x_wconf 80' lang='grc' dir='ltr'><strong>ιι</strong></span> <span class='ocrx_word' id='word_1_760' title='bbox 1578 2271 1651 2299; x_wconf 89' lang='lat' dir='ltr'><strong>nihil</strong></span> <span class='ocrx_word' id='word_1_761' title='bbox 1670 2280 1731 2299; x_wconf 88' lang='lat' dir='ltr'><strong>am-</strong></span> 
     </span>
     <span class='ocr_line' id='line_1_100' title="bbox 954 2315 1730 2353; baseline 0.005 -11"><span class='ocrx_word' id='word_1_762' title='bbox 954 2315 1032 2350; x_wconf 87' lang='lat' dir='ltr'><strong>plius</strong></span> <span class='ocrx_word' id='word_1_763' title='bbox 1052 2315 1181 2342; x_wconf 85' lang='lat' dir='ltr'><strong>habebat</strong></span> <span class='ocrx_word' id='word_1_764' title='bbox 1203 2315 1366 2350; x_wconf 84' lang='lat' dir='ltr'><strong>baptismus</strong></span> <span class='ocrx_word' id='word_1_765' title='bbox 1391 2316 1615 2352; x_wconf 88' lang='lat' dir='ltr'><strong>discipulorum,</strong></span> <span class='ocrx_word' id='word_1_766' title='bbox 1640 2326 1730 2353; x_wconf 85' lang='lat' dir='ltr'><strong>quam</strong></span> 
     </span>
     <span class='ocr_line' id='line_1_101' title="bbox 955 2361 1730 2400; baseline 0.005 -12"><span class='ocrx_word' id='word_1_767' title='bbox 955 2361 1118 2397; x_wconf 88' lang='lat' dir='ltr'><strong>baptismus</strong></span> <span class='ocrx_word' id='word_1_768' title='bbox 1132 2362 1263 2395; x_wconf 88' lang='lat' dir='ltr'><strong>Joannis,</strong></span> <span class='ocrx_word' id='word_1_769' title='bbox 1275 2364 1302 2388; x_wconf 86' lang='lat' dir='ltr'><strong>et</strong></span> <span class='ocrx_word' id='word_1_770' title='bbox 1313 2370 1400 2389; x_wconf 84' lang='lat' dir='ltr'><strong>causa</strong></span> <span class='ocrx_word' id='word_1_771' title='bbox 1415 2363 1584 2398; x_wconf 83' lang='lat' dir='ltr'><strong>baptizandi</strong></span> <span class='ocrx_word' id='word_1_772' title='bbox 1599 2364 1730 2400; x_wconf 88' lang='lat' dir='ltr'><strong>utrisque</strong></span> 
     </span>
     <span class='ocr_line' id='line_1_102' title="bbox 956 2408 1730 2446; baseline 0.004 -11"><span class='ocrx_word' id='word_1_773' title='bbox 956 2408 1061 2436; x_wconf 86' lang='lat' dir='ltr'><strong>eadem</strong></span> <span class='ocrx_word' id='word_1_774' title='bbox 1078 2410 1148 2443; x_wconf 80' lang='lat' dir='ltr'><strong>erat,</strong></span> <span class='ocrx_word' id='word_1_775' title='bbox 1162 2408 1274 2436; x_wconf 80' lang='lat' dir='ltr'><strong>Christo</strong></span> <span class='ocrx_word' id='word_1_776' title='bbox 1290 2408 1438 2437; x_wconf 83' lang='lat' dir='ltr'><strong>adducere</strong></span> <span class='ocrx_word' id='word_1_777' title='bbox 1453 2409 1574 2445; x_wconf 86' lang='lat' dir='ltr'><strong>scilicet,</strong></span> <span class='ocrx_word' id='word_1_778' title='bbox 1590 2411 1641 2446; x_wconf 91' lang='lat' dir='ltr'><strong>qui</strong></span> <span class='ocrx_word' id='word_1_779' title='bbox 1658 2411 1730 2446; x_wconf 85' lang='lat' dir='ltr'><strong>bap-</strong></span> 
     </span>
    </p>
   </div>
   <div class='ocr_carea' id='block_1_15' title="bbox 954 2490 1728 2625">
    <p class='ocr_par' dir='ltr' id='par_1_18' title="bbox 954 2490 1728 2625">
     <span class='ocr_line' id='line_1_103' title="bbox 955 2490 1728 2523; baseline 0.004 -10"><span class='ocrx_word' id='word_1_780' title='bbox 955 2497 980 2514; x_wconf 93' lang='lat' dir='ltr'><strong>n.</strong></span> <span class='ocrx_word' id='word_1_781' title='bbox 996 2492 1018 2513; x_wconf 80' lang='lat'><strong>0.</strong></span> <span class='ocrx_word' id='word_1_782' title='bbox 1034 2503 1063 2507; x_wconf 93' lang='lat'>—</span> <span class='ocrx_word' id='word_1_783' title='bbox 1080 2491 1097 2506; x_wconf 76' lang='lat'><strong>&#39;³</strong></span> <span class='ocrx_word' id='word_1_784' title='bbox 1111 2490 1224 2517; x_wconf 72' lang='lat' dir='ltr'><strong>Hieron„</strong></span> <span class='ocrx_word' id='word_1_785' title='bbox 1241 2490 1275 2513; x_wconf 78' lang='lat' dir='ltr'><strong>(ul</strong></span> <span class='ocrx_word' id='word_1_786' title='bbox 1291 2490 1382 2521; x_wconf 67' lang='lat' dir='ltr'><strong>Evaq„</strong></span> <span class='ocrx_word' id='word_1_787' title='bbox 1400 2491 1472 2522; x_wconf 88' lang='lat' dir='ltr'><strong>epist.</strong></span> <span class='ocrx_word' id='word_1_788' title='bbox 1489 2497 1577 2522; x_wconf 72' lang='lat' dir='ltr'><strong>cxxw,</strong></span> <span class='ocrx_word' id='word_1_789' title='bbox 1591 2493 1649 2523; x_wconf 79' lang='lat' dir='ltr'><strong>post</strong></span> <span class='ocrx_word' id='word_1_790' title='bbox 1660 2491 1728 2517; x_wconf 83' lang='lat' dir='ltr'><strong>med.</strong></span> 
     </span>
     <span class='ocr_line' id='line_1_104' title="bbox 957 2526 1727 2557; baseline 0.004 -9"><span class='ocrx_word' id='word_1_791' title='bbox 957 2539 984 2543; x_wconf 95' lang='lat'>—</span> <span class='ocrx_word' id='word_1_792' title='bbox 1003 2526 1022 2542; x_wconf 76' lang='lat'><strong>¹&#39;⁷</strong></span> <span class='ocrx_word' id='word_1_793' title='bbox 1038 2526 1179 2555; x_wconf 68' lang='lat' dir='ltr'><strong>Chrys‹›st.‚</strong></span> <span class='ocrx_word' id='word_1_794' title='bbox 1194 2532 1220 2548; x_wconf 79' lang='lat' dir='ltr'><strong>m</strong></span> <span class='ocrx_word' id='word_1_795' title='bbox 1234 2526 1315 2554; x_wconf 58' lang='lat' dir='ltr'><strong>loen„</strong></span> <span class='ocrx_word' id='word_1_796' title='bbox 1335 2526 1404 2550; x_wconf 73' lang='lat' dir='ltr'><strong>horu.</strong></span> <span class='ocrx_word' id='word_1_797' title='bbox 1421 2533 1494 2557; x_wconf 65' lang='lat' dir='ltr'><strong>nix,</strong></span> <span class='ocrx_word' id='word_1_798' title='bbox 1509 2527 1541 2551; x_wconf 81' lang='lat' dir='ltr'><strong>al.</strong></span> <span class='ocrx_word' id='word_1_799' title='bbox 1557 2534 1650 2557; x_wconf 78' lang='lat' dir='ltr'><strong>xxvm,</strong></span> <span class='ocrx_word' id='word_1_800' title='bbox 1666 2535 1691 2551; x_wconf 88' lang='lat' dir='ltr'><strong>n.</strong></span> <span class='ocrx_word' id='word_1_801' title='bbox 1706 2530 1727 2551; x_wconf 90' lang='lat'><strong>1.</strong></span> 
     </span>
     <span class='ocr_line' id='line_1_105' title="bbox 954 2561 1727 2594; baseline 0.006 -12"><span class='ocrx_word' id='word_1_802' title='bbox 954 2574 983 2578; x_wconf 88' lang='lat'>—</span> <span class='ocrx_word' id='word_1_803' title='bbox 1000 2562 1018 2577; x_wconf 82' lang='lat'><strong>¹⁵</strong></span> <span class='ocrx_word' id='word_1_804' title='bbox 1031 2563 1105 2591; x_wconf 43' lang='lat' dir='ltr'><strong>Aug,</strong></span> <span class='ocrx_word' id='word_1_805' title='bbox 1121 2562 1145 2583; x_wconf 79' lang='grc' dir='ltr'><strong>ιίι</strong></span> <span class='ocrx_word' id='word_1_806' title='bbox 1159 2561 1241 2590; x_wconf 61' lang='lat' dir='ltr'><strong>dorm„</strong></span> <span class='ocrx_word' id='word_1_807' title='bbox 1257 2562 1333 2585; x_wconf 82' lang='lat' dir='ltr'><strong>tract.</strong></span> <span class='ocrx_word' id='word_1_808' title='bbox 1349 2567 1409 2593; x_wconf 73' lang='lat' dir='ltr'><strong>xus,</strong></span> <span class='ocrx_word' id='word_1_809' title='bbox 1425 2569 1451 2587; x_wconf 82' lang='lat' dir='ltr'><strong>n.</strong></span> <span class='ocrx_word' id='word_1_810' title='bbox 1467 2564 1490 2588; x_wconf 80' lang='lat'><strong>4.</strong></span> <span class='ocrx_word' id='word_1_811' title='bbox 1503 2575 1534 2580; x_wconf 94' lang='lat'><strong>—</strong></span> <span class='ocrx_word' id='word_1_812' title='bbox 1551 2564 1570 2579; x_wconf 78' lang='lat'><strong>¹⁰</strong></span> <span class='ocrx_word' id='word_1_813' title='bbox 1586 2563 1727 2594; x_wconf 66' lang='lat' dir='ltr'><strong>Chrys-ost„</strong></span> 
     </span>
     <span class='ocr_line' id='line_1_106' title="bbox 954 2596 1067 2625; baseline -0.018 -6"><span class='ocrx_word' id='word_1_814' title='bbox 954 2596 997 2619; x_wconf 83' lang='lat' dir='ltr'><strong>ubi</strong></span> <span class='ocrx_word' id='word_1_815' title='bbox 1011 2602 1067 2625; x_wconf 84' lang='lat' dir='ltr'><strong>sup.</strong></span> 
     </span>
    </p>
   </div>
   <div class='ocr_carea' id='block_1_16' title="bbox 986 2648 1612 2679">
    <p class='ocr_par' dir='ltr' id='par_1_19' title="bbox 986 2648 1612 2679">
     <span class='ocr_line' id='line_1_107' title="bbox 986 2648 1612 2679; baseline 0.006 -8"><span class='ocrx_word' id='word_1_816' title='bbox 986 2652 1019 2679; x_wconf 60' lang='lat' dir='ltr'><strong>(a)</strong></span> <span class='ocrx_word' id='word_1_817' title='bbox 1037 2648 1124 2679; x_wconf 70' lang='lat' dir='ltr'><strong>Suppl.</strong></span> <span class='ocrx_word' id='word_1_818' title='bbox 1139 2648 1267 2672; x_wconf 78' lang='lat' dir='ltr'><strong>conterre.</strong></span> <span class='ocrx_word' id='word_1_819' title='bbox 1283 2660 1314 2667; x_wconf 96' lang='lat'><strong>—</strong></span> <span class='ocrx_word' id='word_1_820' title='bbox 1333 2649 1366 2679; x_wconf 82' lang='lat' dir='ltr'><strong>(b)</strong></span> <span class='ocrx_word' id='word_1_821' title='bbox 1383 2650 1442 2674; x_wconf 71' lang='lat' dir='ltr'><strong>Cael.</strong></span> <span class='ocrx_word' id='word_1_822' title='bbox 1458 2650 1517 2675; x_wconf 76' lang='lat' dir='ltr'><strong>edit.</strong></span> <span class='ocrx_word' id='word_1_823' title='bbox 1532 2651 1612 2675; x_wconf 87' lang='lat' dir='ltr'><strong>locus.</strong></span> 
     </span>
    </p>
   </div>
  </div>
 </body>
</html>
