1987 3032
725 220 930 252 EXPOSITIO
954 219 991 251 ΙΝ
1013 220 1099 251 CAP.
1124 220 1175 252 IV.

159 300 173 315 «
196 291 324 322 Messias,
345 290 377 316 ut
401 289 440 316 ait
465 287 500 322 (a)
525 287 701 321 Augustinus
724 288 750 321 ¹,
778 287 927 320 hebraice,

157 336 284 363 Christus
306 343 408 370 graece,
431 335 535 361 Unctus
559 333 657 360 latine.
687 343 700 358 »
727 334 765 360 De
793 333 858 368 ipso
887 332 928 359 ait

157 382 300 418 Propheta
316 383 325 398 ¹
347 390 353 408 ε
374 390 386 406 1(
400 380 484 407 Unxit
498 387 566 406 eum
581 379 647 406 oleo
668 387 727 414 prae
742 379 927 406 consortibus

157 429 225 455 suis.
242 438 255 453 »
277 428 401 460 Quicum
415 427 526 459 venerit,
543 426 725 459 annuntiabit,
741 425 849 452 scilicet
862 432 927 459 per-

157 474 239 507 fecte,
259 481 324 508 quae
347 472 385 500 ad
406 472 520 499 occulta
544 471 632 498 Patris
649 471 803 506 pertinent.
821 470 927 503 Quaerit

158 522 254 547 autem
269 519 492 554 chrysostomus
507 519 517 535 ³
534 526 540 544 τ
560 529 572 542 u
585 517 665 544 Unde
680 517 786 544 mulier
799 519 826 544 et
841 517 928 544 etiam

157 565 327 593 Samaritani
342 565 471 592 sciebant
490 564 526 591 de
544 564 654 597 Messia,
672 563 719 590 vel
738 563 931 599 expectabant

158 611 219 646 ejus
238 611 420 638 adventum?
440 621 453 635 »
478 612 510 637 Et
530 610 568 637 ad
586 610 643 636 1100
662 609 830 644 respondet,
848 608 929 644 quod

160 667 173 683 «
192 657 322 684 sciebant
342 665 358 684 a
384 657 466 684 libris
489 656 604 691 Moysis,
620 663 694 691 quos
720 655 929 690 suscipiebant,

158 705 184 730 et
203 703 273 738 quia
292 703 433 739 scriptum
455 704 497 730 est
514 701 524 717 4
541 711 548 729 ;
573 712 585 727 α
606 704 667 737 lpse
693 701 746 728 erit
768 701 929 737 expectatio

158 749 289 784 gentium
312 759 318 776 :
340 759 353 775 »
376 748 443 776 ideo
468 748 537 775 inde
560 750 694 783 poterant
715 747 798 775 scire.
821 757 833 772 »
861 749 930 774 ltem

157 795 260 830 quaerit
271 795 494 830 chrysostomus
509 795 530 827 ⁵,
547 802 582 821 ex
598 802 668 829 quo,
685 801 774 829 supra
788 794 808 827 ⁶,
825 793 931 820 Natha-

157 841 272 868 naelem
287 841 402 868 induxit
416 841 454 868 ad
471 840 673 868 credulitatem
693 842 720 867 et
738 847 791 875 per
804 839 931 875 prophe-

158 887 238 921 tiam,
255 889 282 914 et
303 887 496 914 Nicodemum
519 894 571 922 per
591 887 716 921 figuram
738 886 774 913 de
797 886 930 920 serpente

159 941 252 968 aeneo,
270 941 359 968 quare
375 933 507 960 similiter
521 940 581 960 non
596 932 711 960 induxit
726 932 808 959 illam
828 931 932 958 mulie-

158 987 221 1006 rem
231 987 283 1014 per
293 979 361 1006 talia
371 979 385 1005 ⁶?
397 981 428 1006 Et
440 979 478 1006 ad
491 979 546 1006 hoc
559 978 726 1014 respondet,
741 977 823 1014 quod
839 988 851 1003 «
861 977 932 1012 quia

159 1025 266 1052 mulier
285 1028 345 1052 erat
359 1025 476 1052 indocta
496 1027 523 1052 et
542 1025 754 1060 Scripturarum
769 1024 930 1059 inexperta,

160 1071 227 1098 ideo
241 1079 294 1106 per
309 1071 378 1098 talia
393 1079 453 1098 non
468 1071 583 1098 induxit
598 1079 674 1105 eam,
691 1070 742 1098 sed
755 1079 807 1106 per
822 1069 931 1105 praedi-

159 1117 303 1144 cationem
319 1120 346 1144 et
359 1117 584 1152 promissionem
601 1125 685 1151 aquae
700 1116 838 1143 salientis.
855 1126 868 1141 »

194 1165 226 1190 Ε1
239 1163 370 1199 sequitur
389 1163 541 1198 responsio
563 1162 730 1196 salvatoris,
747 1164 775 1189 et
791 1161 931 1189 revelatio

158 1209 286 1236 veritatis
302 1219 308 1237 z
329 1210 400 1235 Dicit
418 1211 442 1235 ez'
459 1218 465 1235 :
486 1210 540 1242 Ego
555 1217 622 1235 sum.
640 1210 671 1235 Et
686 1209 716 1235 in
731 1208 788 1235 hoc
807 1216 860 1235 sua
875 1208 930 1234 im-

158 1255 307 1282 mutabilis
324 1255 468 1282 divinitas.
487 1255 565 1281 [nde
581 1254 656 1281 infra
669 1255 690 1288 ⁷,
707 1254 801 1281 simile
819 1263 824 1281 :
845 1264 858 1279 «
874 1256 930 1280 An-

158 1304 278 1338 tequam
292 1303 439 1330 Abraham
460 1302 550 1335 fieret,
568 1310 622 1335 ego
644 1309 718 1328 sum.
736 1311 748 1326 »
772 1301 825 1333 Qui
840 1302 932 1334 loquor

159 1352 242 1376 tecum
256 1351 301 1376 :et
315 1349 345 1376 111
359 1349 415 1376 1100
430 1356 482 1375 5110
497 1348 615 1374 evidens
630 1346 796 1374 humanitas
807 1348 817 1363 ⁸
830 1355 837 1373 ι
854 1356 866 1371 «
881 1348 933 1373 Lo-

160 1397 268 1430 quutus
287 1397 328 1422 est
350 1395 436 1422 nobis
458 1394 488 1421 in
511 1394 594 1428 Filio,
610 1403 622 1419 »
648 1395 701 1420 etc.
719 1393 823 1426 Quaerit
842 1393 935 1428 Chry-

160 1443 306 1469 sostomus
321 1442 341 1475 ⁹,
358 1448 448 1475 quare
469 1448 529 1467 non
547 1448 576 1467 se
595 1439 736 1467 revelavit
757 1439 873 1466 mulieri
894 1439 932 1465 ab

160 1487 256 1522 initi03
272 1480 340 1515 110111
351 1495 418 1514 cum
432 1486 521 1513 Judaei
534 1488 665 1521 peterent
678 1485 715 1512 ab
732 1493 766 1512 eo
781 1485 930 1519 instanter,

160 1533 226 1568 quis
241 1535 323 1567 esset,
338 1532 413 1560 infra
426 1533 443 1548 ¹⁰
455 1541 460 1559 :
473 1542 485 1557 «
500 1532 527 1559 Si
542 1534 573 1558 tu
586 1540 615 1558 es
630 1532 767 1565 Christus,
785 1531 831 1558 dic
847 1531 933 1558 nobis

158 1579 272 1614 palam,
295 1589 308 1605 »
332 1587 386 1606 nec
411 1580 509 1606 tamen
531 1578 572 1605 eis
588 1578 729 1612 revelavit
752 1587 758 1605 z
782 1578 931 1613 quaeritur,

159 1625 238 1652 unde
253 1625 333 1653 hoc‘?
348 1627 380 1652 Et
399 1625 437 1652 ad
458 1624 536 1651 istud
556 1624 716 1660 respondet
732 1633 738 1650 :
759 1634 771 1649 «
791 1624 933 1651 Paulatim

161 1671 244 1699 duxit
262 1679 327 1699 eam
350 1671 388 1698 ad
409 1671 500 1698 fidem
521 1680 527 1698 ε
552 1679 622 1698 nam
641 1671 664 1697 si
679 1679 708 1697 se
724 1671 881 1698 revelasset
895 1670 933 1697 ab

160 1718 254 1753 initio,
269 1718 419 1745 videretur
441 1717 565 1745 inaniter
586 1725 654 1744 eum
670 1717 764 1751 loqui,
780 1717 850 1751 quia
868 1724 933 1743 mu-

160 1764 214 1791 lier
222 1772 283 1791 non
297 1765 479 1798 intelligeret.
492 1774 504 1789 »
520 1764 562 1790 Ad
576 1763 658 1790 aliud
670 1763 840 1798 respondet,
852 1762 934 1798 quod

162 1810 211 1837 illa
227 1812 288 1837 erat
302 1810 436 1837 devotior
451 1810 484 1844 (b)
503 1809 617 1842 ludaeis,
633 1812 660 1835 et
672 1808 713 1835 illi
728 1816 788 1835 non
804 1816 857 1843 pro
875 1808 933 1834 dis-

163 1857 256 1883 cendo
273 1857 453 1891 quaerebant,
465 1855 516 1882 sed
529 1863 582 1890 pro
596 1854 781 1889 injuriand03
798 1855 851 1881 ista
862 1862 932 1881 vero

163 1902 313 1935 audiebat,
330 1904 357 1929 et
376 1902 524 1937 quaerebat
543 1902 581 1928 ad
603 1901 787 1928 discendum.
807 1902 838 1927 Et
856 1902 936 1936 patet

164 1957 199 1976 ex
223 1949 305 1975 dictis
329 1948 486 1975 Salvatoris
507 1947 671 1981 benignitas
693 1947 884 1979 admiranda,
908 1948 936 1973 et

164 1995 330 2022 studiositas
350 1995 453 2021 sedula
474 1994 512 2021 ad
535 1993 702 2020 docendam
720 2001 811 2020 unam
830 1992 934 2020 mulie-

164 2050 236 2076 rem,
252 2044 280 2068 et
297 2042 390 2077 perita
404 2041 596 2068 artificiositas
612 2042 641 2067 in
658 2040 841 2074 attrahendo,
857 2047 935 2066 nunc

164 2087 323 2115 revelando
346 2087 473 2121 occulta,
499 2095 576 2113 nunc
599 2086 798 2122 promittendo
821 2085 935 2112 deside-

163 2139 236 2167 rata,
250 2138 282 2163 ut
302 2137 381 2171 patet
402 2136 432 2162 in
451 2135 523 2162 serie
544 2134 741 2169 Evangelistae,
758 2136 785 2161 et
805 2134 878 2161 sicut
892 2142 936 2161 re-

164 2182 276 2217 colligit
291 2182 514 2217 Chrysostomus
528 2190 563 2208 cx
578 2189 622 2208 ea,
635 2183 665 2208 Et
675 2181 704 2207 in
720 2181 776 2207 hoc
788 2182 829 2207 est
840 2188 936 2207 exem-

164 2228 247 2263 plum
263 2228 433 2255 doctoribus
447 2227 627 2263 praedicandi
644 2235 704 2254 non
717 2227 814 2254 solum
827 2226 935 2261 multis,

165 2274 217 2301 sed
245 2274 332 2301 etiam
358 2274 409 2301 uni
433 2274 605 2309 aliquando.
638 2273 717 2300 unde
744 2273 896 2307 Gregorius
926 2282 932 2300 :

167 2329 180 2345 «
204 2320 368 2355 Numquid,
393 2320 416 2347 si
437 2321 534 2347 multis
561 2320 700 2355 prodesse
725 2328 859 2355 nequeo,
882 2328 935 2348 nec

164 2367 265 2402 paucis
281 2367 411 2394 curabo?
431 2377 443 2392 »
468 2369 499 2394 Et
513 2367 596 2401 ponit
610 2366 800 2401 exemplum:
821 2375 834 2392 «
856 2367 881 2394 Si
901 2374 936 2393 ex

165 2421 257 2440 messe
279 2416 395 2448 portare
417 2413 585 2447 manipulos
600 2412 708 2440 multos
730 2420 790 2439 non
804 2420 935 2448 possum,

197 2509 204 2523 ¹
228 2509 301 2539 Aug,
324 2508 367 2531 ubi
391 2516 458 2538 sup„
483 2515 509 2531 11.
532 2509 569 2531 21.
596 2521 621 2524 —
648 2508 655 2521 ²
675 2507 741 2531 Psal.
764 2513 835 2537 XLW,
860 2509 881 2531 8.
907 2521 936 2525 —

166 2541 176 2557 ⁸
188 2542 326 2573 Chrysost„
338 2543 381 2567 ubi
394 2551 449 2573 sup.
461 2557 489 2560 -
500 2544 507 2556 ⁴
520 2543 590 2571 Gen„
603 2549 673 2572 xnix,
688 2544 760 2566 10.-
774 2543 783 2559 ¹³
795 2543 936 2573 Chrysost,

168 2577 326 2608 11111501),-
345 2580 353 2593 ⁶
374 2580 445 2609 Sup..
462 2585 479 2608 1,
506 2581 546 2607 ἰκς
565 2584 601 2605 111,
626 2580 661 2601 14.
677 2591 706 2595 -
725 2578 804 2608 711111,
822 2584 879 2605 v1i1.
896 2580 935 2602 58.

166 2625 196 2629 —
211 2613 219 2626 ⁸
233 2613 315 2642 Heba,
331 2620 349 2644 1,
365 2616 388 2638 2.
404 2627 433 2632 -
448 2617 456 2629 ‘¹
471 2615 611 2644 cury-sust„
627 2614 667 2637 ubi
684 2620 738 2643 sup.
752 2627 783 2631 —
799 2614 820 2631 ¹⁰
836 2614 893 2643 ins„
911 2620 935 2643 x,

168 2647 206 2671 24.
219 2660 244 2664 —
259 2649 275 2664 ¹¹
286 2649 348 2679 lac„
363 2655 386 2679 v,
403 2651 442 2673 20.
456 2663 486 2667 —
501 2649 520 2665 ¹²
531 2649 585 2678 Job,
600 2654 711 2679 xxxviii,
724 2649 762 2672 35.
773 2662 804 2666 —
818 2648 837 2665 ¹³
849 2649 935 2679 Greg.,

1692 224 1749 252 317

983 286 1129 322 numquid
1143 294 1253 314 vacuus
1268 287 1364 315 debeo
1379 287 1474 315 redire
1484 288 1498 314 ⁴?
1514 297 1527 314 »
1548 287 1634 321 Quasi
1649 287 1728 315 dicat
1745 298 1751 315 :

983 333 1055 360 Non.
1072 333 1115 360 Ad
1135 341 1227 360 unum
1242 341 1312 368 ergo
1334 334 1575 368 convertendum,
1592 335 1634 361 est
1650 334 1754 369 praedi-

984 379 1111 406 candum
1126 377 1145 395 ¹¹
1159 388 1184 406 :«
1198 379 1252 413 Qui
1266 380 1395 407 converti
1410 379 1510 407 fecerit
1520 381 1705 415 peccatorem
1716 380 1754 408 ab

984 433 1082 452 errore
1097 426 1151 453 viae
1165 434 1235 460 suae,
1251 427 1374 454 salvabit
1389 426 1519 454 animan]
1532 427 1605 461 ejus.
1621 435 1634 452 »

1021 474 1063 498 27.
1078 473 1109 498 Et
1119 473 1249 507 sequitur
1258 473 1393 500 ultimum
1401 473 1438 500 de
1447 481 1581 508 regressu
1594 472 1756 508 discipulo-

984 525 1071 544 rum:
1090 519 1125 544 Et
1140 520 1262 545 continuo
1284 522 1428 553 venerunt,
1453 521 1506 546 etc.
1524 528 1530 546 :
1558 518 1642 554 quod
1661 519 1756 552 signat

986 563 1121 590 doctores
1140 566 1167 591 et
1182 564 1340 600 discipulos
1359 565 1460 593 Christi
1481 565 1589 592 debere
1606 564 1702 592 redire
1718 564 1756 591 ad

985 609 1083 645 ipsum
1098 610 1128 637 in
1143 611 1399 646 contemplatione,
1415 612 1482 646 post
1496 619 1646 646 egressum
1657 610 1695 638 ad
1705 610 1755 645 pia

986 663 1077 690 opera
1092 656 1121 683 in
1136 657 1289 691 negotiosa
1304 657 1455 684 actione.¹‘-¹
1474 667 1486 682 «
1501 656 1650 692 Numquid
1662 656 1757 684 mittes

985 701 1119 736 fulgura,
1149 704 1177 729 et
1200 703 1297 737 ibunt,
1321 705 1348 730 et
1370 704 1543 730 revertentia
1563 703 1660 730 dicent
1679 702 1755 730 tibi:

986 748 1150 775 Adsumus?
1165 758 1178 774 »
1197 752 1246 776 Per
1266 748 1385 784 fulgura
1399 749 1605 784 praedicatores
1619 749 1667 776 vel
1683 749 1755 776 doc—

986 797 1079 828 tores,
1091 795 1164 822 sicut
1179 797 1279 822 euntes
1296 797 1323 822 et
1340 797 1527 829 revertentes,
1544 796 1756 830 significantur,

987 843 1017 868 ut
1032 841 1071 868 ait
1081 841 1121 868 ibi
1132 841 1286 875 Gregorius
1299 842 1331 868 ¹³.
1343 843 1377 868 Et
1392 842 1571 876 mirabantur,
1580 844 1634 869 etc.
1650 841 1757 874 Quaeri-

987 889 1032 914 tur
1047 887 1172 922 qualiter
1192 887 1266 914 hoc:
1291 895 1327 914 ex
1351 896 1411 922 quo
1438 889 1584 915 noverunt
1606 896 1673 915 eum
1697 895 1757 915 esse

987 932 1097 960 fontem
1117 933 1244 968 pietatis,
1270 942 1360 969 quare
1385 933 1568 961 mirabantur
1589 942 1656 961 eum
1675 933 1758 968 loqui

988 987 1055 1006 cum
1080 979 1202 1006 muliere
1228 980 1379 1015 paupere?
1403 981 1435 1007 Et
1458 980 1496 1007 ad
1519 980 1576 1007 hoc
1600 979 1759 1015 respondet

987 1026 1163 1060 Augustinus
1179 1026 1199 1042 ¹³⁶
1222 1035 1228 1052 :
1248 1036 1261 1051 κ
1277 1027 1337 1061 lpse
1364 1026 1512 1061 quaerebat
1537 1034 1624 1053 ovem
1651 1025 1759 1052 scilicet

987 1071 1153 1106 perditam,
1169 1071 1208 1099 ad
1229 1072 1285 1099 hoc
1305 1072 1383 1099 enim
1404 1074 1534 1099 venerat.
1554 1074 1667 1099 Bonum
1688 1079 1758 1105 ergo

988 1117 1210 1144 admirabantur
1221 1138 1229 1151 ,
1258 1125 1319 1145 non
1344 1118 1457 1145 malum
1485 1118 1717 1153 suspicabantur.
1743 1127 1755 1143 »

988 1163 1068 1191 Idem
1077 1164 1300 1199 Chrystosomus
1309 1164 1328 1180 ¹⁵
1341 1173 1347 1191 :
1359 1173 1372 1189 «
1380 1163 1609 1191 Admirabantur
1622 1171 1758 1191 mansue-

987 1210 1120 1237 tudinem
1131 1230 1140 1244 ,
1170 1210 1311 1245 quoniam
1339 1210 1474 1237 sustinuit
1503 1219 1569 1237 cum
1598 1213 1676 1237 tanta
1705 1210 1760 1237 hu-

988 1256 1109 1283 militate
1138 1256 1255 1283 mulieri
1278 1256 1360 1291 loqui
1383 1258 1409 1283 et
1429 1257 1625 1283 Samaritanae.
1645 1266 1658 1282 »
1677 1257 1759 1283 Nemo

989 1305 1076 1329 tamen
1091 1302 1163 1328 discit
1179 1303 1203 1329 ei
1219 1311 1226 1328 :
1248 1302 1319 1334 Quid
1340 1304 1456 1336 quoeris?
1470 1302 1575 1335 Quaerit
1591 1302 1758 1337 Chrysosto-

988 1356 1053 1375 mus
1069 1349 1103 1382 ¹⁶,
1118 1356 1208 1383 quare
1225 1356 1292 1375 eum
1307 1356 1367 1375 non
1383 1348 1655 1383 interrogaverunt?
1670 1350 1702 1376 Et
1720 1348 1759 1375 ad

988 1395 1043 1421 hoc
1058 1395 1230 1430 respondet,
1247 1394 1329 1429 quod
1350 1394 1456 1421 eruditi
1480 1397 1561 1422 erant
1581 1403 1697 1422 servare
1711 1403 1759 1422 or-

989 1441 1088 1467 dinem
1103 1441 1329 1475 discipulorum‚
1354 1441 1394 1468 ita
1413 1449 1480 1468 eum
1502 1441 1533 1476 (c)
1559 1441 1760 1469 formidabant

989 1489 1016 1514 et
1041 1487 1267 1514 venerabantur.
1293 1487 1343 1514 Vel
1366 1487 1467 1521 aliter,
1492 1487 1656 1515 secundum
1681 1487 1760 1515 Glos-

988 1542 1066 1566 sam,
1080 1533 1163 1568 quod
1177 1541 1236 1561 non
1251 1535 1317 1560 sunt
1333 1533 1410 1567 ausi,
1434 1541 1471 1560 ne
1489 1533 1527 1561 ab
1547 1542 1581 1561 eo
1603 1534 1760 1568 reprehen-

989 1580 1136 1613 derentur,
1153 1580 1176 1606 si
1190 1580 1304 1607 incaute
1319 1579 1543 1614 interrogarent.
1560 1582 1592 1607 Et
1606 1582 1759 1607 051010111-

988 1626 1072 1661 plum
1092 1626 1280 1653 inferioribus
1300 1633 1361 1653 non
1383 1626 1557 1661 investigare
1579 1626 1654 1654 faeta
1674 1635 1759 1662 supe-

988 1672 1100 1699 riorum
1110 1693 1116 1704 ,
1129 1673 1177 1699 vel
1193 1673 1280 1700 dicta.

1023 1721 1066 1745 28.
1085 1720 1114 1745 Et
1129 1719 1259 1754 sequitur
1272 1718 1322 1746 illa
1336 1727 1404 1754 pars
1414 1740 1421 1753 ,
1434 1719 1464 1745 in
1480 1726 1540 1754 qua
1553 1718 1589 1746 de
1603 1719 1758 1747 salvatoris

988 1764 1195 1800 praedicatione
1218 1765 1339 1800 publica
1366 1765 1436 1800 ipsis
1462 1765 1665 1798 samaritanis,
1687 1765 1728 1792 ibi
1750 1775 1756 1793 :

988 1812 1109 1845 Reliquit
1133 1812 1272 1844 hydriam,
1294 1813 1347 1838 etc.
1374 1813 1407 1838 Et
1428 1811 1478 1838 illa
1495 1819 1562 1846 pars
1584 1811 1614 1838 in
1634 1814 1760 1846 quatuor

988 1859 1104 1891 partes:
1122 1857 1235 1892 primo,
1251 1857 1288 1884 de
1310 1865 1443 1891 regressu
1465 1857 1596 1884 mulieris
1617 1857 1655 1884 ad
1677 1857 1758 1892 illos,

989 1905 1014 1930 et
1030 1903 1066 1930 de
1083 1903 1302 1930 annuntiatione
1319 1903 1372 1938 (cl),
1390 1912 1455 1939 quae
1470 1904 1597 1938 audivit3
1613 1904 1757 1938 secundo,

989 1949 1026 1976 de
1040 1949 1253 1984 supplicatione
1269 1949 1483 1985 discipulorum
1497 1950 1549 1985 ipsi
1563 1949 1706 1977 Salvatori
1721 1950 1758 1977 de

988 1995 1215 2029 manducando,-
1232 1996 1331 2030 tertio,
1354 1996 1390 2023 de
1406 1996 1442 2023 de
1457 1996 1648 2031 responsione
1663 1996 1759 2024 Salva-

988 2042 1072 2076 toris,
1090 2044 1117 2068 et
1131 2042 1294 2069 hortatione
1310 2042 1523 2077 discipulorum
1543 2043 1582 2070 ad
1601 2042 1759 2077 praedican-

989 2088 1076 2122 dum,
1094 2088 1134 2115 ibi
1149 2098 1154 2115 ε
1172 2090 1265 2115 Nonne
1279 2096 1323 2115 vos
1337 2089 1439 2122 dicitis,
1449 2090 1501 2116 etc.
1514 2098 1521 2123 ς
1533 2092 1648 2124 (1110110,
1659 2089 1695 2116 de
1711 2089 1758 2116 de-

988 2135 1106 2162 votione
1116 2135 1365 2162 Samaritanorum
1381 2134 1419 2162 ad
1431 2135 1622 2169 credendum,
1637 2135 1677 2162 ibi
1695 2145 1701 2162 :
1716 2136 1759 2161 Ex

988 2182 1038 2208 illa
1053 2183 1170 2214 civitate,
1184 2183 1238 2209 etc.

1024 2228 1068 2256 Ait
1083 2236 1171 2262 ergo:
1188 2229 1307 2261 Reliquit
1321 2227 1460 2261 hydriam,
1476 2229 1532 2254 etc.
1549 2229 1580 2254 Ut
1598 2227 1636 2255 ait
1649 2230 1758 2263 Augus-

989 2275 1065 2301 tinus
1079 2275 1097 2291 Π
1107 2283 1133 2301 2«
1142 2274 1246 2301 Audito
1259 2283 1264 2300 :
1281 2274 1334 2307 Ego
1343 2281 1411 2307 sum,
1424 2275 1489 2307 etc„
1504 2275 1531 2301 et
1540 2276 1656 2309 recepto
1666 2274 1696 2301 in
1707 2282 1757 2302 cor

989 2321 1100 2348 Christo
1115 2320 1247 2353 Domino,
1264 2319 1336 2354 quid
1351 2319 1469 2353 faceret,
1486 2319 1540 2346 nisi
1561 2320 1696 2355 hydriam
1713 2321 1757 2348 di-

990 2367 1127 2400 mitteret,
1144 2368 1172 2393 et
1187 2365 1385 2400 evangelizare
1407 2367 1552 2393 curreret?
1571 2367 1692 2401 Projecit
1708 2375 1758 2395 cu-

989 2413 1156 2449 piditatem,
1173 2415 1200 2440 et
1214 2412 1384 2448 properavit
1408 2413 1581 2440 annuntiare
1595 2414 1757 2442 veritatem.

990 2510 1091 2537 Mor—al„
1111 2509 1153 2533 lib.
1176 2509 1255 2539 XXX,
1275 2516 1297 2532 0.
1319 2514 1349 2539 11,
1366 2516 1392 2533 11.
1411 2511 1434 2533 6.
1451 2522 1481 2526 -
1500 2510 1519 2526 “
1534 2511 1607 2541 Aug„
1627 2510 1669 2534 ubi
1691 2517 1757 2541 sup„

990 2553 1015 2568 n.
1032 2547 1070 2569 20.
1087 2558 1116 2562 —
1134 2546 1152 2560 ¹⁵
1173 2545 1314 2575 Chrysen„
1333 2545 1376 2568 ubi
1393 2552 1460 2576 sup.‚
1481 2553 1506 2569 n.
1527 2548 1550 2570 3.
1568 2560 1597 2563 —
1613 2546 1633 2562 ¹¹³
1653 2546 1713 2570 ibid.
1729 2559 1759 2564 —

993 2577 1011 2592 ¹⁷
1027 2578 1101 2605 Aug,
1117 2575 1159 2598 ubi
1174 2583 1241 2605 sup„
1258 2582 1283 2598 n.
1299 2578 1338 2599 30.

1022 2613 1053 2641 (αι
1068 2612 1129 2635 Ctel.
1145 2611 1206 2634 edit.
1218 2612 1283 2634 deest
1296 2611 1337 2634 ait¹
1350 2624 1380 2629 —
1401 2611 1435 2642 (b)
1452 2612 1512 2635 Caet.
1526 2612 1587 2635 edit.
1603 2612 1714 2636 devotio.
1729 2625 1759 2630 —-

992 2648 1021 2677 (c)
1035 2647 1094 2670 Item
1107 2646 1184 2670 enim.
1198 2659 1227 2664 -
1240 2646 1277 2677 (d)
1291 2646 1378 2677 Suppl.
1397 2653 1495 2671 eorum.
