1987 3032
638 220 842 251 EXPOSITIO
867 220 905 251 IN
928 221 1014 252 CAP.
1037 222 1113 252 XIX.
1628 227 1678 256 101

93 289 241 326 tandum,
258 291 287 319 et
302 289 406 327 figura
427 288 639 319 conversionis
660 287 804 326 gentium
820 287 859 317 ad

94 342 253 373 Christum
270 353 276 371 :
291 350 346 381 per
360 342 451 380 cujus
466 341 561 371 fidem
577 341 678 379 adjuti
694 340 859 370 elevantur

93 395 132 425 ad
149 395 251 434 ipsum
267 394 494 424 contuendum.
516 394 588 424 Ideo
604 392 712 423 Glossa
735 404 742 422 z
771 404 784 421 (ι
798 392 857 422 As-

93 456 185 477 censa
199 449 304 477 autem
320 455 502 485 sycomoro,
525 448 740 476 transeuntem
762 454 859 484 prope

94 499 262 529 Dominum
279 499 390 535 cernit,
407 499 481 538 quia
502 508 558 539 per
573 499 655 529 hanc
669 498 858 528 laudabilem

92 551 287 589 fatuitatem,
311 552 368 581 etsi
390 552 525 581 necdum
546 554 580 581 nt
603 553 649 581 est
663 550 776 587 solide,
791 551 859 589 jam

92 605 198 634 tamen
212 605 337 644 raptim,
354 605 445 643 quasi
459 605 490 634 in
507 605 653 641 transitu,
664 604 725 634 luci
739 604 860 643 sapien-

92 657 145 687 tiae
166 657 298 687 coelestis
312 658 456 688 intendit.
472 668 485 684 n
505 657 576 687 Ideo
596 658 691 688 Isaz'ce
707 658 838 697 septimo
850 682 858 695 ,

92 710 266 740 secundum
294 710 388 740 aliam
416 712 653 741 translationem
679 712 685 727 ¹
713 722 719 741 ;
752 722 765 739 <‹
794 710 860 740 Nisi

93 763 300 800 credideritis,
317 772 382 793 non
397 763 578 802 intelligetis
595 763 634 802 (a)
651 774 680 793 n.

134 817 162 847 5.
189 818 234 849 Et
256 827 328 848 cum
349 818 498 856 venisset,
522 820 580 849 ete.
607 818 775 858 Postquam
804 828 862 849 ex-

95 871 208 909 pressit
234 871 355 901 Zachaei
382 872 610 902 studiositatem
638 872 677 903 ad
703 872 862 903 Christum

95 925 276 963 videndum,
291 925 342 955 hic
358 926 492 956 secundo
507 927 656 966 exprimit
670 926 862 966 hospitalita-

96 980 158 1008 tem
173 979 210 1008 ad
225 979 384 1009 Christum
402 980 647 1019 suscipiendum.
665 980 752 1009 Circa
766 989 862 1018 qnam

79 1032 331 1062 'describendam
345 1033 590 1063 introducuntur
602 1033 676 1070 tria,
694 1033 809 1062 scilicet
821 1033 863 1062 di-

94 1084 203 1122 gnatio
228 1093 268 1114 ex
293 1088 379 1124 parte
405 1085 519 1115 Christi
531 1109 540 1122 ,
567 1085 692 1116 devotio
710 1094 748 1115 ex
775 1087 862 1124 parte

95 1136 233 1175 Zachaei,
265 1140 295 1167 et
323 1138 535 1168 murmuratio
563 1147 603 1168 ex
631 1140 720 1177 parte
754 1138 863 1177 populi

94 1189 244 1229 perversi.

137 1242 243 1273 Primo
258 1243 359 1281 igitur
374 1246 529 1282 quantum
540 1243 579 1273 ad
592 1243 810 1282 dignationem
822 1253 862 1273 ex

96 1297 182 1334 parte
196 1296 324 1333 Christi,
343 1296 416 1325 dicit
431 1307 437 1325 :
454 1297 500 1326 Et
514 1306 586 1325 enm
608 1297 738 1326 venisset
752 1296 796 1325 ad
817 1297 864 1325 lo-

97 1357 180 1385 cum,
196 1349 366 1388 suspiciens
380 1349 469 1379 Jeszcs
486 1349 562 1379 vidit
577 1349 680 1386 illum,
695 1359 749 1388 per
761 1359 864 1389 aspec-

98 1403 165 1430 tum
180 1401 403 1439 benignitatis,
431 1402 462 1431 in
478 1411 540 1440 quo
558 1402 739 1431 ostendebat
754 1412 785 1431 se
807 1412 863 1441 ap-

96 1453 229 1492 probare
244 1454 392 1491 affectum
417 1454 576 1493 publicani
600 1463 655 1493 per
678 1455 809 1492 signum
825 1456 835 1471 2
854 1466 860 1484 z

100 1518 114 1535 «
130 1506 217 1537 Oculi
233 1507 357 1537 Domini
373 1517 467 1546 super
485 1509 659 1538 metuentes
674 1518 765 1546 eum,
781 1511 811 1538 et
830 1509 863 1538 in

95 1559 138 1589 eis
159 1559 212 1598 qui
237 1562 363 1599 sperant
388 1570 485 1599 super
506 1560 721 1597 misericordia
743 1563 822 1600 ejus.
844 1573 858 1589 »

96 1610 185 1641 Hunc
199 1611 378 1650 aspiciebat,
390 1611 465 1651 quia
475 1613 594 1641 statura
609 1612 741 1651 pusillus
752 1614 819 1642 erat
830 1615 839 1631 ³
854 1624 859 1642 :

95 1663 245 1693 Excelsus
253 1664 336 1694 enim
347 1664 509 1700 Dominus,
519 1667 549 1694 et
559 1665 695 1695 humilia
708 1666 834 1705 respicit
845 1678 858 1695 n

95 1726 150 1756 per
166 1717 393 1756 dignationem.
404 1718 449 1749 El
463 1718 544 1748 (lixit
557 1718 601 1747 {td
613 1728 685 1748 eum
697 1728 707 1749 .·
719 1720 745 1749 Z
748 1719 862 1756 aelnee,

94 1770 249 1808 festinans
264 1770 429 1808 descende,
446 1772 483 1801 ad
500 1771 749 1810 impendendum
767 1772 862 1802 bene-

96 1823 203 1853 ficium
215 1823 448 1862 hospitalitatis.
465 1823 502 1853 Et
517 1823 576 1853 hoc
594 1824 663 1853 facit
677 1824 710 1853 in
732 1825 863 1863 signnm

96 1884 223 1914 magna.²
248 1875 455 1913 dignationis,
483 1876 537 1915 qui
562 1876 734 1915 hospitium
760 1880 864 1916 petere

96 1937 160 1958 non
175 1928 311 1958 erubuit.
338 1927 423 1958 Unde
440 1928 548 1959 Glossa
564 1931 573 1947 ὁ
590 1940 596 1958 :
628 1940 642 1957 (‹
656 1929 724 1960 Non
748 1930 862 1961 invita-

97 1982 147 2010 tus
161 1990 193 2010 se
209 1981 328 2017 invitat,
346 1981 430 2020 quia,
446 1983 477 2011 et
487 1981 513 2011 si
528 1991 591 2012 non
600 1982 744 2012 audierat
754 1992 862 2014 vocem

98 2033 276 2071 invitantis,
302 2034 447 2064 audiebat
470 2037 576 2064 tamen
599 2035 760 2065 affectum.
784 2048 797 2064 »
828 2037 864 2067 Et

97 2088 170 2116 nota
184 2086 266 2125 quod
280 2086 353 2116 dicit
370 2096 376 2116 :
393 2087 561 2125 festinans,
580 2088 655 2127 qnia
669 2088 708 2118 ad
725 2098 820 2128 opera
834 2092 864 2120 et

96 2139 246 2169 beneficia
255 2139 471 2178 hospitalitatis
480 2140 631 2170 debemus
640 2150 706 2171 esse
714 2143 861 2181 prompti,

95 2192 239 2231 exemplo
255 2192 386 2230 Zachaei,
403 2195 433 2222 et
444 2193 539 2222 etiam
560 2193 696 2224 Abrahae
738 2203 745 2224 :
767 2206 781 2222 «
796 2195 865 2225 Fes-

95 2245 210 2276 tinavit
226 2245 384 2275 Abraham
398 2245 429 2275 in
440 2246 680 2276 tabernaculum
691 2247 728 2277 ad
740 2248 862 2286 Saram,

95 2298 238 2337 dixitque
257 2298 285 2327 ei
300 2308 306 2327 z
322 2298 478 2336 Accelera,
496 2300 556 2329 tria
570 2301 636 2329 sata
650 2300 762 2331 simila}
777 2310 864 2331 com-

96 2351 202 2387 misce,
220 2353 250 2380 et
265 2351 311 2380 fac
326 2350 557 2381 subcinericeos
577 2361 684 2390 panes.
704 2353 771 2392 Ipse
788 2363 864 2385 vero

96 2403 134 2433 ad
149 2406 329 2434 armentum
345 2403 494 2440 cucurrit,
511 2407 541 2433 et
555 2404 626 2434 tulit
641 2405 712 2435 inde
728 2406 863 2438 vitulum

98 2457 305 2487 tenerrimum
324 2458 355 2487 et
371 2457 547 2496 optimum,
571 2457 718 2497 deditque
743 2468 841 2498 puero
854 2485 861 2498 ,

130 2568 136 2582 ¹
161 2567 259 2591 Scilicet
285 2567 423 2591 secundnm
447 2568 524 2597 Lxx,
547 2567 606 2596 Im„
621 2574 667 2598 Vll,
682 2570 704 2591 9.
723 2583 752 2587 -
772 2570 780 2583 ²
798 2570 863 2594 Psal.

100 2609 184 2632 xxxii,
202 2605 280 2626 ts.—
296 2603 305 2619 ³
320 2603 391 2627 Psal.
406 2608 522 2632 cxxxvu,
539 2607 561 2627 11.
578 2617 607 2620 -
627 2604 634 2616 ³
656 2604 737 2629 Closs.
754 2605 862 2631 inivi-lin.

99 2639 123 2662 in
141 2638 208 2661 bunc
221 2638 278 2668 toc.,
291 2646 322 2662 ex
338 2639 465 2668 mutuos„
483 2640 508 2662 in
524 2640 588 2668 Lucu,
602 2639 645 2662 lib.
662 2640 726 2670 Vllt,
743 2648 768 2663 11.
787 2644 864 2665 gif<

99 2674 108 2689 ⁵
127 2675 195 2703 Gen„
212 2679 285 2702 xvui,
306 2675 358 2698 6-7.
382 2687 412 2691 -
432 2674 442 2691 ⁶
457 2674 557 2704 Mami„
581 2681 639 2705 vm,
662 2678 699 2700 20.
714 2689 744 2692 —
762 2676 768 2689 ⁷
791 2677 863 2708 ibi‹1.,

914 288 969 326 qui
987 288 1144 318 festinavit
1158 291 1189 319 et
1203 290 1288 320 coxit
1302 291 1403 322 illum.
1421 303 1434 319 n
1453 292 1490 322 Et
1504 293 1574 323 haec
1595 295 1683 332 pete-

915 341 967 371 bat
983 341 1123 372 Christus
1134 366 1143 380 ,
1160 343 1235 382 quia
1255 343 1434 382 indigebat3
1451 346 1536 376 unde
1551 346 1656 376 subdit
1674 355 1682 375 ε

917 395 998 430 Ouia
1012 394 1103 425 lzocle'e
1118 396 1151 425 in
1166 395 1259 426 domo
1275 400 1330 426 lua
1345 401 1468 437 oportet
1477 408 1527 428 me
1542 407 1682 436 manere,

914 446 952 476 ad
968 447 1150 486 exemplum
1165 449 1364 480 humilitatis.
1385 450 1576 490 Exemplum
1591 461 1683 481 nam-

915 508 976 538 que
990 502 1057 529 erat
1077 500 1281 539 humilitatis,
1305 503 1389 541 quod
1414 503 1447 533 in
1463 503 1556 533 domo
1576 513 1686 543 pecca—

915 552 990 581 toris
1006 561 1133 583 manere
1150 554 1284 585 volebat.
1302 555 1492 595 Exemplum
1511 557 1606 587 etiam
1621 557 1684 587 hu-

915 605 1067 642 militatiS,
1084 607 1168 645 quod
1184 609 1401 638 necessitatem
1417 618 1507 639 suam
1522 611 1553 639 et
1567 618 1683 649 oppor—

918 658 1084 688 tunitatem
1114 659 1276 691 humiliter
1303 661 1459 692 indicabat
1474 686 1482 700 ,
1510 662 1684 692 secundum

916 711 993 741 illud
1010 711 1019 727 ⁶
1035 721 1042 742 :
1063 724 1077 739 «
1092 712 1208 752 Vulpes
1224 714 1330 743 foveas
1345 715 1478 752 habent,
1495 717 1525 745 et
1539 715 1685 745 volucres

916 764 986 794 creti
1002 765 1108 802 nidos,
1130 776 1144 792 ›)
1169 767 1226 795 etc.
1253 765 1291 796 Et
1314 766 1397 797 istud
1421 767 1556 797 verbum
1579 767 1686 806 potins

916 817 1115 855 humilitatis,
1133 828 1229 857 quam
1244 819 1443 857 urbanitatis,
1458 819 1533 858 quia
1544 819 1686 850 Christus

917 871 1024 909 magis
1040 871 1126 901 venit
1141 872 1174 901 in
1197 873 1352 902 mundum
1369 873 1408 903 ad
1423 873 1599 903 docendum
1622 873 1687 903 hu-

919 924 1092 961 militatem,
1108 934 1204 964 quam
1218 925 1257 956 ad
1271 925 1448 956 docendum
1462 927 1685 957 curialitatem.

919 977 989 1007 ldeo
1009 977 1131 1007 dicebat
1151 978 1217 1017 ipse
1239 978 1400 1017 discipulis
1421 979 1430 991 ⁷
1455 988 1462 1009 :
1493 991 1507 1007 (‹
1532 979 1644 1010 Discite
1670 989 1688 1009 a

919 1040 986 1066 me,
1013 1031 1088 1069 quia
1112 1031 1196 1061 mitis
1220 1041 1290 1061 sum
1305 1055 1312 1067 ‚
1338 1034 1367 1061 et
1390 1032 1520 1062 humilis
1542 1033 1646 1063 corde.
1670 1045 1684 1061 n

919 1083 1005 1113 [Iane
1028 1084 1242 1122 dignationem
1265 1084 1442 1114 admiratur
1468 1085 1620 1116 Jeremias
1642 1089 1652 1105 ⁸
1679 1098 1686 1117 ε

922 1148 936 1164 1(
952 1138 1054 1172 Quare
1078 1137 1168 1176 qnasi
1184 1137 1314 1167 colonus
1330 1138 1457 1168 futurus
1473 1148 1505 1169 es
1526 1139 1560 1168 in
1583 1141 1686 1178 terra,

918 1192 948 1219 et
963 1190 1054 1228 (plasi
1073 1190 1176 1219 viator
1199 1190 1358 1221 declinans
1383 1192 1422 1221 ad
1440 1192 1654 1223 manendum?
1671 1204 1685 1220 n

920 1243 956 1273 Et
971 1244 980 1259 ⁵¹
998 1255 1004 1273 z
1026 1254 1039 1271 1(
1055 1243 1132 1273 Cum
1148 1244 1330 1274 hominibus
1341 1247 1544 1276 conversatus
1556 1248 1613 1275 est.
1633 1257 1647 1274 »

960 1296 1114 1333 Secundo,
1125 1298 1280 1335 quantum
1292 1297 1330 1326 ad
1340 1297 1541 1328 devotionem
1553 1298 1687 1337 Zachaei,

919 1349 1024 1379 subdit
1039 1350 1088 1388 (v.
1105 1350 1139 1387 6)
1160 1359 1167 1380 :
1183 1350 1214 1380 E
1217 1354 1227 1379 t
1241 1350 1397 1388 festinans
1413 1351 1580 1390 deseendit,
1595 1356 1623 1382 ec
1638 1362 1689 1383 633-

919 1404 1001 1442 cepit
1015 1403 1106 1432 illam
1127 1412 1199 1432 eum
1218 1403 1335 1442 gaudio
1353 1403 1402 1442 (b).
1421 1404 1457 1433 In
1472 1414 1535 1443 quo
1550 1407 1688 1436 ostendi-

920 1457 973 1484 tur
986 1457 1053 1494 ejus
1069 1455 1194 1485 devotio
1205 1479 1212 1492 ,
1241 1455 1317 1494 quia
1336 1465 1399 1485 non
1416 1458 1538 1486 tantum
1554 1458 1690 1496 praebuit

919 1508 1161 1547 hospitalitatem
1174 1508 1375 1545 festinanter,
1393 1518 1506 1539 verum
1523 1511 1619 1540 etiam
1634 1511 1690 1542 lee-

919 1563 1034 1591 tanter.
1050 1560 1132 1590 Talis
1147 1561 1233 1591 enim
1248 1561 1384 1591 conditio
1409 1564 1454 1592 est
1470 1563 1609 1593 maxime
1632 1573 1688 1594 ne-

920 1614 1053 1644 cessaria
1069 1615 1089 1629 ¹⁰
1106 1625 1112 1644 :
1131 1625 1144 1642 κ
1159 1614 1240 1644 Ante
1254 1615 1361 1644 omnia
1376 1617 1521 1646 mutuam
1537 1616 1569 1646 in
1584 1617 1689 1647 vobis-

921 1668 1060 1707 metipsis
1079 1668 1265 1698 charitatem
1286 1669 1469 1699 continuam
1492 1670 1654 1701 habentes.
1673 1683 1687 1699 »

920 1721 957 1750 Et
971 1723 1040 1759 post
1059 1732 1064 1751 :
1087 1732 1100 1749 «
1116 1721 1291 1760 Hospitales
1305 1722 1442 1752 invicem
1458 1722 1525 1752 sine
1543 1733 1690 1754 murmu-

921 1776 1051 1804 ratione.
1069 1785 1083 1801 »
1102 1774 1170 1805 Non
1186 1774 1270 1804 enim
1286 1775 1378 1804 debet
1393 1784 1458 1805 esse
1480 1776 1621 1814 tristitia,
1638 1778 1691 1808 sed

917 1827 1100 1865 jtlennditas
1129 1828 1147 1843 ¹¹
1180 1837 1187 1856 :
1214 1838 1227 1855 «
1252 1827 1390 1858 Hilarem
1415 1829 1557 1859 datorem
1586 1830 1691 1869 diligit

922 1880 1011 1910 Deus.
1024 1892 1038 1907 »
1056 1880 1093 1910 Et
1109 1881 1129 1896 ¹²
1148 1891 1154 1910 :
1170 1891 1183 1907 «
1196 1880 1337 1910 Charitas
1349 1881 1552 1912 fraternitatis
1566 1886 1692 1914 maneat

921 1934 952 1963 111
970 1933 1071 1963 vobis.
1089 1932 1126 1963 Et
1148 1933 1395 1973 hospitalitatem
1409 1935 1506 1965 nolite
1521 1936 1665 1967 oblivisci
1682 1948 1688 1967 :

921 1995 976 2025 per
991 1986 1072 2016 hanc
1086 1987 1171 2016 enim
1187 1987 1374 2025 placuerunt
1394 1988 1523 2027 quidam
1535 2013 1545 2027 ,
1567 1990 1692 2028 angelis

921 2039 1059 2078 hospitio
1074 2040 1216 2078 receptis.
1231 2051 1245 2067 »
1266 2040 1398 2079 Propter
1419 2042 1504 2080 quod
1519 2044 1550 2072 et
1565 2045 1691 2074 sanctus

920 2092 978 2121 job
994 2092 1116 2122 dicebat
1131 2093 1153 2110 ¹⁸
1172 2103 1178 2122 t
1201 2092 1315 2122 «Foris
1330 2103 1394 2124 non
1412 2095 1528 2124 mansit
1547 2097 1692 2135 peregri-

922 2155 982 2176 nus
1001 2157 1006 2176 :
1025 2146 1141 2176 ostium
1157 2156 1266 2176 meum
1282 2147 1394 2176 viatori
1415 2148 1525 2186 patuit.
1545 2160 1559 2176 n
1579 2149 1617 2178 Et
1632 2149 1692 2179 hoc

921 2200 1097 2236 debetfieri,
1110 2200 1183 2239 quia
1195 2200 1249 2239 qui
1261 2201 1558 2240 recipitinembrum
1565 2201 1689 2241 Christi,

921 2256 951 2284 et
966 2254 1071 2293 ipsum
1089 2254 1247 2284 Christum
1256 2254 1366 2293 recipit
1380 2255 1420 2284 1⁶:
1438 2266 1451 2282 1(
1463 2254 1690 2294 IIospeseram‚

921 2310 952 2337 et
980 2307 1150 2345 collegistis
1176 2316 1237 2337 me.
1267 2318 1281 2334 »
1314 2307 1351 2337 Et
1378 2309 1447 2345 post
1474 2309 1692 2347 quaerentibus

921 2361 1080 2400 quomodo
1097 2361 1164 2391 haec
1179 2361 1330 2397 fecerunt,
1347 2361 1535 2400 respondet:
1552 2362 1692 2399 «Quam—

921 2415 976 2445 diu
990 2414 1102 2444 fecistis
1118 2414 1171 2443 uni
1196 2413 1234 2443 de
1258 2413 1309 2442 his
1326 2413 1473 2444 fratribus
1494 2415 1573 2444 meis
1595 2415 1690 2445 mini-

921 2467 992 2504 mis,
1009 2467 1087 2497 mihi
1111 2466 1235 2496 fecistis.
1260 2477 1274 2493 »
1297 2465 1384 2496 Unde
1408 2468 1438 2497 et
1461 2466 1611 2499 Zachaeus
1635 2478 1691 2508 per

922 2571 957 2594 xi,
976 2567 1013 2589 20.
1034 2578 1064 2581 —
1079 2564 1090 2580 Β
1108 2564 1210 2593 .Ιι>1ἰ»1η.1
1225 2569 1278 2591 x1v,
1299 2565 1320 2587 8.
1345 2576 1373 2580 -
1395 2563 1405 2580 ⁹
1421 2564 1521 2594 Baruc.,
1545 2570 1588 2594 111,
1611 2567 1648 2588 38.
1664 2579 1690 2583 -—

923 2602 940 2616 ¹0
957 2602 962 2623 l
981 2602 1056 2628 νείκη,
1078 2605 1112 2627 μ’,
1135 2602 1158 2627 S,
1177 2600 1198 2622 9.
1214 2611 1244 2615 -
1259 2599 1274 2614 ¹¹
1297 2599 1313 2622 ΙΙ
1335 2598 1403 2627 Con,
1424 2605 1459 2629 tx,
1480 2601 1502 2623 7.
1518 2612 1548 2617 —
1567 2601 1586 2616 ¹²
1607 2600 1690 2631 Helua,

921 2642 978 2665 xm,
990 2638 1008 2662 1,
1021 2638 1042 2658 3.
1054 2648 1077 2651 —
1092 2633 1174 2662 ¹³Job,
1186 2640 1257 2662 xxxi,
1272 2636 1309 2657 32.
1328 2647 1353 2650 —
1368 2634 1388 2650 ¹⁸
1402 2634 1503 2664 Mattlz„
1516 2641 1576 2664 xxv,
1592 2636 1631 2665 35,
1651 2637 1690 2659 111).

955 2678 987 2706 (a)
1001 2675 1070 2705 Γαίῃ.
1079 2673 1393 2705 nonpermanebitis—(b)
1404 2674 1476 2704 Vulg.
1492 2674 1563 2697 illum
1574 2674 1690 2705 (laudens,
