1987 3032
681 200 886 232 EXPOSlTlO
908 199 948 230 IN
970 199 1055 230 CAP.
1078 199 1156 231 XXI.

133 283 146 299 «
162 271 229 308 Quo
247 271 326 301 mihi
349 269 586 300 multitudinem
607 268 809 299 victimarum
824 275 893 298 ves-

128 326 261 360 trarum,
276 322 349 352 dicit
363 321 538 351 Dominus?
563 320 678 351 Plenus
693 329 778 356 sum,
794 330 808 347 ι)
834 321 892 349 etc.

132 376 204 407 «Ne
218 375 355 406 offeratis
376 374 458 404 ultra
481 373 671 403 sacrificium
693 372 820 402 frustra.
845 372 894 402 Iu-

127 437 256 459 censum
270 426 462 457 abominatio
478 428 524 456 est
546 425 624 456 mihi
641 435 647 454 ε
672 424 891 461 Neomeniam,

126 482 156 511 et
180 480 365 517 Sabbatum,
391 481 421 509 et
445 478 627 509 festivitates
654 477 730 508 alias
756 486 820 507 non
847 477 891 507 fe-

126 541 205 563 ram.
223 542 238 560 1>
254 532 325 562 Ideo
340 531 378 561 ad
404 531 535 563 Galatas
552 532 559 547 ¹
576 541 583 561 ε
604 542 617 560 (ι
635 529 732 568 State,
754 532 783 560 et
797 529 893 560 nolite

125 586 240 616 iterum
251 586 336 624 jugo
357 584 517 615 servitutis
537 584 700 614 contineri.
727 583 804 614 Ecce
831 591 892 621 ego

126 638 243 669 Paulus
258 638 326 668 dico
340 637 440 675 vobis,
456 648 470 665 »
489 639 547 667 etc.

164 691 280 727 Tertio,
297 692 453 729 quantum
467 690 505 720 ad
520 689 804 728 interrogationem
820 687 892 718 sub-

124 745 225 774 ortam
236 752 274 773 ex
287 743 488 782 praedictione
499 742 617 780 audita,
626 741 792 780 subjungit
803 741 888 778 (v.7):

124 797 406 835 Inlerroqczverzcnt
432 800 539 826 atatem
571 796 662 825 illum
675 818 686 833 ,
722 794 857 824 dicentes
880 803 890 823 .“

123 849 312 888 Praeceptor,
338 849 466 889 qnando
492 848 558 879 ἠως
575 851 678 883 erunt,
694 851 724 878 et
744 846 833 887 quod
845 846 891 875 si-

122 910 233 940 (Jnum,
251 911 324 932 cum
336 902 408 939 fieri
420 901 594 941 incipient?
608 901 892 939 interrogaverunt

123 956 230 984 autem
244 963 307 984 non
322 963 442 991 omnes,
459 955 512 985 sed
533 956 671 993 quatuor
690 953 889 993 principales,

123 1006 154 1036 id
175 1009 237 1044 est,
261 1006 390 1044 Petrus,
417 1007 570 1043 Jacobus,
595 1007 749 1044 JoanneS‚
770 1008 801 1036 et
823 1006 888 1036 An-

122 1058 224 1095 dreaS‚
235 1060 309 1098 quia
324 1062 413 1089 erant
423 1059 451 1089 ei
463 1058 643 1089 familiares.
659 1058 746 1089 Unde
758 1058 864 1088 Glossa
880 1066 887 1086 ε

127 1122 141 1139 (ι
154 1111 232 1147 Quia
245 1111 445 1142 laudantibus
456 1112 677 1141 aedificationes
688 1111 798 1149 templi
808 1119 889 1150 prae-

121 1163 243 1194 dixerat
264 1164 371 1194 omnia
394 1164 601 1201 destruenda,
630 1163 775 1202 discipuli
802 1163 889 1202 (sicut

122 1216 243 1246 Marcus
257 1217 300 1246 ait
313 1217 347 1254 ²),
365 1217 479 1247 scilicet
496 1216 617 1254 Petrus,
635 1216 779 1254 Jacobus,
793 1216 888 1246 Joan-

121 1278 177 1299 nes
191 1271 222 1299 et
237 1269 389 1307 Andreas,
404 1270 572 1309 separatim
587 1272 735 1309 quaeruut
761 1271 888 1308 tempus

121 1322 152 1351 et
172 1321 264 1359 signa
287 1322 445 1361 praedictae
460 1321 688 1352 destructionis.
704 1332 718 1349 n
738 1321 775 1351 Et
789 1324 888 1352 atten-

120 1374 268 1411 dendum,
284 1374 368 1413 quod
384 1374 549 1413 dupliciter
563 1376 663 1413 potest
684 1375 755 1413 quis
777 1375 886 1414 inqui-

119 1435 188 1456 rere
202 1427 240 1456 de
255 1427 452 1465 temporibus
475 1427 588 1456 suturis
605 1435 611 1455 z
631 1435 695 1456 uno
714 1427 818 1464 modo,
834 1427 886 1457 in-

119 1478 273 1517 quirendo
295 1472 356 1508 diei
377 1478 480 1508 finalis
500 1479 612 1508 horam
631 1479 884 1515 determinatam,

117 1533 148 1561 et
161 1531 230 1561 haec
246 1532 292 1561 est
306 1531 439 1570 quaestio
456 1531 591 1569 curiosa,
608 1532 693 1570 quia,
710 1532 791 1562 sicut
805 1532 885 1562 dici-

117 1586 169 1614 tur
184 1587 205 1620 ³,
227 1595 240 1612 «
257 1583 294 1613 de
313 1583 363 1613 die
382 1583 435 1613 illa
449 1585 480 1613 et
493 1583 573 1614 hora
589 1593 683 1614 nemo
697 1584 763 1622 scit,
782 1594 884 1624 neque

116 1637 223 1675 angeli
237 1636 400 1673 coelorum,
416 1636 476 1665 nisi
496 1636 582 1666 solus
598 1636 706 1674 Pater;
726 1648 740 1665 »
761 1640 791 1667 et
814 1637 883 1667 ideo

116 1688 274 1728 discipulis
295 1689 513 1728 quaerentibus
531 1689 541 1704 Δ
567 1698 573 1718 ;
599 1700 613 1718 ε(
633 1689 784 1727 Domine,
804 1690 829 1719 si
850 1690 883 1719 in

115 1746 255 1782 tempore
271 1742 329 1773 hoc
345 1743 490 1773 restitues
506 1752 643 1781 regnum
654 1743 791 1773 Is1·ael?»
811 1743 883 1773 Res—

114 1804 249 1835 ponsum
265 1797 312 1825 est
329 1804 336 1823 t
357 1806 371 1823 <‹
386 1794 455 1825 Non
470 1797 517 1824 est
537 1797 680 1825 vestrum
695 1804 787 1825 nosse
802 1797 880 1826 tem-

112 1857 189 1886 pora
203 1847 256 1878 vel
271 1849 442 1884 momenta,
457 1856 529 1886 quae
544 1847 636 1877 Pater
658 1848 761 1887 posuit
777 1848 809 1878 in
824 1858 880 1879 sua

112 1900 273 1937 potestate.
289 1909 303 1926 n
322 1898 359 1928 Et
375 1899 444 1929 ideo
459 1899 574 1929 dicitur
589 1902 598 1918 ⁵
617 1909 623 1928 z
644 1911 659 1928 α
674 1900 716 1930 De
728 1901 879 1939 tempori-

112 1951 171 1980 bus
185 1953 291 1981 autem
303 1953 333 1981 et
348 1952 525 1989 momentis,
544 1963 558 1979 »
577 1953 700 1990 fratres,
722 1964 735 1981 «
750 1962 814 1983 nou
830 1953 880 1983 in-

110 2003 225 2042 digetis
242 2006 276 2033 ut
298 2004 473 2034 scribamus
488 2005 588 2034 vobis.
609 2005 668 2044 lpsi
694 2006 780 2035 enim
803 2006 877 2036 dili-

111 2058 223 2094 genter
243 2055 338 2093 scitis,
355 2056 429 2095 quia
444 2056 510 2086 dies
531 2057 666 2094 Domini,
684 2058 764 2088 sicut
779 2059 828 2089 fur
843 2060 876 2089 in

108 2109 210 2144 nocte,
232 2108 276 2138 ita
296 2109 411 2139 veniet.
432 2120 446 2137 n
476 2109 547 2139 Alio
570 2110 659 2140 modo
679 2112 781 2149 potest
804 2113 875 2150 quis

107 2160 266 2199 inquirere
289 2160 321 2190 in
345 2161 482 2200 quadam
509 2162 732 2201 generalitate,
757 2165 787 2193 et
807 2164 874 2195 sine

106 2213 183 2242 certi
205 2213 354 2252 temporis
375 2213 552 2252 signatione
565 2238 572 2252 ‚
593 2216 623 2244 et
651 2215 720 2245 haec
739 2217 873 2255 quaestio

106 2265 247 2295 studiosa
262 2267 327 2295 est:
340 2274 414 2295 nam
430 2266 527 2304 huJus
541 2267 721 2305 ignorantia
733 2271 778 2298 cst
794 2270 874 2308 peri-

106 2317 231 2354 culosa3
254 2320 381 2357 propter
404 2327 500 2357 quam
517 2319 632 2350 dicitur
650 2320 688 2350 de
703 2320 819 2351 Judaeis
833 2322 843 2338 ⁶
863 2333 869 2353 ε

109 2380 124 2398 <1
142 2369 260 2400 Turtur
281 2372 311 2400 et
332 2370 487 2408 hirundo,
513 2374 543 2401 et
569 2372 686 2402 ciconia
716 2374 870 2405 custodie·

105 2424 181 2451 runt
204 2424 328 2461 tempus
348 2423 502 2453 adventus
524 2424 592 2461 sui,
610 2425 746 2464 populus
763 2428 869 2457 autem

106 2480 206 2510 meus,
220 2483 234 2500 »
254 2474 312 2503 etc.
329 2472 366 2503 Et
378 2473 388 2488 ⁷
406 2483 413 2503 :
436 2485 449 2501 «
469 2473 658 2513 Hypoeritas,
676 2476 785 2507 faciem
801 2477 868 2508 coeli

138 2570 142 2582 ¹
157 2568 224 2599 Gal„
237 2576 260 2600 v,
278 2572 324 2595 1-2.
341 2584 370 2589 —
384 2572 394 2587 2
409 2573 497 2602 Marc„
512 2578 568 2601 xm,
584 2574 642 2596 3.-
662 2573 672 2589 ³
686 2575 784 2604 Μαίνῃ,
798 2582 867 2607 xxxv,

105 2605 143 2627 36.
158 2616 187 2621 —
199 2605 206 2617 ¹
222 2605 286 2634 Act„
303 2612 321 2635 1,
336 2608 387 2630 6-7.
403 2620 432 2624 —
446 2608 455 2624 ὅ
470 2609 476 2631 l
497 2608 586 2638 Thess„
603 2614 627 2638 v,
642 2610 692 2632 1-2.
708 2622 738 2627 ·-
749 2611 756 2623 Ε
767 2610 868 2642 let-em„

106 2644 161 2669 vni,
176 2640 198 2662 9.
210 2652 241 2657 -—
254 2640 263 2656 '¹
274 2642 344 2672 ευρ,
359 2647 405 2671 xil,
420 2644 490 2666 55.—
507 2644 515 2657 ·
532 2644 619 2674 Ort-g„
636 2644 661 2667 in
676 2645 783 2676 Evanq.‚
797 2647 865 2670 hom.

1657 199 1713 228 155

949 268 979 296 et
992 267 1084 297 terrae
1099 266 1197 296 nostis
1217 264 1367 305 probare;
1384 264 1444 294 hoc
1458 265 1565 294 autem
1588 266 1713 303 tempus

948 328 1012 358 quo
1028 319 1119 349 modo
1136 328 1200 349 non
1219 318 1377 357 probatis?
1393 328 1406 345 υ
1425 316 1463 347 Et
1476 316 1545 347 ideo
1561 316 1712 346 Dominus

948 373 1125 410 quaerentes
1139 380 1202 401 non
1217 370 1429 410 reprehendit,
1448 369 1499 399 sed
1521 369 1565 398 eis
1589 368 1713 398 satisfa-

947 424 999 454 cit.
1024 424 1110 454 Unde
1134 423 1305 462 Gregorius
1326 425 1360 452 ⁸:
1388 433 1402 450 «
1427 422 1578 452 Dominus
1603 430 1638 451 ac
1659 421 1714 451 Re-

947 477 1090 516 demptor
1103 478 1208 507 noster
1221 475 1351 516 perituri
1364 475 1474 505 mundi
1486 474 1713 514 praecurrentia

948 530 1030 559 mala
1045 529 1219 566 denuntiat,
1235 530 1270 559 ut
1284 537 1320 558 eo
1336 528 1441 558 minus
1456 527 1639 567 perturbent
1654 535 1709 557 ve-

947 582 1076 620 nientia,
1093 591 1157 621 quo
1184 582 1301 613 fuerint
1322 581 1476 620 praescita.
1502 580 1605 611 Minus
1627 580 1712 610 enim

943 635 1050 674 Jaciila
1064 635 1193 672 feriunt,
1210 644 1282 674 quae
1297 634 1524 673 praevidentur.
1542 633 1578 663 Et
1593 641 1651 663 nos
1665 634 1713 662 to-

946 688 1106 718 lerabilius
1118 687 1229 718 mundi
1244 687 1326 717 mala
1341 686 1543 725 suscipimus,
1561 686 1586 716 si
1604 687 1712 715 contra

945 740 1014 771 haec
1030 749 1086 779 per
1111 740 1315 779 providentiae
1333 739 1479 778 clypeum
1501 739 1675 768 munimur.
1692 749 1706 765 »

985 795 1014 823 8.
1035 794 1099 832 Qui
1119 793 1224 823 dixit:
1246 792 1351 823 Videle
1371 801 1410 822 ne
1424 791 1631 828 seducamini,
1652 793 1710 821 etc.

947 845 1019 876 Post
1046 845 1279 885 praedictionem
1304 846 1485 875 futurorum
1511 844 1543 873 in
1576 843 1711 883 quadam

944 899 1164 937 generalitate,
1181 899 1232 928 hie
1251 897 1415 937 specialius
1431 897 1587 928 descendit
1602 897 1640 927 ad
1663 896 1712 926 de-

945 952 1141 982 scribendam
1167 952 1414 991 persecutionem
1438 950 1595 981 Ecclesiae.
1625 949 1712 979 Hanc

944 1007 1050 1036 autem
1069 1005 1217 1036 describit
1237 1004 1404 1043 dupliciter
1421 1012 1427 1032 :
1445 1003 1547 1042 primo
1571 1011 1712 1033 commu-

944 1058 1027 1088 niter
1041 1059 1185 1097 respectu
1206 1058 1368 1094 omnium;
1385 1056 1522 1086 secundo
1537 1055 1711 1095 specialiter

944 1112 1086 1149 respectu
1105 1111 1327 1148 perfectorum,
1350 1110 1393 1139 ibi
1408 1112 1418 1128 ⁹
1437 1119 1443 1139 ;
1467 1108 1536 1140 Sed
1555 1112 1628 1138 ante
1648 1107 1711 1137 leoec

944 1163 1052 1193 omnia
1077 1163 1221 1202 injicient
1240 1163 1325 1192 vobis
1348 1171 1463 1192 manus
1481 1171 1566 1199 suas,
1592 1163 1649 1191 etc.
1676 1160 1710 1190 In

943 1215 1147 1246 describendo
1162 1218 1268 1246 autem
1284 1215 1514 1255 persecutiones
1533 1215 1655 1244 suturas
1677 1214 1708 1243 in

944 1268 1078 1298 Ecclesia
1103 1272 1172 1308 post
1198 1268 1376 1307 passionem
1408 1267 1544 1304 Christi,
1569 1267 1709 1297 introdu-

943 1323 1060 1351 cuntur
1074 1321 1144 1359 tria,
1166 1330 1205 1351 ex
1225 1321 1341 1360 quibus
1363 1320 1538 1350 ostenditur
1560 1329 1708 1359 persecu-

943 1374 985 1403 tio
1001 1373 1145 1404 Ecclesiae
1161 1383 1227 1404 esse
1242 1374 1417 1410 conflanda,
1430 1373 1545 1403 scilicet
1560 1373 1708 1412 multipli-

942 1428 1022 1457 catio
1045 1427 1186 1464 haeresiS,
1211 1427 1398 1465 aggravatio
1419 1426 1587 1463 bellorum,
1608 1428 1638 1455 et
1659 1435 1708 1456 su—

941 1481 1107 1519 perventio
1120 1480 1380 1520 pestilentiarum.

981 1532 1089 1564 Primo
1110 1542 1206 1572 ergo,
1233 1534 1389 1572 quantum
1413 1533 1453 1562 ad
1472 1532 1707 1563 multitudinem

941 1585 1119 1624 haeresum,
1137 1586 1231 1616 dicit:
1253 1586 1317 1624 Qui
1339 1585 1446 1615 dizit:
1469 1584 1572 1617 Videte
1595 1594 1634 1614 ne
1656 1594 1707 1614 se-

939 1638 1105 1668 ducamini
1114 1663 1122 1677 ‚
1140 1639 1254 1669 scilicet
1269 1648 1325 1678 per
1339 1638 1443 1669 varios
1459 1647 1598 1675 errores;
1616 1646 1707 1677 prop-

939 1693 987 1721 ter
1007 1692 1093 1730 quod
1115 1692 1152 1721 ad
1168 1691 1322 1731 Ephesios
1336 1693 1356 1710 ¹⁰
1374 1702 1380 1721 :
1403 1703 1416 1720 α
1431 1691 1500 1721 Jam
1524 1700 1590 1721 non
1606 1691 1707 1721 simus

938 1744 1063 1782 parvuli
1079 1744 1277 1782 fluctuantes,
1298 1747 1328 1774 et
1344 1744 1604 1774 circumferamur
1618 1744 1705 1774 omni

938 1800 1033 1827 vento
1055 1797 1223 1834 doctrinae,
1245 1798 1277 1827 iu
1301 1797 1441 1836 nequitia
1458 1797 1644 1834 hominum,
1671 1797 1704 1826 in

938 1851 1064 1888 astutia,
1081 1850 1120 1880 ad
1131 1850 1433 1881 circumventionem
1445 1851 1570 1881 erroris.
1584 1862 1597 1879 n
1615 1850 1703 1881 Unde

935 1903 1050 1933 dicitur
1066 1903 1085 1918 ¹²
1103 1911 1110 1933 :
1131 1914 1144 1931 «
1159 1902 1323 1941 Rogamus
1337 1912 1403 1941 VOS,
1423 1905 1458 1933 ut
1478 1912 1541 1933 uon
1560 1904 1621 1933 cito
1635 1912 1702 1934 mo-

935 1956 1075 1987 veamini
1090 1965 1108 1985 a
1123 1958 1228 1986 vestro
1245 1965 1351 1993 sensu,
1368 1966 1407 1986 ne
1423 1956 1492 1995 quis
1507 1965 1564 1987 vos
1574 1956 1701 1986 seducat

934 2009 999 2039 ullo
1010 2009 1139 2039 modo.»
1159 2008 1196 2038 Et
1211 2009 1291 2038 bene
1305 2018 1384 2046 opus
1399 2009 1458 2039 erit
1473 2009 1604 2047 cautela,
1618 2019 1701 2049 pra}-

933 2061 1023 2100 cipue
1046 2062 1173 2100 propter
1203 2061 1421 2091 seducentium
1443 2063 1697 2101 improbitatem3

931 2116 962 2143 et
977 2114 1045 2144 ideo
1069 2114 1175 2144 subdit
1192 2125 1198 2144 :
1214 2114 1311 2145 Malta·
1329 2115 1414 2144 enim
1435 2115 1559 2145 venient
1582 2116 1615 2144 in
1640 2124 1696 2145 no-

931 2167 1016 2197 mine
1033 2176 1121 2204 meo,
1141 2166 1291 2204 (licentes,
1311 2167 1388 2207 quia
1405 2176 1461 2206 esso
1477 2176 1563 2205 sum„
1581 2168 1695 2206 praedi-

930 2219 1029 2250 cando
1044 2219 1160 2249 scilicet
1184 2220 1340 2256 haereses,
1362 2222 1512 2259 tanquam
1534 2220 1697 2250 haeresiar.

931 2272 1008 2302 chae.
1026 2272 1121 2303 Multi
1134 2272 1261 2311 quidem
1277 2272 1361 2309 dicit,
1379 2274 1507 2311 propter
1523 2272 1696 2303 multItudi-

928 2333 1001 2354 nem
1016 2325 1238 2354 etvarietatem
1255 2325 1428 2362 haeresum,
1440 2333 1513 2364 quae
1526 2325 1563 2364 (a)
1580 2335 1599 2356 a
1612 2326 1696 2364 prin-

928 2377 1008 2416 cipio
1025 2376 1171 2406 Ecclesiae
1186 2377 1399 2415 iucceperunt,
1422 2380 1452 2407 et
1467 2378 1498 2407 in
1512 2378 1575 2408 siue
1590 2378 1693 2409 Eccle-

927 2429 982 2459 siae
1004 2438 1058 2468 per
1080 2429 1182 2458 filium
1204 2429 1388 2468 perditionis
1411 2430 1578 2468 vigebunt.
1606 2431 1692 2462 Unde

927 2480 1055 2512 Glossa:
1077 2493 1091 2509 «
1106 2481 1293 2512 Immineute
1320 2481 1610 2522 Hierosolymorum
1635 2493 1689 2514 ex-

925 2579 1002 2596 xxxv.
1024 2586 1053 2590 —-
1081 2575 1089 2586 ²*
1111 2574 1166 2603 lus„
1193 2581 1216 2597 v.
1248 2576 1284 2599 12.
1308 2589 1338 2594 —-
1364 2576 1383 2590 ¹⁰
1410 2576 1510 2607 scytes„
1537 2583 1570 2607 1v,
1600 2578 1636 2600 lli.
1661 2589 1690 2597 -·

924 2609 941 2625 ¹¹
956 2610 974 2631 Η
996 2608 1128 2638 Yliess.,11‚
1144 2610 1194 2632 1-3.

955 2649 988 2677 (a)
1006 2648 1065 2671 Coec.
1078 2647 1138 2671 edic.
1156 2648 1208 2678 qui.
