1987 3032
201 215 259 243 5⁶20

203 279 263 304 arte
283 283 412 311 quaerere
433 275 542 302 victum
566 273 772 301 necessarium.
789 283 802 298 n
820 273 899 300 Undc
913 273 969 300 ibi-

204 322 273 350 dem
287 321 464 356 Augustinus
480 323 485 338 ¹
503 330 510 347 :
528 331 541 346 <a
556 320 583 347 Si
605 320 708 347 heatus
729 318 832 346 Paulus
856 321 948 346 artem
960 339 968 352 ‚

205 376 296 404 quam
310 375 371 394 non
385 368 522 399 noverat,
535 366 653 399 didicit,
672 367 701 391 ut
719 365 791 391 dum
803 365 861 391 suis
877 365 971 392 mani-

205 415 261 442 bus
276 413 443 448 transigitur
458 413 571 445 doctor,
583 411 680 438 nullus
691 413 828 445 gravetur
843 410 970 444 auditor3

207 462 316 495 quanto
336 459 430 493 magis
453 459 554 485 beatus
571 459 668 483 l'etrus
679 477 686 489 ‚
703 456 753 491 qui
767 456 829 490 J‘ani
848 456 974 491 piscator

207 506 315 538 suerat,
328 505 410 540 quod
425 505 563 536 noverat,
575 502 658 535 fecit,
669 502 692 528 si
706 502 742 528 ad
759 510 885 537 prafscns
901 502 974 528 illud

208 554 324 587 tempus
345 550 425 578 aliud
450 549 527 576 unde
548 548 659 575 viveret
676 548 709 582 tu)
728 556 787 574 non
809 547 919 574 invenit
932 549 945 574 ²!
960 558 972 573 ι)

210 600 273 626 Haec
288 599 346 625 ille.
363 599 400 624 Ex
418 597 462 624 his
477 596 634 631 colligitur,
651 595 733 631 quod
749 595 861 622 ratione
876 602 975 622 ncces-

210 644 300 672 sitatis
319 644 462 678 cogentis,
477 642 590 670 ratione
611 641 694 669 licitae
717 641 799 675 artis,
820 643 847 668 et
866 641 978 668 ratione

212 690 386 718 conditionis
401 689 554 724 temporis,
569 688 639 724 quia
653 695 712 715 non
724 690 783 715 erat
799 687 895 714 adhue
910 689 980 714 tem-

212 744 268 771 pus
291 738 393 771 aptum
419 735 457 762 ad
480 734 716 769 praedicandum,
738 734 778 761 ob
801 733 931 760 t'urorcm
954 734 981 760 et

214 782 425 815 malignitatem
461 780 629 807 Judieol‘um
648 800 656 812 ,
686 780 736 814 qui
772 782 853 806 crant
887 778 981 813 magis

214 827 344 863 prompti
359 827 397 854 ad
420 826 668 859 interficiendum,
688 834 778 861 quam
801 825 838 852 ad
861 825 982 852 audien-

217 874 304 906 dum,
320 875 346 900 et
369 872 481 900 ratione
496 872 622 899 vitaudce
644 872 810 905 otiositatis,
833 871 909 898 licite
933 879 986 906 po-

217 920 334 946 tuerunt
355 918 396 945 ire
420 918 458 945 ad
483 918 685 952 piscationem.
710 918 790 944 Unde
815 918 985 952 Chrysosto-

218 974 283 992 nius
298 967 307 981 Ξ
325 974 330 991 :
350 975 363 990 ι(
378 964 452 991 Nihil
468 964 608 990 habentes
623 971 724 997 agere,
741 963 778 990 ad
795 963 987 998 piscationem

219 1011 342 1038 iverunt.
360 1020 372 1035 »
391 1011 422 1037 Et
434 1017 486 1044 per
500 1010 556 1036 hoc
579 1009 617 1036 ad
639 1009 764 1043 objecta.
787 1011 825 1036 De
848 1008 987 1044 mysterio

220 1065 290 1084 vero
313 1055 541 1091 discipulorum,
559 1055 640 1090 quod
663 1057 743 1082 eraut
765 1056 876 1090 septem
890 1074 897 1087 ,
921 1062 988 1081 cum

221 1104 329 1139 quilius
342 1093 479 1130 ultimum
489 1102 657 1130 convivium
669 1102 828 1129 celebravit
839 1101 988 1135 Dominus,

222 1150 376 1184 Gregorius
392 1150 499 1176 ³bene.
523 1148 603 1175 Unde
627 1149 688 1175 ait:
709 1158 722 1172 «
744 1147 915 1183 Septenario
936 1155 990 1174 uu-

222 1204 304 1223 mero
332 1196 472 1231 perfectio
498 1195 666 1229 designatur
683 1215 690 1227 ,
715 1204 727 1219 n
753 1194 820 1221 ideo
847 1204 859 1217 «
880 1197 991 1228 septem

224 1243 328 1269 diebus
351 1242 406 1269 hoe
426 1244 540 1276 tempus
562 1241 717 1268 evolvitur.
737 1240 775 1267 llli
795 1248 865 1274 ergo
881 1240 911 1266 in
927 1239 992 1266 ulti-

224 1297 273 1316 mo
289 1288 424 1315 convivio
444 1287 481 1314 de
502 1287 654 1322 praesentia
672 1286 800 1313 veritatiS
821 1286 992 1320 epulantur,

226 1335 275 1369 qui
291 1343 369 1362 nunc
384 1335 481 1362 studio
503 1333 689 1369 perfectionis
713 1336 825 1360 terrena
847 1335 995 1360 transcen-

226 1382 315 1414 dunt,
331 1383 357 1407 et
375 1381 422 1415 qui
440 1383 505 1407 sunt
520 1380 598 1415 pleni
620 1380 780 1415 septiformi
799 1380 915 1415 Spiritu.
932 1390 944 1404 n
964 1380 996 1406 Et

227 1427 266 1454 ibi
283 1427 358 1454 bene
378 1427 415 1453 <le
437 1427 502 1453 hoc.
520 1426 605 1459 Quod
626 1428 723 1452 autem
748 1425 819 1452 nihil
836 1425 995 1460 prendide-

228 1476 294 1500 runt
309 1473 338 1499 in
354 1475 455 1506 noete,
472 1473 565 1507 ligura
581 1474 639 1505 est,
653 1472 733 1507 quod
750 1472 801 1506 qui
815 1471 952 1499 laborant
969 1472 997 1498 in

229 1522 312 1546 nocte
324 1540 331 1553 ,
347 1519 378 1546 id
394 1521 453 1552 est,
467 1520 498 1545 in
513 1518 640 1545 tenebris
655 1518 780 1553 peccati,
796 1518 921 1544 fructum
937 1525 997 1544 non

230 1567 434 1600 assequuntur.
452 1566 461 1581 '¹
480 1574 493 1589 (ι
510 1566 561 1591 Per
582 1566 670 1591 totani
694 1566 810 1590 noctem
831 1564 999 1590 laborantes

231 1611 303 1638 nihil
319 1611 459 1646 cepimus,
476 1621 488 1635 n
509 1611 540 1637 Ut
553 1610 631 1637 enim
650 1609 688 1637 ait
705 1610 847 1644 Propheta
862 1611 871 1625 '⁰
889 1619 894 1636 ι
915 1621 927 1635 α
944 1611 996 1636 Va-

231 1665 303 1684 num
328 1658 370 1683 cst
394 1656 478 1684 vobis
501 1664 620 1690 surgere
645 1658 710 1682 ante
734 1656 840 1682 lucem.
863 1666 875 1680 »
901 1655 1000 1682 omnis

233 1703 311 1730 enim
327 1703 412 1729 labor
427 1703 477 1737 qui
493 1704 535 1728 est
548 1702 578 1728 in
590 1704 689 1729 nocte,
702 1701 731 1727 id
747 1703 804 1734 cet,
815 1701 876 1728 sine
890 1701 1000 1728 lumine

235 1749 341 1775 divitur
365 1748 463 1782 gratiae
476 1768 484 1780 ,
509 1747 716 1774 infructuosus.
733 1748 742 1763 ὓ
766 1757 778 1771 (ι
798 1749 899 1774 Noctes
919 1747 1000 1774 labo—

234 1795 325 1822 riosas
349 1793 519 1821 enumeravi
541 1793 623 1820 milii.
646 1804 658 1817 »
674 1793 829 1827 Gregorius
843 1794 853 1809 ⁷
868 1802 874 1819 ;
895 1803 907 1818 α
920 1794 1001 1826 Quae-

235 1842 304 1869 dam
319 1843 385 1868 sunt
400 1841 562 1872 laboriosa,
579 1840 630 1867 sed
655 1848 715 1867 non
737 1847 847 1873 vacua3
866 1840 1002 1875 quaedam

235 1896 329 1915 vacua
353 1890 380 1914 et
403 1887 573 1920 laboriosa,
599 1886 673 1913 sicut
698 1886 798 1921 qualia
822 1888 888 1912 sunt
913 1893 1005 1921 opera

236 1935 433 1969 peccatorum.
459 1943 472 1958 n
496 1932 506 1946 Β
531 1942 544 1957 ι(
566 1931 703 1959 Confusio
733 1931 862 1958 comedit
887 1931 1005 1958 labores

239 1988 341 2006 eorum
357 1980 401 2015 (b),
420 1989 432 2004 »

273 2028 298 2052 4.
317 2027 348 2052 Et
362 2025 493 2060 sequitur
508 2024 558 2051 illa
573 2032 655 2059 pars,
673 2024 702 2050 in
719 2032 778 2058 qua
792 2024 855 2058 ipsa
870 2023 1007 2050 manifes-

241 2073 307 2099 tatio
326 2081 331 2098 :
349 2073 428 2098 Mane
451 2074 537 2097 autem
556 2072 642 2103 rateto,
665 2071 717 2096 etc.
739 2071 769 2096 Et
791 2069 843 2096 illa
866 2069 895 2095 in
911 2070 1006 2096 duas:

241 2117 336 2152 primo
353 2125 383 2144 se
399 2116 563 2143 manifestat
577 2124 627 2151 per
641 2115 848 2142 miraculosam
865 2115 1007 2149 operatio—

241 2171 308 2190 nem
323 2163 351 2189 in
368 2162 502 2198 captione
517 2162 656 2197 piscium;
669 2161 813 2194 secundo,
825 2168 878 2195 per
893 2161 1010 2196 dispen-

242 2210 364 2237 sativam
379 2208 609 2235 comestionem:
624 2209 656 2234 Ut
667 2215 726 2240 crgo
742 2207 941 2241 descenderunt,
956 2210 1009 2234 etc.

243 2257 272 2282 ln
291 2256 386 2290 prima
404 2256 485 2290 parte
502 2255 628 2288 quatuor
645 2262 651 2279 z
668 2252 779 2287 primo,
795 2253 858 2287 ipsa
873 2253 1011 2280 manifes—

243 2302 331 2334 tatio;
354 2300 502 2333 secundo,
517 2300 579 2334 ejus
603 2298 758 2331 allocutio,
782 2301 809 2324 et
831 2306 934 2325 eorum
950 2307 1010 2326 res-

243 2347 364 2382 ponsio,
380 2346 440 2373 ibi⁰
457 2355 462 2373 :
481 2347 554 2372 Dicit
570 2353 630 2378 ertio
646 2346 682 2371 eis
693 2365 701 2378 ,
717 2347 787 2377 etc.;
807 2344 905 2378 tertio,
922 2345 1013 2380 ipsius

244 2392 399 2428 praeceptio
425 2400 492 2418 cum
517 2391 705 2424 executione,
726 2390 766 2417 ibi
789 2390 808 2405 ¹⁰
833 2392 934 2418 :Dioete
954 2400 1013 2425 erqo

276 2452 284 2467 ³
311 2452 426 2481 August„
450 2450 493 2473 ubi
517 2457 617 2480 sup.—
642 2452 651 2465 2
670 2449 812 2479 Chrysost.,
836 2449 878 2473 ulii
902 2457 958 2479 sup.
984 2463 1013 2468 —

246 2488 254 2501 ³
270 2488 354 2516 G1·eg.,
373 2487 398 2508 z'n
415 2485 509 2515 Erana.
523 2485 593 2508 hom.
610 2490 680 2513 xxti,
698 2490 723 2506 n.
742 2487 765 2507 ti.
782 2497 812 2501 —
832 2484 840 2500 Β
858 2485 925 2512 Lim„
947 2490 970 2513 v,
991 2487 1013 2509 5.

246 2534 276 2538 —
298 2522 306 2535 ⁵
325 2520 390 2544 Psal.
413 2525 504 2549 cxxvi,
526 2522 548 2542 z.
565 2532 594 2536 —
616 2520 624 2532 ¹⁴·
644 2518 701 2547 Joh,
718 2525 769 2548 vti,
786 2520 808 2542 3.
824 2531 853 2536 ——-
872 2519 881 2534 ‘¹
898 2520 1014 2550 Gregor„

248 2555 348 2584 Mai-al„
364 2555 405 2579 lib.
424 2555 488 2583 Vltl,
505 2561 526 2576 c.
546 2560 569 2583 v,
585 2554 617 2577 al,
634 2560 690 2583 vui,
706 2560 729 2576 n.
746 2556 782 2576 16.
794 2566 823 2570 -
838 2553 848 2569 Β
859 2554 959 2583 strena,
975 2560 1016 2585 111,

249 2592 286 2614 22.
303 2604 332 2608 —
347 2590 355 2604 ⁹
372 2589 430 2619 tull,
444 2591 467 2612 5.
482 2601 512 2606 —
525 2589 543 2604 ¹⁰
557 2589 613 2618 lut,
625 2590 647 2611 fi.
663 2601 688 2604 a
709 2589 727 2603 ¹¹
744 2587 799 2617 tuf.‚
819 2590 840 2610 ῖ.
855 2602 884 2606 -
899 2590 917 2605 12
930 2591 1016 2619 cmg„

250 2632 275 2648 m
298 2626 392 2655 Evany.
410 2624 480 2647 bom.
500 2628 570 2652 saw,
585 2629 611 2645 n.
627 2624 650 2646 2.
668 2635 696 2640 —
712 2622 731 2639 ²³
747 2622 888 2654 Chrysost.,
903 2624 945 2647 ubi
959 2630 1015 2654 sup.

717 206 926 237 EVANGELH
951 206 1089 239 SANCTI
1112 208 1276 240 JOANNtS

1026 275 1079 308 eis,
1096 277 1148 302 etc.
1161 283 1170 308 3
1186 276 1309 309 quarto,
1326 274 1458 310 ejusdem
1478 283 1494 302 a
1516 276 1666 312 discipulis
1683 276 1792 312 agnitio

1027 322 1054 347 et
1068 328 1171 347 eorum
1186 320 1224 347 ad
1239 323 1344 348 terram
1355 321 1524 356 applicatio,
1540 322 1581 349 ibi
1594 324 1612 340 ¹¹
1625 331 1631 350 x
1649 324 1720 350 Dicit
1734 331 1794 357 erqo

1028 367 1187 401 discipulus.

1065 412 1108 439 Ait
1129 419 1198 445 ergo
1220 420 1226 438 ε
1249 412 1327 438 Mane
1345 414 1431 439 autem
1445 413 1502 447 jam
1523 415 1612 446 facto,
1627 415 1702 440 stetit
1720 415 1797 441 Jesus

1031 459 1059 484 in
1079 460 1177 485 liuore.
1195 457 1299 490 Quaerit
1313 458 1468 492 Gregorius
1484 460 1505 476 ¹²
1523 468 1528 485 :
1545 469 1558 484 «
1574 462 1629 487 Cur
1647 459 1798 495 discipulis

1032 504 1061 530 in
1083 503 1156 530 mari
1178 503 1382 530 laborantibus
1405 505 1472 538 post
1501 505 1745 532 resurrectionem
1768 505 1799 532 in

1033 550 1126 577 littore
1148 549 1296 584 apparuit,
1312 552 1378 577 ante
1398 558 1466 578 vero
1489 551 1730 579 resurrectionem
1749 558 1800 578 co-

1035 604 1097 622 ram
1120 595 1160 622 eis
1183 595 1213 622 in
1235 596 1372 623 fluctibus
1395 596 1579 624 ambulavit?
1594 606 1607 622 »
1624 598 1657 624 Et
1679 597 1716 624 ad
1743 597 1801 624 hoc

1035 641 1208 676 respondet,
1225 641 1307 676 quod
1325 652 1338 665 «
1353 649 1433 669 mare
1448 650 1576 677 praesens
1597 642 1734 670 saeculum
1750 643 1802 670 de-

1036 688 1130 722 signat
1159 696 1166 713 :
1196 694 1248 723 per
1274 687 1451 714 soliditatem
1478 687 1581 715 littoris
1593 708 1603 722 ,
1626 688 1804 724 perpetuitas

1038 734 1143 768 quietis
1157 736 1270 761 aeternae
1292 734 1470 768 designatur.
1487 735 1561 767 Quia
1576 741 1646 769 ergo
1669 733 1805 769 discipuli

1039 780 1069 806 in
1090 779 1226 806 fluctibus
1248 779 1378 807 mortalis
1398 780 1464 807 vitae
1485 780 1676 813 laborabant,
1690 779 1759 807 ideo
1775 779 1806 806 in

1040 826 1114 852 mari
1129 825 1265 861 apparuit
1283 825 1343 859 cis3
1360 826 1430 861 quia
1452 833 1522 853 vero
1543 833 1622 853 nunc
1643 824 1808 861 corruptio-

1042 880 1108 899 nem
1120 872 1214 899 carnis
1226 875 1397 906 excesserat,
1409 872 1476 900 ideo
1488 872 1518 900 in
1532 873 1627 900 littore
1639 873 1806 909 apparuit.»

1042 920 1102 946 Non
1118 921 1204 945 tamen
1218 921 1393 952 cognoverunt
1405 926 1463 945 cum
1476 919 1616 953 discipuli.
1628 919 1660 946 Ut
1671 918 1711 946 ait
1722 918 1810 954 Chry-

1043 967 1189 992 sostomus
1207 964 1227 980 ¹³
1243 973 1249 990 :
1264 974 1278 989 ι(
1294 965 1355 991 Non
1369 964 1525 992 videbatur
1535 985 1543 997 ,
1557 964 1613 992 nisi
1633 964 1811 992 condescen-

1045 1010 1144 1044 deret,
1160 1020 1172 1035 ι)
1199 1010 1307 1037 scilicet
1324 1010 1352 1037 in
1374 1010 1514 1044 formam,
1535 1010 1565 1037 in
1579 1018 1639 1046 qua
1653 1010 1746 1038 voluit
1762 1018 1814 1046 ap-

1045 1064 1158 1091 parere,
1175 1058 1202 1083 et
1216 1055 1319 1083 videri.
1332 1058 1363 1083 Et
1378 1056 1414 1083 de
1430 1056 1487 1083 hoc
1501 1055 1676 1091 Augustinus
1690 1056 1710 1072 ¹⁸
1724 1056 1814 1090 bene,

1047 1103 1097 1130 ubi
1113 1102 1196 1137 quasi
1210 1102 1311 1137 quaerit
1328 1111 1334 1129 :
1354 1112 1366 1127 ι(
1382 1104 1453 1130 Cum
1468 1102 1499 1129 in
1513 1102 1619 1130 eodem
1632 1110 1774 1138 corpore,
1787 1105 1816 1130 et

1047 1149 1076 1175 iu
1101 1148 1207 1175 eadem
1230 1148 1325 1175 forma
1348 1148 1535 1176 resurrexerit
1549 1169 1558 1182 ,
1583 1148 1736 1183 quomodo
1761 1148 1815 1176 ali-

1049 1194 1170 1229 quando
1190 1193 1303 1228 agnitus
1323 1194 1390 1227 suit,
1413 1194 1574 1229 aliquando
1591 1195 1675 1221 non‘?
1690 1204 1705 1220 )›
1722 1195 1754 1222 Et
1772 1194 1818 1221 in-

1048 1240 1111 1267 nuit
1125 1240 1348 1275 respondendo,
1364 1240 1446 1275 quod
1470 1241 1526 1267 hoc
1546 1240 1641 1276 potuit
1664 1239 1819 1276 dupliciter

1049 1286 1113 1313 fieri
1134 1294 1140 1312 :
1160 1286 1208 1313 vel
1230 1286 1312 1321 quod
1339 1286 1452 1321 aliquid
1474 1286 1584 1313 factum
1605 1288 1647 1313 est
1671 1285 1702 1312 in
1726 1285 1819 1313 oculis

1051 1340 1170 1365 eorum,
1184 1332 1228 1359 vel
1244 1332 1325 1367 quod
1340 1332 1370 1358 in
1385 1331 1442 1359 alia
1457 1331 1553 1366 et'tigie
1567 1331 1717 1367 apparuit,
1732 1333 1821 1366 prout

1051 1379 1152 1405 voluit.
1170 1389 1183 1403 »
1202 1378 1281 1405 Unde
1294 1378 1334 1405 ait
1350 1387 1356 1404 :
1376 1388 1389 1403 ι(
1402 1378 1474 1405 Cum
1489 1377 1550 1404 duo
1564 1377 1621 1404 sint
1634 1377 1666 1404 in
1681 1384 1816 1412 corpore,

1052 1424 1228 1451 lineamenta
1250 1427 1277 1451 et
1297 1424 1396 1457 color,
1414 1424 1523 1459 quibus
1541 1423 1697 1459 cujuslibet
1711 1423 1822 1459 species

1053 1473 1238 1505 agnoscatur,
1249 1479 1300 1497 cur
1315 1470 1344 1497 in
1359 1470 1626 1505 transfiguratione,
1637 1469 1746 1497 scilicet
1755 1471 1822 1497 ante

1053 1516 1310 1550 resurrectionem,
1327 1516 1476 1543 neminem
1495 1518 1595 1544 movet
1610 1524 1677 1543 eum
1693 1515 1822 1551 potuisse

1055 1570 1147 1597 usque
1162 1561 1200 1588 ad
1216 1564 1324 1588 tantam
1343 1562 1544 1589 exceltentiam
1560 1562 1682 1596 fulgoris
1703 1563 1732 1588 et
1748 1561 1823 1588 lucis

1055 1608 1186 1635 colorem
1202 1610 1343 1641 inutasse3
1360 1610 1387 1634 et
1409 1609 1474 1642 post
1494 1607 1738 1634 resurrectionem
1755 1614 1824 1634 mo-

1055 1656 1103 1680 vet
1125 1653 1302 1680 lineamenta
1323 1656 1432 1680 mutata
1447 1661 1508 1680 esse
1519 1674 1527 1686 ,
1540 1654 1572 1680 ut
1594 1660 1656 1680 non
1670 1652 1761 1687 possit
1773 1659 1824 1687 ag-

1057 1699 1184 1726 nosci?»
1210 1700 1272 1726 tlaec
1296 1698 1366 1732 ille,
1386 1698 1468 1733 quasi
1492 1698 1601 1726 diceret
1621 1707 1627 1725 :
1651 1699 1714 1725 Non
1737 1697 1827 1725 debet

1057 1745 1163 1780 aliquis
1177 1745 1247 1772 inde
1268 1744 1391 1772 moveri.
1411 1744 1578 1772 secundum
1596 1743 1789 1779 Augustinum
1805 1744 1826 1765 ¹⁸

1059 1800 1128 1819 vero
1147 1801 1160 1816 «
1176 1784 1334 1818 littus-{linis
1348 1793 1389 1818 est
1400 1790 1504 1824 maris,
1521 1793 1548 1818 et
1562 1790 1657 1825 signat
1671 1790 1762 1817 finem
1777 1797 1828 1816 sv-

1060 1838 1137 1872 culi,
1151 1848 1163 1863 »
1179 1838 1209 1864 in
1225 1845 1285 1872 quo
1308 1837 1363 1864 sine
1376 1837 1429 1864 erit
1442 1836 1615 1864 resurrectio
1631 1837 1826 1864 mortuorum.

1097 1886 1121 1910 5.
1150 1884 1222 1910 Dicit
1248 1891 1307 1917 erqo
1329 1885 1366 1910 eis
1382 1892 1390 1908 :
1411 1884 1506 1918 Pueri,
1520 1882 1666 1916 numquid,
1687 1884 1740 1909 etc.
1760 1891 1774 1907 «
1789 1883 1830 1908 Ex

1062 1939 1114 1957 usu
1140 1930 1217 1957 enim
1246 1929 1396 1957 communi
1420 1929 1461 1955 sic
1486 1930 1588 1961 vocat,
1614 1938 1626 1953 n
1652 1927 1692 1955 ait
1718 1927 1828 1955 Glossa.

1062 1976 1201 2010 Numquid
1213 1977 1424 2010 pulmentarium
1441 1976 1542 2001 habetis
1553 1976 1566 2001 ἱ)
1585 1975 1636 2009 qui
1657 1973 1766 2000 scilieet
1791 1973 1831 2000 ita

1062 2021 1225 2057 piscamini.
1240 2021 1424 2048 Pulmentum
1436 2020 1515 2048 enim
1527 2021 1631 2047 dieitur
1642 2027 1730 2048 omne
1743 2019 1830 2053 illud,

1064 2076 1124 2103 quo
1140 2067 1223 2102 panis
1243 2067 1423 2100 comeditur,
1440 2069 1578 2094 vocatum
1593 2074 1610 2094 a
1623 2067 1712 2100 pulte,
1730 2065 1769 2093 ait
1782 2065 1832 2093 lsi-

1065 2114 1154 2140 dorus
1175 2114 1205 2140 ¹⁶.
1222 2114 1421 2148 Responderunt
1443 2115 1468 2140 ei
1483 2121 1492 2139 :
1510 2113 1590 2147 N0n;
1610 2122 1623 2137 «
1638 2115 1665 2139 et
1678 2112 1747 2140 ideo
1767 2111 1834 2139 licet

1065 2159 1150 2187 nobis
1164 2159 1334 2194 providere,
1351 2169 1363 2184 »
1381 2158 1420 2186 ait
1434 2158 1544 2186 Glossa.
1566 2159 1598 2185 Ut
1622 2157 1700 2185 enim
1723 2158 1762 2185 ait
1775 2160 1833 2185 Au-

1066 2206 1199 2239 gustinus
1210 2205 1238 2239 ¹⁷,
1251 2205 1402 2240 inquirens
1416 2212 1468 2231 cur
1478 2211 1540 2231 non
1551 2203 1685 2238 implevit
1696 2202 1834 2230 Dominus

1066 2251 1148 2286 quoa
1160 2251 1312 2286 promisit,
1327 2250 1435 2277 scilicet
1447 2259 1453 2276 :
1465 2251 1586 2277 Primum
1599 2250 1710 2284 quoerite
1724 2255 1835 2283 reguum

1068 2300 1126 2327 Dei.
1137 2299 1257 2324 etomriia
1267 2297 1430 2331 adjicientur
1438 2297 1544 2323 vobisut
1552 2297 1682 2329 Prorsus,
1691 2293 1836 2330 inquit(c)‚

1068 2343 1150 2378 quod
1171 2343 1310 2370 Dominus
1330 2342 1481 2378 promisit,
1503 2341 1636 2377 implevit
1658 2349 1664 2368 :
1685 2347 1754 2368 nam
1773 2339 1837 2374 quis

1068 2389 1142 2417 alius
1156 2389 1266 2424 pisces,
1278 2389 1328 2424 qui
1343 2390 1525 2424 caperentur,
1540 2387 1676 2423 apposuit
1686 2387 1699 2413 ‘l
1709 2385 1763 2420 Qui
1775 2392 1837 2413 non

1069 2484 1099 2488 —
1115 2471 1134 2488 ¹⁸
1148 2472 1223 2501 Aug„
1235 2470 1269 2494 ad
1282 2469 1392 2499 Paulin„
1407 2470 1485 2499 Epist.
1502 2475 1553 2498 th,
1567 2469 1598 2492 al.
1609 2473 1695 2497 mmlx,
1710 2473 1736 2490 n.
1752 2468 1790 2490 31.
1808 2478 1834 2482 -

1070 2507 1089 2523 ¹⁵
1105 2506 1150 2536 t‹l.‚
1166 2508 1238 2529 tract.
1254 2511 1340 2534 cxxu,
1354 2512 1379 2528 n.
1395 2507 1417 2528 ti.
1433 2518 1464 2522 —
1478 2505 1497 2521 15
1513 2505 1580 2534 isid„
1598 2502 1705 2534 Etymol.
1722 2501 1766 2524 lib.
1785 2501 1836 2529 XX,

1070 2548 1091 2564 c.
1109 2547 1140 2571 ιι,
1156 2543 1214 2565 ante
1229 2541 1297 2564 med.
1312 2553 1343 2558 —
1357 2540 1375 2556 1⁷
1391 2542 1463 2570 Augq
1479 2539 1520 2563 ubi
1535 2546 1602 2569 sup.,
1617 2545 1643 2561 n.
1660 2540 1682 2561 li.

1104 2591 1133 2617 (ιι)
1152 2590 1210 2613 Caee.
1226 2589 1284 2613 edit,
1307 2589 1405 2613 aliunde
1419 2588 1514 2612 vivere.
1533 2601 1564 2605 —
1579 2588 1611 2617 (b)
1635 2586 1704 2617 l'ulq.
1722 2585 1839 2609 laborem

1072 2628 1180 2655 patrum.
1196 2638 1224 2642 -—
1242 2627 1267 2655 tc)
1285 2625 1345 2648 Coet.
1360 2624 1420 2648 edit.
1436 2624 1547 2654 inquam.
