1987 3032
203 218 241 247 80
748 218 960 251 EVANGELII
983 220 1122 252 SANCTI
1146 221 1259 253 LUCAE

201 283 247 314 bis
261 286 296 314 in
309 285 450 323 sabbato,
462 285 599 316 decimas
609 286 648 316 do
659 287 803 317 onmium
819 296 892 326 qzcoe
899 295 969 326 pos-

199 336 300 375 sidem
332 339 422 378 quasi
450 339 565 370 diceret
587 351 593 369 z
619 339 791 370 Pei-tectam
813 339 969 378 ‘justitiam

199 398 303 429 servo,
329 394 358 422 et
382 401 459 431 erga
484 393 642 432 meipsum
658 417 665 427 ,
689 396 719 423 ct
743 402 822 431 erga
846 392 968 430 Deum,

200 443 276 482 quia
290 453 418 474 carnem
437 454 561 475 macero
581 446 756 484 ⁸ieiunando
778 446 825 476 bis
849 445 880 475 in
902 446 970 476 sab-

200 496 282 534 bato,
294 497 324 527 id
339 500 385 527 est
399 498 575 537 septimana
585 521 592 535 ,
607 500 637 528 et
651 498 798 537 pietatem
814 498 853 528 ad
870 498 969 529 Deum

200 558 307 587 servo,
333 550 490 581 reddendo
518 550 656 581 decimas
684 553 715 581 et
739 551 967 591 eleemosynas.

199 601 237 632 Et
250 602 318 633 haec
332 603 395 633 duo
412 605 487 633 sunt
500 612 572 643 quae
592 603 732 634 maxime
751 604 872 643 placent
894 605 966 635 ilco.

201 655 287 686 Unde
301 656 397 686 ctiam
416 656 552 695 angelus
571 656 651 687 dixit
674 657 802 688 Tobiae¹
826 668 831 688 :
855 669 869 686 «
883 657 970 688 Bona

199 711 244 739 est
255 710 356 739 oratio
371 718 445 739 011111
456 709 582 749 jejunio
595 712 626 740 et
639 710 851 750 eleemosyna,
866 711 969 750 magis

198 770 293 801 quam
317 762 482 793 thesauros
506 763 574 794 auri
599 763 809 794 recondere.»
833 763 919 794 Unde
940 766 970 794 et

199 815 249 846 bic
264 816 400 847 multum
416 818 619 857 semetipsum
636 818 853 855 commendat3
869 818 921 848 sed
936 818 970 848 in

198 868 257 899 hoc
272 879 362 900 suam
373 870 530 909 justitiam
550 880 604 910 per
626 879 740 901 vanam
757 870 893 910 gloriam
912 871 970 901 110-

198 922 271 952 dat²
288 934 294 953 :
314 934 327 951 «
344 923 462 954 Laudet
481 926 509 954 te
525 924 648 954 alienus
659 948 667 961 ,
684 926 714 954 et
728 933 793 954 non
810 933 844 954 os
860 926 967 962 11111111;

197 980 377 1013 extraneus,
393 979 424 1006 et
438 986 502 1007 non
517 976 600 1006 labia
612 979 676 1007 tua.
691 988 705 1005 »
722 977 812 1015 Quia,
830 978 909 1008 sicut
922 978 968 1007 di-

198 1029 278 1059 citur
288 1029 314 1059 ⁸:
334 1029 424 1060 «Non
436 1030 522 1060 enim
534 1029 588 1069 qui
599 1030 739 1069 seipsum
756 1031 967 1068 commendat,

198 1082 249 1112 ille
270 1083 421 1122 probatus
440 1085 509 1113 est:
533 1094 548 1111 »
576 1083 640 1113 imo
664 1086 747 1114 certe
769 1084 966 1123 reprobatus.

199 1134 286 1166 Unde
301 1136 415 1166 dicitnr
425 1136 436 1152 ⁴
450 1147 456 1166 :
469 1148 483 1165 «
492 1136 560 1167 Non
571 1138 600 1167 te
608 1137 764 1176 justifices
777 1139 849 1167 ante
858 1137 968 1175 Deum,

198 1188 351 1228 quoniam
378 1189 507 1228 agnitor
535 1190 638 1220 cordis
665 1191 732 1230 ipse
760 1193 815 1220 est.
833 1201 847 1218 »
866 1190 903 1221 Et
927 1194 936 1209 ¹>
960 1200 966 1221 :

203 1252 217 1270 «
227 1241 304 1272 Ecce
315 1251 375 1282 ego
382 1243 501 1282 Judicio
511 1244 699 1274 contendam
710 1246 824 1281 tecum,
837 1253 874 1274 eo
885 1245 970 1283 quod

197 1295 334 1326 dixeris:
351 1295 420 1326 Non
434 1297 572 1335 peccavi.
587 1308 600 1325 1)
620 1296 657 1327 Ε1
671 1297 729 1327 Job
747 1299 757 1315 θ
775 1308 781 1327 z
804 1297 968 1336 (1813115ῑί-

197 1348 290 1378 ficare
310 1358 361 1379 me
385 1348 532 1387 voluero,
557 1359 592 1380 os
616 1359 725 1380 meum
746 1350 970 1380 condemnabit

197 1410 263 1439 111ος
284 1401 309 1431 si
331 1402 531 1433 innocentem
553 1402 736 1440 ostendero,
759 1412 895 1442 pravum
919 1412 969 1433 me

196 1455 446 1494 comprobabit.»
463 1455 502 1486 Et
516 1455 575 1486 hoc
590 1458 703 1493 totum,
719 1458 845 1495 propter
856 1457 969 1487 vitium

197 1507 351 1546 elationis,
363 1517 436 1548 quae
449 1509 587 1539 maxime
597 1509 739 1548 displicet
750 1508 812 1539 Deo
823 1512 833 1528 ⁷
848 1520 853 1539 :
869 1521 883 1537 «
895 1509 969 1539 (lra-

198 1560 242 1590 tia
265 1561 339 1590 estis
361 1561 473 1592 salvati
493 1570 548 1601 per
567 1562 662 1592 fidem
691 1571 698 1591 ;
726 1561 781 1591 Dei
805 1562 889 1592 enim
912 1562 967 1592 do—

198 1622 278 1643 num
295 1616 356 1651 est,
374 1624 438 1644 non
453 1624 492 1645 ex
507 1614 656 1654 operibus
667 1638 674 1651 ,
692 1617 727 1645 ut
747 1624 786 1645 ne
801 1615 875 1654 quis
895 1615 968 1654 glo-

198 1667 309 1697 rietur.
323 1678 337 1695 »
357 1666 416 1697 Sed
433 1676 507 1698 cum
525 1668 581 1698 iste
597 1667 777 1698 Pharisaeus
796 1668 878 1699 bona
897 1678 969 1707 quae

198 1720 292 1750 habet
310 1729 328 1750 a
349 1720 483 1750 Domino
507 1723 728 1759 recognoscat,
753 1730 817 1752 non
845 1721 970 1752 videtur

198 1773 334 1803 inaniter
350 1773 479 1811 gloriari
496 1784 502 1803 :
520 1773 595 1813 quia
616 1774 667 1803 ille
688 1773 826 1804 inaniter
847 1774 968 1813 gloria-

197 1828 260 1863 tur,
279 1826 332 1865 qui
358 1826 516 1864 gloriatur
537 1826 627 1865 quasi
648 1835 713 1857 non
733 1828 901 1867 acceperit;
918 1828 969 1858 hic

199 1881 305 1909 autem
323 1878 442 1917 gratias
460 1880 523 1908 Deo
539 1879 619 1917 agit.
640 1878 688 1909 Ad
703 1880 786 1918 quod
802 1881 969 1920 respondet

197 1931 374 1962 Bernardus
387 1932 397 1947 ²³
415 1942 420 1961 :
444 1943 458 1960 a
480 1931 549 1962 Non
568 1934 651 1962 recte
674 1933 859 1971 recognovit
886 1933 969 1964 bona

198 1993 270 2023 quae
286 1984 423 2024 accepit3
444 1985 486 2014 ait
510 1984 595 2014 enim
616 1984 680 2015 sic:
701 1985 740 2024 (a)
758 1984 879 2016 Gratias
902 1986 968 2025 agit

197 2046 262 2067 non
276 2038 351 2077 quia
366 2037 478 2071 bonus,
494 2037 549 2067 sed
563 2037 638 2076 quia
651 2037 752 2076 solus3
769 2048 834 2068 non
849 2041 915 2069 tam
930 2039 968 2069 de

197 2090 289 2120 bonis
312 2099 384 2130 quae
410 2090 520 2127 habet,
546 2099 643 2129 quam
667 2090 704 2121 de
729 2091 820 2121 malis
841 2101 912 2131 quae
935 2093 968 2122 in

197 2144 265 2174 aliis
278 2144 375 2174 videt.
387 2154 402 2172 1)
416 2143 498 2174 Talis
510 2146 616 2174 autem
630 2144 742 2174 modus
752 2146 799 2174 est
808 2145 965 2182 elationis;

197 2197 280 2228 unde
298 2197 470 2236 Gregorius
484 2197 494 2213 ⁹
512 2208 518 2227 τ
541 2208 554 2225 κ
573 2197 714 2234 Quatuor
735 2200 809 2227 sunt
830 2197 965 2237 specics,

197 2251 312 2290 quibus
331 2250 435 2281 omnis
449 2252 556 2281 tumor
578 2250 800 2289 arrogantium
818 2251 965 2281 demons-

198 2305 318 2334 tratur:
336 2313 409 2334 cum
422 2303 473 2335 vel
490 2303 606 2343 aliquis
620 2304 742 2334 honum
758 2304 842 2343 quod
860 2303 964 2341 babet,

198 2366 215 2386 a
229 2366 261 2386 se
276 2356 393 2387 habere
407 2365 439 2386 se
454 2356 630 2395 existimat3
643 2358 698 2387 aut
709 2357 735 2387 si
751 2357 862 2387 datum
875 2366 893 2386 a
903 2356 966 2387 Deo

197 2409 308 2447 credit,
333 2419 390 2449 pro
413 2410 533 2440 meritis
553 2410 663 2441 datum
687 2413 793 2450 putat3
817 2413 871 2441 aut
893 2420 966 2442 cum

193 2464 291 2502 ι1301111
304 2472 337 2493 50
351 2463 467 2493 habere
489 2463 574 2502 quod
594 2472 657 2494 non
672 2464 782 2501 habet;
802 2467 857 2495 aut
871 2474 945 2495 cum
955 2489 963 2503 ,

197 2516 350 2556 despectis
362 2516 499 2553 caeteris,
516 2516 634 2555 appetit
649 2517 856 2555 singulariter
866 2517 966 2548 videri

230 2580 236 2593 ¹
255 2578 322 2609 Tob„
340 2584 387 2608 111,
401 2579 424 2602 8.
441 2591 470 2595 -
486 2578 495 2592 ²
509 2578 594 2607 Prov„
608 2584 693 2608 xxvn,
711 2581 735 2603 2.
750 2592 780 2597 —-
792 2580 800 2593 ³
817 2580 836 2603 ll
856 2579 925 2609 Corn,
938 2585 965 2610 x,

198 2614 235 2638 18.
253 2626 283 2632 —·
300 2613 310 2630 ὓ
324 2612 413 2642 Ecclz'..
428 2618 477 2642 vii,
493 2614 516 2636 5.
538 2625 563 2629 --
581 2613 589 2627 ⁵
604 2614 706 2644 dea-cm.y
724 2620 755 2644 11,
775 2616 813 2639 35.
834 2628 865 2632 —
884 2616 893 2629 ὓ
911 2614 967 2645 Job,

197 2655 235 2679 11,
246 2650 285 2673 20.
298 2662 328 2667 -
340 2649 347 2662 ³
362 2647 463 2678 Ephes„
477 2654 507 2678 11,
522 2650 575 2672 8-9.
587 2661 618 2666 -
633 2648 644 2665 ⁸
657 2649 743 2680 Bern„
758 2649 787 2673 de
802 2650 877 2674 duod.
892 2650 964 2681 qrad.

197 2684 347 2709 Humilit.—
360 2685 369 2698 ⁹
379 2684 466 2714 <ii-eg„
476 2683 580 2714 Marah,
593 2683 637 2708 lib.
648 2684 737 2715 xxllt,
749 2692 771 2708 c·
787 2691 823 2715 1v‚
838 2686 871 2710 al.
888 2691 922 2715 vi,
938 2693 964 2710 n.

1026 288 1142 319 hahere
1166 289 1250 328 quod
1271 289 1375 320 habet.
1396 302 1411 319 »
1431 291 1496 322 Hac
1511 296 1596 332 peste
1618 293 1798 326 Pharisaeus

1025 340 1199 380 laborabat,
1209 342 1276 381 qui,
1293 352 1349 373 sua
1360 344 1472 375 merita
1486 346 1676 386 extollendo,
1688 356 1721 378 se
1735 357 1800 379 033-

1027 394 1101 424 teris
1117 396 1311 433 praeferebat.

1068 451 1116 479 13.
1130 450 1175 480 Ee
1185 450 1381 481 Publae'cmzus
1394 460 1414 480 α
1428 451 1520 492 lonqe
1531 457 1630 492 stans,
1642 456 1699 484 etc.
1715 454 1800 485 Post-

1027 509 1123 539 quain
1142 503 1297 541 expressit
1323 503 1516 535 conditiones
1541 507 1642 545 precis
1669 507 1797 546 superbi

1031 552 1195 590 Pharisaei,
1211 555 1263 584 liic
1278 556 1416 586 secundo
1432 557 1582 596 exprimit
1602 559 1800 590 conditiones

1027 607 1127 645 pxecis
1148 607 1277 637 humilis
1302 608 1477 640 Publicani.
1502 609 1538 640 Et
1562 611 1706 649 perfectae
1727 613 1800 653 qui-

1026 658 1098 688 dem
1140 660 1326 691 humilitatis
1363 662 1610 693 insinuationem
1651 665 1801 704 exprimit

1026 716 1183 752 quantum
1198 714 1234 743 acl
1251 716 1390 752 gestum,
1407 718 1564 754 quantum
1589 716 1628 747 ad
1651 719 1774 748 motum
1790 741 1798 756 ‚

1027 769 1182 805 quantum
1201 768 1239 797 ad
1264 768 1408 798 verbum.

1067 819 1174 850 Primo
1189 823 1343 859 quantum
1358 821 1397 851 ad
1412 821 1656 853 insinuationem
1673 822 1801 854 humili-

1027 873 1098 902 tatis
1116 882 1170 912 per
1185 875 1330 912 gestum,
1352 873 1498 904 subditur
1516 885 1522 904 ε
1546 875 1591 905 Et
1608 875 1800 915 publicanus

1027 935 1047 955 ιι
1065 925 1157 964 lonfsc
1175 930 1260 956 stans
1283 926 1409 957 nolebat
1426 936 1482 957 nec
1503 927 1608 958 oculos
1625 928 1671 958 acl
1685 928 1801 959 coelum

1027 977 1142 1008 levare.
1159 977 1242 1008 Beda
1263 987 1269 1008 :
1293 990 1306 1007 «
1323 978 1360 1009 Ut
1375 979 1517 1016 humilis,
1543 988 1606 1010 non
1628 980 1723 1010 audet
1744 989 1800 1020 ap-

1028 1030 1252 1070 propinquare,
1266 1033 1300 1061 ut
1317 1031 1398 1062 Deus
1410 1032 1531 1062 adeum
1547 1032 1799 1073 appropinquet:

1027 1092 1090 1113 non
1101 1084 1222 1123 aspicit,
1238 1087 1271 1114 ut
1287 1085 1494 1124 aspiciatur.»
1509 1084 1594 1114 Nihil
1604 1085 1690 1115 enim
1702 1085 1802 1125 placet

1026 1136 1088 1166 Deo
1104 1138 1229 1167 tantum
1244 1137 1276 1166 in
1288 1137 1471 1176 poenitente,
1487 1138 1568 1168 sicut
1583 1138 1657 1168 dicit
1671 1137 1803 1169 Bernar-

1026 1190 1099 1227 dus,
1113 1192 1268 1229 quantuni
1280 1190 1413 1220 humilis
1426 1191 1614 1221 verecundia
1632 1200 1639 1221 :
1655 1193 1686 1222 et
1701 1191 1803 1222 taliter
1835 1232 1838 1235 Ι

1026 1242 1095 1272 vult
1129 1242 1224 1272 orari.
1251 1242 1336 1273 Unde
1366 1243 1422 1273 istc
1456 1243 1643 1282 publicanus
1667 1246 1734 1274 erat
1762 1243 1802 1274 de

1027 1295 1144 1333 quibus
1158 1295 1272 1325 dicitur
1287 1296 1307 1312 ¹⁰
1329 1307 1335 1325 :
1357 1308 1371 1323 «
1389 1295 1485 1326 Vultu
1508 1296 1540 1326 in
1559 1298 1643 1326 terra
1665 1296 1802 1328 demisso

1026 1348 1203 1378 adorabunt
1220 1350 1264 1386 tc,
1289 1351 1319 1379 et
1341 1349 1504 1388 pulvereni
1528 1349 1645 1388 pedum
1669 1351 1800 1380 tuorum

1026 1401 1186 1440 lingent.»
1206 1401 1277 1432 Non
1292 1401 1427 1431 audebat
1441 1401 1548 1432 oculos
1560 1401 1666 1433 levare
1681 1401 1720 1432 ad
1735 1410 1800 1432 coe-

1025 1453 1108 1491 lum,
1122 1455 1197 1493 quia
1211 1455 1455 1500 recognoscebat
1470 1464 1503 1485 se
1517 1454 1682 1485 offendisse
1698 1454 1798 1485 Deum

1025 1507 1093 1536 coeli
1106 1531 1113 1544 ‚
1130 1510 1165 1537 ut
1179 1507 1296 1537 diceret
1314 1507 1395 1537 sicut
1416 1507 1501 1537 tilius
1522 1507 1675 1546 prodigus
1697 1508 1798 1547 poeni-

1027 1561 1094 1589 tens
1108 1562 1127 1578 ¹¹
1143 1571 1172 1589 z«
1189 1560 1291 1598 Pater,
1309 1561 1434 1600 peccavi
1452 1561 1484 1591 in
1503 1561 1620 1592 coelum
1639 1563 1669 1591 et
1691 1570 1799 1592 coram

1025 1615 1093 1642 te.»
1113 1612 1149 1643 Et
1171 1613 1247 1643 1111111
1264 1614 1284 1630 ¹²
1302 1625 1308 1643 2
1331 1625 1345 1641 11
1360 1614 1491 1645 Peccavi
1506 1623 1602 1653 super
1625 1623 1799 1645 numerum

1025 1675 1130 1697 arenae
1148 1667 1262 1704 maris,
1280 1667 1496 1706 multiplicatae
1519 1670 1594 1697 sunt
1616 1667 1798 1708 iniquitates

1026 1728 1120 1758 meae,
1136 1732 1150 1748 »
1169 1723 1227 1750 etc.
1247 1720 1319 1751 Ideo
1335 1720 1434 1759 igitur
1455 1729 1519 1750 non
1538 1720 1674 1751 audebat
1691 1720 1798 1753 levare

1024 1772 1145 1811 faciem,
1163 1776 1290 1812 propter
1307 1774 1423 1813 peccati
1442 1774 1685 1812 verecundiam,
1703 1775 1747 1805 ita
1762 1777 1798 1806 ut

1025 1826 1108 1856 intra
1122 1835 1155 1856 se
1168 1826 1283 1856 diceret
1294 1827 1371 1857 illud
1381 1826 1401 1843 ¹³
1415 1838 1421 1856 z
1435 1838 1449 1855 «
1460 1826 1541 1857 Deus
1555 1836 1655 1866 1110115,
1667 1828 1797 1859 coufun-

1024 1880 1081 1910 dor
1096 1882 1126 1909 et
1140 1880 1290 1910 erubesco
1304 1880 1411 1910 levare
1425 1880 1536 1910 faciem
1558 1889 1664 1910 meam
1685 1881 1724 1911 ad
1745 1883 1794 1920 te,

1024 1933 1175 1972 quoniam
1211 1933 1392 1972 iniquitates
1428 1934 1544 1963 nostrae
1580 1932 1796 1973 multiplicatas

1024 1988 1098 2016 511111
1112 1994 1208 2025 super
1221 1988 1316 2025 caput
1330 1989 1496 2023 nostrum,
1513 1988 1544 2016 et
1558 1986 1670 2017 delicta
1689 1989 1797 2018 nostra

1023 2041 1192 2070 creverunt
1207 2031 1306 2078 usque
1320 2038 1359 2069 ad
1372 2038 1500 2069 coelum.
1519 2049 1534 2067 »

1063 2092 1224 2130 Secundo,
1242 2094 1400 2132 quantum
1414 2092 1452 2122 ad
1472 2091 1718 2123 insinuationem
1731 2093 1795 2124 hu-

1023 2144 1182 2183 militatis,
1199 2147 1229 2175 et
1249 2147 1404 2185 quantum
1424 2144 1462 2174 ad
1485 2144 1624 2184 corporis
1649 2147 1790 2184 motum,

1023 2197 1129 2228 subdit
1151 2209 1156 2227 ι
1181 2198 1250 2229 Sed
1268 2197 1464 2238 percutiebat
1494 2201 1603 2237 pectus
1625 2207 1731 2229 suum.
1756 2198 1792 2229 ln

1022 2260 1086 2289 quo
1100 2251 1250 2282 reddebat
1265 2251 1302 2290 tls)
1322 2251 1462 2290 seipsum
1477 2250 1681 2290 culpabilem,
1699 2254 1730 2282 et
1742 2261 1794 2283 os-

1022 2305 1168 2336 tendebat
1182 2305 1332 2335 dolorem.
1352 2305 1386 2334 ln
1397 2305 1456 2335 1100
1470 2304 1568 2342 enim,
1580 2305 1666 2344 quod
1682 2308 1792 2345 pectus

1022 2360 1208 2398 percutitur,
1225 2359 1401 2390 ostenditur
1417 2367 1470 2389 cor
1492 2358 1651 2389 introrsus
1673 2359 1791 2399 suppli-

1022 2413 1069 2442 cio
1084 2413 1230 2452 dignum.
1250 2412 1285 2442 In
1298 2413 1390 2451 cujus
1404 2412 1450 2442 rei
1464 2411 1596 2450 signum
1615 2411 1730 2442 dicitur
1749 2412 1769 2428 ¹⁸
1784 2423 1791 2442 :

1027 2478 1041 2494 (ι
1053 2465 1208 2496 Percussit
1218 2468 1323 2496 antem
1336 2473 1388 2495 cor
1398 2464 1495 2495 David
1506 2473 1613 2502 suum,
1625 2467 1793 2504 postquam

1021 2521 1207 2549 numeratus
1229 2520 1276 2549 est
1297 2517 1451 2558 populus;
1476 2518 1507 2547 et
1530 2516 1609 2547 dixit
1630 2516 1729 2549 David
1753 2518 1793 2548 ad

1023 2604 1059 2626 13.
1075 2615 1104 2619 -
1121 2602 1139 2617 ¹⁰
1154 2603 1212 2632 Iso„
1233 2608 1306 2631 xux,
1325 2604 1364 2626 23.
1379 2615 1405 2619 —
1426 2601 1443 2617 ¹¹
1458 2602 1520 2631 Sup.
1537 2606 1578 2630 xv,
1597 2602 1667 2624 ¹8.—
1684 2601 1703 2617 ¹²
1722 2601 1790 2626 Orat.

1022 2638 1146 2661 manasse.
1162 2651 1192 2654 —
1210 2638 1228 2653 ¹¹³
1243 2639 1250 2660 1
1266 2637 1352 2668 Εεαν.,
1368 2643 1403 2667 111,
1419 2637 1443 2659 6.
1455 2649 1484 2653 -
1503 2636 1524 2652 ¹⁵
1538 2636 1558 2659 11
1575 2636 1644 2666 Κεφ,
1656 2641 1729 2666 xxxv,
1745 2637 1782 2661 10.

1055 2685 1087 2715 (α)
1101 2684 1187 2716 suppl.
1197 2685 1299 2709 Gratias
1310 2692 1365 2716 ayo,
1376 2686 1461 2708 etc.—
1471 2683 1504 2714 (b)
1515 2683 1590 2707 Forte
1601 2684 1646 2715 leq.
1657 2684 1789 2715 prodebat.
