1987 3032
765 205 970 238 EXPOSlTIO
991 206 1033 237 IN
1055 206 1141 238 CAP.
1164 207 1187 237 Ι.

182 275 292 309 gationi
299 274 483 310 opinantium
493 281 523 300 se
530 280 591 300 esse
600 272 789 308 prophetam,
799 273 951 308 respondit

180 321 306 356 simplici
325 321 480 356 negatione
497 329 503 346 ε
519 320 588 348 Non.
609 321 641 346 Et
660 320 718 346 hoc
738 320 851 347 merito.
866 319 950 347 Nullo

181 368 260 394 enim
275 367 367 394 modo
383 367 476 393 voluit
489 366 627 393 aestimari
640 365 769 393 Christus
784 375 790 392 :
807 365 874 393 ideo
888 365 951 400 ple-

180 414 262 441 narie
289 413 449 448 respondit.
478 413 533 440 Sed
559 413 629 448 quia
644 412 682 448 (a)
705 413 735 439 in
762 412 865 448 spiritu
891 414 952 439 erat

181 460 271 493 Elias,
287 461 314 486 et
330 461 390 486 erat
403 459 547 494 propheta
562 459 639 486 dicto
654 459 763 491 modo,
778 458 846 485 ideo
865 458 947 485 semi-

180 506 266 540 plene
289 505 452 540 respondit.
474 506 506 532 Et
526 505 556 531 in
575 505 630 531 hac
650 504 812 531 humilitate
829 505 870 531 est
884 503 950 531 imi-

180 550 304 584 tandus,
322 559 359 577 ne
378 550 519 586 praedicta
538 551 593 577 tria
615 550 782 578 ambiantur
803 550 907 584 injuste
925 552 952 577 et

180 596 390 630 immoderate,
406 604 442 623 nc
465 596 578 624 dicatur
599 597 624 623 ei
643 596 718 623 illud
733 597 740 612 ¹
757 606 763 623 ε
790 607 802 621 (ε
817 596 892 629 Quid
906 596 950 623 ni-

180 643 246 669 teris
256 643 408 670 ostendere
418 643 498 669 viam
510 644 590 669 tuam
600 643 712 670 bonam
722 643 755 669 51»
764 644 796 669 Et
805 644 815 659 ‘2
829 651 835 669 :
847 643 950 669 «Arro-

180 689 324 723 gantiam,
344 691 371 716 et
390 689 558 724 superbiam
572 710 580 722 ,
602 690 630 716 et
649 688 833 716 altitudinem
854 688 951 716 cordis

179 734 221 761 tui
236 743 292 769 ego
307 735 384 768 scio,
401 737 428 761 et
440 735 620 769 jactantiam.
634 745 647 759 »

215 782 259 808 ⁶22.
276 782 308 808 Et
322 781 452 816 sequitur
467 783 571 816 quarta
586 780 776 815 interrogatio
793 789 799 807 :
817 781 951 807 Dioeerunt

180 834 240 860 erqo
250 829 284 860 ei,
298 827 406 854 scilicet
420 827 628 861 interrogando
641 835 648 853 :
663 827 733 860 Quis]
742 828 789 853 es?
801 828 853 853 etc.
870 826 950 853 Unde

180 873 403 908 Chrysostomus
422 874 432 890 ³
450 882 456 900 :
476 873 572 900 «Vide
594 881 643 900 eos
658 873 860 900 vehementius
875 873 950 899 inni-

181 920 271 946 tentes
282 922 309 946 et
323 919 530 954 accelerantes,
542 922 569 947 et
583 928 644 947 non
657 920 837 947 desistentes.
851 930 865 945 »
879 920 951 952 Quid

181 965 250 992 dicis
269 966 301 992 de
316 968 360 993 te?
374 974 445 993 nam
464 966 500 992 de
517 966 627 994 Christo
650 966 818 994 audivimus
835 968 860 993 te
874 973 950 1001 prae-

182 1011 290 1039 dicare.

217 1059 256 1084 Ex
275 1058 320 1084 his
338 1058 453 1085 videtur
466 1079 474 1092 ,
493 1058 577 1094 quod
599 1060 681 1085 erant
699 1058 949 1091 commendandi,

181 1103 251 1138 quia
265 1103 405 1131 volebant
419 1104 491 1131 scire
504 1104 708 1131 certitudinem
724 1104 760 1130 de
775 1106 895 1131 Joanne.

216 1150 467 1185 Respondendum
484 1150 533 1185 (b),
554 1153 585 1177 111
606 1150 717 1177 dictum
737 1152 793 1183 est,
809 1150 890 1185 quod
910 1150 951 1177 sic

180 1196 402 1231 interrogabant
416 1204 477 1223 non
499 1196 697 1224 desiderantes
711 1197 879 1230 veritatem,
898 1197 951 1224 sed

181 1241 312 1269 volentes
334 1250 388 1277 per
411 1243 570 1269 blanditias
589 1242 733 1270 attrahere
749 1244 892 1270 loannem
912 1243 951 1270 ad

183 1288 383 1315 confitendum
398 1296 428 1315 se
445 1296 506 1315 esse
521 1288 673 1316 Christum.

223 1335 267 1361 23.
300 1336 331 1361 Et
365 1334 501 1361 subditur
534 1335 685 1369 responsio
714 1334 833 1361 Joannis
862 1343 868 1360 :
896 1336 951 1367 Εῃο

182 1387 247 1412 voae,
262 1382 314 1407 etc.
331 1381 364 1406 Ut
378 1380 417 1407 ait
432 1380 655 1415 Chrysostomus
671 1388 677 1406 :
697 1389 711 1405 «
726 1382 863 1414 Magnum
879 1380 949 1415 quid

182 1425 322 1460 loquutus
345 1427 387 1452 est
411 1426 447 1452 de
468 1426 602 1460 Christo3
627 1425 664 1452 de
687 1433 717 1452 se
739 1428 837 1452 autem
860 1426 950 1452 dicit:

181 1472 236 1504 1390
256 1477 327 1505 voff,
343 1474 397 1498 etc.
420 1473 451 1498 Et
470 1472 500 1497 in
522 1472 579 1498 1100
601 1473 680 1506 patet
701 1471 763 1506 ejus
782 1471 951 1505 humilitaS,

180 1519 268 1552 prout
282 1517 321 1544 ait
336 1518 437 1545 Glossa
453 1527 459 1544 :
477 1528 490 1543 <‹
502 1519 565 1544 Non
584 1517 671 1551 dixit,
689 1517 771 1552 quod
791 1519 852 1544 erat
865 1519 951 1544 Joan-

181 1570 249 1596 neS,
264 1563 313 1590 vel
333 1564 411 1591 filius
432 1564 589 1598 Zachariae,
605 1566 658 1590 etc.
676 1565 731 1591 Nec
753 1564 826 1591 dixit
838 1563 952 1598 aliquid

181 1609 345 1636 humanum
360 1609 396 1637 de
411 1618 441 1637 se
456 1620 463 1644 ;
480 1610 531 1637 sed
555 1612 681 1642 tantum,
708 1610 790 1645 quod
813 1612 874 1636 erat
894 1617 952 1636 vox

181 1655 267 1682 Verbi
281 1665 287 1682 ε
304 1663 377 1688 vox,
392 1656 513 1691 inquam
524 1676 532 1688 ‚
547 1664 607 1683 non
622 1656 791 1690 cujuslibet,
806 1655 876 1682 sed:
893 1657 952 1682 Vooe

182 1702 340 1736 clamantis,
356 1702 441 1729 Verbi
457 1702 565 1729 scilicet
578 1702 742 1737 incarnati,
757 1703 790 1728 ut
808 1702 838 1728 in
853 1701 952 1728 Glossa

182 1747 337 1782 exponitur
358 1747 445 1775 bene.
466 1750 498 1774 Et
518 1748 574 1774 hoc
591 1749 618 1774 ιή
637 1748 755 1781 deserto,
774 1747 882 1774 scilicet
901 1749 951 1774 Ju-

184 1792 270 1827 doeae,
287 1796 318 1821 ut
331 1793 370 1820 ait
385 1794 555 1827 Gregorius,
571 1794 641 1828 quia
656 1793 801 1820 derelictae
818 1801 851 1820 ac
866 1793 953 1820 desti-

184 1840 250 1866 tutae
273 1839 377 1866 Judaeae
401 1840 535 1866 solatium
562 1840 765 1874 Redemptoris
789 1840 952 1867 annuntiat.

183 1885 245 1911 Vox
269 1885 347 1912 enim
369 1887 411 1912 cst
431 1885 548 1920 signum
572 1886 682 1913 ducens
706 1886 736 1912 in
759 1885 906 1912 alterum:
927 1887 954 1912 et

185 1930 255 1966 quia
277 1932 403 1958 Joannes
426 1932 620 1967 praedicabat,
643 1934 670 1959 et
693 1932 751 1958 hoc
775 1931 902 1959 ducebat
923 1932 953 1959 in

185 1976 383 2011 cognitionem
392 1978 479 2005 Verbi
493 1978 649 2010 incarnati,
664 1978 731 2004 ideo
747 1977 868 2004 dicitur:
884 1979 952 2012 Voce,

185 2025 213 2050 et
235 2023 291 2051 hoc
306 2024 484 2051 confirmans
502 2024 601 2051 subdit
617 2033 622 2051 :
639 2025 712 2051 sicut
726 2024 794 2050 dicit
809 2024 841 2058 (c)
856 2025 952 2051 Isaias.

185 2071 217 2096 Et
232 2070 268 2097 de
283 2070 329 2096 his
342 2070 372 2097 in
386 2071 541 2098 collatione
556 2070 737 2106 praedicabili
747 2071 767 2097 ⁴.

221 2117 265 2143 24.
283 2117 314 2143 Et
334 2117 372 2143 ad
394 2117 613 2152 expressionem
636 2117 753 2144 malitiae
773 2117 955 2151 interrogan-

185 2162 259 2189 tium
282 2163 382 2189 subdit
399 2171 405 2189 :
422 2165 456 2190 Et
474 2165 522 2198 qui
543 2165 620 2190 mz'ssz'
639 2166 762 2197 fuerant,
779 2163 815 2190 ad
832 2164 955 2191 interro-

186 2208 318 2242 gandum
333 2208 456 2242 scilicet,
472 2212 549 2236 erant
563 2218 595 2236 etr:
608 2210 763 2243 l’harz'saez's,
778 2209 809 2236 id
824 2211 866 2236 est
878 2209 956 2244 prin-

187 2253 301 2288 cipibus
321 2254 507 2289 Judaeorum,
531 2255 581 2290 qui
606 2255 771 2282 doctrinam
790 2263 851 2282 non
872 2263 954 2290 quae-

186 2301 267 2333 runt,
283 2300 336 2326 sed
354 2300 501 2334 invident,
516 2301 555 2328 ait
572 2301 682 2329 Glossa.
699 2303 730 2328 Et
745 2301 782 2328 de
796 2301 841 2328 his
857 2301 955 2328 Phari-

187 2345 260 2378 saeis,
270 2345 320 2380 qui
332 2346 504 2374 dicebantur
514 2348 598 2374 divisi
610 2348 660 2383 (cl),
670 2349 698 2374 et
707 2347 743 2374 de
755 2347 847 2374 tribus
857 2347 955 2381 sectis,

187 2391 297 2418 scilicet
317 2392 545 2427 Pharisaeorum,
567 2396 594 2421 et
616 2394 756 2428 aliorum,
772 2393 904 2427 Magister
925 2393 956 2421 in

187 2437 319 2465 Historiis
333 2438 518 2466 sufficienter.

220 2521 228 2537 ¹
240 2521 339 2552 let-em„
353 2528 381 2551 11,
393 2523 432 2546 33.
444 2535 469 2539 -
485 2523 494 2536 ²
508 2522 580 2552 ibid„
594 2524 779 2552 XLV1¹1,.¹⁴20.—
794 2522 802 2536 ³
815 2523 956 2554 Chrysost.,

191 2556 220 2578 in
240 2557 323 2586 Joan„
346 2557 414 2581 hom.
439 2564 495 2587 xvx,
518 2558 550 2581 al.
576 2563 616 2587 xv,
639 2565 664 2580 11.
689 2560 712 2581 2.
734 2570 764 2575 —-
787 2558 794 2571 ⁸
819 2558 875 2582 Vid.
900 2558 955 2588 inf„

192 2590 280 2616 collat.
304 2598 350 2616 vn.
367 2605 398 2610 —
415 2594 424 2607 ⁵
442 2594 472 2617 tv
491 2594 557 2624 Κεφ,
574 2599 608 2623 Η,
630 2594 653 2617 8.
670 2606 696 2610 —
716 2593 725 2605 ⁶
743 2595 818 2623 Aug„
835 2594 862 2616 in
875 2594 956 2621 Joan„

190 2626 264 2650 tract.
281 2633 316 2657 w,
332 2634 360 2652 n.
374 2629 397 2652 8.
412 2640 443 2646 —
460 2629 471 2644 ⁷
487 2628 560 2659 thid„
575 2635 602 2652 n.
617 2630 640 2653 9.
656 2641 686 2646 —
700 2628 708 2642 ⁸
723 2628 787 2652 ibid.
802 2641 833 2646 —
849 2629 860 2644 ⁹
873 2629 957 2658 Joan„

1717 209 1775 238 269

1042 275 1086 301 25.
1102 274 1134 300 Et
1153 272 1283 308 sequitur
1303 272 1493 307 interrogatio
1515 273 1722 308 praedictorum
1736 273 1774 301 de

1004 321 1146 354 potestate
1156 319 1336 355 baptizandi,
1346 319 1388 346 ibi
1400 328 1406 346 :
1419 321 1454 346 Et
1465 320 1708 353 interrogaverunt,
1721 320 1774 346 etc.

1006 366 1059 392 Ubi
1074 366 1170 400 primo
1189 365 1370 401 praemittitur
1392 365 1596 399 interrogatio,
1613 367 1641 392 et
1656 365 1775 392 demum

1005 412 1124 439 Joannis
1137 412 1289 447 responsio
1305 419 1373 438 cum
1388 419 1441 438 sua
1456 411 1694 444 confirmatione,
1709 410 1751 437 ibi
1768 419 1774 437 ε

1006 458 1172 491 Respondit,
1197 460 1250 484 etc.
1277 457 1322 484 Ait
1342 465 1411 491 ergo
1434 465 1441 483 τ
1467 458 1503 483 Et
1523 459 1776 490 interrogaverunt,

1005 503 1113 530 scilicet
1128 503 1322 538 inquirendo,
1338 506 1363 529 et
1386 503 1531 536 dixerunt,
1547 502 1776 538 superaddendo

1006 557 1124 575 causam
1141 559 1146 574 :
1166 549 1239 580 Quid
1250 557 1311 582 erqo
1329 549 1471 582 baptizas?
1485 548 1516 575 id
1532 551 1590 582 est,
1606 556 1665 583 qua
1679 550 1778 583 potes-

1006 596 1062 621 tate
1073 596 1086 621 ?
1103 595 1134 621 Si
1149 597 1178 621 tu
1192 602 1277 621 ¹nones
1290 595 1411 621 Christus
1427 594 1457 620 in
1473 595 1537 628 lege
1552 594 1715 629 promissus
1725 614 1733 626 ,
1751 596 1779 621 et

1005 639 1047 667 sic
1062 641 1257 675 praeeminens
1273 640 1432 675 dignitate;
1448 648 1529 675 neque
1541 642 1628 674 Elias,
1643 639 1778 675 praeemi-

1005 693 1077 712 nens
1092 686 1258 720 sanctitate3
1273 694 1355 720 neque
1365 687 1511 720 Propheta,
1528 686 1635 713 scilicet
1649 685 1776 720 Elisaeus,

1006 732 1145 767 baptismi
1160 732 1413 766 praefiguratione,
1429 732 1498 767 quia
1514 733 1521 767 (
1537 734 1569 759 ut
1587 732 1627 759 ait
1639 732 1670 758 in
1685 734 1778 759 Histo-

1005 779 1057 804 riis
1073 778 1221 813 Magister)
1236 778 1267 804 in
1280 778 1339 812 1115,
1352 778 1459 805 50111001
1474 778 1536 805 Elia
1549 780 1576 805 et
1590 777 1690 805 Elisaeo
1708 785 1779 813 prae-

1007 826 1132 851 cesserat
1154 823 1250 858 figura
1272 824 1429 859 baptismi,
1454 824 1505 858 qui
1519 824 1528 839 ⁵
1548 823 1630 850 siccis
1651 823 1778 858 pedibus

1005 870 1182 897 transierunt
1216 870 1383 898 Jordanem.
1421 870 1501 896 Unde
1534 869 1712 904 Augustinus
1736 870 1745 886 θ
1770 878 1776 896 :

1010 926 1023 941 «
1046 916 1132 948 Quasi
1152 917 1185 951 (e)
1206 916 1337 943 audaciae
1353 916 1511 943 videbatur
1530 924 1591 943 esse
1610 915 1778 950 baptizare,

1007 962 1031 989 si
1045 970 1105 989 non
1121 964 1194 989 esset
1209 962 1371 989 Christus.»
1384 964 1415 989 Et
1425 982 1432 996 ,
1449 963 1480 988 111
1493 961 1533 988 ait
1543 961 1778 996 Chrysostomus,

1006 1008 1059 1035 ubi
1075 1016 1163 1043 supra
1185 1017 1192 1035 :
1212 1008 1313 1041 «Quia
1328 1008 1406 1035 enim
1428 1008 1579 1035 blanditiis
1598 1016 1659 1035 non
1678 1008 1779 1035 value-

1006 1056 1075 1081 runt
1098 1054 1287 1089 supplantare
1304 1076 1313 1088 ,
1337 1054 1446 1081 scilicet
1468 1055 1611 1081 „loannem
1625 1074 1635 1087 ,
1661 1061 1779 1081 accusa-

1007 1100 1086 1127 tione
1111 1100 1322 1127 circumvenire
1350 1108 1417 1127 eum
1442 1102 1561 1127 tentant.
1584 1110 1597 1125 »
1619 1101 1650 1127 Et
1673 1100 1704 1126 in
1723 1099 1779 1127 hoc

1007 1148 1086 1180 patet
1101 1153 1204 1172 eorum
1219 1146 1346 1173 amentia
1360 1148 1387 1173 et
1400 1146 1511 1173 malitia
1521 1167 1529 1179 ,
1545 1146 1606 1172 sive
1624 1145 1776 1172 dolositas.

1043 1193 1087 1219 26.
1110 1193 1141 1219 Et
1163 1192 1294 1227 sequitur
1313 1192 1433 1219 Joannis
1454 1192 1607 1227 responsio
1634 1200 1641 1218 z
1662 1193 1780 1226 Respon-

1008 1239 1066 1271 dcc,
1081 1240 1144 1265 etc.:
1161 1240 1216 1272 Ego
1232 1238 1339 1272 baptizo
1354 1239 1383 1264 iu
1398 1246 1479 1272 aqua,
1497 1237 1580 1272 quasi
1596 1237 1673 1264 dicat
1688 1246 1695 1264 :
1712 1238 1780 1264 Par-

1007 1292 1079 1310 vum
1092 1286 1119 1310 et
1133 1284 1206 1316 vile,
1223 1286 1249 1310 et
1269 1291 1361 1318 aqua,
1378 1284 1462 1318 quasi
1481 1283 1553 1310 nihil
1567 1283 1634 1319 plus
1648 1283 1777 1317 habens,

1008 1332 1050 1356 est
1072 1329 1219 1364 baptisma
1239 1337 1300 1364 quo
1324 1338 1378 1364 ego
1400 1329 1517 1364 baptizo
1534 1339 1542 1356 .-
1563 1329 1646 1365 quod
1660 1330 1716 1364 ait,
1733 1337 1779 1356 os-

1008 1375 1129 1402 tendens
1149 1375 1441 1411 superexcellentiam
1458 1376 1641 1410 baptismatis
1656 1375 1757 1403 Christi
1769 1397 1777 1410 ,

1008 1423 1039 1448 ut
1063 1422 1102 1449 ait
1129 1422 1362 1457 ChrysostomuS.
1387 1424 1418 1449 Et
1441 1421 1521 1449 idem
1547 1422 1725 1456 Augustinus
1744 1423 1778 1448 ⁷:

1011 1478 1024 1492 (ι
1046 1469 1193 1500 Quantum
1217 1476 1247 1494 se
1269 1468 1392 1502 abjecit!
1414 1468 1482 1495 ideo
1502 1467 1629 1494 multum
1650 1467 1780 1495 elevatus

1009 1515 1059 1540 est.
1075 1523 1088 1539 »
1101 1515 1156 1548 qu
1171 1515 1278 1548 baptizo
1294 1516 1322 1540 in
1338 1522 1418 1547 (tque,
1436 1516 1463 1540 et
1479 1523 1485 1541 :
1501 1514 1605 1541 Medius
1619 1518 1709 1541 autem
1722 1522 1780 1542 ves-

1009 1563 1095 1593 trum,
1111 1560 1141 1586 id
1163 1562 1224 1592 est,
1241 1559 1292 1594 qui
1313 1567 1440 1594 praesens
1463 1562 1585 1595 apparet
1604 1560 1691 1587 vobis
1714 1569 1779 1588 cor-

1007 1613 1095 1641 pore,
1110 1606 1150 1633 ait
1161 1606 1261 1633 Glossa
1277 1614 1284 1632 z
1300 1606 1398 1639 stem,
1415 1605 1523 1633 50111001
1546 1606 1615 1641 quia
1637 1606 1756 1633 humilis
1771 1616 1777 1633 ι

1009 1652 1090 1684 Quem
1112 1660 1157 1678 vos
1180 1653 1288 1678 nescitis
1301 1672 1310 1684 ,
1324 1651 1445 1684 scilicet,
1466 1653 1548 1686 cujus
1569 1652 1716 1687 dignitatis
1732 1653 1776 1680 sit.

1009 1699 1089 1726 Unde
1113 1698 1289 1732 Augustinus
1306 1699 1316 1714 ⁸
1333 1707 1339 1724 ε
1359 1708 1371 1723 κ
1393 1698 1513 1724 Humilis
1541 1700 1602 1725 erat
1631 1700 1691 1734 (f),
1718 1707 1780 1726 non

1008 1745 1180 1779 videbatur,
1199 1746 1266 1772 ideo
1286 1749 1409 1773 aceensa
1429 1749 1470 1773 est
1490 1746 1625 1779 lucerna,
1640 1756 1653 1771 »
1672 1746 1780 1773 scilicet

1009 1793 1145 1818 Joannes.
1163 1792 1173 1807 ⁹
1195 1801 1208 1816 «
1230 1793 1328 1826 Neque
1352 1799 1398 1818 me
1424 1791 1522 1825 scitis,
1544 1800 1641 1827 neque
1665 1794 1779 1827 patrem

1009 1845 1115 1864 meum.
1128 1847 1141 1862 »
1157 1838 1278 1871 Quz'post
1290 1846 1328 1864 me
1342 1840 1469 1864 venturus
1482 1840 1534 1870 est,
1546 1837 1578 1864 id
1594 1840 1650 1870 est,
1666 1838 1779 1865 mundo

1009 1885 1211 1920 appariturus;
1233 1887 1294 1911 aute
1317 1893 1357 1911 me
1379 1886 1466 1917 fuctus
1487 1887 1545 1918 est,
1569 1885 1600 1912 id
1623 1888 1664 1912 est
1678 1906 1687 1919 ,
1707 1885 1780 1912 mihi

1009 1930 1160 1966 praelatus,
1182 1930 1220 1957 ait
1238 1930 1392 1964 Gregorius
1408 1931 1438 1963 ¹⁰,
1460 1931 1512 1957 ubi
1535 1931 1611 1958 bene
1638 1931 1675 1958 de
1698 1931 1778 1966 hoc3

1011 1977 1093 2010 Cujus
1115 1985 1166 2003 uon
1187 1984 1245 2003 sum
1267 1976 1382 2010 diguus,
1407 1979 1460 2010 etc,
1488 1986 1501 2001 «
1523 1977 1607 2012 quasi
1630 1977 1722 2012 dicat,
1740 1979 1780 2005 ait

1009 2023 1234 2057 Chrysostomus
1248 2021 1266 2037 ¹¹
1282 2030 1288 2048 ε
1304 2023 1367 2049 Νο11
1384 2021 1554 2057 simpliciter
1574 2025 1638 2050 ante
1660 2032 1708 2050 me
1731 2032 1780 2058 ge-

1010 2071 1127 2096 neratus
1142 2070 1199 2101 est,
1219 2068 1272 2094 sed
1291 2068 1345 2100 ita,
1371 2070 1401 2095 ut
1422 2076 1476 2103 ego
1501 2077 1598 2103 neque
1618 2069 1649 2096 in
1670 2070 1780 2097 ultimis

1010 2113 1211 2141 ministrorum
1225 2113 1313 2147 hujus
1328 2114 1476 2141 numerari
1492 2114 1597 2148 dignus
1618 2123 1684 2142 sum
1699 2124 1706 2142 z
1724 2116 1780 2143 cal-

1011 2161 1153 2189 ceamenti
1166 2161 1244 2188 enim
1257 2160 1371 2188 solvere
1386 2160 1560 2195 corrigiam,
1572 2161 1667 2188 ultimi
1681 2162 1781 2189 minis-

1010 2208 1074 2235 terii
1084 2209 1126 2234 est
1135 2215 1191 2234 res.
1206 2217 1219 2232 »
1238 2208 1269 2234 Et
1283 2206 1361 2233 idem
1374 2207 1551 2241 Augustinus
1564 2207 1604 2234 ait
1616 2207 1636 2224 ¹²
1648 2218 1654 2235 :
1671 2208 1779 2243 «Nihil,

1010 2253 1106 2288 inquit
1129 2253 1182 2288 (q),
1201 2252 1326 2280 intendit
1346 2254 1471 2280 loannes
1484 2273 1493 2286 ,
1519 2261 1587 2280 cum
1611 2253 1648 2280 de
1669 2254 1780 2282 calcea-

1011 2300 1117 2327 mentis
1132 2299 1246 2326 Domini
1268 2299 1390 2331 diceret,
1406 2299 1461 2325 nisi
1480 2299 1682 2326 excellentiam
1697 2301 1759 2335 ejus
1769 2322 1778 2336 ,

1013 2348 1040 2373 et
1060 2345 1254 2373 humilitatem
1279 2353 1381 2378 suam,
1401 2355 1414 2369 »
1437 2345 1546 2372 scilicet
1565 2345 1778 2375 demonstrare.

1011 2415 1072 2439 vm,
1095 2412 1132 2433 49.
1148 2422 1176 2427 -
1197 2410 1214 2425 ¹⁰
1229 2410 1315 2439 Greg„
1337 2410 1361 2432 in
1382 2410 1486 2440 Evanq„
1504 2410 1572 2434 hom.
1595 2416 1644 2441 vn,
1662 2418 1688 2436 n.
1708 2412 1730 2435 3.
1750 2424 1781 2429 -

1013 2447 1029 2461 ¹¹
1051 2446 1192 2475 Chrysost„
1216 2444 1259 2467 ubi
1285 2451 1351 2473 sup„
1375 2451 1400 2468 n.
1425 2447 1448 2468 3.
1471 2458 1502 2463 -
1526 2446 1545 2462 ¹²
1560 2447 1635 2477 Aug,
1656 2446 1686 2470 (Ie
1709 2447 1780 2470 Cone.

1014 2480 1120 2510 Eamus„
1139 2480 1181 2503 lib.
1199 2480 1228 2510 11,
1244 2487 1267 2502 0.
1284 2485 1332 2509 ΧΗ,
1348 2486 1372 2503 n.
1392 2481 1430 2503 29.

1047 2523 1076 2551 (a)
1095 2522 1156 2544 Czrl.
1173 2521 1234 2544 edit.
1255 2520 1307 2551 qui.
1325 2533 1355 2538 —
1371 2521 1406 2550 (b)
1430 2522 1490 2546 Coet.
1511 2522 1570 2546 edic.
1591 2524 1732 2554 responsio.
1751 2537 1780 2542 --

1014 2556 1045 2587 (c)
1067 2556 1139 2585 Vulrs.
1160 2555 1231 2579 dixit.
1247 2569 1276 2572 —
1295 2556 1326 2585 (tl)
1346 2555 1418 2585 mn,
1439 2556 1532 2581 divisit.
1548 2571 1578 2576 —
1596 2560 1626 2588 (e)
1644 2559 1703 2582 Coet.
1719 2559 1778 2583 edit.

1012 2591 1068 2615 add.
1091 2591 1215 2614 dicerent.
1231 2603 1262 2608 —
1277 2591 1312 2621 (s)
1329 2591 1370 2616 Al.
1389 2591 1466 2615 euim.
1485 2605 1515 2610 —
1534 2592 1567 2623 (q)
1587 2594 1646 2618 Coel.
1661 2594 1722 2617 edit.
1740 2595 1782 2617 iu-

1013 2633 1098 2657 quam.
