1987 3032
659 208 721 239 ‘IN
741 208 825 240 CAP.
852 208 890 238 III
913 207 1052 240 SANCTI
1073 209 1248 242 JOANNIS.
1704 219 1757 247 544

171 274 301 302 venditio
316 275 346 301 in
359 274 467 302 multis.
489 275 520 301 Et
537 274 576 301 ibi
592 274 666 302 bene
683 275 719 302 de
734 275 800 302 hoc.
817 276 936 309 Prostcr

171 321 253 355 quod
269 320 374 348 dicitnr
388 321 395 336 ¹
412 329 419 347 z
440 329 452 345 κ
466 320 577 347 Excutit
592 328 696 347 manus
718 321 755 348 ab
777 320 857 348 omni
873 328 936 347 mu-

170 374 249 393 nere.
266 376 278 391 »
296 368 327 393 Et
347 366 414 392 ideo
429 366 589 393 vendentes
613 366 697 393 dictis
711 366 808 393 modis
831 366 935 393 merito

174 412 258 446 ejecit
272 412 412 439 Dominus
428 412 464 438 de
480 412 598 447 templo.
615 413 658 439 Ait
672 412 750 439 enim
765 412 891 440 Christus
906 411 934 438 ²:

174 467 187 482 «
205 458 296 485 Gratis
319 458 486 493 accepistis,
511 458 599 492 gratis
619 458 695 485 date.
712 468 725 483 >v
745 458 867 493 Exponit
884 466 935 485 au-

169 505 228 530 tem
241 503 396 537 Gregorius
411 503 487 530 istud
503 500 662 539 de'templo
678 504 869 537 conscientiae,
884 504 935 530 ubi

169 548 209 576 ait
223 549 233 565 ³
250 557 256 575 :
274 558 287 573 «
303 549 455 584 Templum
471 549 518 576 Dei
534 551 575 576 est
590 557 673 576 mens
688 551 774 585 atque
790 549 937 576 conscien-

169 594 208 621 tia
222 594 370 628 fidelium,
387 603 452 630 quse
470 595 493 622 si
518 595 707 630 cogitationes
735 596 763 622 in
786 595 935 622 hesionem

167 640 295 675 proximi
321 640 447 675 profert,
473 642 555 676 quasi
585 642 615 668 in
639 642 759 677 speculi
787 642 936 668 latronum

168 686 275 713 residi-t
292 697 297 712 z
310 695 363 714 nec
373 689 414 714 est
429 687 535 714 domus
553 688 694 715 orationis
703 709 710 721 ,
723 688 775 714 sed
785 687 934 723 spelunca,

168 732 289 766 quando
299 753 308 766 ,
322 733 421 760 relicta
435 733 602 761 innocentia
617 736 643 761 et
658 734 840 768 simplicitate
856 741 936 760 sanc-

168 778 268 811 titatis,
282 778 356 805 illud
378 781 500 806 conatur
519 787 621 813 agere,
635 779 714 806 unde
731 780 825 806 valeat
839 780 935 814 proxi-

167 824 223 850 mis
237 832 354 852 nocere.
368 835 380 849 »
401 827 462 852 tifec
476 825 536 852 ille.
555 826 590 860 (a)
605 826 707 852 Sancta
723 833 793 860 ergo
810 825 935 853 Ecclesia

168 871 196 896 et
223 873 322 897 sancta
351 871 528 898 conscientia
559 871 689 906 praedicti
723 871 883 898 vendentes
909 873 936 898 et

168 917 297 943 ementes
311 919 378 944 sunt
392 917 536 951 ejiciendi.

323 1021 435 1047 collatio
454 1021 664 1054 decimaquinta,
685 1028 729 1054 111,
750 1022 774 1047 3.

201 1104 264 1130 Nc'si
278 1105 338 1137 qais
351 1104 433 1135 fuerit
448 1106 527 1130 natus
547 1103 643 1136 denuo,
662 1111 712 1129 non
730 1106 818 1137 potest
844 1104 935 1130 videre

164 1156 273 1182 regnum
289 1149 347 1175 Dei.
361 1150 391 1175 ln
406 1149 451 1175 1115
465 1148 561 1176 verbis
576 1148 630 1175 tria
645 1148 827 1175 insinuantur
844 1157 849 1174 :
863 1157 935 1184 (1110-

164 1202 230 1221 rum
245 1194 373 1229 primurn
391 1196 432 1221 est
445 1194 602 1229 spiritualis
622 1194 851 1228 regenerationis
871 1202 934 1229 spe-

165 1240 247 1267 cifica
262 1240 396 1275 qualitas,
413 1240 453 1267 ibi
470 1250 476 1267 :
493 1241 581 1268 Natus
597 1241 699 1272 atenim,-
716 1240 879 1267 secundum
894 1243 935 1267 est

164 1286 251 1320 hujus
272 1287 380 1313 indicta
410 1286 580 1317 necessitas,
614 1286 655 1313 ibi
679 1294 685 1311 ε
710 1287 788 1319 Νίεί;
819 1286 934 1313 tertium

165 1332 298 1366 ejusdem
312 1332 409 1359 finalis
423 1332 618 1366 fructuositas,
635 1332 676 1359 ibi
690 1341 695 1358 z
713 1332 810 1359 Videre
824 1340 934 1366 reanum

167 1379 223 1405 Dei.

199 1424 245 1451 Ait
259 1431 328 1458 ergo
345 1433 352 1450 :
368 1425 431 1451 Nisi
445 1426 505 1459 quis
528 1428 607 1451 natus
622 1426 707 1457 suerit
724 1424 820 1459 denuo,
840 1423 872 1450 id
892 1425 933 1450 est

163 1470 276 1503 iterato,
291 1470 453 1497 secundum
468 1471 610 1504 Glossam,
623 1470 732 1497 scilicet
748 1478 754 1496 ε
771 1471 814 1496 Ex
824 1478 894 1504 aqua
910 1473 934 1496 et

162 1515 270 1550 Spiritu
284 1520 384 1548 sancto,
410 1516 485 1543 infra
507 1516 623 1543 eodem.
648 1516 699 1543 Vel
719 1516 814 1550 denuo,
835 1516 865 1542 id
881 1517 932 1549 est,

163 1562 299 1597 desuper,
316 1562 355 1588 ait
370 1562 592 1597 Chrysostomus
615 1563 634 1588 '⁴.
660 1562 740 1588 L‘ndc
759 1563 830 1589 nota
850 1562 933 1596 quod

163 1609 206 1634 est
219 1607 353 1635 nativitas
367 1608 523 1643 multiplex
540 1617 546 1634 ι
563 1609 605 1635 est
624 1607 703 1635 enim
723 1615 783 1634 una
807 1607 932 1634 carnalis

163 1656 191 1680 et
209 1654 389 1686 calamitosa,
409 1654 480 1689 quia
501 1662 567 1680 cum
592 1662 679 1689 poena
706 1655 733 1680 et
755 1661 822 1680 cum
843 1653 931 1688 origi-

162 1699 223 1726 nali
236 1699 323 1734 culpa
337 1700 346 1716 ⁶
364 1708 370 1726 :
389 1709 401 1724 α
418 1701 517 1726 Pereat
532 1699 636 1726 diesin
651 1707 709 1734 qua
725 1701 809 1726 natus
824 1707 898 1726 sum.
916 1709 928 1724 »

163 1745 241 1772 Etss:
262 1756 274 1770 ιι
296 1745 447 1772 Maledicta
471 1745 548 1777 (1105,
572 1745 602 1771 111
627 1753 686 1779 qua
709 1746 794 1771 natus
817 1753 892 1771 sum.
917 1754 929 1770 »

162 1791 231 1817 Item
246 1793 286 1817 est
302 1791 359 1817 alia
374 1791 439 1817 vilis
450 1792 477 1817 et
491 1791 608 1824 vitiosa,
622 1790 692 1825 quia
707 1798 774 1817 cum
789 1790 876 1825 culpa
887 1798 932 1817 ae-

162 1836 244 1870 tuali,
265 1844 324 1870 qua
346 1839 506 1863 nascuntur
526 1838 694 1871 peccatores
719 1844 755 1862 ex
776 1835 897 1863 diabolo
924 1845 930 1863 :

162 1882 241 1909 unde
256 1882 331 1910 infra
346 1883 382 1909 de
397 1882 503 1910 talibus
518 1883 528 1899 ⁷
545 1892 551 1909 :
568 1892 579 1907 «
595 1884 650 1909 Vos
665 1890 699 1908 ex
713 1884 793 1916 patre
810 1882 931 1910 diabolo

162 1928 240 1961 estis,
249 1938 262 1953 »
278 1928 386 1955 scilicet
398 1928 571 1961 imitatione,
582 1928 621 1955 ait
633 1928 812 1955 Ambrosius.
825 1928 835 1944 ⁸
850 1937 864 1953 <‹
878 1928 931 1960 Qui

161 1976 260 2009 peccat
274 1974 318 2009 (b),
331 1982 366 2001 ex
381 1974 513 2001 diabolo.
523 1974 566 1999 »θα
578 1973 605 2001 Si
620 1975 679 2001 nati
692 1973 814 2008 fueritis,
828 1975 857 2000 in
873 1982 932 2001 ma-

161 2020 317 2047 ledictione
333 2020 502 2047 nascemini.
527 2030 540 2045 »
557 2022 626 2047 Item
642 2022 683 2047 est
698 2020 832 2047 nativitas
847 2020 930 2055 spiri-

162 2066 246 2093 tualis
267 2068 295 2093 et
315 2066 453 2101 gratiosa,
468 2067 542 2093 sicut
561 2067 594 2100 (c)
615 2068 798 2093 sacramento
819 2065 930 2101 baptis-

161 2111 232 2139 mali
244 2111 281 2139 ab
299 2111 492 2147 originalibus
504 2111 641 2146 peccatis,
656 2111 692 2138 dc
712 2119 772 2146 quo
787 2111 853 2144 hic;
870 2111 930 2139 sive

161 2158 254 2192 gratia
278 2158 468 2193 poenitentiali
491 2159 528 2186 ab
555 2158 720 2186 actualibus
739 2160 766 2185 et
785 2157 876 2185 verbo
897 2158 932 2184 ti-

161 2203 208 2230 dei
220 2203 240 2220 ¹⁰
256 2212 282 2230 :«
294 2206 352 2239 Ego
363 2212 416 2239 per
430 2204 621 2239 Evangelium
635 2211 687 2231 vos
704 2203 802 2238 genui.
813 2213 826 2229 »
840 2205 873 2231 Et
886 2204 905 2221 ¹²
924 2213 929 2230 :

164 2259 177 2274 «
192 2250 290 2277 Omnis
305 2250 357 2285 qui
371 2250 438 2277 facit
449 2250 600 2285 justitiam,
616 2258 651 2277 ex
667 2251 725 2276 Deo
746 2251 830 2276 natus
847 2251 897 2277 est.
915 2260 928 2275 ι)

162 2296 193 2321 Et
207 2296 227 2313 ¹²
243 2304 250 2321 z
268 2305 281 2320 α
296 2295 397 2323 Renati
412 2303 473 2323 non
491 2304 527 2323 ex
541 2296 651 2323 semine
667 2295 862 2330 corruptibili,
878 2295 930 2322 scd

161 2340 385 2376 incorruptibili.
409 2343 509 2369 »Item
531 2344 573 2368 est
598 2341 732 2369 nativitas
756 2341 879 2368 ccelestis
904 2344 931 2369 et

161 2386 301 2421 gloriosa,
316 2394 377 2414 non
392 2387 489 2415 solum
504 2395 521 2415 a
537 2387 623 2423 culpa
637 2389 664 2414 et
683 2386 928 2422 concupiscentia,

194 2448 272 2472 ¹1m..
291 2453 389 2475 xxxiii,
412 2449 493 2470 1:;.-
513 2448 521 2462 ²
535 2447 637 2476 Mami„
656 2454 679 2473 x.
697 2449 719 2470 8.
734 2460 764 2464 —
779 2446 788 2462 ³
803 2448 890 2477 Greg.‚
905 2448 930 2471 in

161 2482 266 2513 Evanq„
286 2482 356 2505 hom.
379 2488 472 2511 xxxix,
489 2489 514 2505 n.
535 2483 558 2505 Ἶ.
575 2495 605 2499 -
620 2483 630 2498 ⁴
644 2482 785 2512 Chrys-ost„
805 2483 831 2505 in
848 2484 930 2509 dorm„

161 2516 230 2540 hom.
246 2523 322 2547 xxm,
338 2518 370 2540 al.
384 2523 454 2547 xxiv,
471 2524 495 2541 n.
512 2519 534 2540 2.
546 2530 574 2534 —
588 2518 596 2530 '³
608 2517 665 2545 Job,
677 2523 716 2545 ιιι,
733 2518 755 2540 3,
769 2529 798 2533 —-
810 2517 818 2530 *²
830 2517 929 2547 det-em„

160 2553 309 2580 xx,14.—
327 2553 337 2569 ⁷
353 2554 434 2581 doun„
457 2558 517 2582 vui,
538 2553 575 2575 41.
596 2565 626 2569 -
644 2552 654 2568 ⁸
676 2553 680 2574 Ι
700 2552 780 2579 soum,
800 2557 842 2582 111,
862 2553 885 2575 8.
901 2564 930 2568 -—

160 2587 170 2602 ⁹
184 2587 275 2615 Eccli„
290 2593 343 2617 xm,
363 2590 398 2611 12.
414 2601 444 2605 —
459 2589 477 2604 '⁰
493 2589 498 2610 I
516 2588 583 2617 Con,
601 2593 636 2617 iv,
652 2589 687 2611 15.
703 2601 729 2604 —
747 2588 763 2603 ¹¹
780 2588 787 2610 I
801 2587 883 2617 loun„
900 2593 928 2617 ιι,

160 2623 198 2645 29.
221 2635 249 2639 -
271 2623 288 2636 ¹⁷
309 2624 317 2646 I
339 2624 420 2652 Petr.‚
445 2629 468 2653 1,
495 2624 532 2646 23.
554 2636 583 2639 —
606 2623 625 2639 ¹³
645 2622 744 2652 Manli„
766 2628 825 2653 xix,
843 2623 882 2646 28.
900 2635 931 2640 —

994 275 1046 302 sed
1065 276 1103 303 ab
1120 276 1200 303 omni
1221 277 1384 312 corruptela
1400 279 1421 299 ¹³
1438 287 1444 304 :
1465 288 1477 303 «
1496 280 1526 306 In
1541 282 1762 314 regeneratione

995 329 1062 348 cum
1076 322 1183 349 sederit
1194 323 1282 350 Filius
1297 323 1435 351 homtnis.
1452 334 1464 349 u
1484 326 1521 352 De
1536 326 1618 353 tertia
1633 326 1764 362 loquitur

993 367 1051 400 hic,
1066 376 1125 402 qua
1148 369 1295 396 nativitate
1311 370 1389 397 nasci
1405 372 1446 397 est
1461 371 1638 399 sublimitate
1654 373 1763 407 dignis-

994 413 1114 447 simum,
1134 422 1222 448 supra
1241 416 1284 441 ΗΜ
1304 424 1317 440 «
1334 415 1415 442 Dedit
1435 416 1475 443 eis
1495 418 1666 451 potestatem
1687 418 1764 446 filios

994 460 1041 486 Dei
1057 460 1129 486 fieri.
1147 471 1158 484 »
1177 461 1268 496 Super
1288 462 1369 496 quod
1385 463 1539 497 Gregorius
1562 473 1568 490 :
1586 474 1599 489 (ι
1614 465 1688 497 Quid
1708 465 1764 492 hac

993 507 1134 540 potestate
1149 507 1253 534 altius?
1269 508 1341 542 quid
1363 508 1417 535 hac
1433 509 1585 536 altitudine
1609 510 1765 538 sublimius

994 551 1050 578 diei
1071 554 1181 587 potest,
1207 554 1237 580 in
1261 562 1321 589 qua
1350 557 1460 582 creatus
1490 556 1615 591 quisque
1642 556 1765 584 efficitur

993 597 1072 625 filius
1087 599 1251 626 Creator-is?
1265 610 1278 625 ³)
1290 601 1327 626 ¹5«
1340 601 1439 628 Omnis
1454 602 1532 628 enim
1548 603 1598 637 qui
1611 602 1715 637 diligit,
1728 611 1764 630 ex

994 644 1051 670 Deo
1067 647 1151 670 natus
1172 647 1222 672 est.
1240 656 1252 670 »
1278 647 1347 673 Item
1370 647 1423 674 ista
1447 648 1595 675 nativitate
1617 649 1707 682 nasci,
1723 652 1765 676 est

993 689 1155 717 sinceritate
1171 691 1372 725 purissimum,
1383 693 1452 728 quia
1466 702 1525 720 non
1543 697 1584 721 est
1599 702 1634 721 ex
1649 695 1764 729 sangui-

993 735 1088 765 nibus,
1106 736 1158 762 sed
1172 745 1207 763 ex
1218 739 1287 771 Deo,
1298 740 1329 764 ut
1345 738 1450 765 dicitur
1460 748 1548 774 supra
1564 741 1592 766 ¹⁶.
1609 741 1689 767 Unde
1705 743 1763 768 Au-

993 780 1125 814 gustinus
1140 783 1159 798 ¹⁷
1175 782 1221 809 1110
1238 792 1244 810 z
1263 792 1276 808 t<
1291 785 1356 811 Dua}
1371 787 1436 811 sunt
1450 785 1631 820 nativitates,
1647 795 1707 814 una
1728 795 1763 813 ex

993 834 1090 861 carne,
1106 827 1197 855 altera
1210 837 1244 855 ex
1260 829 1362 864 spiritu
1381 839 1386 857 :
1408 838 1466 858 una
1482 831 1517 858 de
1532 834 1637 865 morte,
1653 832 1709 859 alia
1726 832 1762 859 de

992 873 1125 900 Trinitatc
1142 883 1148 900 :
1165 882 1224 901 una
1247 874 1283 902 de
1307 876 1438 903 masculo
1454 879 1480 903 et
1504 877 1633 911 foemina,
1650 878 1708 906 alia
1729 886 1764 905 ex

993 919 1051 946 Deo
1069 921 1096 946 et
1119 920 1254 947 Ecclesia.
1271 931 1285 946 »
1311 921 1396 955 Infra,
1417 922 1523 950 eodem
1540 932 1546 950 ε
1572 934 1585 949 «
1605 924 1690 957 Quod
1712 932 1764 951 na-

992 966 1054 991 tum
1076 967 1118 992 est
1133 974 1168 993 ex
1189 966 1302 1001 spiritu,
1318 968 1434 1002 spiritus
1457 971 1507 996 est.
1525 979 1537 994 n
1555 971 1625 997 Item
1643 970 1698 997 ista
1714 978 1765 997 na-

992 1010 1099 1038 tivitate
1110 1012 1189 1038 nasci
1199 1014 1239 1039 est
1247 1013 1350 1040 virtute
1361 1014 1594 1048 potentissimum
1606 1016 1625 1032 ¹⁸
1637 1023 1664 1042 x«
1673 1017 1764 1043 Omne

993 1058 1076 1092 quod
1092 1060 1193 1085 natum
1209 1061 1296 1086 estex
1314 1061 1370 1086 Deo
1387 1060 1477 1087 vincit
1492 1061 1647 1089 mundum.
1666 1072 1678 1087 u
1694 1064 1764 1089 Item

992 1103 1032 1130 sic
1047 1104 1125 1131 nasci
1139 1107 1179 1131 est
1195 1105 1315 1132 utilitate
1328 1106 1605 1141 fructuosissimum3
1618 1108 1675 1136 hoc
1686 1108 1763 1136 enim

993 1152 1034 1176 est
1058 1157 1183 1184 regumn
1199 1151 1340 1186 coelorum
1363 1152 1529 1180 hfereditate
1550 1155 1569 1170 ¹⁹
1586 1163 1591 1180 z
1613 1164 1626 1180 «
1643 1154 1670 1182 Si
1686 1154 1764 1182 enim

990 1195 1055 1229 filii,
1073 1199 1099 1223 et
1120 1197 1259 1224 haeredes.
1283 1208 1295 1223 u
1319 1200 1349 1225 Et
1374 1207 1409 1226 cx
1426 1199 1471 1226 his
1490 1202 1568 1235 patet
1589 1201 1763 1235 secundum,

991 1241 1097 1269 seilicet
1122 1242 1209 1277 hujus
1238 1244 1395 1271 nativitatis
1414 1246 1586 1279 necessitas,
1608 1247 1678 1282 quia
1703 1247 1763 1274 sine

990 1287 1045 1313 hae
1059 1288 1150 1314 homo
1171 1291 1270 1316 manet
1295 1298 1380 1324 earo3
1403 1290 1478 1318 infra
1499 1292 1605 1319 eodem
1622 1302 1628 1319 :
1649 1302 1661 1318 ι(
1678 1293 1763 1326 Quod

991 1335 1093 1360 natum
1112 1336 1202 1361 estex
1218 1343 1314 1369 carne,
1338 1344 1405 1364 caro
1422 1339 1471 1364 est.
1489 1347 1501 1362 »
1520 1338 1575 1365 Sed
1589 1339 1611 1355 2⁰
1628 1349 1635 1365 :
1653 1348 1667 1364 «
1690 1341 1763 1367 Caro

991 1381 1018 1406 et
1033 1380 1152 1414 sanguis
1174 1389 1297 1415 reguum
1317 1382 1365 1409 Dei
1387 1390 1447 1409 non
1466 1384 1659 1418 possidebunt
1680 1385 1731 1420 (d).
1747 1395 1761 1411 »

991 1425 1127 1452 Similiter
1142 1434 1176 1453 ex
1192 1427 1236 1453 his
1251 1429 1329 1462 patet
1345 1428 1471 1462 tertium,
1488 1429 1596 1457 scilicet
1610 1430 1698 1465 hujus
1712 1439 1764 1458 na-

992 1470 1108 1498 tivitatis
1129 1472 1328 1507 fructuositas,
1356 1482 1421 1509 quae
1448 1477 1489 1502 est
1511 1475 1611 1503 videre
1639 1485 1764 1512 regnum

991 1517 1051 1550 Dei,
1068 1517 1097 1543 id
1112 1519 1164 1551 est,
1187 1519 1282 1545 Jesum
1298 1519 1442 1546 Christum
1458 1528 1646 1557 cognoscere,
1661 1524 1762 1550 5001111-

991 1562 1062 1589 dum
1078 1563 1205 1590 Glossam
1221 1565 1241 1582 ²¹
1258 1572 1289 1590 :«
1301 1565 1435 1599 Regnum
1451 1566 1497 1593 Dei
1519 1567 1595 1595 intra
1609 1576 1662 1595 vos
1681 1570 1731 1596 est.
1747 1579 1760 1595 n

991 1608 1039 1634 Vel
1054 1608 1154 1635 videre
1172 1616 1295 1643 regnum
1322 1611 1385 1644 Dei,
1408 1619 1496 1639 sacrae
1516 1613 1668 1648 Scripturae
1686 1623 1764 1650 mys-

990 1653 1061 1680 teria
1076 1661 1252 1688 cognoscere
1265 1654 1285 1672 ²²
1302 1664 1308 1682 :
1327 1666 1340 1681 «
1356 1656 1454 1694 Simile
1471 1660 1511 1685 est
1532 1666 1656 1692 regnum
1677 1660 1764 1688 coelo-

989 1707 1057 1726 rum
1070 1699 1183 1727 homini
1204 1702 1416 1737 patrifamilias,
1440 1703 1490 1738 qui
1510 1705 1620 1739 profert
1640 1706 1677 1733 de
1700 1707 1763 1734 the-

989 1753 1077 1772 sauro
1092 1754 1145 1773 suo
1159 1754 1238 1774 nova
1252 1749 1279 1774 et
1292 1749 1399 1775 vetera.
1416 1758 1429 1773 >1
1445 1749 1495 1776 Vel
1517 1758 1642 1785 regnum
1659 1752 1707 1778 Dei
1722 1755 1764 1780 est

990 1793 1097 1818 aeterna
1112 1792 1263 1819 beatitudo
1283 1792 1303 1810 2³
1320 1801 1326 1819 ε
1342 1794 1465 1821 «Simile
1481 1797 1523 1822 est
1537 1804 1661 1830 regnum
1677 1798 1762 1825 00810-

989 1844 1055 1863 rum
1081 1837 1183 1864 decem
1206 1838 1384 1873 virginibus,
1400 1849 1413 1865 n
1433 1841 1486 1867 ete.
1509 1842 1541 1868 Et
1563 1842 1694 1877 sequitur
1709 1843 1728 1860 ²⁴
1752 1852 1758 1871 :

991 1882 1120 1916 «Venite,
1138 1883 1283 1910 benedicti
1298 1885 1387 1911 Patris
1402 1886 1491 1920 mei.»
1506 1889 1558 1914 etc.
1573 1890 1675 1922 Magna
1691 1897 1760 1924 ergo

988 1928 1127 1955 nobilitas
1142 1929 1182 1955 sic
1198 1929 1277 1956 nasci
1291 1939 1298 1963 3
1316 1932 1343 1957 et
1364 1939 1471 1966 magna
1495 1933 1636 1968 sapientia
1649 1934 1680 1962 in
1697 1935 1761 1970 ipsa

989 1974 1137 2002 nativitate
1166 1983 1367 2011 perseverare,-
1384 1978 1411 2003 et
1435 1985 1544 2012 magna
1562 1978 1683 2007 felicitas
1699 1981 1760 2016 ejus

988 2019 1126 2054 fructum,
1139 2020 1246 2048 scilicet
1255 2030 1379 2056 regnum
1392 2023 1546 2058 coelorum,
1558 2025 1657 2053 videre
1673 2029 1700 2054 et
1710 2027 1761 2054 ob-

990 2065 1089 2093 tinere.

1143 2131 1257 2158 Collacz'o
1277 2132 1474 2166 decimaseaeta,
1495 2143 1540 2169 iu,
1564 2138 1604 2163 13.

1024 2205 1105 2231 Nemo
1122 2205 1243 2232 ascendit
1260 2207 1288 2232 in
1312 2207 1412 2241 coelum,
1432 2210 1486 2235 nisi
1500 2211 1548 2243 qui
1562 2210 1594 2237 de
1616 2212 1677 2238 caelo
1699 2212 1757 2239 des-

988 2250 1086 2277 cendit.
1104 2250 1152 2277 llic
1165 2251 1218 2278 tria
1232 2251 1385 2286 signantur
1400 2262 1406 2280 :
1427 2262 1553 2289 quorum
1575 2256 1704 2291 primum
1718 2260 1759 2285 est

988 2295 1112 2323 mirifica
1127 2296 1188 2323 Filii
1204 2296 1251 2323 [Jei
1272 2297 1420 2326 humilitas
1434 2300 1464 2326 in
1479 2308 1531 2328 sua
1546 2301 1756 2338 incarnatione,

988 2341 1029 2369 ibi
1046 2350 1052 2368 :
1068 2343 1106 2368 De
1118 2343 1178 2369 ‹roelo
1191 2343 1342 2377 descendit,
1361 2345 1524 2373 secundum
1544 2349 1586 2374 est
1599 2349 1758 2384 magnifica

989 2405 1007 2421 ¹5
1021 2407 1103 2433 duan„
1121 2412 1138 2436 1,
1162 2408 1197 2430 12.
1214 2419 1243 2422 —
1258 2407 1278 2422 ¹³
1300 2408 1455 2438 1Joau.‚1v,
1474 2410 1494 2433 7.
1511 2423 1539 2428 --
1556 2411 1575 2427 ¹5
1588 2412 1670 2441 doun„
1683 2416 1755 2442 1,13.

988 2441 1135 2471 ——1·Aag.‚
1152 2442 1410 2473 1'11J0an.‚tract‚m,
1425 2450 1451 2468 n.
1465 2446 1487 2468 6.
1500 2458 1530 2462 —
1542 2446 1561 2461 ¹³
1575 2447 1581 2469 I
1595 2448 1679 2478 dean„
1695 2454 1717 2478 v,
1733 2451 1755 2472 [ι.

988 2488 1017 2492 —
1034 2476 1051 2490 ¹⁰
1071 2477 1146 2504 Item„
1163 2481 1221 2505 viii,
1239 2477 1275 2499 17.
1292 2489 1321 2494 —-
1336 2478 1355 2493 '²⁰
1375 2479 1381 2501 t
1400 2479 1466 2507 Cor„¹
1487 2486 1529 2509 xV,
1550 2482 1588 2505 50.
1603 2494 1634 2499 —-
1651 2482 1668 2498 ²1
1688 2483 1755 2511 Luc„

989 2516 1052 2540 xvii,
1065 2505 1102 2533 21.
1119 2523 1149 2527 -
1163 2511 1181 2524 ²²
1195 2511 1295 2541 Mattlt„
1311 2518 1374 2543 xiii,
1390 2515 1429 2537 41.
1447 2527 1477 2532 -
1492 2515 1512 2531 ²³
1527 2515 1673 2547 1bid.,xxv,
1692 2520 1713 2541 1.
1727 2531 1756 2535 —

988 2546 1007 2561 ²⁴
1026 2545 1098 2574 thid„
1116 2546 1154 2569 3¹1.

1020 2587 1054 2616 (u)
1069 2586 1156 2615 Susipl.
1170 2589 1198 2611 A.
1211 2601 1241 2605 —
1256 2587 1286 2619 (b)
1306 2588 1374 2619 Vulq.
1388 2590 1447 2614 facit
1458 2593 1600 2621 peccatum.
1613 2605 1642 2610 —
1657 2594 1685 2623 (c)
1697 2594 1754 2624 Leq.

988 2630 1050 2645 sive.
1067 2635 1096 2638 —
1112 2622 1151 2652 (tl)
1174 2623 1243 2653 Vuly.
1259 2624 1389 2654 possidere
1404 2632 1455 2649 non
1470 2630 1583 2656 possunt.
