1987 3032
727 215 932 247 EXPOSITIO
954 216 993 247 IN
1016 216 1099 248 CAP.
1125 216 1202 248 XVI.

167 281 333 313 afflictione
353 283 429 320 erat,
444 291 567 322 pauper
585 283 617 313 in
632 283 742 323 requie
757 283 765 299 ¹
783 294 789 313 z
811 294 825 311 a
841 281 932 313 Servi

167 335 230 365 mei
243 334 417 372 comedent,
433 337 464 365 et
478 345 535 366 vos
550 336 704 366 esurietis.
721 348 735 364 υ
752 335 843 373 Item,
858 336 933 374 quia

167 388 254 418 dives
268 388 301 417 in
317 390 474 426 egestate,
495 391 524 418 et
539 398 659 428 pauper
674 389 707 419 in
722 388 930 425 abundantia;

168 449 263 479 supra
279 441 290 456 ²
305 450 312 470 :
334 451 348 468 «
362 440 543 471 Esurientes
558 441 702 480 implevit
716 441 822 477 bonis;
841 442 871 470 et
886 441 935 470 di-

167 493 247 523 vites
274 492 392 523 dimisit
415 493 536 523 inanes.
556 504 570 521 n
597 496 607 512 ³
629 505 642 521 α
661 493 760 524 Edent
781 502 934 532 pauperes

167 547 197 575 et
210 545 451 575 saturabuntur.
467 557 480 573 ›)
501 545 538 575 Et
551 546 623 576 alibi
634 546 644 561 ⁰
658 557 664 576 :
681 546 822 576 «Divites
832 555 934 584 egue-

166 600 244 628 runt
258 599 289 628 et
308 598 504 634 esurieruut3
529 598 724 637 inquirentes
743 600 849 628 autem
871 598 934 628 Do—

167 651 309 688 minum,
340 661 355 679 n
383 652 440 680 etc.
468 650 587 681 Dicitur
612 653 718 682 autem
744 651 827 691 quod
854 651 936 681 vidit

168 705 346 742 Abraham,
364 706 394 734 et
404 713 467 734 non
478 704 517 734 ad
533 704 695 742 solatium,
711 704 765 734 sed
778 704 882 743 potius
895 705 935 735 ad

167 756 330 786 cumulum
345 758 588 787 tormentorum.
609 757 696 788 Unde
712 757 884 796 Gregorius
901 760 910 775 ⁵
925 767 932 786 :

172 820 186 837 a
208 808 405 839 Credendum
430 811 476 839 est
497 810 580 848 quod
602 812 673 840 ante
695 810 936 840 retributionem

167 861 300 891 extremi
319 861 450 900 judicii,
467 861 575 900 injusti
598 862 631 891 in
653 863 761 902 requie
781 862 936 901 quosdam

164 915 265 953 Justos
279 913 493 953 conspiciunt,
518 917 553 944 ut
568 924 621 945 eos
642 915 784 945 videntes
806 915 839 944 in
854 924 936 954 gau-

168 968 236 1004 dio,
262 976 326 998 non
350 967 454 997 solum
478 968 515 998 de
538 977 595 998 suo
621 968 794 1007 supplicio,
822 978 936 999 verum

168 1021 262 1050 etiam
283 1020 320 1050 de
335 1029 446 1050 eorum
461 1020 544 1050 bono
560 1020 752 1050 crucientur.
770 1032 784 1048 ι)
805 1021 814 1037 ⁸
836 1032 849 1049 «
866 1021 937 1052 Pec-

168 1075 254 1103 cator
268 1073 386 1104 videbit
401 1075 431 1103 et
445 1073 610 1110 irascetur,
627 1074 773 1104 dentibus
792 1075 856 1104 suis
875 1075 938 1105 fre—

169 1127 232 1156 met
247 1128 278 1156 et
292 1126 442 1163 tabescet;
459 1126 651 1157 desiderium
670 1129 871 1166 peccatorum
888 1138 938 1168 pe-

168 1179 252 1209 ribit.
269 1189 282 1205 »
298 1178 335 1208 Et
350 1182 359 1197 ⁷
378 1189 384 1209 :
405 1190 420 1207 u
435 1178 582 1209 Videntes
597 1179 813 1210 turbabuntur
824 1181 937 1212 timore

167 1231 327 1268 horribili,
344 1241 358 1259 n
372 1233 430 1261 etc.

208 1283 327 1320 Tertio,
341 1285 500 1322 quantum
516 1283 553 1314 ad
569 1284 837 1323 aggregationem
852 1285 936 1314 mul-

169 1336 323 1375 tiplicium
337 1335 564 1374 calamitatum,
583 1337 730 1367 subditur
747 1339 788 1376 (v.
807 1338 853 1375 ⁵24)
870 1348 876 1367 τ
898 1338 939 1368 Et

170 1391 234 1428 ipse
243 1389 384 1419 clamans
391 1388 486 1419 flixit:
497 1389 593 1420 Pater
602 1390 778 1428 Abraham,
791 1391 938 1421 miserere

168 1442 248 1479 mei,
265 1443 300 1471 ut
314 1441 357 1471 sic
372 1451 412 1471 ex
427 1442 564 1472 clamore
583 1446 733 1481 appareat
750 1443 938 1481 magnitudo

168 1494 340 1531 moestitiae,
363 1494 539 1525 secundum
559 1494 638 1525 illud
653 1495 662 1511 ‘³
681 1506 687 1526 z
715 1506 728 1523 α
747 1495 838 1533 Ecce,
856 1495 938 1526 servi

169 1548 230 1578 mei
245 1548 419 1578 laudabunt
434 1557 499 1587 prae
510 1547 704 1578 exultatione
715 1548 828 1586 cordis,
841 1549 873 1578 et
882 1557 939 1579 vos

169 1601 343 1631 clamabitis
358 1610 423 1640 prae
438 1600 545 1631 dolore
560 1601 661 1631 cordis
671 1624 678 1637 ‚
696 1603 726 1630 et
738 1610 804 1640 pree
821 1601 939 1631 contri—

169 1654 254 1685 tione
276 1653 405 1693 spiritus
430 1653 602 1684 ululabitis.
626 1665 640 1681 »
666 1653 704 1684 Et
727 1654 787 1683 hoc
808 1654 937 1692 quidem

170 1707 359 1738 conveniens
374 1706 431 1736 suit
442 1706 570 1737 diviti⁹z
588 1718 601 1735 «
613 1706 672 1743 Qui
688 1706 815 1736 obturat
828 1716 939 1737 aurem

169 1769 260 1789 suam
276 1759 313 1789 ad
329 1759 500 1789 clamorem
516 1759 680 1798 pauperis,
698 1761 728 1788 et
741 1759 808 1797 ipse
825 1758 940 1788 clama-

168 1813 230 1851 bit,
243 1815 273 1843 et
287 1822 351 1843 non
365 1813 563 1844 exaudietur.
581 1824 595 1839 »
612 1812 658 1842 Et
671 1812 759 1842 mitte
774 1812 940 1842 Lazarum

170 1870 203 1896 ul
218 1866 356 1905 inlz'nqat
369 1869 547 1895 extremum
566 1864 660 1904 dissiti
677 1865 729 1894 sui
743 1865 776 1894 in
797 1874 937 1904 aquam,

170 1920 205 1949 ut
226 1918 268 1948 sic
293 1927 332 1948 ex
356 1918 506 1957 petitione
531 1920 632 1956 guttae
655 1926 763 1956 aquae,
790 1920 940 1956 appareat

170 1971 338 2002 multitudo
349 1971 464 2010 inopia}
479 1971 500 1989 ¹⁰
518 1980 547 2001 2«
562 1970 654 2001 Dives
670 1980 743 2001 cum
758 1970 937 2008 dormierit,

170 2024 249 2054 nihil
265 2033 372 2054 secum
388 2024 507 2054 auferet
521 2033 529 2053 ε
544 2024 664 2062 aperiet
678 2024 785 2053 oculos
802 2032 892 2060 suos,
909 2025 940 2054 et

171 2077 251 2107 nihil
264 2076 414 2107 inveniet.
428 2076 652 2115 Apprehendet
665 2084 739 2106 eum
751 2076 839 2115 quasi
854 2086 939 2116 aqua

171 2130 289 2169 inopia.
302 2140 315 2157 υ
329 2129 349 2147 ¹¹
368 2141 381 2158 «
397 2128 599 2159 Dormierunt
616 2137 766 2158 somnum
782 2138 892 2166 suum,
909 2132 940 2160 et

171 2184 448 2214 nihilinvenerunt
458 2191 567 2213 omnes
575 2183 636 2213 viri
645 2183 828 2213 divitiarum
836 2183 868 2213 in
876 2193 940 2214 ma-

171 2237 265 2267 nibus
280 2236 357 2266 suis.
373 2247 387 2263 n
403 2235 491 2266 Unde
502 2235 745 2275 chrysostomus
757 2237 777 2254 ¹²
793 2245 823 2266 :«
834 2236 891 2272 Qui
907 2237 939 2266 in

171 2289 315 2329 pretiosis
340 2287 471 2318 excessit
499 2288 532 2317 in
561 2287 669 2327 culpa,
704 2288 857 2318 vilissima
888 2289 940 2319 bic

171 2342 259 2383 petiit
273 2342 306 2371 in
320 2350 424 2381 poena.
445 2352 459 2369 n
476 2340 513 2371 Et
526 2340 641 2371 iterum
656 2341 789 2380 loquens
804 2342 843 2371 ad
857 2341 937 2372 divi—

171 2398 235 2426 tem
250 2395 396 2434 quidam,
419 2393 493 2423 dicit
515 2404 520 2423 :
544 2404 558 2421 α
575 2393 729 2424 Lazarum
753 2394 860 2425 videre
876 2404 939 2425 non

171 2447 367 2487 dignabaris,
385 2449 415 2477 et
430 2455 516 2476 nunc
531 2448 711 2477 extremum
722 2447 790 2486 ejus
803 2447 939 2486 digitum

203 2527 209 2542 ¹
227 2526 286 2553 Ira„
305 2532 363 2555 va,
380 2526 418 2549 13.
430 2538 461 2543 -
476 2526 484 2539 ²
501 2527 571 2555 sup„
590 2531 608 2555 1,
624 2527 661 2549 53.
677 2538 708 2543 —-
723 2526 733 2542 ³
746 2526 814 2550 Psul.
829 2532 884 2557 xxi,
900 2529 938 2551 27.

173 2575 203 2580 -
220 2562 227 2575 ⁴
240 2561 307 2584 Psal.
324 2567 418 2591 xxxin,
437 2563 512 2584 Η.-
527 2561 536 2576 ⁵
551 2562 637 2591 Greg-‚
652 2562 677 2584 z'n
690 2561 796 2592 Euanq„
811 2561 881 2585 hom.
896 2568 938 2586 XL.

173 2609 202 2615 --
217 2598 225 2609 ⁸
238 2596 306 2620 Psal.
324 2602 379 2627 cn,
396 2598 434 2620 10.
453 2609 483 2613 —
495 2597 506 2612 '¹
521 2596 589 2626 Sap.¹
606 2601 630 2627 ν,
646 2598 669 2620 2.
683 2609 714 2614 —
727 2596 737 2613 Β
752 2597 810 2628 lm„
826 2603 885 2627 mv,
902 2600 937 2621 14.

174 2645 202 2649 -
220 2633 229 2647 ⁹
245 2632 326 2661 Pron„
339 2638 392 2661 xxi,
410 2633 447 2655 13.
459 2644 488 2648 —
504 2631 522 2646 ¹·
536 2631 590 2661 Job,
605 2637 686 2663 xxvii,
702 2633 823 2656 19-20.—
839 2633 858 2649 ¹¹
871 2633 937 2656 Psal.

175 2672 250 2696 Lxxv,
271 2668 294 2690 6.
317 2680 345 2684 -
371 2667 391 2683 ¹²
408 2667 549 2696 Chrysost.‚
565 2667 590 2690 in
608 2666 675 2691 Psal.
697 2673 757 2692 nv.
772 2680 802 2686 —
821 2667 842 2684 ¹²
856 2668 938 2698 Prov.‚

1719 220 1758 248 43

990 283 1169 313 desideras?
1194 294 1208 311 ›)
1238 282 1275 313 Et
1299 282 1382 314 Beda
1405 293 1412 314 ε
1441 294 1456 312 a
1484 283 1578 313 Dives
1603 283 1671 320 ille,
1703 283 1759 323 qui

990 344 1107 366 mensae
1122 344 1189 366 suae
1206 336 1339 366 minima
1355 336 1430 366 dare
1449 336 1568 373 noluit,
1586 335 1619 365 in
1637 335 1758 366 inferno

990 389 1110 428 positus
1125 398 1228 428 usque
1243 389 1281 419 ad
1302 389 1436 419 minima
1455 389 1629 429 quaerenda
1646 397 1760 427 perve-

991 442 1054 478 nit;
1074 451 1148 472 nam
1169 443 1295 480 guttam
1320 451 1412 481 aquae
1433 442 1540 481 petiit,
1564 441 1620 481 qui
1642 441 1759 471 Lazaro

990 494 1105 524 micam
1118 494 1207 534 panis
1218 495 1358 534 negavit.
1376 506 1389 522 n
1405 497 1427 513 ¹³
1443 506 1457 523 «
1472 494 1531 531 Qui
1543 495 1594 524 dat
1608 494 1757 533 pauperi,

991 556 1055 576 non
1081 546 1253 586 indigebit;
1282 548 1337 587 qui
1365 547 1496 587 despicit
1521 547 1758 586 deprecantem,

991 599 1158 629 sustinebit
1168 600 1345 639 penuriam.
1357 612 1370 628 >³
1388 601 1428 631 Ut
1437 599 1608 639 refriqeret
1615 599 1761 639 linquam

991 660 1107 689 meam,
1123 654 1159 682 ut
1174 652 1218 682 sic
1234 662 1274 683 ex
1288 653 1455 683 afflictione
1472 652 1597 691 linguae
1612 653 1761 692 appareat

991 705 1143 735 rectitudo
1165 705 1282 736 divinae
1302 705 1445 744 Justitiae.
1464 705 1552 736 Unde
1573 705 1683 735 Petrus
1697 705 1761 735 Ra-

992 766 1113 788 vennas
1128 757 1149 774 ¹⁶
1166 768 1196 788 :ct
1211 757 1244 788 Si
1255 759 1323 797 Jam
1340 759 1370 788 te
1385 759 1489 788 totum
1510 757 1647 796 possidet
1662 757 1762 787 infer-

991 819 1067 848 nu5‚
1087 819 1186 849 quare
1200 810 1297 841 solius
1311 810 1433 849 linguae
1451 810 1610 841 desideras
1631 810 1762 840 aestibus

992 863 1177 894 subveniri?
1190 872 1231 893 an
1245 863 1321 902 quia
1332 863 1445 901 lingua
1460 863 1563 901 magis
1575 862 1674 900 ardet,
1690 872 1763 902 quae

992 916 1122 955 pauperi
1135 915 1311 953 insultavit,
1323 924 1397 955 quae
1410 915 1661 946 misericordiam
1673 915 1765 946 dene-

994 969 1105 1007 gavit?
1119 968 1193 998 Haec
1203 968 1352 1008 praecedit
1364 968 1403 998 ad
1414 967 1584 1007 judicium,
1598 977 1670 1007 quae
1685 977 1766 1007 prae-

993 1022 1085 1052 cessit
1095 1021 1133 1051 ad
1144 1022 1320 1060 peccatum.
1332 1020 1406 1051 Haec
1416 1021 1521 1060 primo
1532 1021 1682 1059 degustat
1693 1029 1766 1051 cru-

993 1074 1092 1104 ciatus
1104 1097 1112 1111 ,
1129 1082 1201 1113 quae
1217 1073 1373 1112 pretiosos
1387 1073 1472 1103 cibos
1488 1075 1518 1103 et
1533 1073 1689 1103 odorifera
1707 1082 1763 1112 po-

994 1126 1063 1156 cula
1077 1126 1278 1165 degustavit,
1296 1136 1310 1153 n
1330 1125 1505 1156 secundum
1529 1125 1607 1155 illud
1624 1125 1645 1144 ¹⁵
1661 1135 1691 1156 ια
1705 1125 1766 1156 Per

993 1188 1066 1218 quae
1086 1180 1192 1218 peccat
1212 1178 1298 1218 quis,
1320 1187 1376 1218 per
1397 1178 1467 1208 haec
1489 1180 1520 1209 et
1543 1179 1721 1218 torquetur.
1747 1189 1761 1206 n

994 1231 1081 1262 Unde
1101 1231 1185 1262 Beda
1208 1231 1242 1261 in
1267 1231 1375 1261 Glossa
1392 1241 1399 1261 ε
1419 1230 1530 1261 «Nota
1555 1231 1659 1271 quod,
1685 1231 1767 1261 sicut

994 1293 1063 1314 mos
1077 1286 1138 1321 est,
1156 1284 1238 1314 inter
1254 1283 1402 1314 convivia
1416 1283 1601 1323 loquacitati
1624 1283 1763 1322 studuit,

994 1340 1024 1366 et
1034 1336 1104 1366 ideo
1118 1336 1199 1375 apud
1213 1336 1330 1366 inferos
1344 1336 1476 1374 gravius
1490 1336 1522 1365 in
1532 1336 1647 1375 lingua
1657 1336 1766 1367 ardere

994 1389 1188 1428 perhibetur.
1210 1399 1224 1415 n
1251 1387 1339 1418 Unde
1354 1388 1469 1418 dicitur
1486 1388 1506 1404 ¹⁶
1527 1399 1556 1418 z«
1571 1388 1606 1418 In
1623 1389 1766 1419 multilo-

994 1440 1069 1480 quio
1085 1449 1148 1470 non
1161 1439 1259 1470 deerit
1273 1441 1448 1479 peccatum.
1466 1450 1480 1469 ›>
1496 1439 1580 1479 Quia
1595 1441 1720 1471 crucior
1733 1441 1766 1471 in

995 1494 1053 1524 hac
1065 1493 1218 1533 flamma,
1240 1494 1276 1522 ut
1294 1492 1338 1522 sic
1363 1494 1513 1532 appareat
1536 1493 1627 1531 rigor
1649 1493 1767 1524 dlvinae

994 1547 1141 1578 vindictae
1156 1545 1178 1562 ¹⁷
1195 1556 1224 1576 :a
1238 1545 1340 1576 Pones
1363 1554 1417 1575 eos
1438 1547 1475 1575 ut
1499 1545 1659 1576 clibanum
1680 1546 1767 1585 ignis

994 1600 1028 1630 in
1043 1601 1184 1639 tempore
1200 1598 1307 1629 vultus
1330 1598 1386 1629 tui.
1404 1609 1418 1627 5>
1444 1598 1482 1628 Et
1498 1598 1521 1616 ¹⁸
1538 1609 1568 1629 εει
1583 1598 1671 1637 Ignis
1693 1608 1765 1629 suc-

995 1661 1107 1683 census
1122 1652 1216 1682 estin
1238 1652 1346 1682 furore
1368 1660 1457 1688 meo,
1481 1652 1511 1681 et
1525 1651 1647 1682 ardebit
1664 1661 1767 1691 usque

995 1705 1033 1735 ad
1048 1705 1163 1735 inferni
1178 1704 1361 1735 novissima.
1378 1715 1392 1733 1>
1418 1704 1576 1735 Praeterea
1590 1704 1705 1734 dicitur
1719 1704 1740 1723 ¹⁹
1757 1715 1764 1734 :

1000 1770 1014 1786 (ι
1028 1757 1170 1787 Humilia
1192 1757 1285 1787 valde
1308 1757 1455 1796 spiritum
1478 1759 1590 1795 tuum,
1614 1757 1766 1797 quoniam

995 1810 1134 1841 vindicta
1149 1810 1253 1840 carnis
1274 1810 1381 1849 impii,
1401 1809 1487 1848 ignis
1503 1811 1534 1840 et
1548 1810 1679 1841 vermis.
1695 1821 1709 1838 n
1728 1809 1767 1840 Et

995 1865 1070 1894 nota
1085 1863 1168 1902 quod
1181 1862 1312 1892 ssamma
1321 1862 1390 1892 haec
1406 1863 1473 1892 erat
1486 1871 1574 1900 vera,
1591 1863 1645 1893 sed
1654 1862 1767 1901 lingua

995 1918 1062 1947 erat
1087 1915 1295 1954 imaginaria,
1320 1915 1395 1954 quia
1420 1923 1517 1946 verus
1540 1915 1627 1954 ignis
1652 1915 1767 1954 affligit

995 1969 1135 2008 spiritus,
1152 1967 1330 1998 secundum
1341 1967 1418 1998 illud
1430 1967 1452 1983 ²⁰
1465 1978 1495 1997 t«
1506 1967 1659 1999 Discedite
1672 1977 1690 1998 a
1702 1977 1764 2006 me,

994 2022 1169 2058 maledicti,
1195 2021 1228 2051 in
1251 2021 1363 2060 ignem
1388 2022 1565 2059 aeternum,
1597 2032 1612 2049 »
1637 2023 1695 2052 etc.
1728 2021 1766 2052 Et

995 2075 1101 2105 anima
1115 2074 1209 2104 etiam
1225 2073 1381 2112 affligitur
1401 2074 1460 2104 sub
1475 2073 1671 2112 imaginibus
1686 2083 1765 2113 quas

994 2128 1090 2158 traxit
1103 2137 1121 2157 a
1135 2136 1281 2166 corpore,
1298 2127 1474 2157 secundum
1492 2127 1570 2157 illud
1582 2127 1601 2143 ²¹
1619 2137 1649 2157 :a
1665 2127 1766 2166 Appa-

994 2182 1084 2211 rebat
1100 2181 1161 2211 illis
1175 2181 1359 2211 subitaneus
1376 2181 1480 2219 ignis,
1496 2180 1612 2210 timore
1624 2179 1737 2219 plenus
1755 2189 1763 2210 ε

995 2236 1025 2264 et
1039 2234 1151 2264 timore
1167 2233 1307 2273 percussi
1328 2233 1433 2271 illius,
1457 2241 1530 2272 quae
1546 2241 1611 2263 non
1633 2232 1765 2263 videba-

996 2290 1058 2325 tur,
1079 2287 1186 2324 faciei,
1208 2287 1407 2317 aestimabant
1429 2285 1584 2316 deteriora
1609 2294 1675 2316 esse
1692 2294 1765 2325 quae

995 2341 1196 2371 videbantur.
1213 2350 1227 2367 ι)
1246 2339 1284 2369 Et
1297 2340 1367 2378 post
1382 2349 1389 2369 ι
1406 2350 1420 2367 α
1435 2338 1496 2378 Ipsi
1511 2347 1590 2377 ergo
1602 2338 1662 2369 sibi
1676 2341 1765 2369 erant

996 2394 1160 2434 graviores
1174 2393 1322 2423 tenebris.
1341 2403 1355 2420 »
1374 2391 1462 2422 Unde
1475 2401 1515 2422 ex
1529 2392 1588 2423 hoc
1603 2391 1766 2431 colligitur

995 2448 1079 2488 quod
1094 2448 1127 2477 iu
1149 2446 1317 2476 afflictione
1336 2446 1547 2485 reproborum
1570 2445 1665 2476 simul
1688 2455 1763 2476 con-

995 2501 1094 2531 currit
1103 2508 1196 2539 poena
1208 2507 1296 2535 vera,
1310 2500 1341 2528 et
1354 2498 1559 2537 imaginaria,
1572 2497 1669 2528 simul
1683 2497 1764 2528 actio

995 2568 1092 2592 xxvnl,
1112 2563 1150 2585 27.
1172 2573 1198 2578 —
1226 2561 1243 2575 ¹‘
1264 2561 1332 2584 Petr.
1356 2560 1483 2591 Chrysol„
1501 2566 1577 2583 serm.
1592 2565 1667 2589 vax,
1681 2559 1765 2590 quoad

996 2604 1108 2621 sensum.
1118 2609 1148 2614 —
1162 2596 1180 2613 ’ὅ
1191 2596 1261 2627 Sap„
1274 2601 1311 2626 xl,
1322 2597 1358 2620 17.
1371 2608 1400 2613 —
1415 2595 1435 2611 ²⁶
1447 2596 1530 2624 Prov„
1540 2596 1615 2625 x‚19.
1625 2607 1656 2612 --
1672 2594 1688 2608 ¹'
1698 2593 1764 2618 Psal.

996 2640 1038 2661 xx,
1055 2634 1092 2656 10.
1107 2644 1137 2650 —
1152 2631 1174 2648 ¹⁸
1186 2631 1268 2661 Dent„
1284 2637 1368 2661 xxxn,
1383 2632 1421 2655 22.
1436 2643 1466 2648 —
1482 2630 1500 2646 ¹⁹
1514 2629 1604 2660 Eccli„
1620 2634 1665 2660 vn,
1685 2630 1723 2654 19.
1734 2641 1765 2647 -

997 2668 1014 2682 ²·
1029 2667 1129 2696 Matth„
1142 2672 1205 2696 xxv,
1218 2668 1256 2691 4¹.
1270 2679 1296 2685 -
1312 2666 1332 2683 ²²
1346 2666 1415 2697 Sap„
1430 2671 1495 2696 xvn,
1507 2666 1531 2695 6,
1544 2666 1581 2690 20.

1800 2349 1884 2374 Repro-

1794 2378 1871 2398 horum

1780 2408 1875 2429 afflictim
