1987 3032
201 210 259 240 168

199 284 357 315 magnus,
374 275 478 315 qualis
493 283 656 314 nunquam
674 273 750 311 fuit,
773 282 814 303 ex
830 282 893 312 quo
907 273 965 303 ho-

199 329 301 359 mines
315 328 443 359 fuerunt
459 336 554 367 super
577 329 704 357 terram.
721 336 735 353 n
758 325 848 356 Nono
862 349 870 360 ‚
888 325 968 356 adae-

199 382 351 422 quabitur
372 384 471 419 terra,
490 382 519 411 et
539 382 616 410 tunc
633 379 816 418 implebitur
837 378 914 409 illud
929 380 937 395 ¹
957 388 964 409 :

203 435 337 466 «Omnis
351 434 441 465 vallis
453 433 654 470 exaltabitur,
671 434 702 462 et
716 432 819 463 omnis
833 441 925 462 mons
937 434 968 462 et

199 488 286 519 collis
308 487 541 518 humiliabitur.
563 496 578 514 1)
594 485 653 515 Et²
670 495 676 514 z
699 483 836 515 «Omnis
857 493 966 521 mons,

200 543 230 572 et
246 540 360 571 insulae
376 540 413 570 de
428 539 493 569 suis
507 538 583 569 locis
599 540 693 568 motae
704 540 815 568 sunt.»
830 537 966 575 Decimo,

200 594 334 625 exibunt
355 592 502 623 homines
515 592 554 622 de
569 591 713 622 cavernis
731 591 814 628 suis,
834 592 864 621 et
877 590 969 620 ibunt

200 646 288 677 velut
301 647 459 683 amentes,
477 646 507 675 et
527 653 592 674 non
606 645 755 684 poterunt
779 643 837 673 sibi
857 644 969 673 mutuo

199 699 308 738 loqui3
325 700 355 729 et
369 698 429 728 hoc
442 706 509 737 prae
532 699 661 736 stupore
684 696 811 726 illorum
836 695 969 725 mirabi-

200 752 280 783 lium
292 776 300 790 ,
317 760 391 792 quae
405 751 559 782 videbunt
573 752 603 780 et
620 748 850 789 expectabunt3
866 749 897 778 et
910 747 971 778 hoc

200 807 288 836 notat
305 805 374 842 hic,
390 813 463 834 cum
478 803 594 834 dicitur
610 813 615 832 :
635 801 853 834 Arescentz'bus
868 800 971 831 homi—

201 858 293 889 nibus
306 867 379 898 proe
393 858 516 888 timore.
537 855 710 886 Undecimo
724 854 906 894 aperientur
922 862 971 883 se-

201 912 311 951 pulcra
325 935 333 949 ,
358 913 389 941 et
412 910 541 940 stabunt
555 918 627 939 ossa
646 917 742 947 super
763 916 820 945 ea,
842 909 873 936 et
896 908 971 937 tunc

201 964 384 1003 implebitur
405 962 482 993 illud
496 963 530 992 ⁵:
551 961 657 992 «Ecce
679 969 741 999 ego
760 959 900 1000 aperiam
925 961 973 989 tu-

201 1017 306 1047 mulos
321 1017 461 1053 vestros,
483 1017 513 1045 et
531 1015 663 1045 educam
683 1022 741 1043 vos
760 1013 798 1043 de
820 1011 972 1051 sepulcris

201 1071 313 1101 vestris
325 1093 333 1106 ,
356 1069 470 1109 popule
489 1077 590 1099 meus.
607 1079 621 1095 »
640 1067 850 1103 Duodecimo,
875 1065 973 1096 stellae

202 1123 312 1154 cadent
325 1122 363 1153 de
387 1122 466 1152 coelo
478 1121 488 1137 ⁴
505 1132 511 1151 :
532 1132 546 1149 c(
562 1120 666 1151 Stellae
681 1120 792 1150 cadent
812 1119 850 1149 de
874 1119 970 1155 coelo,

202 1179 232 1207 et
241 1177 374 1206 virtutes
390 1175 543 1205 coelorum
554 1173 853 1205 commovebuntur.
866 1182 880 1199 »
899 1171 974 1202 Ter-

201 1229 380 1266 tiodecimo,
393 1228 569 1258 morientur
584 1226 741 1263 homines,
758 1227 787 1255 et
803 1234 876 1255 cum
891 1234 974 1255 mor-

202 1283 264 1313 tuis
280 1283 460 1320 resurgent,
477 1280 640 1320 quoniam,
656 1280 736 1309 sicut
750 1279 826 1308 dicit
839 1279 974 1318 Aposto-

201 1336 268 1372 lus,
286 1335 460 1366 secundum
475 1334 568 1364 aliam
583 1332 824 1364 translationem
834 1333 855 1370 ⁵,
874 1344 888 1360 «
898 1332 971 1363 Om-

202 1398 259 1419 nes
274 1388 403 1428 quidem
427 1388 615 1423 moriemur,
632 1387 686 1417 sed
707 1395 773 1416 non
788 1395 899 1416 omnes
913 1386 973 1415 im—

202 1441 412 1472 mutabimur.
428 1440 463 1470 In
474 1441 647 1477 momento,
661 1439 693 1468 in
705 1439 769 1468 ictu
778 1438 871 1475 oculi,
886 1449 900 1466 »
914 1441 972 1468 etc.

203 1494 461 1532 Quartodecimo,
486 1492 608 1523 ardebit
632 1492 748 1522 coelum
768 1493 798 1521 et
816 1494 920 1528 terra,
944 1491 975 1521 id

203 1550 264 1584 est,
281 1547 462 1586 superficies
480 1548 573 1576 terrae
595 1548 626 1575 et
644 1545 726 1575 aeris
740 1545 750 1561 ⁶
768 1555 774 1575 z
797 1544 976 1574 «Adveniet

203 1601 270 1631 dies
291 1599 417 1630 Domini
431 1601 467 1629 ut
482 1599 543 1636 sur,
560 1598 592 1628 in
608 1606 672 1637 quo
688 1597 758 1628 coeli
779 1606 897 1636 magno
914 1597 974 1626 im-

204 1655 279 1692 petu
292 1652 456 1689 transient,
473 1651 627 1682 elementa
643 1659 719 1681 vero
731 1650 832 1681 calore
849 1650 974 1680 solven-

205 1707 276 1742 tur3
293 1707 376 1735 terra
386 1706 505 1741 autem,
520 1705 551 1734 et
565 1712 638 1743 quae
653 1703 686 1733 in
697 1703 765 1742 ipsa
780 1706 855 1733 sunt
866 1711 974 1742 opera,

205 1760 390 1789 exurentur.
408 1770 422 1786 »
449 1757 689 1794 Quintodecimo
704 1757 771 1794 die,
791 1757 845 1787 fiet
859 1756 975 1786 coelum

205 1820 325 1843 novum
340 1813 371 1841 et
386 1813 469 1841 terra
482 1819 577 1847 nova,
589 1812 619 1840 et
633 1812 804 1848 resurgent
816 1809 975 1847 homines,

206 1867 237 1895 et
255 1866 310 1895 fiet
324 1865 492 1904 judicium.
513 1863 555 1894 De
572 1864 633 1894 hoc
647 1863 783 1894 loannes
798 1863 830 1893 111
848 1864 976 1903 Apoca—

207 1918 291 1958 lypsi
301 1921 311 1936 ⁷
328 1927 336 1948 ε
350 1918 451 1949 «Vidit
466 1917 582 1948 coelum
596 1926 729 1954 novum,
746 1919 776 1946 et
790 1918 906 1946 terram
922 1924 977 1945 110-

206 1981 292 2003 vam.
306 1982 320 1999 »
340 1970 492 2010 Sequitur
505 1982 535 2001 z«
551 1970 588 2001 Et
603 1979 690 2000 mors
700 1970 784 2000 ultra
798 1979 862 2000 non
876 1969 945 2000 erit.
960 1980 974 1996 n

246 2027 296 2055 28.
326 2025 385 2056 His
411 2028 518 2054 (tutem
542 2024 615 2062 fieri
643 2022 863 2062 incipientibus
879 2046 889 2059 ,
918 2024 976 2051 etc.

208 2077 380 2116 Postquam
400 2076 568 2116 discipulos
590 2076 728 2107 erudivit
747 2076 786 2106 ad
808 2075 976 2115 providen-

207 2130 297 2168 tiam,
322 2130 374 2160 hie
398 2129 535 2160 secundo
559 2129 657 2167 erigit
678 2129 717 2159 ad
737 2128 976 2165 confidentiam3

208 2185 239 2213 et
261 2183 321 2213 hoc
338 2183 467 2222 quidem
490 2182 563 2212 facit
586 2181 760 2221 tripliciter,
787 2181 901 2211 scilicet
923 2190 979 2212 ex-

209 2235 389 2266 hortatione
408 2235 614 2272 consolativa,
636 2234 843 2264 similitudine
865 2243 978 2264 manu-

209 2287 347 2325 ductiva,
363 2289 393 2317 et
407 2287 578 2318 assertione
593 2286 805 2317 certificativa.

251 2339 356 2370 Primo
379 2350 469 2379 ergo,
486 2342 643 2379 quantum
666 2339 704 2369 ad
726 2339 979 2369 exhortationem

209 2392 463 2429 consolatoriam,
482 2393 557 2423 dicit
578 2404 585 2423 z
605 2392 662 2423 His
683 2396 790 2422 autem
811 2392 884 2430 fieri
904 2392 980 2422 inci-

208 2445 378 2485 pientibus,
394 2445 552 2484 suspicite,
568 2449 597 2475 et
621 2445 719 2475 levate
739 2445 844 2484 capita
863 2448 978 2482 vestra,

211 2506 251 2528 ex
266 2497 424 2527 hilaritate
438 2497 550 2534 cordis,
566 2498 640 2536 quia
661 2498 738 2528 dum
760 2498 871 2529 finitur
885 2507 979 2528 mun-

243 2598 250 2612 1
266 2596 325 2625 Ιεα,,
341 2602 383 2626 xL,
400 2597 422 2619 11.
437 2608 466 2613 -
480 2596 487 2609 ³
499 2595 584 2626 Apoe„
600 2601 635 2626 vx,
652 2597 688 2619 Η.
701 2609 730 2614 -
745 2596 752 2610 ³
768 2597 864 2625 Ezeclz„
880 2602 979 2627 xxxvn,

214 2633 250 2656 12.
267 2644 298 2649 —-
317 2631 328 2648 δ
346 2630 447 2660 Mamm,
469 2636 541 2659 xxlv,
563 2632 601 2653 29.
621 2643 651 2647 —
670 2631 679 2646 ⁵
701 2632 707 2654 1
735 2632 802 2661 σωκ,
825 2638 867 2662 xv,
894 2634 932 2655 5¹.
950 2645 980 2649 —

213 2677 221 2692 ο
240 2666 255 2688 ΙΙ
274 2667 349 2694 l’ctr„
365 2672 402 2695 ιιι,
419 2667 452 2689 10.
467 2666 610 2695 -⁷sll)ut·.,
625 2667 745 2695 xx1,1,-i.
762 2668 809 2684 -Α
825 2668 911 2697 Sap,
925 2674 947 2691 xi
963 2675 979 2697 i,

743 205 955 237 EVANGELII
978 204 1116 236 SANCTI
1138 205 1250 237 LUCAE

1024 272 1103 310 dus,
1119 274 1212 312 quus
1235 273 1327 304 amici
1355 282 1419 304 non
1443 274 1531 311 estis,
1555 282 1652 314 prope
1673 276 1720 305 est
1742 283 1790 305 re-

1024 325 1162 365 demptio
1185 328 1289 357 vestra
1312 336 1409 367 quam
1437 327 1605 367 quaesistis.
1641 326 1792 367 Respicite

1024 387 1102 417 ergo
1124 387 1178 417 per
1197 388 1305 409 veram
1324 380 1418 410 fidem
1431 403 1438 417 ‚
1464 380 1639 411 secundum
1663 379 1740 410 illud
1755 378 1787 410 ⁸:

1030 443 1044 459 «
1060 431 1197 470 Respice,
1214 431 1290 461 fides
1305 434 1360 462 tua
1375 435 1404 462 te
1419 433 1544 463 salvum
1560 433 1642 463 fecit.
1663 444 1677 460 »
1689 432 1793 472 Respi-

1025 483 1094 519 cite,
1110 482 1250 521 inquam,
1268 483 1375 513 sutura
1391 492 1464 522 quae
1480 492 1542 514 non
1567 484 1725 521 videntur,
1742 493 1791 514 se-

1026 535 1167 565 cundum
1182 535 1257 565 illud
1274 537 1284 554 ⁹
1302 546 1308 565 :
1323 547 1337 564 α
1355 535 1425 566 Non
1441 537 1725 577 contemplantibus
1740 546 1795 568 no-

1024 588 1074 618 bis
1098 596 1170 627 quae
1195 588 1359 625 videntur,
1380 589 1433 619 sed
1453 598 1525 629 quae
1547 598 1613 620 nou
1634 590 1793 621 videntur.

1027 640 1105 677 Quae
1126 641 1212 671 euim
1229 641 1388 679 videntur,
1405 652 1419 670 »
1443 644 1499 672 etc.
1525 642 1562 672 Et
1584 642 1644 673 hoc
1666 642 1795 682 quidem

1026 694 1081 724 fiet
1094 702 1150 733 per
1164 693 1271 731 fidem,
1285 694 1323 724 de
1337 703 1400 734 qua
1415 695 1528 726 dicitur
1543 696 1563 712 ¹⁰
1577 706 1583 726 :
1596 706 1610 724 α
1622 694 1674 726 Est
1689 696 1797 726 autem

1028 746 1105 776 fides
1119 747 1348 786 sperandarum
1368 748 1543 779 substantia
1557 757 1676 786 rerum,
1693 756 1798 787 argu-

1028 803 1172 831 mentum
1187 809 1252 832 non
1267 802 1496 841 apparentium.
1510 814 1524 831 »
1543 802 1680 833 Levatur
1690 804 1798 833 autem

1029 863 1085 893 per
1106 862 1212 893 spem;
1229 857 1259 884 et
1276 855 1431 885 rationem
1447 855 1544 894 hujus
1561 856 1667 886 subdit
1683 867 1689 886 :
1711 855 1798 895 Quo-

1028 907 1117 937 niam
1141 908 1380 947 appropinquat
1400 908 1574 947 redemptio
1600 911 1704 938 vestra
1729 916 1740 938 .·
1760 907 1800 938 ad

1029 969 1126 999 quam
1141 969 1211 999 spes
1226 962 1331 991 vestra
1346 961 1496 1001 suspirat.
1514 960 1603 991 Unde
1617 961 1656 991 ad
1680 960 1799 992 Romet-

1029 1022 1085 1043 nos
1110 1014 1128 1029 ¹¹
1155 1023 1162 1043 ε
1191 1025 1205 1042 (ι
1221 1014 1370 1044 Creatura
1391 1014 1586 1052 ingemiscit,
1613 1016 1643 1044 et
1665 1013 1802 1053 parturit

1029 1075 1131 1105 usque
1146 1066 1261 1096 adhuc.
1285 1065 1354 1096 Non
1369 1066 1474 1096 solum
1496 1068 1603 1097 autem
1621 1066 1685 1104 illa,
1704 1066 1757 1097 sed
1770 1068 1802 1097 et

1030 1119 1162 1158 nosipsi
1183 1119 1339 1158 primitias
1357 1119 1488 1158 spiritus
1507 1119 1668 1157 habentes,
1685 1122 1717 1150 et
1741 1119 1802 1159 ipsi

1030 1172 1112 1201 intra
1127 1180 1185 1201 nos
1197 1172 1368 1211 gemimus,
1383 1172 1585 1211 adoptionem
1596 1172 1734 1202 {iliorum
1747 1172 1801 1202 Dei

1030 1227 1242 1264 expectantes,
1260 1225 1510 1263 redemptionem
1527 1226 1668 1264 corporis
1688 1224 1799 1255 nostri.

1030 1278 1092 1317 Spe
1106 1279 1191 1308 enim
1215 1278 1293 1308 salvi
1317 1279 1389 1308 sacti
1413 1287 1534 1308 sumus.
1559 1288 1573 1305 »
1598 1277 1672 1308 Haec
1693 1279 1801 1308 autem

1030 1339 1101 1370 spes
1129 1331 1200 1361 facit
1227 1331 1445 1361 tribulationes
1472 1331 1625 1370 patienter
1653 1330 1725 1361 ferri
1743 1332 1766 1349 ¹²
1793 1341 1800 1360 :

1035 1398 1049 1413 «
1064 1385 1125 1424 Spe
1140 1385 1326 1423 gaudentes5
1338 1385 1372 1415 in
1386 1384 1589 1415 tribulatione
1606 1384 1770 1424 patientes.
1783 1395 1797 1412 ι)

1032 1438 1069 1468 Et
1083 1438 1165 1468 ratio
1182 1438 1280 1477 hujus
1295 1440 1340 1467 est
1357 1437 1377 1453 ¹³
1394 1448 1399 1467 :
1423 1448 1436 1466 a
1452 1437 1531 1474 Quia
1549 1446 1614 1467 non
1630 1440 1704 1468 sunt
1726 1446 1801 1468 con-

1030 1491 1137 1529 dignae
1152 1491 1313 1530 passiones
1329 1491 1426 1529 hujus
1442 1491 1592 1531 temporis
1606 1491 1645 1521 ad
1661 1492 1802 1522 futuram

1031 1544 1177 1582 gloriam,
1189 1552 1263 1583 quae
1280 1544 1472 1574 revelabitur
1487 1544 1521 1574 in
1536 1544 1637 1574 nobis.
1653 1543 1734 1574 Nam
1748 1552 1803 1574 ex-

1031 1597 1163 1636 pectatio
1177 1599 1341 1633 creaturae,
1355 1597 1580 1628 revelationem
1595 1597 1735 1628 filiorum
1747 1596 1803 1627 Dei

1031 1652 1184 1690 expectat.
1203 1661 1216 1678 »
1238 1650 1355 1680 Debent
1369 1650 1471 1688 igitur
1489 1650 1528 1689 (a)
1546 1650 1606 1680 viri
1623 1649 1803 1689 spirituales

1031 1704 1137 1734 levare
1163 1704 1265 1743 capita
1295 1712 1351 1743 per
1378 1704 1505 1733 firmam
1537 1703 1800 1742 expectationem.

1032 1756 1149 1786 Debent
1170 1756 1264 1786 etiam
1292 1756 1327 1794 (b)
1354 1755 1459 1786 levare
1481 1755 1590 1792 oculos
1610 1764 1666 1795 per
1685 1755 1803 1785 claram

1032 1809 1325 1846 considerationem,
1342 1810 1515 1840 secundum
1530 1809 1608 1839 illud
1625 1811 1647 1828 ¹⁶
1665 1820 1671 1839 :
1689 1808 1759 1839 «Ad
1774 1810 1804 1838 te

1032 1862 1136 1893 levavi
1151 1862 1260 1893 oculos
1275 1871 1372 1899 meos,
1389 1873 1403 1890 »
1423 1865 1480 1893 etc.
1498 1861 1536 1892 Et
1552 1862 1572 1881 ¹⁵
1591 1871 1620 1891 ια
1635 1860 1720 1891 Leva
1731 1870 1804 1891 ocu-

1032 1915 1079 1945 los
1106 1918 1194 1952 tuos;
1223 1926 1236 1942 n
1269 1915 1415 1945 subditur
1445 1926 1454 1944 :
1480 1927 1494 1944 «
1523 1914 1657 1945 Omnem
1687 1917 1803 1944 terram

1033 1977 1129 2007 quam
1144 1968 1308 2007 conspicis,
1326 1968 1382 1998 tibi
1398 1968 1487 2005 dabo,
1505 1978 1519 1996 n
1541 1970 1599 1998 etc.
1622 1967 1741 1998 Debent
1755 1966 1802 1997 le-

1033 2030 1109 2052 vare
1122 2029 1231 2051 vocem
1243 2030 1299 2060 per
1314 2020 1485 2060 Scripturae
1498 2020 1754 2060 praedicationem
1764 2020 1800 2050 ¹⁸:

1038 2086 1052 2102 «
1066 2073 1135 2105 Vox
1150 2073 1384 2113 speculatorum
1400 2075 1530 2103 tuorum
1543 2073 1730 2103 levaverunt
1743 2081 1804 2104 vo-

1034 2135 1114 2163 cem,
1131 2126 1225 2157 simul
1242 2126 1429 2156 laudabunt.
1447 2136 1461 2153 »
1480 2125 1599 2155 Debent
1612 2125 1717 2155 levare
1732 2134 1804 2155 ma-

1034 2189 1094 2210 nus
1109 2180 1146 2209 ad
1170 2180 1340 2219 perfectam
1356 2178 1572 2218 operationem
1588 2178 1608 2196 ¹⁷
1626 2188 1633 2207 z
1655 2189 1669 2206 (ι
1683 2177 1734 2208 Sic
1749 2178 1803 2208 be-

1034 2233 1177 2263 nedicam
1198 2235 1228 2262 te
1247 2233 1280 2262 in
1303 2232 1368 2263 vita
1386 2241 1457 2261 mea
1472 2255 1479 2267 ‚
1504 2233 1534 2261 et
1547 2231 1581 2260 in
1601 2230 1731 2261 nomine
1749 2233 1804 2261 tuo

1034 2287 1146 2317 levabo
1157 2296 1273 2317 manus
1284 2295 1403 2316 meas.»
1419 2285 1456 2315 Et
1470 2285 1530 2316 1100
1544 2288 1590 2315 est
1605 2285 1689 2324 quod
1704 2285 1805 2315 maxi-

1035 2349 1085 2371 mo
1096 2349 1153 2370 nos
1159 2348 1286 2370 sursum
1295 2339 1337 2369 cri
1343 2339 1404 2377 git;
1416 2340 1544 2378 propter
1551 2338 1754 2377 quoddicitur
1762 2339 1800 2369 ¹⁸:

1039 2404 1053 2422 «
1070 2392 1147 2423 volo
1168 2393 1254 2423 viros
1278 2401 1368 2422 orare
1396 2391 1428 2421 in
1449 2390 1536 2421 omni
1557 2390 1643 2427 loco,
1666 2390 1804 2421 levantes

1035 2455 1130 2485 puras
1158 2454 1290 2482 manus,
1316 2445 1383 2475 sine
1404 2444 1451 2474 ira
1476 2446 1506 2474 et
1533 2442 1768 2482 disceptatione.
1784 2454 1798 2471 ι)

1038 2522 1074 2545 ¹22.
1094 2535 1122 2538 —
1138 2523 1146 2535 ζ’
1162 2522 1180 2544 11
1193 2522 1261 2551 Cor„
1277 2527 1312 2547 lv,
1327 2523 1361 2544 ts.
1376 2534 1402 2537 —-
1422 2521 1440 2536 ¹⁰
1460 2519 1542 2548 Hebr..
1557 2525 1591 2549 Χῖ,
1613 2522 1632 2543 i.
1648 2532 1677 2535 —
1689 2519 1705 2534 '¹
1718 2519 1796 2548 Rom„

1037 2563 1094 2586 viii,
1107 2558 1190 2580 :2-2117.
1206 2571 1231 2574 —
1247 2558 1264 2572 ¹²
1281 2557 1353 2587 ibid„
1370 2563 1417 2585 xii,
1434 2557 1470 2579 12.
1486 2554 1703 2584 —1³lbid.,x'111,
1722 2555 1802 2578 18-19.

1037 2592 1267 2620 ¹⁶1’w!.‹;xx=l‚i.
1285 2592 1427 2620 —15Ge11.‚
1442 2596 1498 2619 xm,
1516 2590 1552 2613 11.
1566 2601 1594 2606 -
1611 2590 1624 2605 ¹*
1644 2590 1701 2618 lsa„
1718 2594 1763 2618 Lit,
1779 2590 1802 2612 ὃ.

1038 2642 1062 2645 -e
1085 2628 1101 2643 ’Ἴ
1121 2627 1186 2650 l’xal.
1203 2633 1266 2655 ΜΨ,
1283 2629 1304 2649 ᾗ).
1323 2625 1534 2654 -121T1'171.‚11‚
1548 2626 1570 2647 S.

1068 2669 1099 2697 (a)
1117 2670 1174 2689 l'rtl.
1204 2667 1220 2687 «Ι
1235 2677 1248 2689 κ
1267 2669 1351 2690 utiam.
1369 2679 1396 2683 —
1413 2665 1472 2688 (scel.
1488 2664 1546 2687 cdd.
1560 2664 1624 2687 deest
1639 2665 1713 2688 ctiam
