1987 3032
657 232 861 264 EXPOSITIO
883 231 923 262 IN
944 232 1029 263 CAP.
1049 233 1128 264 XIX.

97 309 176 339 ergo
190 300 320 331 mandat
340 298 511 338 discipuliS,
527 301 564 329 ut
588 298 723 336 solvant,
749 307 862 329 secun-

97 353 175 383 dum
204 352 282 382 illud
301 353 309 368 ¹
336 360 344 381 ε
370 362 384 380 ((
406 351 623 391 Quaecumque
637 351 798 389 ⁴solveritis
823 351 861 390 (α)

97 407 329 445 superterram,
342 406 437 435 erunt
451 404 553 435 soluta
568 407 598 435 et
612 405 645 434 in
660 405 749 435 coelo.
765 416 779 432 »
798 404 864 435 Hoc

96 461 201 489 autem
215 466 278 487 non
293 459 338 487 est
352 457 472 488 virtute
491 457 643 494 humana,
661 457 715 487 sed
736 457 859 494 divina;

96 512 222 550 propter
234 510 317 549 quod
333 510 407 540 dicit
419 510 477 540 Job
491 509 502 524 ²
516 519 527 540 .·
545 509 645 547 «Quis
658 509 776 540 dimisit
791 519 863 540 ona-

95 572 192 602 grum
206 563 353 599 liberum,
367 564 398 593 et
409 562 536 593 vincula
550 564 620 601 eJus
633 563 705 602 quis
720 563 832 593 solvit?
844 573 857 590 n

94 615 132 646 Et
145 618 220 646 tunc
236 616 291 655 qui
307 615 451 653 solvitur,
469 615 508 645 ad
522 615 629 645 Jesuin
645 615 812 646 adducitur
826 617 836 633 ³
853 625 860 645 ε

98 679 112 696 «
130 668 321 707 Aperientur
340 669 439 707 portae
455 669 520 698 tuae
540 668 675 707 Jugiter‚
696 669 732 698 ut
748 668 860 698 affera-

93 727 145 752 tur
160 722 198 752 ad
212 725 242 752 te
257 721 405 752 fortitudo
427 720 583 759 gentium,
598 722 629 751 et
643 729 735 760 reges
750 729 861 751 eorum

93 774 301 805 adducantur.
316 785 330 802 »

133 825 249 863 Ter-tio,
262 827 366 866 quoad
379 827 565 858 mandatum
577 826 802 866 potestativum
822 821 858 865 (h)

93 888 149 918 per
164 879 290 910 culmen
312 880 506 910 auctoritatis
526 879 696 919 praeeelsae‚
714 879 861 909 subditur

96 932 136 970 (v.
150 932 196 971 31)
215 941 221 960 :
234 933 279 963 Et
287 933 395 972 siquis
407 941 460 963 vos
475 932 718 972 interroqaverit
730 941 740 962 .·
754 932 861 970 Quare

92 985 235 1015 solvitis?
250 986 365 1016 seilicet
379 988 608 1016 contrectantes
619 995 687 1016 rem
702 985 838 1016 alienam
851 996 858 1015 ε

92 1038 148 1069 Sic
163 1037 271 1068 dicetis
286 1039 316 1069 εἰ
337 1050 348 1069 .·
368 1039 452 1077 Quia
476 1038 623 1068 dominus
639 1047 770 1078 operam
794 1038 861 1077 ejus

92 1090 260 1128 desiderat,
275 1093 311 1121 ut
324 1101 361 1122 eo
375 1093 486 1122 utatur
500 1094 653 1131 tanquam
669 1100 703 1121 re
718 1091 858 1130 propria.

93 1143 149 1173 Hic
163 1143 201 1173 ad
222 1143 360 1174 litteram
378 1144 513 1174 ostendit
535 1144 619 1183 quod
639 1143 780 1174 Christus
803 1144 861 1174 do-

93 1196 198 1226 minus
222 1198 289 1226 erat
312 1196 468 1234 omnium⁷
485 1197 560 1235 quia
579 1205 644 1236 qua
664 1196 785 1226 ratione
804 1197 860 1227 do-

93 1248 198 1278 minus
215 1250 281 1278 erat
295 1249 384 1286 asini,
398 1258 435 1279 ea
447 1251 513 1279 erat
526 1251 556 1279 et
568 1249 804 1280 universorum.
823 1249 861 1280 Et

92 1303 128 1331 ut
141 1301 307 1331 dominum
324 1311 357 1331 se
372 1301 531 1340 significet
545 1302 706 1339 omnium,
724 1311 859 1341 genera-

92 1353 162 1384 liter
172 1353 312 1392 seipsum
327 1355 418 1384 vocat
431 1353 613 1384 Dominum.
631 1354 719 1385 Unde
734 1355 801 1394 ipse
816 1356 861 1386 di-

93 1406 133 1435 cit
148 1406 186 1436 de
200 1415 233 1436 se
249 1411 259 1427 ⁴
276 1415 282 1435 z
304 1405 389 1436 «Vos
400 1406 519 1436 vocatis
528 1416 579 1437 me
596 1407 746 1446 Magister
761 1409 791 1438 et
805 1408 861 1438 Do-

92 1459 177 1489 mine
207 1468 214 1488 :
245 1460 275 1489 et
302 1459 381 1495 bene
409 1459 510 1489 dicitis
546 1470 558 1494 ε,
583 1469 656 1490 sum
683 1460 812 1490 etenim.
844 1472 859 1489 ))

92 1511 172 1542 Nam
187 1512 252 1551 ipse
267 1512 383 1551 estqui
402 1512 497 1542 habet
518 1512 551 1542 in
571 1513 761 1544 vestimento
780 1516 811 1544 et
826 1514 860 1544 in

90 1565 208 1595 femore
229 1573 287 1595 suo
314 1564 468 1603 scriptum
492 1565 524 1595 ⁵:
549 1576 563 1593 «
586 1564 653 1595 Rex
676 1574 804 1604 regum,
830 1569 860 1597 et

92 1618 243 1648 Dominus
263 1617 507 1648 dominantium.
527 1628 541 1645 n
560 1617 647 1648 Unde
662 1620 692 1648 et
714 1619 773 1649 sibi
788 1619 860 1649 dici-

92 1672 144 1700 tur
158 1669 236 1700 illud
251 1673 261 1689 ⁶
279 1681 286 1699 :
308 1681 322 1698 «
335 1669 478 1706 Domine,
494 1670 626 1701 Domine
641 1680 698 1701 rex
713 1672 860 1711 omnipo-

91 1725 170 1760 tens,
186 1722 219 1752 in
232 1722 348 1752 ditione
363 1722 448 1752 enim
462 1724 519 1752 tua
531 1726 644 1753 cuncta
658 1727 732 1754 sunt
748 1725 857 1764 posita,

92 1778 122 1805 et
136 1785 200 1805 non
215 1777 262 1806 est
274 1775 328 1815 qui
340 1776 436 1814 possit
448 1778 512 1806 tuae
524 1776 669 1807 resistere
681 1778 836 1808 voluntati
850 1789 856 1808 ε

94 1829 244 1859 Dominus
259 1829 404 1859 omnium
419 1831 455 1858 tu
470 1837 513 1859 es.
529 1840 543 1857 ›>
570 1829 751 1860 Secundum
775 1839 860 1870 mys-

92 1882 209 1912 terium
220 1883 324 1911 autem
339 1881 407 1910 haec
421 1881 512 1911 debet
526 1890 592 1911 esse
606 1883 770 1921 responsio
782 1893 860 1922 prae-

92 1933 264 1963 dicantium
279 1935 310 1963 et
333 1932 575 1971 absolventium,
593 1934 648 1973 qui
663 1944 727 1965 non
743 1936 860 1966 faciunt

94 1987 152 2017 hoc
168 1986 206 2016 ad
232 1986 327 2023 atiud,
344 1985 404 2015 nisi
418 1987 455 2015 ut
482 1986 522 2016 ad
550 1986 709 2017 Christum
733 1989 860 2019 trahant

95 2041 244 2078 tanquam
257 2038 296 2069 ad
307 2047 418 2069 verum
434 2038 615 2077 Dominum,
633 2040 688 2079 qui
704 2040 797 2071 hahet
810 2042 859 2072 de-

94 2091 245 2121 sidcrium
260 2090 451 2121 animarum.
468 2090 549 2121 Nam
562 2092 626 2130 ipse
641 2092 716 2122 dicit
729 2093 738 2108 ⁷
755 2103 763 2123 :
781 2105 795 2123 c<
805 2094 861 2125 De-

92 2144 171 2174 liciae
188 2153 267 2174 meae
283 2153 350 2174 esse
369 2153 441 2174 cum
463 2144 535 2174 filiis
558 2144 739 2176 hominum.
758 2158 772 2175 n
792 2147 859 2187 lpse

91 2197 247 2227 desiderat
260 2206 313 2227 cor
336 2197 474 2227 hominis
494 2199 505 2216 ⁸
522 2208 528 2227 :
550 2209 565 2226 «
588 2197 708 2237 Przetoe,
728 2200 771 2229 fili
802 2202 857 2238 mi,

92 2259 144 2280 cor
160 2252 251 2280 tuum
266 2249 345 2279 mihi
358 2260 372 2277 »
397 2260 403 2279 2
421 2249 496 2289 quia
509 2250 576 2289 ipse
593 2251 678 2281 solus
693 2254 739 2282 est
754 2252 860 2283 Domi-

92 2312 164 2333 nus.
182 2302 270 2333 Unde
290 2302 347 2332 ctsi
366 2302 510 2333 diabolus
532 2303 633 2342 ligare
659 2305 860 2343 permittatur

93 2363 149 2393 per
163 2356 300 2393 peccata,
316 2363 380 2383 non
395 2356 503 2384 tamen
516 2355 660 2385 vendicat
683 2356 742 2386 sibi
766 2366 860 2396 super

93 2406 280 2437 rationalem
305 2406 452 2445 spiritum
467 2406 645 2437 dominium
667 2417 792 2439 verum.
822 2409 860 2440 Et

94 2459 155 2490 hoc
167 2460 313 2499 estquod
328 2459 516 2490 Ambrosius
538 2460 612 2490 dicit
625 2463 635 2479 ⁹
654 2470 660 2490 :
682 2472 695 2490 «
710 2461 859 2494 Domina-

128 2542 133 2554 ·
150 2542 249 2570 Mami„
272 2548 348 2572 xviii,
377 2543 414 2566 18.
429 2555 459 2560 —
474 2542 482 2556 ²
500 2541 553 2571 Iob,
574 2548 664 2573 xxmx,
685 2545 709 2567 ὕ.
730 2557 760 2562 -
777 2545 784 2558 ⁴
800 2546 861 2570 Im„

96 2581 137 2604 Lx,
156 2579 192 2600 Η.
212 2590 242 2594 —-
258 2577 268 2593 ⁴
288 2578 368 2606 Jomz„
390 2583 448 2607 xltI,
471 2580 508 2602 13.
524 2591 554 2595 -
576 2579 584 2591 ⁵
601 2579 685 2610 Apoo„
703 2585 757 2610 XIX,
774 2582 811 2604 16.
830 2594 861 2598 -

97 2611 106 2624 ὃ
122 2610 202 2639 ΕεῑΙι.,
222 2617 283 2642 xiii,
306 2613 329 2642 9,
350 2614 387 2636 «11.
406 2625 436 2630 —-
455 2613 461 2626 ³
481 2613 564 2642 Pron„
584 2619 638 2643 vui,
661 2616 699 2638 31.
714 2627 744 2632 —
761 2616 769 2628 ³
787 2616 860 2646 thid„

95 2651 173 2675 xxui,
196 2647 233 2670 26.
251 2659 281 2664 —-
301 2648 309 2661 '³
330 2647 457 2679 Ambros.¹
480 2649 504 2671 in
528 2648 595 2680 Luc.5
618 2649 661 2672 lib.
684 2650 725 2680 lx,
746 2658 771 2674 n.
788 2652 810 2675 5.
833 2664 858 2668 —

97 2680 117 2697 ¹⁰
134 2681 140 2704 Ι
159 2680 227 2707 Cor„
242 2687 298 2713 vni,
313 2684 360 2707 5-6.
376 2696 406 2701 —
420 2684 440 2701 ¹¹
456 2684 523 2707 Psal.
542 2690 583 2714 xv,
599 2686 621 2708 2.
639 2698 669 2703 —
682 2686 701 2702 ¹²
719 2686 724 2709 Ι
745 2686 814 2716 Tim„
831 2693 860 2717 ιι,

1633 239 1690 267 117

919 300 989 328 tum
1021 299 1091 335 sibi,
1120 299 1234 339 inquit,
1264 299 1434 331 vendicare
1461 309 1526 331 non
1555 304 1688 340 poterat,

918 360 1016 390 quem
1029 351 1194 393 dominum
1211 352 1245 391 (e)
1263 352 1388 389 fecerat,
1404 361 1468 383 non
1488 355 1614 392 natura,
1636 355 1690 386 scd

918 403 1020 443 culpa.
1052 416 1066 432 »
1102 404 1139 435 Et
1166 405 1248 442 ideo,
1278 414 1352 435 cum
1385 406 1538 437 Dominus
1563 407 1687 446 dicitur,

918 457 1110 494 agnoscitur.
1127 457 1206 487 Nam
1221 457 1278 488 etsi
1293 457 1385 488 multi
1401 458 1462 495 dii,
1479 461 1509 488 ct
1525 460 1616 490 multi
1631 461 1686 491 do-

918 509 1008 546 mini,
1026 510 1215 547 generaliter
1228 512 1335 540 tamen
1349 520 1433 541 unus
1450 511 1541 549 Deus,
1561 515 1592 542 et
1604 522 1688 543 unus

917 561 1079 592 Dominus.
1100 562 1187 593 Unde
1207 563 1322 594 dicitur
1337 565 1358 583 ¹⁰
1377 575 1383 594 :
1404 575 1418 593 α
1433 564 1513 595 Nam
1532 566 1590 596 etsi
1615 569 1689 597 sunt

917 614 972 654 qui
984 614 1129 645 dicantur
1144 616 1197 653 dii,
1215 616 1283 646 sive
1305 616 1339 646 in
1353 616 1443 655 coelo,
1463 617 1529 647 sive
1543 618 1575 647 in
1590 620 1685 657 terra,

917 667 1073 706 siquidem
1089 670 1164 698 sunt
1177 668 1220 698 dii
1231 668 1322 699 multi
1337 671 1368 699 et
1380 670 1500 700 domini
1516 671 1619 708 multi,
1635 681 1688 702 no-

917 720 964 750 bis
974 722 1079 751 tamen
1090 730 1175 751 unus
1186 723 1232 751 est
1242 721 1333 759 Deus,
1343 721 1445 760 Pater,
1453 724 1483 752 et
1492 732 1575 753 unus
1585 724 1689 754 Domi-

916 782 977 803 nus
991 773 1081 804 Jesus
1095 773 1247 804 Christus.
1264 786 1278 802 »
1296 774 1353 804 Hic
1367 775 1515 805 dominus
1533 776 1622 806 nullo
1635 777 1688 807 in-

916 826 1052 865 indiget,
1068 827 1243 857 secundum
1258 826 1337 857 illud
1353 827 1373 843 ¹¹
1389 837 1422 857 t«
1442 827 1513 857 Dixi
1528 827 1661 859 Domino
1678 838 1684 858 ε

916 879 998 909 Deus
1014 888 1103 909 meus
1127 881 1222 917 estu,
1239 879 1391 918 quoniam
1418 880 1577 911 bonorum
1601 891 1687 912 meo-

915 940 989 962 rum
1004 940 1069 962 non
1083 940 1169 970 eges.
1186 942 1200 959 »
1215 931 1254 962 Et
1269 934 1375 962 tamen
1385 932 1540 963 desiderat
1557 943 1687 973 operam

915 986 1031 1014 nostrae
1048 984 1157 1014 salutis
1172 985 1192 1000 ¹2
1211 994 1241 1013 z«
1253 983 1369 1015 Omnes
1383 985 1529 1016 homines
1543 987 1615 1017 vult
1630 987 1688 1017 sal-

915 1045 973 1066 vos
1001 1037 1086 1074 fieri,
1114 1039 1145 1067 et
1170 1037 1209 1067 ad
1237 1037 1435 1075 agnitionem
1467 1039 1608 1069 veritatis
1631 1048 1688 1069 ve-

915 1089 995 1118 nire.
1011 1100 1026 1116 »
1042 1089 1062 1105 ¹³
1078 1100 1093 1117 «
1108 1089 1183 1119 Haec
1199 1091 1245 1119 est
1260 1089 1346 1120 enim
1361 1089 1508 1120 voluntas
1520 1090 1585 1129 Dei,
1603 1100 1689 1121 sanc-

915 1141 1045 1171 tificatio
1059 1144 1175 1172 vestra.
1200 1152 1216 1170 »

957 1196 1005 1224 32.
1026 1194 1183 1225 Abierant
1205 1199 1312 1226 autem
1330 1196 1388 1235 qui
1403 1196 1494 1226 missi
1515 1201 1618 1236 erant,
1627 1199 1686 1229 etc.

916 1247 1089 1287 Postquam
1115 1248 1326 1279 manifestavit
1348 1249 1473 1287 regiam
1500 1252 1687 1288 potestatem

916 1300 949 1329 in
964 1299 1085 1330 Christo
1106 1309 1162 1339 per
1183 1301 1403 1331 excellentiam
1424 1301 1457 1331 in
1483 1302 1684 1341 imperando,

915 1353 967 1383 hic
981 1353 1119 1383 secundo
1140 1353 1321 1384 manifestat
1345 1363 1416 1384 eam
1439 1363 1495 1393 per
1518 1355 1686 1395 discipulo-

914 1415 988 1436 rum
1005 1405 1213 1436 obedientiam
1228 1406 1261 1435 in
1275 1405 1488 1445 obsequendo.
1502 1407 1590 1437 Circa
1601 1410 1686 1448 quod

916 1458 1142 1498 explicandum
1169 1458 1345 1488 ostenditur
1367 1459 1401 1489 in
1423 1459 1584 1499 discipulis
1612 1471 1687 1500 per-

916 1512 1008 1542 fectio
1023 1511 1208 1541 obedientiae
1231 1511 1266 1541 in
1292 1511 1413 1549 eundo,
1433 1513 1637 1552 exequendo,
1658 1516 1689 1544 et

914 1564 1087 1595 redeundo.

956 1616 1063 1647 Primo
1092 1625 1186 1655 ergo,
1214 1618 1372 1656 quantum
1396 1617 1436 1647 ad
1459 1617 1688 1657 discipulorum

915 1670 1125 1700 obedientiam
1156 1672 1285 1709 propter
1314 1669 1358 1709 (cl)
1393 1673 1588 1710 praeceptum
1613 1682 1689 1703 eun-

914 1723 1007 1761 tium,
1024 1724 1139 1753 dicitur
1164 1732 1172 1753 ε
1201 1723 1357 1754 Abe'erzmt
1385 1728 1492 1755 autem
1521 1727 1579 1765 qui
1600 1727 1690 1757 missi

916 1780 1017 1813 erant,
1034 1779 1064 1805 et
1078 1776 1276 1813 invenerunt,
1294 1777 1375 1806 sicut
1394 1777 1477 1807 clioeit
1498 1778 1570 1816 illis,
1597 1783 1688 1810 stan-

916 1832 978 1858 tem
1004 1828 1142 1867 pullum.
1173 1828 1208 1858 ln
1246 1837 1309 1867 quo
1344 1832 1475 1868 apparet
1509 1832 1593 1869 quod
1631 1833 1686 1871 qui

916 1880 1037 1911 Christo
1052 1881 1260 1920 obtemperat,
1275 1881 1375 1921 decipi
1395 1891 1459 1913 non
1482 1886 1593 1922 potest,
1610 1886 1688 1924 quia

915 1933 982 1972 ipse
997 1933 1041 1963 sic
1063 1933 1212 1973 praecepit
1238 1934 1419 1973 praesentia,
1447 1936 1532 1974 quod
1562 1939 1688 1976 praescit

915 1986 1031 2016 futura.
1059 1986 1148 2016 Unde
1171 1986 1286 2017 dicitur
1310 1986 1331 2003 μ’
1355 1997 1361 2017 ;
1381 1998 1395 2015 (ι
1413 1988 1525 2018 Omnia
1550 1990 1636 2021 nuda
1657 1994 1688 2022 et

915 2041 1023 2078 aperta
1049 2041 1124 2069 sunt
1151 2039 1250 2069 oculis
1286 2040 1355 2078 ejus
1371 2063 1378 2077 ‚
1409 2040 1448 2070 ad
1473 2050 1570 2080 quem
1596 2044 1687 2075 nobis

916 2101 1031 2122 sermo.
1056 2102 1070 2120 ›)
1097 2089 1281 2122 Secundum
1303 2094 1410 2122 autem
1427 2095 1617 2132 mysterium
1642 2097 1683 2126 si-

917 2144 1141 2184 gnificationis,
1172 2143 1316 2183 discipuli
1340 2139 1534 2176 invenerunt
1562 2148 1686 2186 pullum

916 2200 1062 2235 stantem,
1075 2197 1152 2237 quia
1165 2197 1357 2227 invenerunt
1370 2198 1521 2236 gentilem
1533 2202 1686 2240 populum

916 2251 1063 2287 otiosum,
1093 2249 1267 2280 secundum
1295 2249 1373 2279 illud
1400 2250 1421 2266 ¹⁵
1445 2261 1451 2279 :
1471 2262 1485 2279 α
1502 2251 1586 2283 Vidit
1610 2254 1688 2285 alios

917 2305 1035 2334 stantes
1052 2303 1084 2332 in
1108 2303 1175 2333 soro
1197 2302 1330 2339 otiosos,
1351 2304 1382 2332 et
1403 2303 1482 2333 dixit
1504 2304 1576 2343 illis,
1595 2317 1609 2334 »
1628 2310 1685 2339 etc.

918 2356 1043 2386 Statum
1065 2358 1171 2385 autem
1187 2355 1225 2385 ad
1241 2355 1372 2385 modun]
1388 2356 1491 2387 standi
1507 2361 1688 2398 expressius

917 2409 992 2439 dicit
1006 2408 1140 2446 Marcus,
1156 2408 1211 2438 ubi
1233 2407 1346 2438 dicitur
1366 2409 1386 2427 ¹⁶
1405 2409 1489 2447 quod
1509 2412 1689 2445 «abeuntes

918 2462 1111 2494 invenerunt
1131 2460 1257 2500 pullum
1272 2460 1440 2500 alligatum
1463 2465 1535 2494 ante
1554 2466 1688 2504 ¹ianuam

919 2557 942 2579 4.
954 2567 983 2572 —
995 2554 1014 2570 ¹³
1031 2555 1036 2577 Ι
1053 2554 1142 2584 Tleess„
1159 2558 1194 2582 lv,
1208 2554 1232 2576 3.
1247 2566 1273 2569 —
1288 2554 1308 2570 ¹''
1318 2553 1449 2585 11ebr.,1v‚
1464 2557 1502 2580 13.
1512 2569 1542 2574 —
1553 2557 1571 2573 ¹⁵
1585 2559 1686 2591 Mami„

919 2595 963 2620 xx,
979 2590 1031 2613 3-4.
1047 2602 1077 2606 -
1094 2590 1111 2602 ¹⁴³
1126 2589 1215 2618 Μαι-0,,
1229 2594 1266 2619 XI,
1282 2590 1305 2612 4.

951 2652 982 2681 (a)
998 2651 1058 2674 Coet.
1073 2650 1134 2674 edit.
1149 2650 1263 2674 solveris.
1280 2663 1306 2668 —-
1328 2650 1359 2681 (b)
1377 2653 1438 2676 Item
1452 2655 1686 2685 protestativum.—·

921 2687 951 2717 (c)
967 2688 1027 2711 Item
1043 2692 1124 2709 reum.
1140 2699 1170 2703 —
1183 2686 1219 2716 (cl)
1233 2686 1294 2710 Item
1308 2693 1362 2717 per.
