1987 3032
673 242 713 273 IN
734 241 818 273 CAP.
842 241 882 273 IX
904 241 1042 273 SANCTI
1063 242 1239 274 JOANNIS.

161 308 367 336 conturbatum
382 310 439 342 est,
456 310 484 335 et
504 308 659 344 dereliquit
673 317 720 336 me
734 309 825 336 virtus
839 317 905 336 mea
916 330 924 342 ‚

160 356 188 381 et
202 354 303 381 lumen
317 354 472 382 oculorum
488 362 622 381 meorum
638 362 698 382 non
714 357 755 382 est
769 363 895 382 mecum.
910 365 923 380 u

159 402 191 427 Et
205 404 212 419 ¹
230 410 238 427 :
257 410 270 426 «
287 400 508 427 Declinaverunt
523 400 624 427 oculos
639 409 707 428 suos
718 422 726 434 ,
741 408 778 428 ne
793 401 926 428 viderent

159 446 276 473 coelum.
293 457 306 472 »
323 448 355 473 Et
370 447 380 463 ²
397 454 403 472 z
422 455 435 471 «
451 446 593 473 Habentes
608 447 709 473 oculos
723 447 827 482 plenos
842 447 927 474 adul-

158 492 232 519 terii.
255 502 269 517 ι)
292 493 324 519 Et
338 491 348 508 ³
371 500 407 518 ει(
431 491 514 520 Oculi
538 500 640 519 eorum
661 492 741 528 pleni
761 493 893 528 pulvere.
911 503 924 518 »

159 537 234 564 Nihil
249 537 328 564 enim
347 537 502 565 conturbat
522 538 623 565 oculos
647 538 768 572 animae,
783 541 815 566 ut
828 539 926 565 fumus

159 583 462 618 concupiscentiarum
471 605 479 618 ,
492 585 532 611 ait
543 585 767 619 Chrysostomus
776 585 796 611 ⁶.
813 586 844 611 Et
857 585 926 612 ideo

158 629 230 656 tales
245 629 381 657 dicuntur
401 630 467 657 caeci
482 631 492 647 ⁵
509 639 515 657 :
533 640 547 655 «
563 630 723 658 Exczecavit
747 639 797 658 eos
816 631 927 658 malitia

160 683 272 702 eorum.
297 686 311 700 »
334 677 366 703 Et
390 676 400 692 θ
423 685 430 703 :
461 685 474 701 ι(
498 676 566 709 Quis
595 684 686 704 eaecus
706 698 714 710 ,
743 677 798 703 nisi
827 685 927 704 servus

159 723 265 748 meus?
280 733 292 746 »
310 723 341 749 Et
353 723 363 738 ⁷
381 731 386 748 :
407 732 420 746 «
443 722 673 749 Ambulaverunt
694 724 726 750 ut
748 724 833 756 caeci,
858 723 928 759 quia

161 767 284 794 Domino
299 770 503 803 peccaverunt.
516 778 529 793 n
542 768 641 795 Talem
655 771 839 803 peccatorem
859 769 927 796 hor-

160 814 237 840 tatur
249 814 397 848 Dominus,
410 816 440 840 ut
449 814 537 840 vadat
548 821 565 840 a
574 816 694 849 peccato
708 815 888 850 egrediendo
898 816 925 842 ⁸:

163 868 176 883 «
191 859 369 893 Egredimini
391 860 427 886 de
441 859 600 894 Babylone.
618 870 631 885 ι)
649 861 680 887 Et
695 861 705 877 ⁹
719 870 725 887 2
744 871 757 886 «
773 861 851 888 Vade
861 883 869 893 ‚
883 861 927 888 in-

163 906 285 941 gredere
298 906 335 942 (a)
348 907 644 941 transmigrationem.
662 918 675 933 »
693 910 725 935 Et
741 908 759 923 ¹⁰
776 917 781 935 :
803 919 815 932 ι(
830 908 926 942 Vade,

161 952 281 980 ostende
297 955 322 980 te
338 953 549 981 sacerdotibus.
571 964 583 978 «
599 955 668 981 Item
688 954 753 981 talis
775 954 862 982 debet
880 962 927 982 va-

160 997 230 1026 dere
251 1007 304 1034 per
328 999 390 1026 vias
411 999 525 1034 justitiae
547 1000 712 1027 incedendo
729 1000 746 1016 ¹¹
765 1010 796 1027 z«
816 1001 927 1028 Vadam

160 1044 199 1071 ad
213 1047 344 1072 montem
359 1046 502 1081 myrrhae,
517 1048 544 1073 et
561 1046 662 1073 thuris.
681 1057 694 1072 »
712 1048 781 1074 Item
797 1047 861 1074 talis
875 1047 927 1074 de-

160 1090 209 1118 bet
219 1091 327 1118 vadere
341 1092 379 1118 ad
392 1092 599 1119 conscientiam
613 1092 765 1120 redeundo
777 1091 796 1109 ¹²
812 1103 837 1120 :n
848 1093 927 1120 Vade

159 1136 189 1163 in
205 1136 329 1164 domum
343 1139 438 1171 tuam,
455 1148 468 1163 n
485 1138 516 1164 id
531 1140 589 1171 est,
607 1138 646 1165 ad
661 1138 869 1165 conscientiam
883 1147 926 1166 re-

159 1183 335 1215 vertere‚ait
345 1183 499 1217 Gregorius
515 1183 532 1201 '³
547 1192 696 1219 exponens
710 1184 796 1211 illud.
809 1187 840 1212 Et
853 1193 927 1220 quo-

159 1229 239 1255 niam
266 1229 366 1256 anima
392 1229 538 1264 peccatrix
566 1230 619 1256 fuit
652 1230 757 1258 infecta
789 1231 926 1259 sordibus

157 1276 286 1311 peccati,
309 1276 376 1303 ideo
401 1276 509 1303 lavatio
532 1277 585 1304 fuit
608 1278 780 1304 necessaria.
806 1280 927 1313 Propter

159 1321 242 1356 quod
258 1321 364 1348 dicitur
377 1322 424 1349 hic
441 1331 447 1348 :
464 1324 553 1356 Lava,
569 1325 596 1350 et
610 1323 666 1350 hoc
684 1323 783 1350 intime
804 1326 831 1350 et
845 1332 927 1351 vera-

159 1367 228 1394 citer
244 1368 264 1384 ¹³
282 1377 307 1394 2«
323 1369 399 1395 Lava
414 1376 431 1395 a
445 1368 557 1395 malitia
571 1377 617 1396 cor
637 1371 728 1396 tuum.
746 1380 759 1395 »
777 1372 845 1397 Item
861 1370 926 1397 lava

157 1412 288 1448 plenarie
309 1416 338 1440 et
355 1414 490 1448 totaliter,
507 1415 535 1441 in
550 1415 669 1442 homine
684 1416 819 1443 exteriori
838 1419 865 1443 et
882 1416 926 1443 in-

158 1459 275 1493 teriori,
293 1459 323 1486 in
338 1460 443 1487 affectu
458 1462 485 1487 et
499 1460 528 1487 in
544 1469 647 1495 sensu;
663 1469 724 1488 non
743 1462 816 1489 sicut
833 1462 926 1498 hypo-

157 1507 245 1541 crytae
257 1506 357 1534 lavant
371 1508 404 1540 ¹⁵,
422 1507 622 1534 «mundantes
637 1508 718 1542 quod
734 1508 770 1535 de
784 1508 853 1535 foris
868 1511 923 1543 est,

157 1552 209 1579 sed
222 1552 299 1579 intus
315 1555 380 1579 sunt
395 1553 474 1588 pleni
496 1553 691 1580 immunditia.
708 1563 721 1579 »
739 1555 770 1581 Et
787 1554 805 1570 ¹⁶
821 1564 829 1580 .-
849 1565 861 1578 «
876 1556 926 1581 La·-

155 1597 282 1631 vamini,
298 1598 401 1625 mundi
417 1601 516 1626 estote.
533 1610 546 1623 »
564 1598 641 1625 lnfra
655 1599 674 1615 ²⁷
691 1608 697 1626 z
716 1608 729 1624 κ
752 1599 778 1627 Si
801 1607 861 1627 nou
883 1600 925 1627 la-

156 1651 226 1671 vero
246 1646 288 1677 te,
305 1652 365 1671 non
384 1644 508 1671 habebis
531 1647 644 1679 partem
669 1653 795 1672 mecum.
812 1657 822 1669 ιι
838 1648 870 1673 Et
885 1646 924 1673 ibi

158 1689 194 1716 de
218 1690 275 1717 hoc
298 1689 434 1724 amplius.
455 1692 487 1716 Et
509 1690 640 1725 sequitur
664 1700 670 1717 ε
694 1700 708 1715 «
727 1693 789 1718 Non
813 1693 925 1718 tantum

156 1735 262 1770 pedes,
278 1735 331 1762 sed
346 1738 373 1762 et
388 1743 507 1769 manuS,
519 1738 545 1762 et
560 1738 656 1771 caput.
670 1747 682 1761 »
697 1738 728 1763 Et
741 1737 783 1763 ibi
799 1737 924 1771 amplius

157 1781 194 1809 de
208 1781 274 1809 hoc.
293 1783 361 1809 ltem
377 1781 444 1808 lava
458 1782 609 1814 continue,
625 1782 685 1809 sive
698 1783 822 1817 jugiter,
837 1787 926 1817 prout

157 1827 262 1854 dicitur
273 1828 303 1854 in
319 1828 423 1854 Psalmo
438 1828 454 1843 '⁸
470 1836 500 1854 :u
516 1828 632 1855 Lavabo
646 1836 697 1863 per
712 1829 841 1863 singulas
856 1838 924 1856 noc-

156 1876 198 1902 tes
220 1874 327 1901 lectum
350 1882 460 1901 meum.
481 1884 494 1900 n
521 1876 553 1902 Et
572 1874 633 1901 haec
658 1875 728 1902 lotio
749 1875 836 1903 debet
863 1885 923 1904 esse

156 1922 185 1948 in
204 1922 342 1948 natatoria
357 1920 429 1947 Sc'loe
439 1940 448 1954 ‚
468 1921 551 1956 quod
575 1921 779 1956 interpretatur
803 1923 902 1949 Missus
915 1944 923 1957 ,

155 1969 243 2002 prout
265 1966 371 1993 dicitur
389 1966 418 1992 in
440 1966 548 2001 littera,
564 1975 618 2002 per
631 1975 722 2002 quam
735 1971 830 2003 potest
849 1968 924 2003 figu-

154 2013 213 2040 rari
228 2012 275 2040 vel
296 2012 478 2047 baptismus,
493 2013 541 2040 vel
564 2013 698 2040 doctrina
717 2014 803 2047 fidei,
822 2022 924 2041 secun-

155 2058 228 2085 dum
252 2058 446 2093 Augustinum
465 2058 494 2085 ¹⁹.
518 2060 548 2085 Et
570 2058 606 2085 de
621 2059 677 2086 hoc
698 2060 727 2086 in
749 2060 856 2087 Glossa.
874 2060 923 2088 Vel

155 2112 285 2140 purgans
304 2104 491 2140 poenitentia,
508 2112 599 2139 quam
620 2106 693 2132 Deus
716 2105 801 2132 mittit
820 2106 924 2133 animae

154 2151 305 2186 poemtenti
319 2151 338 2166 ²⁰
352 2159 377 2177 :«
389 2152 491 2185 Magna
502 2150 580 2177 velut
594 2158 674 2178 marc
689 2151 823 2179 contritio
839 2154 896 2179 tua.
908 2163 920 2177 n

155 2197 234 2224 Unde
258 2197 400 2231 figuratur
412 2204 464 2231 per
489 2196 664 2230 Jordancm,
677 2197 707 2223 in
722 2205 782 2232 quo
802 2198 923 2225 insectus

156 2243 240 2278 lepra
256 2245 275 2263 2¹
291 2242 402 2278 peccati
425 2242 511 2269 debet
530 2250 559 2269 se
574 2243 674 2270 lavare
690 2244 803 2278 septies
821 2246 852 2271 lit
866 2244 923 2271 hoc

155 2288 243 2315 debet
257 2288 356 2315 anima
370 2288 514 2323 poenitens
529 2296 595 2315 cum
617 2289 823 2324 tranquillitate
838 2291 865 2317 et
880 2290 924 2317 di-

154 2333 293 2369 ligentia:
309 2342 392 2369 aquae
406 2334 484 2361 enim
499 2335 520 2350 ²²
535 2334 611 2361 Siloe
623 2337 742 2362 currunt
752 2343 819 2362 cum
834 2336 922 2363 silen-

188 2417 193 2429 ¹
210 2415 286 2444 Dum,
306 2421 368 2445 Xlll,
389 2416 411 2438 9.
426 2427 455 2432 —-
472 2415 515 2438 'll
534 2415 712 2445 Petr.,1i,14.
729 2429 758 2433 —
772 2417 782 2432 ³
798 2416 865 2444 Bar..
887 2423 920 2448 vl,

156 2452 192 2474 16.
212 2463 244 2467 -
265 2451 274 2466 ὁ
292 2450 434 2480 (ΞὶιιῪεοεῑ.γ
455 2450 480 2472 iu
499 2450 601 2479 Manli„
622 2450 691 2473 hom.
712 2457 787 2481 Lxx1,
808 2451 840 2474 al.
861 2457 919 2481 Lxx,

155 2492 179 2508 n.
197 2487 219 2508 5.
232 2498 258 2501 —
274 2486 284 2502 ⁸
299 2487 368 2515 Susa,
384 2491 412 2513 ιι,
424 2486 462 2508 21.
474 2498 503 2501 -
519 2486 596 2514 tha..
612 2488 770 2514 xLu,19.—
784 2487 790 2499 7
805 2487 921 2517 Sopllon„

155 2525 177 2549 1,
200 2521 236 2544 17.
260 2534 286 2537 —
307 2522 315 2533 ⁸
334 2520 393 2549 Istc,
414 2525 508 2547 ιιινιιι,
528 2521 566 2543 29.
586 2533 615 2537 —
633 2520 643 2536 ⁹
663 2521 760 2550 Ezech„
782 2526 824 2551 ιιι,
842 2523 920 2545 11.—

156 2555 176 2571 ¹⁰
191 2555 292 2583 mmm..
308 2561 364 2585 viu,
383 2556 405 2578 4.
421 2567 450 2571 —
471 2556 487 2571 ¹¹
505 2555 586 2585 cant„
602 2561 636 2585 iv,
652 2557 674 2579 6.
691 2568 721 2573 —
735 2557 754 2572 ¹²
768 2557 870 2585 Manli„
885 2563 919 2587 ix,

155 2591 178 2613 6.
199 2602 229 2607 —-
250 2589 270 2606 ¹³
285 2591 372 2621 Greg.,
393 2590 484 2613 Moral.
509 2590 551 2613 lib.
575 2590 616 2620 lv,
637 2597 659 2614 c.
682 2596 775 2621 xxviii,
794 2591 826 2615 al.
848 2598 918 2622 xxxi,

156 2632 181 2648 n.
198 2626 236 2649 61.
249 2638 280 2643 -
293 2626 315 2642 ²⁴
327 2626 431 2655 let-ern„
448 2631 482 2655 iv,
499 2626 535 2650 14.
549 2638 579 2643 —
593 2626 612 2642 ¹⁵
628 2625 728 2655 Matth„
743 2632 817 2657 xxiii,
833 2629 871 2651 25.
891 2639 919 2644 —

158 2662 170 2673 ¹*
188 2660 223 2683 Im
238 2679 244 2689 ‚
261 2666 277 2690 ι,
295 2661 364 2684 16.—
379 2661 396 2677 ¹⁷
414 2661 495 2689 Joan„
511 2666 567 2690 xiil,
585 2661 608 2691 8,
624 2662 677 2684 9.-
697 2661 713 2677 ¹⁹
728 2662 795 2685 Psal.
813 2668 847 2692 vi,
859 2664 919 2687 7.—

1691 246 1748 274 565

980 309 1030 336 tio.
1047 309 1096 336 llic
1111 311 1152 336 est
1166 309 1345 340 notandum,
1359 310 1442 345 quod
1457 318 1533 338 caeco
1548 310 1601 344 ait,
1617 312 1648 338 ut
1663 318 1692 338 se
1707 310 1749 338 la-

980 357 1074 386 varet,
1089 358 1116 382 et
1130 356 1170 382 sic
1191 355 1406 383 illuminaretur
1425 365 1432 383 τ
1447 357 1546 384 anima
1561 356 1638 383 enim
1662 356 1749 384 debet

980 401 1117 428 mundari
1140 401 1170 428 in
1194 401 1312 435 affectu,
1336 404 1368 429 ut
1391 402 1490 430 videat
1513 403 1544 430 in
1571 404 1688 438 aspectu
1701 402 1747 430 ²³:

985 457 997 472 «
1012 447 1087 474 Beati
1108 447 1221 475 mundo
1241 447 1348 482 corde,
1369 448 1512 483 quoniam
1532 448 1587 483 ipsi
1603 449 1693 476 Deum
1707 448 1748 475 vi-

981 493 1103 520 debunt.
1120 504 1132 516 ι)

1084 593 1196 620 Gollatz'o
1215 594 1500 628 quadraqesz'maseaeta
1509 615 1518 629 ,
1534 602 1564 622 ix
1574 614 1584 628 ‚
1601 597 1645 622 15.

1017 678 1113 703 Lutum
1127 677 1195 704 mihi
1208 679 1297 711 posuit
1311 685 1390 712 super
1402 679 1499 712 oculos,
1511 680 1536 705 et
1546 680 1611 712 lavi,
1627 681 1651 705 et
1662 679 1746 706 video.

982 725 1013 750 ln
1028 723 1072 749 his
1092 722 1190 749 verbis
1209 723 1350 758 figuratur
1368 724 1474 751 modus
1488 724 1671 759 purgationis
1686 725 1748 752 ani-

981 777 1036 796 mae
1055 769 1223 804 peccatricis
1244 772 1271 796 et
1291 771 1454 804 excaecatae‚
1475 773 1505 798 ut
1529 771 1564 797 sit
1586 771 1698 798 munda
1719 771 1749 798 in

982 815 1103 849 affectu,
1127 818 1154 842 et
1176 815 1274 843 videat
1296 816 1326 842 in
1350 816 1514 851 intellectu,
1537 818 1564 844 et
1586 817 1750 851 figurantur

981 861 1035 888 tria
1049 870 1055 888 :
1072 869 1199 896 quorum
1214 861 1343 896 primum
1357 864 1399 889 est
1413 862 1482 889 fidei
1497 870 1573 890 verae
1585 862 1748 898 perfectibi-

982 907 1046 934 litas
1063 908 1096 942 (b)
1114 907 1150 934 de
1166 907 1226 934 Filii
1243 908 1291 934 Dei
1305 908 1494 942 humanitate,
1512 909 1553 936 ibi
1570 918 1576 936 :
1592 910 1687 936 Lutum
1702 917 1750 944 po-

981 953 1232 986 suz't;secundl1m
1252 955 1294 980 est
1315 961 1333 980 a
1355 954 1481 989 peccatis
1503 954 1592 990 plena
1612 955 1749 990 purgabi-

981 999 1062 1033 lilas,
1079 999 1120 1026 ibi
1137 1008 1143 1025 :
1160 1001 1193 1026 Et
1209 1001 1281 1034 lavi,
1298 1000 1412 1027 tertium
1426 1002 1468 1027 est
1482 1000 1678 1035 intelligentiae
1693 1001 1749 1028 cla-

981 1045 1066 1079 ritas,
1082 1045 1144 1072 ibi:
1160 1047 1194 1072 Et
1205 1047 1293 1073 video.

1017 1091 1060 1118 Ait
1075 1099 1144 1126 ergo
1162 1100 1169 1118 ;
1186 1093 1278 1118 Posuit
1301 1093 1386 1119 lutum
1407 1100 1487 1127 super
1506 1094 1602 1120 oculos.
1618 1094 1651 1120 Ut
1671 1094 1748 1120 enim

982 1137 1021 1164 ait
1037 1139 1118 1172 {lugo
1134 1137 1154 1153 ²⁶
1167 1146 1192 1164 z«
1205 1138 1320 1173 Triplex
1333 1140 1373 1165 est
1388 1139 1506 1172 oculus,
1520 1139 1628 1166 scilicet
1643 1139 1748 1173 carnis,

981 1183 1100 1210 rationis
1122 1185 1149 1210 et
1170 1184 1434 1219 contemplationis.
1463 1185 1519 1212 Sed
1535 1187 1693 1220 postquam
1708 1188 1748 1212 te—

982 1229 1078 1255 nebroe
1098 1229 1209 1264 peccati
1229 1230 1409 1258 intraverunt
1428 1231 1457 1257 in
1474 1231 1603 1258 animam
1616 1252 1624 1265 ,
1646 1231 1749 1258 oculus

982 1275 1236 1310 contemplationis
1251 1276 1390 1303 extinctus
1408 1278 1464 1311 est,
1480 1278 1512 1303 ut
1529 1277 1602 1303 nihil
1617 1277 1747 1311 videret;

982 1320 1084 1347 oculus
1105 1321 1224 1348 rationis
1245 1321 1342 1357 lippus
1362 1322 1496 1356 effectus,
1511 1325 1543 1349 ut
1561 1322 1651 1350 dubie
1666 1322 1748 1350 vide-

981 1368 1023 1393 ret
1034 1376 1042 1400 3
1059 1367 1161 1393 oculus
1176 1367 1270 1394 carnis
1285 1367 1461 1395 extrinsecus
1475 1368 1636 1404 permansit
1650 1368 1680 1396 in
1694 1376 1748 1396 sua

981 1412 1119 1440 claritate.
1144 1423 1157 1438 n
1181 1414 1243 1440 Haec
1268 1413 1327 1440 ille.
1352 1415 1383 1441 Et
1403 1414 1506 1441 idem:
1528 1424 1542 1440 «
1564 1415 1655 1450 Super
1679 1415 1748 1442 istos

981 1459 1083 1485 oculos
1103 1459 1190 1486 debet
1211 1459 1282 1494 poni
1302 1460 1410 1494 lutum,
1426 1460 1534 1488 scilicet
1554 1460 1628 1488 fides
1646 1461 1747 1488 Christi

981 1504 1132 1532 incarnati.
1146 1515 1159 1530 »
1172 1506 1204 1532 Ut
1219 1505 1297 1532 enim
1311 1507 1350 1532 ait
1365 1506 1540 1540 Augustinus
1555 1506 1574 1522 ²⁶
1589 1516 1595 1534 ε
1614 1508 1747 1534 «Verbum

981 1558 1040 1576 caro
1059 1552 1163 1582 sactum
1185 1553 1239 1584 est,
1255 1553 1282 1578 et
1300 1551 1368 1578 inde
1391 1552 1548 1587 collyrium
1570 1560 1630 1587 quo
1655 1560 1747 1587 genus

980 1597 1144 1623 humanum
1163 1596 1359 1623 illuminatum
1378 1599 1435 1631 est,
1451 1607 1463 1623 ι)
1482 1600 1513 1624 ut
1526 1597 1635 1625 dictum
1656 1600 1698 1626 est
1718 1599 1748 1626 in

981 1643 1280 1677 expositionelitterae.
1299 1645 1330 1669 Et
1345 1643 1424 1670 idem
1434 1644 1611 1678 Augustinus
1622 1644 1657 1672 ²⁵:
1674 1655 1686 1670 «
1699 1645 1748 1672 Hic

980 1688 1182 1715 illuminamur
1204 1688 1294 1715 modo
1314 1689 1456 1716 habentes
1477 1689 1634 1725 collyrium
1653 1690 1746 1718 fidei:

984 1735 1096 1761 Verbum
1118 1742 1178 1760 caro
1202 1736 1305 1767 factum
1325 1737 1373 1762 esc.
1402 1735 1511 1762 Miscuit
1534 1736 1656 1763 salivam
1681 1744 1748 1763 cum

980 1783 1054 1808 terra
1072 1790 1078 1808 z
1094 1783 1194 1808 veritas
1209 1781 1287 1808 enim
1302 1781 1320 1798 ²¹⁷
1334 1782 1365 1808 de
1379 1784 1452 1809 terra
1465 1785 1523 1810 orta
1537 1786 1586 1816 est,
1598 1791 1657 1819 qua
1674 1783 1748 1811 veri-

980 1829 1035 1854 tate
1059 1827 1270 1854 illuminamur.
1286 1827 1307 1843 ²⁸
1330 1837 1343 1853 «
1358 1828 1485 1863 Collyrio
1511 1823 1619 1864 inunge
1646 1831 1748 1857 oculos

980 1874 1060 1907 tuos,
1083 1875 1114 1899 ut
1136 1872 1252 1906 videas,
1269 1883 1282 1897 »
1306 1873 1336 1900 id
1351 1875 1406 1907 est,
1423 1874 1542 1902 veritate
1561 1875 1631 1902 fidei
1653 1875 1747 1903 incar-

980 1919 1105 1946 nationis
1118 1920 1182 1945 Jesu
1197 1918 1337 1946 Christm
1350 1929 1363 1944 «
1378 1920 1499 1947 Sumens
1514 1920 1550 1947 de
1568 1921 1635 1948 felle
1649 1921 1745 1957 piscis,

980 1964 1073 2004 liniyit
1098 1964 1199 1991 oculos
1223 1965 1322 1999 patris.
1344 1975 1356 1990 ι)
1379 1967 1410 1992 Et
1432 1966 1562 2001 sequitur
1582 1975 1588 1994 ς
1613 1977 1626 1992 «
1648 1967 1746 1994 Visum

979 2011 1096 2046 recepit.
1113 2021 1126 2036 n
1143 2010 1309 2046 Aliquando
1325 2019 1395 2038 vero
1411 2013 1551 2039 sanantur
1571 2013 1747 2048 poenitenliae

980 2057 1102 2091 collyrio
1116 2057 1280 2092 purgantis,
1297 2057 1357 2084 sive
1369 2057 1552 2092 justificantis
1562 2079 1570 2092 ,
1591 2061 1623 2086 ut
1637 2059 1746 2086 dictum

980 2105 1039 2130 est:
1055 2113 1067 2128 «
1079 2103 1207 2137 Collyrio
1222 2103 1330 2138 inunge
1346 2103 1447 2131 oculos
1463 2106 1543 2137 tuos,
1557 2106 1588 2132 ut
1606 2104 1717 2132 videas.
1729 2114 1743 2131 ι)

982 2158 995 2174 ι(
1009 2148 1169 2184 Collyrium
1185 2149 1264 2176 enim
1276 2151 1318 2176 est
1333 2149 1471 2177 dolorum
1486 2150 1664 2184 salubrium,
1677 2160 1690 2176 >³
1706 2151 1746 2178 ait

979 2195 1153 2229 Augustinus
1161 2194 1192 2222 ³⁰.
1203 2197 1233 2222 Et
1241 2203 1338 2230 supra,
1351 2197 1380 2222 in
1396 2195 1428 2231 (c)
1445 2197 1571 2223 Ioannem
1581 2197 1601 2217 ³1
1613 2205 1619 2223 ι
1631 2196 1681 2224 «Si
1693 2196 1746 2224 ful-

979 2249 1049 2276 gore
1062 2241 1125 2276 ipso
1137 2241 1214 2268 oculi
1229 2241 1464 2274 reverberantur,
1475 2243 1575 2276 rogate
1587 2242 1743 2278 medicum,

979 2290 1009 2314 ut
1018 2287 1157 2314 adhibeat
1169 2287 1292 2322 collyria
1307 2287 1468 2321 mordacia,
1483 2288 1591 2316 scilicet
1601 2290 1746 2324 praecepta

979 2368 997 2382 ¹¹³
1013 2368 1086 2395 Aug,
1107 2366 1132 2389 z'sz
1151 2366 1232 2395 leam,
1248 2368 1319 2389 tract.
1338 2371 1407 2396 xle,
1427 2374 1452 2389 ιι.
1473 2368 1496 2390 2.
1516 2380 1547 2384 -
1564 2367 1584 2384 ²⁰
1599 2368 1698 2398 Jerem.‚
1716 2375 1743 2399 ιι,

980 2404 1015 2425 13.
1029 2414 1059 2418 —
1073 2402 1089 2417 ²¹
1106 2402 1136 2425 lV
1151 2402 1219 2431 neq„
1233 2403 1351 2431 v,10.—
1363 2402 1382 2417 ‘²²
1394 2402 1453 2430 Isca,
1467 2408 1524 2430 vm,
1535 2404 1558 2426 6.
1571 2416 1602 2420 —
1613 2404 1631 2417 '¹³
1643 2404 1742 2433 Mattlz.,

979 2443 1002 2465 v,
1018 2438 1041 2460 8.
1057 2449 1086 2454 -
1098 2437 1114 2450 ²⁴
1129 2437 1204 2467 nug„
1219 2437 1248 2459 tle
1262 2438 1373 2460 Sacram.
1388 2437 1443 2467 sid.,
1457 2437 1500 2461 lib.
1517 2438 1535 2468 l,
1551 2439 1614 2468 part.
1631 2439 1661 2467 X,
1676 2446 1698 2463 e.
1716 2445 1742 2469 ιι,

978 2473 1044 2495 circa
1059 2473 1126 2495 uicd.
1144 2485 1173 2489 —
1193 2473 1210 2485 ²⁵
1226 2473 1299 2503 Aug„
1321 2474 1345 2495 iu
1364 2473 1444 2503 Joau.,
1466 2475 1536 2497 tract.
1556 2480 1587 2502 11,
1607 2481 1632 2497 n.
1655 2476 1690 2498 16.
1713 2489 1743 2492 -

978 2508 998 2522 2⁶
1019 2507 1092 2537 thim,
1113 2509 1184 2530 tract.
1207 2513 1296 2538 xxxiv,
1315 2514 1340 2530 n.
1363 2509 1385 2530 9.
1407 2520 1432 2524 -
1453 2508 1471 2523 ²⁷
1491 2508 1556 2532 Psal.
1579 2514 1684 2538 Lxxxlv,
1704 2511 1740 2533 12.

976 2555 1006 2560 —
1021 2543 1040 2558 ²¹⁵
1055 2544 1136 2573 Alme..
1159 2548 1195 2572 ill,
1211 2543 1249 2565 18.
1265 2555 1294 2559 —
1309 2543 1330 2559 ²⁹
1346 2542 1411 2571 Tob„
1427 2548 1462 2571 xl,
1483 2544 1519 2573 13,
1537 2545 1573 2567 15.
1588 2556 1617 2561 —
1634 2544 1652 2558 ³⁰
1667 2544 1741 2575 Aug,

978 2578 1061 2608 Confi,
1077 2578 1120 2601 lib.
1136 2578 1190 2607 Vll,
1206 2584 1227 2601 e.
1241 2583 1298 2602 νιιι.
1310 2591 1339 2596 -
1354 2578 1372 2594 ³¹
1387 2578 1433 2608 ld„
1450 2579 1475 2601 in
1489 2578 1570 2607 Jocm„
1582 2580 1652 2603 tract.
1666 2585 1742 2609 ιινιιι,

977 2620 1001 2637 n.
1020 2615 1056 2637 11.

1008 2661 1297 2691 (altr'11lq.nd‹.1.a‹.l.-(b)
1310 2661 1376 2685 Edit.
1386 2662 1440 2685 Ven.
1449 2663 1616 2693 vestra—(0)
1626 2663 1697 2687 deest
1705 2664 1739 2687 in.
