1987 3032
657 223 862 255 EXPOSlTlO
885 223 925 254 IN
947 223 1032 255 CAP.
1055 224 1134 256 XVI.
1634 232 1692 260 465

101 295 161 314 non
181 288 294 316 dixerat
312 288 350 316 ab
372 288 470 322 initio,
495 289 565 324 quia
588 290 796 317 consolabatur
816 297 866 316 eos

101 334 254 368 praesentia
280 334 439 369 corporali3
470 334 657 362 abscessurus
684 338 782 363 autem
804 335 867 362 haee

102 379 175 406 dixit
194 380 234 406 eis
255 379 291 406 de
315 379 430 414 Spiritu.
454 382 485 407 Et
508 380 545 407 de
566 381 622 408 hoc
643 381 673 408 in
694 381 794 408 Glossa
811 388 866 416 pro

101 427 192 460 parte.
209 427 244 451 Et
258 433 331 452 nemo
346 433 378 452 eac
392 426 465 452 vobis
480 428 638 460 interrogat,
654 430 706 454 etc.
720 427 776 454 Sed
792 435 868 462 quas-

102 470 173 497 ritur
192 471 230 497 ad
252 471 324 505 quid
344 471 401 498 hoc
423 472 471 498 ait.
495 474 526 499 Et
549 472 588 499 ad
612 473 688 499 istud
710 473 869 508 respondet

102 516 293 550 Augustinus¹
307 517 388 552 quod
401 517 545 552 signifieat
557 526 586 545 se
597 518 715 552 iturum,
727 520 759 544 ut
771 518 869 545 nullus

102 561 307 595 interrogaret,
332 563 414 598 quod
439 563 536 598 palam
562 564 625 591 fieri
647 572 702 591 usu
723 564 869 598 corporali

103 609 263 641 cernerent,
275 608 381 635 scilicet
392 609 422 636 in
434 609 614 636 ascensione.
623 609 692 637 ldeo
703 609 742 636 ait
751 610 867 637 Glossa:

105 662 118 676 «
132 653 214 680 Nemo
229 655 386 688 interrogat,
402 655 432 681 id
447 657 498 688 est,
512 655 712 690 interrogabit.
725 654 756 679 »²
766 665 777 679 α
788 656 871 682 Cum-

104 706 162 734 que
176 698 357 727 intuerentur
371 701 401 727 in
416 701 522 728 eoelum
538 703 654 728 euntem
667 701 749 728 illum
761 722 768 734 ‚
784 711 798 726 »
815 703 869 727 etc.

104 745 279 778 Augustinus
300 746 332 772 3;
359 756 372 771 «
393 748 514 773 Euntem
537 755 602 774 eum
627 747 657 773 in
680 746 787 774 coelum
810 754 871 773 non

104 790 201 817 verbis
225 791 423 826 quaesierunt,
447 793 500 819 sed
523 793 614 820 oculis
642 792 836 819 deduxerunt.
856 802 868 817 ι)

140 838 165 863 6.
181 836 234 863 Sed
247 839 312 871 quia
326 838 378 865 haec
398 839 500 865 Iocutus
517 847 574 865 sum
592 840 680 872 vohis,
699 838 805 865 scilicet
824 846 872 865 me

105 881 213 909 iturum
228 890 245 909 a
259 883 360 918 vobis,
376 886 491 911 tristitia
507 886 627 919 implevit
643 893 685 912 cor
699 888 824 911 vestrum.
841 885 874 911 Ut

106 929 146 955 alt
168 929 344 963 Augustinus
364 930 392 957 ὦ;
413 941 426 955 «
447 931 570 958 Videbat
593 931 666 966 quid
686 931 725 958 ad
748 931 798 957 illa
821 938 874 957 sua

108 974 199 1001 verba
212 974 242 1001 in
257 975 397 1002 cordibus
411 978 539 1010 agerent.
556 977 587 1004 Id
604 978 682 1004 enim
698 977 780 1012 quod
795 979 874 1003 exte-

107 1019 168 1046 rius
182 1019 213 1046 in
225 1020 335 1048 Christo
350 1021 502 1055 videbant,
519 1022 649 1050 amittere
665 1022 843 1049 metuebant.
860 1033 872 1046 ν

109 1067 142 1092 Et
151 1067 230 1100 patet
240 1067 423 1095 vehementia
437 1068 565 1103 tristitiae,
579 1069 650 1104 quia
663 1070 794 1103 implevit.
807 1070 877 1096 Item

107 1114 186 1146 patet
209 1112 346 1140 intimitas
375 1114 522 1149 ejusdem,
547 1115 617 1150 quia
640 1116 763 1150 implevit
786 1116 876 1143 σοι’ᾱα.

108 1157 184 1185 Infra
205 1158 359 1186 e‘odem5:
384 1161 435 1186 Vos
461 1162 646 1187 tristabimini.
670 1163 739 1188 ltem
764 1169 797 1188 ex
823 1161 878 1189 hoc

108 1203 228 1238 patebat
241 1204 364 1232 intensio
380 1206 489 1233 amoris
508 1206 720 1241 discipulorum
737 1207 775 1234 ad
790 1207 880 1234 Chris-

109 1252 186 1284 tum,
202 1250 272 1285 quia
286 1251 447 1278 secundum
469 1253 660 1287 quantitatem
682 1254 790 1280 amoris
805 1254 875 1280 boni

111 1296 200 1323 amati
220 1299 262 1323 est
280 1297 426 1331 quantitas
445 1298 562 1325 tristItiae
583 1299 620 1325 de
642 1299 815 1333 amissione,
836 1300 881 1327 vel

111 1341 322 1369 absentatione.
346 1343 427 1370 Unde
451 1344 626 1378 Augustinus
641 1345 671 1371 ⁵:
696 1355 709 1370 α
730 1348 819 1372 Amor
841 1345 882 1372 in-

111 1387 195 1414 hians
216 1388 325 1415 habere
347 1389 429 1424 quod
449 1392 563 1416 amatur
578 1390 723 1425 cupiditas
737 1393 796 1418 est:
813 1391 843 1417 id
859 1392 882 1418 si

112 1433 240 1460 amiserit
258 1434 383 1461 sentiens
395 1455 404 1468 ,
420 1435 534 1462 tristitia
558 1438 607 1463 est.
625 1446 639 1461 u)
657 1438 688 1463 Et
710 1439 780 1464 nota
800 1437 882 1472 quod

113 1481 154 1506 est
169 1480 281 1507 tristitia
298 1481 389 1514 bona,
405 1483 432 1508 et
446 1481 590 1515 virtuosa,
614 1485 701 1516 prout
716 1482 756 1510 ait
769 1486 881 1517 Augus-

112 1525 188 1552 tinus
209 1526 219 1541 ⁶
241 1526 282 1552 ibi
304 1534 402 1561 supra,
424 1527 507 1562 quod
527 1536 540 1552 «
563 1527 642 1554 mala
659 1530 726 1554 suut
748 1528 801 1555 ista
817 1529 836 1562 ⁷,
860 1529 883 1555 si

112 1571 208 1598 malus
223 1572 266 1598 est
280 1579 374 1606 amor,
389 1574 416 1599 et
435 1573 530 1607 bona,
547 1573 570 1600 si
584 1573 692 1600 bonus.
708 1584 721 1599 »
739 1574 818 1601 Unde
840 1576 884 1604 est

112 1616 261 1644 bonorum
275 1618 388 1645 tristitia
408 1626 442 1646 ex
459 1619 608 1646 ablatione
624 1620 670 1647 vel
685 1620 883 1647 absentatione

114 1663 220 1690 divinae
236 1664 460 1699 consolationis,
482 1673 547 1701 quse
564 1666 706 1700 figuratur
722 1665 784 1699 hic,
800 1668 826 1692 et
841 1666 884 1692 in—

113 1708 157 1736 fra
181 1709 287 1737 eodem
307 1711 340 1737 ⁵:
370 1712 416 1738 Vos
436 1712 678 1744 contristabimini,
702 1712 747 1738 secl
770 1713 885 1738 tristitia

113 1758 202 1783 vestra
220 1752 340 1783 vertetur
354 1758 383 1783 in
402 1757 542 1791 gaudium.
559 1757 629 1784 ltem
643 1759 685 1783 est
704 1757 816 1784 tristitia
830 1757 884 1784 bo-

114 1810 222 1829 norum
232 1810 266 1829 ex
279 1802 421 1829 memoria
437 1804 463 1829 et
474 1801 681 1836 recogitatione
696 1802 885 1838 propriorum

116 1848 265 1875 malorum
279 1847 308 1875 ⁸:
327 1857 341 1872 a
357 1848 460 1876 Anima
475 1856 541 1883 quae
557 1848 642 1875 tristis
662 1850 704 1875 est
722 1856 809 1882 super
824 1856 886 1875 ma-

116 1893 268 1928 gnitudine
290 1894 376 1928 mali,
397 1894 479 1921 dabit
498 1894 550 1921 tibi
574 1894 708 1928 gloriam.
725 1895 770 1920 »³«
784 1896 888 1922 Moeror

116 1940 146 1966 in
161 1939 250 1967 corde
264 1939 319 1966 viri
334 1939 500 1967 humiliabit
517 1948 594 1967 eum.
611 1952 624 1965 u
642 1942 711 1968 Item
728 1942 748 1957 ¹⁰
762 1950 768 1967 :
789 1950 802 1966 ι(
816 1942 888 1968 Con-

118 1985 219 2013 tristati
245 1986 312 2013 estis
336 1986 372 2013 ad
398 1987 608 2021 poenitentiam.
634 1988 703 2019 Quae
725 1986 888 2014 secundum

119 2033 209 2061 Deum
231 2032 354 2066 tristitia,
376 2032 578 2067 poenitentiam
596 2034 743 2067 operatur.
767 2043 781 2058 ³)
799 2034 830 2059 Et
851 2032 888 2060 de

118 2078 175 2105 hoc
188 2078 364 2112 Augustinus
381 2078 400 2095 ¹¹
415 2079 491 2106 bene
511 2086 607 2114 supra.
631 2079 700 2105 ltem
724 2081 766 2105 est
778 2078 889 2106 tristitia

118 2123 248 2151 virtuosa
266 2132 300 2151 ex
318 2124 550 2152 consideratione
569 2124 717 2151 malorum
738 2132 804 2159 quae
824 2126 890 2151 sunt

119 2169 150 2196 in
170 2170 283 2197 mundo
299 2171 336 2196 ¹⁵³:
357 2180 369 2195 ι(
384 2172 439 2198 Cor
459 2170 638 2205 sapientum,
659 2169 711 2197 ubi
730 2169 856 2204 tristitia,
873 2180 885 2195 η

120 2216 190 2250 quia
200 2225 213 2240 «
223 2215 311 2243 nullis
328 2216 443 2251 gaudiis
457 2216 503 2243 hie
516 2216 552 2251 (a)
568 2216 700 2243 animum
715 2217 856 2249 sternunt,
874 2225 886 2241 n

120 2261 160 2288 ait
173 2262 328 2296 Gregorius
344 2263 364 2279 ¹³
379 2270 527 2298 exponens
541 2261 625 2289 illud.
640 2263 672 2289 Et
689 2262 724 2288 ¹⁴:
744 2271 756 2286 t<
770 2261 824 2294 Qui
838 2268 893 2296 ap-‘

120 2307 204 2341 ponit
222 2307 256 2342 (b)
276 2307 445 2342 scientiam,
466 2307 588 2343 apponit
608 2307 643 2342 (b)
663 2310 691 2335 ct
712 2307 856 2334 dolorem.
874 2317 887 2333 »

154 2391 160 2407 ¹
177 2392 252 2421 Aug,
268 2390 310 2413 ubi
325 2398 391 2420 sup.,
413 2397 438 2413 n.
457 2391 480 2413 3.
495 2403 524 2407 —
540 2390 549 2406 2
564 2390 627 2419 Act„
646 2395 665 2419 1,
685 2393 720 2413 zu.
738 2403 767 2407 —
786 2390 796 2405 ³
816 2391 890 2420 Aug,

123 2426 164 2449 ubi
177 2433 231 2456 sup.
242 2439 270 2443 —
283 2425 292 2441 4
309 2425 381 2453 ibid.y
396 2432 422 2448 n.
438 2426 492 2448 4.-
507 2426 517 2441 5
534 2424 589 2454 1an,
609 2426 646 2448 '23ss.
661 2437 690 2441 -—
709 2426 718 2437 ¹³
734 2426 847 2455 August.²
862 2425 891 2448 [Ie

124 2461 199 2484 civit.
215 2461 273 2489 Dei,
290 2460 333 2484 lib.
350 2461 414 2490 xlv,
430 2467 452 2484 c.
468 2466 513 2487 vu,
529 2466 554 2483 u.
570 2462 630 2483 2.—
647 2461 653 2473 '¹
667 2459 767 2483 Scilicet
783 2459 889 2489 tristitia,

123 2496 207 2526 timor,
228 2495 326 2525 laetitia,
346 2495 482 2526 cupiditas,
505 2495 535 2518 dc
557 2494 646 2525 quibus
667 2496 731 2523 Aug.
748 2507 775 2511 —-
795 2496 804 2507 ¹*
820 2495 890 2523 Bau,

124 2532 206 2559 1=‚18.
221 2545 251 2549 -
268 2532 277 2545 ³
289 2533 371 2558 Prov..
388 2537 434 2561 xu,
449 2533 488 2554 25.
505 2544 532 2547 -
551 2531 604 2553 ι011
623 2530 691 2557 Cor„
709 2536 754 2559 vu,
769 2531 890 2557 9‚10.—

126 2566 144 2582 ¹¹
158 2567 231 2596 Aug„
241 2566 285 2590 ubi
297 2573 353 2597 sup.
369 2573 443 2597 prox.
455 2580 481 2583 —
496 2565 617 2592 12Εἰ,ἐἰι·,,
634 2565 792 2594 v11,.³5.-¹³
804 2565 889 2595 Greg„

123 2601 280 2630 Moral.,1ih.
296 2602 384 2632 xviii,
399 2610 422 2625 c.
437 2607 508 2631 xxiv,
521 2601 552 2624 al.
568 2606 620 2630 xm,
636 2607 662 2623 n.
678 2601 717 2623 (ῐϋ.
728 2613 755 2616 -
770 2599 889 2629 ¹⁸Eccle„

127 2642 148 2665 ι,
167 2637 201 2659 18.
217 2649 246 2653 —
260 2637 279 2653 ¹⁵
294 2637 302 2660 l
320 2636 386 2666 Com,
406 2643 457 2667 xii,
473 2638 511 2660 2⁶.
526 2649 556 2653 —
581 2636 632 2658 1⁸11
653 2635 722 2661 Tim„
742 2641 784 2664 ω,
808 2637 844 2658 12.
860 2648 889 2652 --

282 2689 344 2710 ΤΟΜ
365 2688 406 2710 xl.

924 292 993 317 Item
1008 292 1049 317 est
1065 291 1195 317 virtuosa
1209 290 1322 317 tristitia
1336 290 1486 318 bonorum
1502 300 1536 319 ex
1557 301 1692 329 compas-

923 336 1004 362 sione
1020 336 1216 363 damnationis
1237 337 1409 369 hominum,
1429 337 1476 364 vel
1496 340 1693 373 oppressionis

921 381 1067 415 justorum
1083 383 1113 408 ¹⁵:
1124 392 1137 407 «
1153 382 1175 408 si
1191 382 1268 409 enim
1282 382 1392 417 patitur
1407 391 1498 410 unum
1514 385 1693 420 membrum,

925 428 1151 461 compatiuntur,
1168 438 1180 453 n
1199 430 1251 455 etc.
1268 429 1287 444 ¹⁶
1305 438 1318 454 «
1333 430 1438 456 Omnes
1459 429 1509 464 qui
1529 429 1576 464 pie
1593 431 1696 459 volunt

924 472 1023 499 vivere
1047 473 1077 499 in
1100 473 1222 507 Christo,
1245 475 1478 508 persecutionem
1502 476 1692 510 patiuntur.»

925 519 1015 552 Super
1030 518 1111 552 quod
1126 520 1302 553 Augustinus
1313 520 1332 536 ¹⁷
1351 528 1357 546 ε
1375 529 1387 545 «
1403 520 1451 547 Pia
1467 523 1507 548 est
1522 521 1634 548 tristitia
1650 521 1695 556 (c),

925 565 953 589 et
965 563 988 589 si
1003 563 1059 590 dici
1075 566 1184 599 potest,
1202 566 1283 592 beata
1299 566 1336 600 (d)
1352 566 1483 599 miseria,
1499 566 1575 593 vitiis
1594 567 1697 594 alienis

927 608 1076 643 tribulari,
1099 618 1159 637 non
1180 610 1337 645 implicari,·
1363 619 1503 646 moerere,
1523 620 1584 639 non
1603 612 1698 640 adhae-

926 662 1003 688 rere3
1021 655 1123 682 dolore
1139 657 1282 689 contrahi,
1298 664 1357 684 nou
1374 665 1475 684 amore
1486 658 1600 692 attrahi,
1614 668 1627 684 »
1642 661 1697 686 etc.

927 701 956 726 In
973 708 1032 735 qua
1045 701 1155 728 tristitia
1172 704 1213 728 est
1227 703 1320 729 oratio
1336 703 1535 730 continuanda
1551 704 1586 730 ¹⁸:
1599 715 1611 728 «
1625 704 1699 731 Tris-

928 747 1003 773 tatur
1023 746 1128 781 aliquis
1142 749 1270 774 vestrum
1281 749 1294 774 ?
1309 750 1371 775 oret
1385 758 1392 774 .·
1415 757 1500 783 aequo
1518 750 1617 777 animo
1633 752 1674 777 est
1686 752 1699 777 ἱ)

927 792 1042 826 psallat.
1067 803 1079 817 n
1109 793 1182 825 Quia
1211 801 1280 827 ergo
1307 802 1391 821 amor
1420 795 1633 830 discipulorum
1661 797 1700 823 :id

929 837 1072 864 Christum
1087 838 1216 866 intensus
1231 842 1309 873 erat,
1329 843 1356 867 et
1371 848 1407 867 ex
1421 841 1483 875 ejus
1503 842 1657 876 praesentia
1673 844 1701 869 et

930 883 1129 911 consolatione
1148 885 1325 913 vehemens:
1346 894 1400 913 nec
1415 887 1540 921 mirum,
1555 887 1624 922 quia
1640 890 1701 915 erat

931 928 1150 957 delectabilium
1174 931 1322 959 affluentia
1338 942 1344 959 :
1373 932 1440 959 ideo
1463 933 1614 960 audientes
1643 941 1700 960 ser-

931 983 1034 1002 mones
1050 976 1082 1010 (e)
1097 976 1133 1003 de
1148 985 1201 1004 suo
1226 985 1340 1004 recessu
1350 999 1359 1011 ,
1376 978 1488 1005 tristitia
1502 978 1636 1014 implevit
1651 987 1701 1006 cor

931 1029 1047 1055 eorum,
1064 1022 1134 1057 quia
1153 1023 1287 1050 nondum
1306 1024 1457 1052 habebant
1471 1025 1703 1052 consolat-ionem

932 1067 1062 1101 Spiritus,
1078 1076 1167 1103 quam
1182 1071 1264 1096 crant
1278 1070 1416 1102 habituri,
1429 1070 1469 1097 ait
1483 1071 1659 1104 Augustinus
1670 1071 1702 1098 ¹⁹.

969 1115 994 1140 7.
1010 1115 1040 1140 Et
1050 1114 1182 1149 sequitur
1196 1115 1279 1142 tertia
1298 1115 1452 1150 particula,
1467 1116 1575 1143 scilicet
1589 1116 1704 1151 specifi-

934 1159 1009 1185 catio
1029 1158 1157 1186 utilitatis
1172 1160 1216 1186 sui
1237 1168 1366 1187 recessus
1390 1170 1397 1187 :
1421 1161 1473 1187 Sed
1499 1169 1543 1195 eqo
1564 1163 1705 1189 veritatem

935 1203 994 1229 dico
1004 1204 1087 1235 vobis,
1099 1203 1172 1231 sicut
1185 1212 1271 1231 verus
1285 1205 1433 1239 magister,
1448 1205 1499 1240 qui
1509 1206 1530 1221 ²⁰
1544 1206 1574 1233 in
1586 1206 1705 1234 veritate

937 1248 1031 1282 docet,
1049 1251 1076 1276 et
1089 1249 1163 1276 sicut
1178 1250 1240 1284 ipsa
1253 1251 1368 1284 veritas,
1383 1259 1472 1286 supra
1480 1253 1508 1278 ²¹.
1526 1253 1645 1287 Empedz't
1659 1261 1706 1279 υο-

937 1295 978 1321 bis
993 1298 1022 1320 ut
1036 1303 1082 1329 290
1100 1296 1196 1322 vadam
1212 1305 1217 1322 :
1237 1298 1269 1322 ut
1282 1296 1343 1324 hfeo
1367 1297 1461 1324 forma
1484 1299 1557 1325 servi
1581 1306 1599 1325 a
1621 1298 1706 1325 vobis

937 1340 1094 1375 auferatur,
1114 1343 1141 1368 et
1156 1350 1193 1369 ne
1213 1343 1272 1370 sitis
1289 1343 1427 1377 infantes,
1448 1349 1565 1380 semper
1582 1345 1709 1372 contenti

937 1386 991 1413 isto
1006 1386 1090 1421 lacte,
1107 1387 1137 1414 id
1151 1390 1201 1422 est,
1220 1396 1320 1416 amore
1335 1397 1407 1416 meae
1422 1390 1621 1424 humanitatis,
1637 1401 1649 1416 »
1670 1390 1710 1418 ait

938 1433 1114 1466 Augustinus
1132 1432 1163 1460 Ἡ.
1185 1436 1215 1460 Et
1243 1434 1311 1461 ideo
1336 1436 1465 1470 sequitur
1482 1445 1488 1463 :
1504 1436 1534 1463 Sz'
1561 1445 1613 1463 non
1638 1437 1709 1463 abie-

938 1486 978 1511 ro,
992 1481 1057 1512 etc.,
1079 1479 1110 1506 id
1135 1483 1185 1511 est,
1203 1481 1226 1507 si
1246 1481 1384 1509 alimenta
1406 1484 1516 1516 tenera,
1530 1483 1637 1518 quibus
1656 1491 1710 1510 vos

939 1524 1008 1558 alui,
1024 1533 1085 1552 non
1100 1526 1284 1560 subtraxero,
1302 1527 1430 1554 solidum
1446 1528 1546 1555 cibum
1563 1536 1624 1555 non
1645 1536 1711 1556 esu-

938 1570 1031 1604 rietis,
1050 1571 1089 1598 ait
1112 1573 1288 1606 Augustinus
1307 1573 1335 1608 ²³,
1362 1573 1414 1601 ubi
1436 1582 1525 1609 supra
1542 1583 1548 1600 :
1565 1575 1596 1601 Si
1623 1577 1711 1601 autem

940 1617 1038 1650 abiero,
1055 1617 1163 1645 scilicet
1177 1618 1357 1646 discedendo
1375 1620 1578 1655 corporaliter,
1602 1622 1710 1647 mittam

940 1669 997 1688 eum
1013 1663 1049 1688 ad
1063 1671 1117 1689 vos.
1139 1665 1170 1690 Et
1193 1672 1252 1691 non
1273 1665 1371 1692 solum
1395 1665 1517 1700 Spiritus
1542 1665 1635 1693 adfuit
1658 1665 1709 1700 eis,

940 1707 992 1734 sed
1007 1710 1089 1735 Pater
1103 1711 1131 1735 et
1144 1709 1243 1744 Filius,
1258 1710 1298 1737 ait
1311 1711 1487 1745 Augustinus
1499 1711 1532 1738 2³.
1544 1710 1564 1727 ²5
1580 1720 1594 1736 «
1609 1710 1711 1738 Vobis-

941 1761 1007 1780 cum
1023 1762 1087 1780 sum
1102 1762 1195 1790 usque
1213 1755 1252 1782 ad
1266 1757 1553 1784 consummationem
1568 1756 1675 1784 saeculi.
1695 1766 1709 1782 »

942 1799 1010 1826 ideo
1025 1800 1063 1826 ait
1079 1800 1229 1836 discipulis
1237 1800 1258 1817 ²⁶
1275 1810 1282 1828 z
1301 1813 1313 1826 «
1329 1802 1430 1830 Sedete
1446 1802 1476 1829 in
1492 1802 1622 1836 civitate,
1636 1810 1712 1837 quo—

941 1853 1033 1880 usque
1050 1845 1083 1880 (f)
1105 1845 1270 1874 induamini
1293 1847 1398 1875 virtute
1424 1856 1459 1875 ex
1481 1848 1550 1876 alto.
1574 1858 1587 1873 »
1609 1848 1714 1881 Quaerit

942 1892 1117 1926 Augustinus
1128 1894 1149 1909 ‘³⁷
1165 1902 1172 1920 :
1191 1903 1204 1919 «
1219 1894 1367 1929 Numquid
1380 1897 1494 1929 poterat
1508 1895 1637 1922 emittere
1650 1894 1713 1930 Spi-

942 1937 1040 1972 ritum,
1057 1939 1108 1974 qui
1128 1941 1248 1966 venerat
1261 1948 1348 1975 super
1370 1949 1438 1968 eum
1463 1941 1494 1968 in
1514 1941 1673 1977 baptismo,
1689 1942 1713 1968 si

943 1991 1003 2010 non
1028 1984 1141 2012 abiret?
1170 1987 1308 2014 Praeterea
1336 1995 1420 2014 amor
1440 1987 1647 2022 Apostolorum
1674 1987 1713 2014 ad

943 2030 1087 2057 Christum
1102 2034 1162 2058 erat
1178 2032 1329 2059 ordinatus
1347 2042 1353 2059 ι
1369 2041 1439 2068 ergo
1454 2041 1516 2060 non
1532 2033 1714 2068 impediebat

943 2076 1103 2104 adventum
1119 2077 1250 2112 Spiritus.
1270 2079 1340 2105 Item
1364 2078 1481 2106 dilectio
1504 2079 1632 2114 proximi
1652 2086 1713 2106 non

943 2121 1067 2157 impedit
1081 2123 1268 2151 dilectionem
1284 2125 1342 2158 Dei,
1359 2124 1411 2151 sed
1436 2124 1530 2159 magis
1544 2125 1660 2152 ordinat
1674 2125 1714 2153 ad

944 2167 1025 2195 illam
1041 2178 1047 2196 :
1065 2177 1134 2203 ergo
1150 2170 1244 2197 multo
1259 2170 1356 2197 minus
1373 2170 1489 2198 dilectio
1506 2170 1608 2198 Christi
1622 2171 1714 2206 impe-

945 2214 1045 2241 diebat
1053 2215 1224 2242 missionem
1236 2216 1356 2251 Spiritus
1367 2216 1457 2251 ipsius
1468 2216 1623 2251 Apostolis.
1643 2217 1714 2244 ltem

945 2260 1062 2288 dilectio
1076 2261 1217 2289 naturalis
1235 2269 1295 2289 non
1309 2265 1454 2297 repugnat
1469 2262 1627 2297 spirituali,
1641 2262 1714 2290 dum

946 2339 963 2354 ¹⁷
985 2341 1098 2370 August.y
1117 2340 1151 2363 ml
1169 2340 1319 2369 Sebastiam,
1338 2341 1411 2371 epist.
1435 2348 1511 2371 (μιν,
1532 2342 1564 2365 al.
1590 2348 1713 2372 ccxnvui,

946 2381 970 2396 n,
991 2377 1008 2398 1.
1019 2387 1048 2390 -
1065 2375 1082 2390 ¹⁸
1096 2376 1158 2405 darn,
1174 2382 1197 2404 v,
1216 2379 1250 2399 ¹51.
1262 2389 1289 2393 -—
1305 2377 1323 2391 ¹¹¹
1337 2378 1411 2406 Aug„
1425 2377 1449 2399 in
1461 2377 1544 2405 donn..
1558 2379 1629 2400 tract.
1644 2383 1713 2406 xmv,

945 2415 970 2431 n.
991 2410 1013 2432 t.
1034 2422 1062 2426 -
1085 2411 1103 2423 2¹⁰
1124 2411 1223 2439 Mallia,
1243 2416 1312 2439 xxii,
1336 2414 1370 2434 ΗΞ.
1391 2424 1422 2428 -
1441 2412 1459 2426 ²¹
1480 2413 1554 2441 sup„
1571 2417 1623 2440 XIV,
1645 2414 1669 2435 (i.
1684 2425 1714 2429 —

948 2444 966 2457 ²²
981 2446 1053 2473 Aug„
1069 2445 1112 2467 ubi
1126 2452 1182 2475 sup.
1196 2452 1270 2475 prox>
1281 2459 1311 2462 —
1326 2446 1345 2461 Ἡ
1361 2446 1423 2469 ibid.
1440 2459 1467 2463 —
1482 2446 1501 2462 ²¹·
1518 2446 1589 2475 ibid,
1605 2453 1632 2470 n.
1647 2447 1671 2469 5.
1685 2459 1715 2463 —

946 2479 1082 2509 ²⁵.l1'11!llt.‚
1097 2485 1187 2509 xavxu,
1202 2482 1239 2503 20.
1256 2494 1286 2498 —
1302 2481 1320 2494 Ν
1337 2481 1404 2510 Luc,
1420 2486 1492 2510 xxiv,
1508 2482 1546 2504 49.
1559 2494 1589 2498 -
1606 2481 1714 2510 ²⁷1bid..

947 2522 971 2537 u.
990 2516 1011 2537 so.

978 2562 1012 2592 (n)
1031 2562 1090 2586 Coet.
1113 2563 1172 2586 edit.
1194 2564 1228 2587 hi.
1253 2577 1284 2582 -
1301 2564 1336 2595 (b)
1362 2564 1432 2595 γαίῃ.
1452 2564 1530 2588 addit.
1554 2577 1579 2581 —-
1602 2565 1629 2593 (c)
1651 2563 1712 2588 Coet.

945 2599 1004 2621 edit.
1022 2598 1126 2628 justitia.
1142 2613 1172 2617 —
1187 2600 1224 2629 (d)
1239 2600 1298 2624 Item
1315 2607 1384 2624 vera.
1399 2614 1430 2619 —
1444 2602 1474 2632 (e)
1491 2601 1548 2631 Leq.
1564 2600 1649 2623 audito
1664 2606 1715 2622 sex·-

946 2641 1031 2657 uione.
1046 2648 1077 2652 —
1093 2636 1125 2665 (f)
1146 2635 1215 2666 Vulq.
1235 2637 1408 2668 quoadusque.

1518 2683 1555 2710 30
