1987 3032
680 202 884 235 EXPOSITIO
907 202 944 233 IN
969 202 1055 234 CAP.
1078 203 1186 235 XVIII.

136 276 143 292 ¹
162 284 174 298 a
189 275 231 300 An
255 272 369 300 armilla
391 271 556 308 perforabis
580 271 670 298 eum?
691 280 704 296 »
731 270 773 298 Ibi
797 271 904 304 Grego-

135 320 195 346 rius
215 320 225 335 ²
253 329 259 346 ;
286 330 300 345 «ι
325 321 376 346 Per
402 319 520 352 accepta
547 318 580 351 (a)
609 317 688 344 dona
711 316 851 344 virtutum
872 315 903 342 in

135 366 280 401 superhiae
306 365 409 392 vitium
435 365 468 399 (b)
494 364 603 392 cadunt
624 365 733 400 aliqui,
759 366 903 391 ettamen

135 412 283 444 nesciunt,·
305 414 332 438 et
346 411 413 438 ideo
434 411 639 446 permittuntur
661 411 764 438 cadere
780 409 904 437 exterius

134 458 164 485 in
180 458 274 485 carnis
294 457 458 491 luxuriam,
478 459 508 484 ut
527 459 756 492 prosternantur.
772 467 785 481 n
809 457 842 483 Et
862 455 903 483 ibi

134 504 208 531 bene
225 504 260 530 de
275 503 340 531 hoc.
358 504 427 530 Item
442 503 647 538 permittuntur
668 502 773 530 cadere
794 501 832 529 ad
848 502 903 528 uti-

134 550 193 577 lem
207 549 425 584 confusionem,
447 550 622 583 Augustinus
637 550 646 566 ³
669 558 676 575 ι
705 559 717 574 ιι
738 548 839 576 Audeo
860 547 904 575 di-

134 604 198 623 cere
221 596 354 631 superbis
381 604 442 623 esse
468 596 537 622 utile
563 595 593 622 in
621 594 745 630 aliquod
769 595 903 629 apertum

133 641 379 677 manifestumque
407 644 560 677 peccatum
588 641 692 668 cadere
703 661 710 674 ,
739 640 818 667 unde
847 640 904 667 sibi

135 688 322 723 displiceant,
337 688 387 723 qui
399 688 455 714 sibi
470 687 614 722 placendo
631 687 808 714 ceciderunt.
824 686 903 713 Salu-

135 735 217 762 brius
250 736 347 762 Petrus
379 733 435 761 sibi
462 733 626 768 displicuit,
655 733 775 768 quando
806 732 904 766 flevit,

136 788 225 816 quam
240 780 295 808 sibi
310 780 437 816 placuit,
459 780 580 815 quando
597 779 791 815 praesumpsit.
808 790 820 803 n
843 780 906 806 I-Iaec

135 826 192 853 ille.
209 828 279 853 Item
294 826 432 861 permittit
446 827 518 853 Deus
534 826 640 853 electos
656 825 759 852 cadere
781 825 820 852 ad
835 833 906 860 prae-

135 872 309 907 sumptionis
324 872 459 899 humanae
474 872 698 899 convictionem.
719 871 798 898 Unde
816 871 905 907 Chry-

136 920 282 946 sostomus
296 919 305 934 ⁴
319 918 366 945 hic
379 928 385 944 z
401 919 570 951 «Quantum
583 918 694 945 malum
710 919 761 951 est,
772 925 833 944 non
850 918 905 945 Deo

137 972 224 992 omne
253 965 431 998 concedere,
459 964 511 991 sed
533 965 563 991 in
591 964 686 999 seipso
708 963 873 991 confidere!
891 974 903 989 n

136 1011 210 1038 sicut
227 1010 293 1038 fecit
316 1012 424 1038 Petrus.
446 1012 518 1037 Nam
532 1011 541 1027 ⁵
559 1019 565 1037 :
585 1010 778 1038 «Maledictus
799 1010 906 1043 homo,

137 1057 188 1092 qui
211 1056 330 1084 confidit
353 1057 383 1083 in
406 1056 536 1083 homine.
553 1067 564 1080 η
595 1058 665 1084 Item
688 1056 745 1083 hoc
768 1055 908 1091 permittit

138 1104 211 1130 Deus
228 1103 266 1130 ad
279 1103 341 1138 spei
355 1102 556 1129 inductionem
571 1102 600 1128 in
616 1102 690 1129 aliis.
708 1102 787 1129 L'nde
802 1103 906 1136 Grego-

136 1150 219 1176 rius:
239 1159 252 1174 «
267 1149 335 1177 ldeo
353 1149 459 1176 electos
482 1157 551 1176 suos
575 1151 602 1176 et
625 1149 730 1176 cadere
752 1149 906 1184 permittit,

136 1198 168 1223 ut
189 1195 253 1223 ali-*s
277 1195 308 1222 in
333 1195 419 1230 culpa
438 1195 618 1230 jacentibus,
646 1195 669 1222 si
696 1197 756 1222 toto
778 1195 816 1222 ad
839 1203 908 1222 eum

137 1242 226 1269 corde
241 1244 430 1276 consurgunt,
446 1250 527 1277 spem
541 1242 633 1268 veniae
647 1241 761 1268 reddat.
777 1252 790 1267 u
804 1242 908 1274 Quam-

137 1289 181 1315 vis
195 1297 265 1323 ergo
281 1290 379 1316 Petrus
390 1288 474 1315 suerit
489 1288 537 1315 Dei
553 1288 660 1315 electus
671 1309 679 1321 ,
696 1287 827 1323 permisit
841 1296 909 1315 eum

139 1337 211 1362 Deus
226 1335 345 1367 cadere,
360 1336 480 1370 propter
495 1334 647 1368 praedictas
662 1334 798 1361 rationes.

173 1382 217 1408 28.
231 1382 260 1408 Et
271 1381 403 1416 sequItur
411 1380 550 1407 adductio
563 1380 625 1407 Filii
637 1380 684 1407 Dei
695 1381 733 1407 ad
747 1381 888 1415 Caipham
901 1390 907 1408 ;

139 1428 286 1454 Adducunt
306 1436 365 1461 ergo
379 1429 467 1454 Jesam
482 1427 517 1453 ad
541 1428 668 1461 Caipham
692 1429 720 1453 in
742 1429 908 1461 praetoriam.

139 1474 243 1507 Quaerit
257 1473 434 1508 Augustinus
449 1474 473 1507 ὅ,
490 1481 581 1508 quare
596 1473 665 1500 illuc
680 1473 733 1500 fuit
744 1473 910 1500 adductus?

140 1523 170 1548 Et
192 1520 365 1555 respondet,
383 1519 466 1554 quod
492 1526 546 1554 per
568 1519 737 1554 praetorium
760 1519 802 1546 nil
828 1519 910 1546 aliud

138 1565 201 1593 vult
214 1565 352 1600 intelligi,
368 1573 458 1601 quam
472 1565 524 1592 ubi
547 1565 653 1592 Pilatus
668 1573 775 1600 praeses
796 1565 911 1593 habita-

139 1612 198 1639 bat.
215 1613 247 1639 Et
261 1612 297 1639 de
312 1611 368 1639 hoc
393 1612 420 1638 in
443 1611 553 1639 Glossa.
580 1612 648 1638 Erat
669 1615 757 1638 autem
778 1620 863 1638 mane.
880 1613 912 1639 Ut

140 1659 180 1685 ait
194 1658 415 1693 chrysostomus
430 1659 439 1675 ⁷
456 1667 462 1684 :
486 1668 499 1682 «
514 1660 677 1692 Antequam
698 1658 793 1692 gallus
813 1661 911 1685 canta-

140 1707 198 1737 ret,
213 1704 252 1732 ad
266 1704 407 1739 Caipham
422 1704 556 1738 ducitur3
572 1712 658 1731 mane
674 1706 772 1731 autem
789 1704 827 1731 ad
842 1704 913 1731 Pila-

142 1753 212 1778 tum.
223 1752 274 1777 Per
288 1758 354 1784 quae
369 1750 550 1777 demonstrat
563 1750 756 1785 Evangelista,
771 1750 913 1785 quoniam

141 1796 271 1824 medium
286 1796 379 1824 noctis
395 1798 487 1823 totum
503 1804 519 1823 a
539 1796 649 1832 Caipha
673 1797 870 1831 interrogatus
884 1797 913 1824 in

141 1843 223 1870 nullo
244 1842 439 1877 redarguitur.
459 1853 472 1867 »
498 1844 531 1869 Ει
555 1844 610 1877 ipsi
624 1851 675 1869 non
697 1845 860 1870 ¹introierant
886 1845 914 1870 in

140 1890 310 1923 praeiorium,
327 1888 356 1914 id
371 1890 428 1921 est,
446 1888 475 1915 in
490 1896 555 1916 eam
566 1891 679 1924 partem
690 1889 812 1924 domus,
824 1897 913 1925 quam

142 1935 248 1962 Pilatus
266 1935 396 1968 tenebat,
417 1935 440 1961 si
456 1936 517 1962 erat
532 1935 638 1962 domus
658 1935 789 1971 Caiphae,
807 1936 845 1963 ait
859 1938 913 1963 Au-

143 1981 274 2015 gustinus
289 1982 309 2008 2.
326 1983 357 2008 Et
371 1981 506 2008 subditur
527 1989 632 2008 causa:
659 1983 692 2008 Ut
714 1990 766 2009 uon
785 1985 914 2010 contami-

144 2031 286 2061 narentur,
310 2028 357 2054 sed
382 2030 411 2053 ut
439 2028 628 2054 manducarent
650 2029 760 2062 pascha.
786 2030 818 2055 Ut
837 2029 915 2056 enim

144 2074 183 2101 ait
197 2073 372 2108 Augustinus
387 2074 396 2089 ⁹
412 2082 418 2100 :
447 2082 460 2098 «
480 2073 544 2100 Dics
560 2082 731 2108 azymorum
752 2079 914 2110 coeperant,

144 2120 253 2155 quibus
276 2119 381 2146 diebus
405 2119 612 2146 contaminatio
635 2123 696 2147 erat
716 2120 746 2147 in
761 2122 793 2155 (c)
813 2121 915 2149 alieni-

144 2173 226 2200 genae
239 2165 441 2192 habitaeulum
456 2166 574 2192 intrare.
599 2178 610 2189 u
634 2167 666 2193 Et
684 2166 752 2194 idco
773 2167 916 2195 exclamat

144 2211 320 2246 Augustinus
337 2220 342 2238 :
366 2221 379 2236 «
393 2214 414 2240 O
428 2211 520 2246 impia
534 2212 661 2239 caecitast
677 2212 847 2241 habitaculo
862 2214 915 2241 sci-

145 2258 211 2284 licet
224 2257 499 2284 contaminabantur
508 2258 618 2292 alieno,
628 2260 721 2286 etnon
730 2259 838 2286 scelere
850 2268 916 2295 pro-

146 2303 220 2338 prio.
236 2314 249 2328 ι,
271 2305 307 2330 De
328 2303 397 2338 ipsis
421 2303 499 2330 enim
519 2304 696 2339 praedixerat
718 2305 851 2333 Salvator
873 2306 915 2333 ¹⁰:

149 2350 195 2376 Vae
208 2350 280 2376 vobis
295 2351 343 2384 qai
358 2350 498 2377 decimatis
512 2351 659 2384 mentham,
677 2354 708 2379 ut
722 2351 762 2379 ait
777 2352 917 2387 Chrysos-

179 2421 184 2434 ¹
199 2420 252 2450 Job,
268 2426 310 2449 XL,
325 2422 361 2443 21.
374 2433 404 2437 —
418 2421 428 2436 ²
441 2422 527 2451 Creg„
546 2421 646 2450 Marah,
663 2421 705 2444 lib.
721 2422 830 2451 xxxin,
845 2429 866 2446 c.
881 2429 916 2454 XI,

147 2455 178 2479 nl.
192 2457 326 2485 xu,11.253.
339 2468 370 2472 —
381 2456 388 2467 Ἰ
403 2457 476 2486 Aug„
488 2456 517 2478 (Ie
531 2456 605 2479 (nuit.
624 2457 676 2485 Dei,
687 2457 730 2480 lib.
745 2458 811 2487 XIV,
822 2465 843 2482 c.
860 2464 916 2487 XIII,

147 2498 173 2514 n.
189 2493 212 2514 2.
227 2504 258 2508 —
272 2491 282 2507 Β
296 2491 437 2522 Οὶιπ)’5ι)εῑ.,
455 2491 496 2515 ubi
512 2499 579 2522 sup„
594 2499 619 2515 n.
634 2494 656 2515 3.
671 2506 703 2509 —
716 2494 724 2507 ⁵
741 2494 840 2523 ‚lm-em„
856 2500 918 2525 xvii,

148 2527 203 2548 3.-
217 2526 290 2556 ‘³Aug
305 2545 310 2556 ,
325 2529 396 2550 tract.
413 2532 481 2554 cxiv,
499 2534 523 2550 11.
540 2530 591 2550 I.—
603 2528 609 2540 Ἰ
624 2528 765 2558 Chrysea„
778 2529 819 2552 uhi
830 2536 918 2560 sup.—

149 2560 158 2575 ⁸
174 2561 246 2588 Aug„
262 2561 303 2584 ubi
319 2569 384 2592 sup„
401 2568 426 2584 n.
444 2564 499 2585 ².—
514 2564 521 2576 ²
538 2562 631 2585 lh'uI—
645 2564 662 2579 ¹⁰
679 2564 865 2593 Mattlu..xx1u,
879 2567 917 2588 23.

150 2608 178 2612 --
193 2596 198 2611 ¹
222 2596 320 2627 Chrys„
333 2598 668 2627 iii-isupff-v-’I1:01-.v‚·a
683 2600 880 2627 —1‘Ini·.,xxx,
898 2604 918 2624 t.

152 2643 180 2647 —
199 2630 218 2646 ¹⁸
238 2631 293 2661 ius„
307 2633 345 2656 33.
364 2645 391 2649 —
406 2633 425 2648 ¹⁵
441 2633 498 2663 qu.,
513 2636 550 2656 ῥυ.
567 2646 596 2650 -
614 2634 632 2650 ¹⁹*
648 2634 705 2665 lut,
722 2636 760 2659 31.
777 2648 802 2652 -
822 2636 837 2649 '⁷
853 2636 918 2665 Ace„

1670 204 1724 234 491

956 270 1053 296 tomus
1068 269 1115 296 hic
1134 270 1161 302 ¹¹,
1173 270 1240 302 etc„
1250 271 1275 296 et
1289 270 1439 303 reliquistis
1453 277 1512 303 quoe
1525 272 1586 296 sant
1603 270 1730 303 araviora

957 316 1032 349 legis.
1058 317 1127 343 Item
1149 315 1173 342 si
1200 315 1290 342 Iudaei
1316 315 1523 350 praecavebant
1546 314 1728 342 contamina-

956 362 1082 396 tionem,
1104 363 1136 388 ut
1158 361 1345 388 comederent
1369 361 1480 396 pascha
1503 360 1613 395 legale,
1636 361 1729 388 multo

957 407 1051 441 magis
1088 407 1191 434 fideles
1220 407 1328 434 debent
1357 414 1521 442 praecavere
1549 407 1730 434 contamina-

955 454 1067 481 tionem
1081 453 1209 489 peccati,
1224 456 1255 481 ut
1278 453 1427 481 celebrent
1447 461 1547 480 verum
1562 453 1669 480 Pascha
1686 453 1704 469 ¹²
1722 462 1728 479 z

960 510 973 525 α
986 501 1148 535 Expurgate
1164 502 1246 527 vetus
1258 499 1451 533 fermentum,
1468 510 1480 525 »
1499 501 1552 526 etc.

992 547 1036 573 29.
1055 547 1085 573 Et
1106 546 1236 581 sequitur
1257 546 1308 573 illa
1330 553 1413 581 parS,
1429 546 1459 572 in
1475 553 1533 580 qua
1554 545 1730 572 examinatio

958 592 1059 619 Christi
1075 592 1130 619 sub
1146 592 1247 625 Pilato,
1263 592 1305 618 ibi
1326 601 1331 618 ε
1354 593 1451 618 Επιῗυίί
1467 600 1527 626 erqo
1539 592 1660 625 Pilatus,
1675 593 1730 619 etc.

958 640 990 666 Et
1003 638 1055 665 illa
1069 639 1099 665 ln
1114 638 1188 665 duas
1204 649 1211 664 .·
1228 638 1324 673 primo
1340 640 1473 664 narratur
1495 637 1532 665 de
1547 637 1649 665 Christi
1664 646 1731 665 exa—

959 684 1117 711 minatione
1133 685 1187 711 sub
1212 684 1318 718 Pilato3
1336 684 1484 717 secundo,
1507 684 1543 711 de
1559 684 1672 711 cautela
1687 685 1730 711 Pi-

958 729 1022 764 lati,
1035 732 1062 757 et
1076 730 1142 757 nisu
1160 730 1195 764 (d)
1213 731 1251 757 ad
1265 731 1361 765 ipsum
1378 730 1576 763 liberandum,
1594 730 1730 766 proximo

959 776 1087 812 capitulo
1104 777 1123 793 ¹³
1143 786 1150 804 :
1171 777 1242 803 Tauc
1266 784 1325 810 erqo
1347 776 1523 811 apprehendit
1541 778 1661 810 Pilatus,
1677 778 1730 804 etc.

960 826 991 852 Et
1006 824 1058 851 illa
1072 824 1101 851 in
1116 826 1172 851 tres
1186 833 1192 850 :
1208 824 1304 859 primo
1324 823 1472 859 Inquisitio
1491 823 1571 850 Pilati
1591 832 1608 850 a
1626 823 1732 851 Iudaeis

960 870 996 898 de
1021 871 1206 898 accusatione
1233 870 1350 903 Christi,
1380 872 1407 896 et
1431 878 1534 897 eorum
1562 870 1732 905 responsio,

960 917 1108 951 secundo,
1134 916 1235 944 Christi
1264 916 1302 943 ab
1329 924 1364 943 eo
1391 916 1583 950 examinatio,
1611 918 1638 943 et
1660 917 1734 950 ejus-

961 963 1029 990 dem
1052 963 1219 998 responsio,
1242 963 1283 990 ibi
1297 963 1313 979 ”⁴
1327 972 1333 989 z
1348 964 1477 990 Introivit
1500 971 1560 997 erqo
1586 964 1681 990 iterum
1704 964 1733 989 in

958 1012 1127 1043 proeloraam,
1134 1011 1187 1036 etc.
1199 1010 1229 1036 In
1237 1009 1332 1044 prima
1340 1009 1373 1044 (e)
1384 1011 1510 1044 quatuor
1520 1018 1526 1036 z
1535 1009 1642 1044 primo,
1652 1009 1732 1036 Pilati

962 1055 1171 1090 inter1¹og.itio;
1199 1055 1347 1089 secundo,
1373 1055 1541 1082 Judaeorum
1565 1055 1670 1082 dolosa
1690 1063 1734 1082 re-

961 1101 1137 1137 sponsio,ibi
1154 1102 1186 1127 ¹5:
1199 1101 1485 1135 Responderunt,etc.;
1496 1101 1590 1135 tertio,
1602 1101 1734 1135 ejusdem

963 1148 1042 1175 Pilati
1056 1148 1210 1175 indiscreta
1219 1147 1343 1180 oblatio,
1357 1147 1397 1174 ibi
1407 1148 1442 1174 16;
1458 1149 1529 1173 Dicit
1539 1155 1598 1181 ergo
1608 1149 1654 1179 eis,
1664 1149 1732 1180 etc.;

963 1196 1067 1229 quarto
1078 1215 1086 1227 ,
1103 1194 1277 1221 eorumdem
1291 1193 1444 1228 responsio
1460 1202 1465 1219 :
1484 1195 1627 1226 De'oeerunt,
1645 1195 1698 1220 etc.

998 1240 1042 1266 Ait
1057 1248 1126 1274 ergo
1140 1249 1146 1266 ε
1163 1241 1258 1266 Εωιῖυϊῐ
1274 1247 1333 1273 erqo
1348 1240 1452 1265 Pilatus
1468 1239 1503 1265 ad
1518 1247 1559 1266 eos
1569 1260 1577 1273 ,
1600 1242 1623 1265 et
1639 1239 1713 1266 dfxit
1727 1249 1735 1266 .·

965 1287 1049 1318 Quam
1069 1288 1261 1313 accusationem
1281 1286 1414 1319 affertis,
1439 1287 1504 1317 etc„
1527 1288 1558 1312 ut
1578 1285 1668 1320 prius.
1690 1285 1737 1312 Vi-

965 1331 1037 1359 dens
1051 1332 1158 1359 Pilatus
1173 1340 1241 1359 eum
1256 1331 1377 1365 ligatum
1387 1353 1395 1365 ,
1411 1333 1437 1358 et
1453 1331 1662 1358 inconveniens
1677 1339 1738 1358 esse

965 1378 1075 1405 ducens
1086 1379 1121 1413 (f)
1132 1379 1222 1412 eos(9)
1236 1377 1413 1413 supplicium
1429 1377 1484 1405 sibi
1501 1377 1662 1405 concedere
1677 1377 1738 1405 sine

962 1425 1090 1460 judicic,
1114 1425 1152 1452 ait
1173 1434 1179 1451 z
1207 1426 1292 1457 Quam
1317 1426 1525 1458 accusationem,
1549 1425 1629 1451 etc.¹⁷
1646 1434 1660 1450 «
1676 1426 1738 1452 Non

966 1474 1006 1498 cst
1014 1471 1195 1499 consuetudo
1205 1470 1343 1498 Romanis
1355 1470 1494 1497 damnare
1506 1470 1645 1506 aliquem,
1656 1470 1737 1506 prius

966 1526 1056 1553 quam
1072 1517 1095 1544 is
1112 1517 1160 1552 qui
1187 1518 1339 1544 accusatur
1356 1516 1464 1543 habeat
1482 1519 1681 1550 accusatores,
1696 1516 1740 1544 lo-

966 1572 1093 1599 cumque
1113 1562 1302 1590 defendendi.
1316 1572 1328 1587 n

1003 1612 1046 1637 30.
1064 1611 1095 1636 Et
1114 1609 1180 1636 ideo
1196 1609 1326 1644 sequitur
1342 1616 1444 1635 eorum
1458 1608 1564 1636 dolosa
1574 1610 1601 1635 et
1610 1608 1740 1636 mendax

967 1656 1120 1691 responsio
1138 1664 1143 1682 ε
1171 1657 1323 1682 Dioeerant:
1346 1656 1376 1681 Si
1396 1663 1448 1681 non
1467 1657 1532 1681 esset
1552 1655 1593 1681 hic
1612 1656 1740 1687 malefac-

969 1705 1021 1735 tor,
1036 1705 1089 1729 etc.
1110 1703 1143 1728 Ut
1157 1702 1195 1728 ait
1210 1701 1433 1735 Chrysostomus
1454 1701 1471 1716 ¹⁸
1488 1709 1494 1727 2
1516 1700 1591 1728 Nihil
1609 1703 1742 1736 potentes

969 1748 1065 1775 dicere
1094 1747 1235 1775 adversus
1264 1755 1347 1780 eum,
1369 1746 1549 1773 obumbrant
1577 1747 1742 1782 responsio-

969 1802 1045 1821 nem.
1063 1805 1075 1819 »
1094 1796 1126 1821 Et
1140 1793 1317 1828 Augustinus
1331 1792 1351 1808 ¹⁹
1366 1801 1372 1819 ε
1385 1802 1398 1817 «
1414 1793 1622 1828 Respondeant
1635 1793 1673 1820 ab
1688 1793 1741 1820 im-

969 1840 1088 1868 mundis
1111 1839 1261 1875 spiritibus
1283 1838 1415 1872 liberati,
1438 1840 1466 1865 et
1480 1838 1614 1874 languidi
1633 1839 1741 1873 sanati,

970 1890 997 1914 et
1015 1886 1123 1922 leprosi
1146 1885 1296 1918 mundati,
1314 1894 1326 1910 »
1350 1887 1376 1911 et
1399 1885 1438 1911 sic
1460 1884 1496 1911 de
1519 1884 1595 1919 aliis,
1614 1894 1626 1910 a
1644 1887 1742 1912 utrum

970 1934 1005 1960 sit
1033 1932 1211 1960 malefactor.
1237 1942 1251 1957 »
1282 1931 1337 1958 Sed
1366 1931 1421 1966 ipsi
1451 1933 1533 1958 erant
1563 1931 1600 1958 de
1634 1931 1743 1966 quibus

971 1980 1010 2007 ait
1038 1979 1182 2014 Propheta
1205 1977 1227 1994 ²⁰
1252 1986 1258 2005 :
1279 1987 1292 2002 (ι
1318 1977 1492 2004 Reddebant
1520 1977 1555 2011 (h.)
1581 1977 1660 2004 mala
1687 1985 1742 2012 pro

971 2026 1068 2053 honis,
1097 2035 1109 2050 ›>
1138 2024 1193 2051 Sed
1222 2023 1360 2059 quaeritur
1384 2032 1390 2050 :
1425 2025 1463 2050 Ex
1496 2031 1555 2058 quo
1587 2023 1743 2050 tradebant

972 2081 1039 2100 eum
1055 2072 1159 2099 intuitu
1174 2070 1325 2104 maleficii,
1341 2069 1456 2096 videtur
1471 2070 1553 2105 quod
1563 2069 1680 2096 fuerunt
1693 2077 1743 2097 ex-

972 2118 1116 2146 cusabiles
1132 2118 1173 2152 (a).
1195 2118 1263 2144 Item
1283 2126 1296 2141 «
1307 2116 1484 2143 conscientia
1499 2118 1541 2143 est
1553 2116 1600 2143 Iex
1614 2115 1744 2143 intellec-

972 2168 1027 2200 tus,
1037 2166 1076 2192 ait
1092 2166 1285 2191 Damascenus
1302 2165 1329 2194 ²¹,
1348 2165 1375 2190 et
1387 2162 1457 2197 ligat
1471 2162 1510 2189 ad
1525 2161 1692 2190 faciendum
1710 2170 1745 2190 ea

973 2221 1038 2248 quse
1055 2212 1153 2239 dictat.
1170 2222 1183 2236 D
1199 2210 1221 2227 ²2
1237 2222 1248 2234 a
1265 2211 1356 2238 Omne
1372 2209 1455 2245 quod
1472 2216 1532 2236 non
1546 2211 1588 2236 est
1608 2217 1644 2236 ex
1667 2208 1742 2244 fide,

972 2260 1125 2294 peccatum
1151 2259 1208 2291 est,
1225 2267 1237 2281 n
1267 2256 1374 2284 scilicet
1396 2257 1497 2283 contra
1521 2255 1744 2289 conscientiam,

973 2306 1012 2333 ait
1026 2305 1127 2332 Glossa
1146 2303 1204 2331 ibi:
1221 2310 1306 2337 ergo,
1333 2303 1364 2329 ut
1379 2302 1469 2337 prius.
1487 2303 1556 2329 Item
1570 2300 1607 2329 ²⁸:
1621 2311 1634 2327 «
1649 2301 1675 2329 Si
1696 2308 1745 2328 co-

974 2383 1039 2408 Ην,
1057 2379 1091 2401 16.
1106 2390 1134 2394 -
1149 2376 1169 2392 ¹⁸
1184 2376 1325 2405 chrysost„
1346 2374 1387 2398 ubi
1404 2381 1471 2405 sup.,
1495 2381 1520 2398 n.
1542 2376 1564 2398 4.
1579 2387 1609 2392 —-
1633 2374 1649 2388 ¹⁹
1672 2374 1746 2406 Aug„

975 2416 1047 2437 tract.
1064 2419 1133 2442 cxiv,
1148 2419 1173 2435 u.
1190 2414 1213 2434 3.
1230 2424 1254 2427 -
1269 2410 1288 2426 ³⁰
1305 2410 1371 2433 Psal.
1387 2416 1475 2439 xxxw,
1491 2412 1527 2434 12.
1543 2423 1567 2426 -
1585 2410 1601 2424 ⁷¹
1618 2410 1746 2438 Damaso„

975 2449 1076 2473 Orthml.
1094 2448 1161 2477 Fid„
1176 2447 1218 2470 lib.
1237 2446 1279 2475 IV,
1293 2452 1315 2468 c.
1332 2451 1408 2469 xxm.
1421 2458 1451 2463 —
1464 2446 1483 2461 ²²
1496 2445 1574 2475 Item,
1591 2451 1644 2476 xiv,
1662 2447 1700 2468 2³.
1717 2458 1747 2463 -

977 2485 1015 2507 ·³l
1035 2486 1102 2512 cota,
1120 2489 1146 2513 11,
1165 2484 1186 2506 S.

1006 2530 1037 2557 (ιι)
1057 2528 1116 2551 (ἢεί.
1131 2527 1192 2549 alit.
1207 2525 1273 2549 deese
1289 2526 1400 2555 accepta.
1417 2537 1446 2542 —
1463 2524 1498 2555 (h)
1514 2524 1574 2548 Coet.
1590 2525 1651 2548 edit.
1667 2524 1691 2547 in
1707 2531 1748 2547 su-

975 2563 1102 2594 11erbi;i.—
1120 2564 1146 2591 (ct
1161 2562 1242 2585 veh-1
1256 2561 1294 2591 (d)
1310 2560 1399 2584 nisi.—-
1415 2560 1444 2589 (e)
1460 2560 1542 2590 primo
1554 2573 1584 2578 -
1597 2560 1630 2589 (f)
1649 2560 1744 2583 dicens,

977 2613 1000 2616 μ-
1019 2601 1053 2628 ῃ)
1070 2599 1142 2622 Furto.
1160 2596 1288 2627 leqemlam
1304 2602 1363 2619 eum
1380 2596 1454 2619 ad.—
1468 2596 1500 2625 (lt)
1522 2596 1595 2626 Italy.
1618 2595 1748 2619 Retribue-

976 2635 1045 2658 bant.
1061 2647 1084 2651 -
1103 2634 1129 2665 (i)
1146 2633 1205 2657 Coet.
1221 2632 1280 2656 edtl.
1297 2631 1490 2656 inexcusabiles.
