1987 3032
677 198 882 229 EXPOSl'l'lO
906 197 946 228 ΙΝ
969 197 1054 228 CAP.
1078 197 1156 229 XVI.

133 273 196 300 quae
217 266 278 292 erat
299 265 448 300 paritura,
472 267 503 291 ut
524 272 591 290 cum
612 264 786 299 peperisset,
807 263 902 290 filium

131 311 192 345 ejus
213 311 383 345 devoraret,
399 320 412 336 »
431 312 484 337 etc.
505 309 616 337 Eodem
631 310 723 337 modo
738 311 836 345 posset
851 317 901 336 ex-

129 356 201 391 poni
217 356 253 384 de
268 358 366 383 sancta
390 355 505 389 anima,
522 363 587 390 quae
607 356 730 390 parturit
746 363 821 390 opus
835 362 900 390 per-

129 401 237 429 fectum
257 403 263 418 ¹
281 411 287 429 :
307 412 320 427 a
340 404 376 429 Os
395 401 463 436 justi
487 402 627 436 parturiet
648 402 831 437 sapientiam.
848 411 862 426 n
880 402 899 428 E

130 447 275 475 contrario
291 447 327 474 de
339 447 437 474 multis
450 449 459 463 ²
476 455 482 473 z
500 457 513 473 «
529 448 674 474 Venerunt
688 447 740 474 filii
755 454 848 482 usque
861 446 900 473 ad

128 495 245 528 partum
254 514 263 527 ,
277 495 305 520 et
318 501 380 520 non
392 495 435 520 est
448 493 540 520 virtus
555 493 746 528 parturiendi.
764 503 777 518 »

163 541 201 567 De
232 548 267 567 eo
295 548 380 574 vero,
410 540 492 575 quod
521 540 652 575 sequitur
678 549 684 566 :
710 540 809 567 Videbo
837 547 899 573 vos,

129 589 154 613 et
174 586 300 620 qaudebit
325 594 369 613 cor
392 589 522 620 vestrum,
539 586 614 613 infra
629 588 638 603 ³
657 595 664 613 :
684 596 698 611 «
718 585 813 613 Gavisi
834 587 900 613 sunt

130 631 284 667 discipuli,
300 632 364 659 viso
380 632 514 659 Domino.
531 642 544 657 »

165 680 208 705 23.
226 679 257 705 Et
271 678 402 712 sequitur
424 677 474 704 illa
489 686 574 712 pars,
597 677 626 704 in
649 685 708 712 qua
731 677 900 704 consolatur

130 725 290 760 discipulos
305 733 340 752 ex
354 724 549 760 promissione
563 723 707 751 audientis
720 724 755 759 (a)
769 731 786 750 a
801 725 881 750 Patre
889 732 898 758 3

129 771 274 805 secundo,
296 770 365 805 quia
390 778 465 805 saepe
490 772 532 796 est
553 770 593 797 eis
622 770 736 797 locutus
757 770 899 803 obscure,

128 816 331 852 promissionis
354 816 445 851 plenae
469 815 667 850 intelligentiae
693 815 842 849 adjunctio
865 815 873 830 ³·
888 824 896 840 .-

129 863 191 889 Hoec
215 864 244 888 in
271 863 436 897 proverbiis,
458 864 533 895 etc.;
561 861 661 894 tertio,
687 861 900 896 discipulorum

128 908 280 943 responsio
296 909 305 924 ⁵
322 917 328 934 :
345 910 442 934 Dicunt
467 910 491 934 ei
511 908 654 941 discipuli,
676 909 750 941 etc.;
775 909 898 942 quarto,

129 954 165 981 de
193 954 238 980 his
266 962 332 989 quae
358 955 481 981 ventura
509 955 591 980 erant
604 974 612 987 ,
641 961 744 980 eorum
773 953 898 980 instruc-

128 1000 168 1027 tio
179 1020 188 1033 ,
209 1002 237 1027 et
255 1008 331 1027 verae
351 1000 431 1035 pacis
450 999 606 1035 promissio
617 1019 625 1032 ,
648 999 689 1026 ibi
705 1000 714 1015 ⁶
730 1008 735 1025 :
752 999 899 1033 Respondit

128 1048 166 1072 eis
177 1067 186 1079 ,
201 1049 254 1073 etc.

162 1092 206 1130 Ait
221 1100 291 1126 ergo
308 1100 314 1118 :
328 1093 365 1118 Et
380 1093 409 1118 z'n
424 1092 472 1118 illo
490 1091 534 1118 die
548 1099 588 1117 me
604 1098 655 1117 non
668 1091 810 1124 rogabitis.
827 1090 900 1123 Quia

127 1138 306 1173 praemiserat
319 1147 325 1164 ;
339 1137 437 1163 Videbo
449 1144 509 1170 vos3
527 1136 595 1163 ideo
611 1136 651 1163 ait
667 1144 672 1162 :
689 1138 721 1163 In
736 1137 781 1162 illo
796 1137 840 1163 die
852 1136 898 1171 (b),

126 1183 247 1210 visionis
260 1191 351 1217 meae,
370 1182 440 1218 quia
464 1182 538 1209 nihil
554 1182 784 1209 desiderandum
807 1190 899 1209 rema-

126 1229 224 1261 nebit,
249 1229 322 1256 nihil
346 1228 538 1264 quaerendum
564 1227 682 1261 latebit,
705 1228 743 1254 ait
765 1227 898 1262 Augusti-

127 1283 182 1302 nus
197 1276 216 1302 7.
234 1274 310 1302 lnsra
325 1273 448 1302 eodem⁸
465 1283 471 1300 :
487 1276 520 1301 Et
534 1282 586 1301 ηοη
601 1274 659 1300 dico
672 1274 761 1306 vobis,
777 1276 842 1307 quia
856 1282 899 1300 ro-

126 1321 191 1355 qabo
203 1322 309 1347 Patrem
319 1321 349 1348 cle
359 1321 442 1354 vobis,
453 1322 510 1354 ipse
521 1321 590 1347 enim
603 1321 681 1346 Pater
693 1323 766 1346 amat
775 1327 830 1353 vos,
843 1321 895 1346 etc.

126 1368 158 1394 Et
179 1366 245 1393 licet
264 1367 303 1393 ita
324 1366 410 1393 fuerit
431 1366 461 1393 in
482 1366 599 1399 futuro,
621 1373 699 1392 nunc
715 1367 811 1392 tamen
831 1365 897 1392 dieo

126 1413 213 1440 vobis
229 1422 236 1440 z
252 1413 283 1439 St·
296 1413 363 1447 quid
379 1414 533 1447 petieritis,
550 1412 659 1439 scilicet
683 1411 766 1447 quod
786 1412 821 1438 sit
844 1411 896 1438 ali-

127 1459 200 1494 quid
210 1479 219 1492 ,
237 1459 275 1486 ait
296 1459 412 1491 Glossa;
428 1459 458 1485 in
472 1460 577 1485 nomine
592 1465 662 1491 meo,
677 1457 785 1485 scilicet
806 1457 896 1493 perti-

125 1512 198 1532 nens
212 1504 251 1531 ad
264 1504 396 1531 salutem.
414 1503 492 1530 Unde
509 1503 685 1537 Augustinus
697 1504 707 1519 ⁹
723 1512 729 1529 ;
743 1505 828 1530 «Non
842 1511 895 1538 pe-

129 1551 197 1577 titur
220 1550 251 1577 in
274 1549 394 1577 nomine
416 1549 593 1583 salvatoris,
619 1548 767 1584 quidquid
790 1549 896 1583 petitur

125 1598 226 1624 contra
244 1596 388 1623 rationem
402 1595 511 1622 salutis.
527 1605 540 1620 »
559 1596 652 1630 Supra
672 1594 691 1609 ¹⁰
706 1594 800 1622 simile
817 1603 824 1622 :
842 1605 854 1620 α
868 1595 895 1622 Si

126 1643 198 1678 quid
212 1641 349 1678 petieritis
364 1642 395 1668 in
409 1641 530 1668 nomine
550 1649 634 1673 meo,
648 1650 661 1666 n
677 1643 730 1668 etc.
747 1643 778 1667 Et
792 1641 895 1668 merito

125 1689 164 1716 ait
179 1697 185 1715 :
202 1688 308 1723 Siquid
323 1689 466 1722 petieritis,
480 1689 534 1714 etc.
549 1687 585 1721 (v.
597 1686 641 1721 24)
658 1688 743 1720 Usque
757 1687 832 1712 modo
845 1695 896 1713 non

124 1736 249 1769 petistis,
264 1733 408 1761 consimili
422 1741 488 1760 mea
504 1732 666 1767 praesentia,
684 1732 723 1758 ait
739 1732 848 1759 Glossa.
865 1734 896 1759 Et

123 1780 256 1815 sequitur
264 1778 420 1814 dupliciter
433 1778 465 1813 (c)
480 1777 642 1804 secundum
656 1778 873 1812 Augustinum=1
887 1787 893 1804 :

127 1825 200 1852 «Vel
217 1825 288 1860 quia
306 1832 416 1851 nomen
429 1831 546 1857 meum,
566 1823 639 1850 sicut
656 1823 895 1858 cognoscendum

125 1874 194 1905 erat,
207 1878 271 1899 non
286 1869 464 1904 cognovistis
475 1879 482 1903 3
494 1869 541 1896 vel
551 1869 661 1904 quiain
677 1870 895 1904 comparatione

124 1917 165 1944 rei
178 1924 267 1952 quam
280 1917 378 1951 petere
393 1915 545 1948 debuistiS,
555 1923 610 1950 pro
621 1915 713 1942 nihilo
722 1915 895 1942 habendum

125 1964 186 1990 erat
201 1961 347 1997 quidquid
367 1961 485 1996 petistis.
502 1971 514 1986 n
534 1962 596 1987 llaec
618 1960 677 1988 ille.
695 1962 726 1988 Et
743 1962 896 1997 consequi-

125 2012 170 2036 tur
187 2018 193 2035 :
210 2009 296 2035 Petite
311 2009 340 2034 in
352 2009 457 2034 nomine
470 2015 525 2033 meo
543 2016 548 2033 :
564 2007 712 2042 quidquid
728 2008 806 2034 euim
822 2008 895 2043 peti-

126 2058 182 2088 tur,
196 2053 279 2090 quod
289 2053 431 2088 pertineat
442 2052 480 2079 ad
494 2053 549 2079 hoc
562 2053 704 2087 gaudium
716 2061 896 2089 consequen-

126 2101 214 2133 dum,
230 2100 285 2127 hoc
299 2102 341 2127 est
355 2099 385 2126 in
400 2098 518 2126 nomine
534 2098 636 2126 Christi
657 2099 817 2134 petendum
829 2121 837 2133 ‚
857 2100 896 2127 ait

125 2147 303 2181 Augustinus
316 2146 347 2178 ¹²,
363 2148 388 2172 et
400 2146 538 2179 accipietis
552 2146 568 2161 '³
586 2154 613 2171 πα
628 2145 724 2179 Petite,
741 2148 768 2172 et
778 2146 896 2173 dabitur

126 2192 220 2220 vobis.
232 2203 245 2217 »
264 2191 320 2219 Sed
335 2191 494 2226 quaeritur:
511 2199 578 2218 cum
592 2191 649 2218 hoc
665 2191 742 2218 dicat
763 2200 850 2227 supra
866 2192 895 2226 ¹⁰,

126 2238 242 2265 videtur
257 2238 340 2272 quod
353 2237 400 2264 hic
414 2236 560 2272 superflue
576 2239 695 2272 repetat.
719 2239 788 2264 Item
803 2239 895 2265 Sancti

128 2291 203 2318 saepe
220 2283 364 2318 petierunt
378 2283 407 2310 in
423 2283 542 2310 nomine
558 2283 688 2317 Domini,
704 2283 777 2310 sicut
792 2283 846 2311 fuit
860 2284 896 2311 de

128 2329 219 2356 Paulo
235 2328 264 2355 ¹².
282 2331 344 2356 Non
365 2336 435 2363 ergo
455 2329 570 2356 videtur
593 2337 654 2356 esse
676 2337 791 2363 verum,
815 2330 896 2365 quod

161 2401 167 2414 ¹
185 2400 266 2427 Pron..
285 2405 317 2427 x,
333 2400 371 2422 31.
389 2411 418 2415 -
437 2398 445 2412 ²
464 2399 521 2428 1511„
542 2404 647 2427 xxxvii,
662 2400 686 2422 3.
703 2413 727 2416 —
751 2400 831 2431 ³1us.,
853 2407 896 2433 xx,

128 2436 167 2458 20·
179 2448 209 2452 -
226 2436 233 2448 ι
248 2435 304 2465 Μ’,
321 2435 359 2458 255,
374 2447 400 2451 -
418 2435 424 2447 ⁵
442 2434 498 2464 int,
512 2435 550 2457 29.
567 2447 596 2451 ——
612 2435 620 2448 ⁶
637 2434 691 2464 lnf.,
707 2437 744 2459 31.
760 2449 788 2453 -
804 2437 897 2468 ⁷Aug.‚

129 2469 171 2492 ubi
186 2477 252 2500 sup,
268 2477 292 2493 n.
309 2471 331 2492 6.
349 2482 377 2486 -
392 2469 403 2485 ⁸
418 2469 475 2498 lus.,
496 2470 541 2498 26,
555 2470 593 2491 27.
609 2482 638 2486 -
653 2472 661 2483 ⁹
676 2471 750 2500 Aug„
766 2473 837 2495 tract.
853 2478 897 2501 cu,

129 2511 155 2527 n.
174 2506 194 2528 1.
214 2518 239 2521 —
262 2505 283 2521 ¹⁰
298 2506 370 2534 Sup.,
391 2510 447 2533 xm,
471 2505 505 2527 14.
527 2517 552 2520 —
570 2505 587 2520 ¹¹
610 2506 685 2536 Aug„
702 2505 773 2536 ibid,
788 2513 813 2531 n.
829 2509 851 2530 2.
869 2521 898 2525 —

132 2539 149 2554 ¹²
170 2539 242 2569 thid„
261 2539 335 2570 paulo
355 2542 420 2563 anto.
441 2552 470 2556 —-
492 2539 510 2555 '³
528 2539 593 2568 Luc„
611 2546 635 2563 xi
647 2559 652 2568 ,
674 2543 696 2564 9.
712 2554 742 2558 -
761 2542 780 2557 ¹⁶
795 2543 814 2565 ΙΙ
831 2543 898 2572 Cur„

131 2575 221 2602 x11‚8.
238 2587 266 2591 -
281 2576 301 2591 ¹⁵
321 2575 393 2604 Sup.,
411 2580 462 2603 xiv,
483 2576 504 2597 8.
525 2587 552 2590 —
571 2576 589 2590 ¹¹³
606 2576 679 2605 Aug,
696 2576 737 2600 ubi
750 2584 815 2608 sup„
835 2585 860 2602 n.
875 2580 898 2602 1.

131 2620 161 2625 —-
177 2608 194 2623 ¹7
211 2608 282 2639 ibid„
298 2616 323 2632 u.
340 2611 362 2633 2.
378 2622 408 2627 —
424 2609 444 2625 ¹⁸
461 2609 532 2638 thid„
548 2616 572 2633 n.
589 2612 611 2634 3.
628 2624 656 2627 -
672 2611 773 2635 1ῑΡςιιΙ.
790 2618 860 2642 xxm,
875 2616 897 2638 4.

1671 204 1726 232 471

958 263 998 290 ait
1012 263 1068 290 hic.
1086 265 1155 291 Item
1170 265 1209 291 ait
1224 273 1231 292 :
1253 266 1337 299 Usque
1357 266 1433 293 modo
1454 274 1506 292 non
1519 268 1628 300 petistis
1650 267 1733 301 quid-

957 318 1037 344 quam
1054 319 1060 337 z
1077 311 1160 345 cujus
1178 311 1357 338 contrarium
1371 311 1486 339 videtur
1502 320 1607 347 supra,
1623 313 1673 339 ubi
1690 313 1730 340 ait

956 356 1107 392 Philippus
1121 358 1140 373 ¹⁵
1159 366 1165 384 ε
1181 366 1194 382 κ
1208 357 1328 384 Domine
1339 378 1347 391 ,
1365 358 1486 385 ostende
1501 358 1588 385 nobis
1602 360 1729 393 Patrem,

957 404 1011 430 etc.
1026 413 1038 428 n
1057 404 1126 430 ltem
1141 405 1263 437 constat,
1285 403 1367 438 quod
1383 404 1518 439 discipuli
1533 412 1609 439 saepe
1625 412 1730 432 orave-

959 449 1017 475 rint
1029 456 1096 475 eum
1117 449 1204 476 etiam
1220 449 1257 476 de
1273 449 1483 484 spiritualibus.
1500 451 1532 477 Et
1546 450 1585 476 ad
1599 450 1729 485 primum

956 494 1198 529 respondendum
1212 495 1376 522 secundum
1392 495 1585 530 Augustinum
1601 496 1632 529 ¹⁶,
1648 496 1729 531 quod

956 541 1007 576 qui
1022 541 1092 576 petit
1106 542 1135 568 iu
1151 542 1270 569 nomine
1288 543 1349 577 ejus
1360 564 1368 576 ,
1385 543 1505 578 accipit,
1531 543 1653 578 quando
1678 543 1729 570 de-

956 587 1006 614 bet
1020 587 1151 622 accipere
1165 597 1171 614 :
1185 588 1324 622 quaedam
1336 588 1413 615 enim
1425 596 1485 616 non
1499 591 1653 623 negantur,
1664 589 1727 622 sed,

956 635 987 660 ut
1011 641 1143 668 congruo
1165 634 1269 661 dentur
1284 636 1435 670 tempore,
1459 634 1641 662 differuntur.
1665 636 1728 662 Haec

955 679 1014 706 ille.
1032 680 1063 706 Et
1078 679 1118 706 sic
1134 681 1175 706 est
1189 679 1414 714 intelligendum
1425 701 1434 714 ,
1451 680 1533 716 quod
1545 681 1636 708 sancti
1651 681 1727 708 acci-

955 725 1039 759 piunt
1049 733 1103 760 pro
1111 733 1141 752 se
1151 746 1158 759 ,
1170 728 1200 752 ut
1209 728 1252 752 est
1263 726 1300 752 ad
1312 734 1416 753 eorum
1431 726 1565 754 salutem.
1577 726 1619 753 Ad
1633 727 1726 761 aliud,

955 771 1118 798 secundum
1129 771 1268 798 eumdem
1279 772 1471 806 Augustinum
1484 773 1513 806 Π,
1524 772 1607 807 quod
1622 783 1633 797 «
1643 773 1727 808 quid-

955 816 1027 851 quid
1049 816 1130 843 aliud
1153 817 1276 852 petitur,
1301 825 1391 852 quam
1416 818 1499 853 quod
1522 818 1663 853 pertineat
1687 819 1725 845 ad

954 862 1096 896 gaudium
1112 862 1232 898 plenum
1247 864 1498 898 consequendum,
1515 864 1587 890 nihil
1602 865 1723 899 petitur:

954 915 1014 935 non
1030 908 1111 943 quod
1127 909 1248 936 omnino
1264 909 1347 936 nulla
1356 917 1402 936 res
1416 909 1533 945 petitur,
1547 909 1598 937 sed
1614 909 1684 945 quia
1695 910 1724 936 in

954 955 1033 980 tanta
1054 954 1095 981 rei
1117 955 1353 989 comparatione,
1374 955 1521 990 quidquid
1541 955 1620 982 aliud
1647 956 1724 982 acci-

953 1000 1061 1034 piatur,
1077 1000 1149 1026 nihil
1163 1001 1220 1027 'est.
1237 1010 1249 1026 »
1268 1002 1331 1028 Haec
1352 1001 1410 1028 ille.
1437 1003 1470 1028 Et
1485 1001 1555 1036 quia
1577 1004 1643 1036 post
1656 1001 1724 1028 mis-

954 1045 1067 1072 sionem
1095 1046 1214 1080 Spiritus
1239 1046 1330 1073 saneti
1354 1047 1394 1073 sic
1419 1046 1565 1082 petierunt
1588 1047 1723 1082 discipuli

953 1093 1174 1124 perseverantes
1184 1091 1214 1118 in
1227 1094 1368 1126 oratione,
1378 1092 1445 1119 ideo
1455 1094 1629 1127 acceperunt
1642 1093 1723 1127 quod

953 1138 1108 1172 petierunt.
1130 1139 1161 1164 Et
1179 1140 1249 1165 nota
1264 1138 1346 1173 quod
1361 1138 1408 1165 hic
1423 1138 1607 1165 insinuantur
1622 1139 1723 1166 condi-

953 1184 1047 1210 tiones
1067 1184 1206 1210 orationis
1229 1186 1377 1219 quatuor:
1394 1193 1521 1220 quarum
1544 1185 1640 1220 prima
1662 1188 1722 1219 est,

954 1231 1015 1264 ejus
1030 1230 1116 1263 boni,
1134 1230 1217 1265 quod
1232 1233 1274 1257 est
1293 1231 1506 1265 necessarium,
1522 1231 1636 1259 fervida
1650 1233 1723 1267 peti—

952 1276 1070 1309 bilitas,
1094 1275 1135 1302 ibi
1151 1285 1156 1302 ι
1172 1276 1325 1308 Petz'erz'cz‘s,
1342 1279 1368 1303 et
1390 1276 1559 1311 indigentiae
1573 1278 1723 1312 cognosci-

952 1321 1063 1355 bilitas,
1079 1321 1159 1348 unde
1174 1322 1350 1356 Augustinus
1362 1322 1409 1349 hic
1427 1324 1444 1339 ’Β
1460 1332 1465 1350 z
1478 1333 1491 1349 «
1506 1324 1605 1351 Petitio
1620 1326 1661 1351 est
1673 1325 1724 1351 ali-

953 1367 1035 1401 cujus
1050 1367 1233 1402 indigentiae3
1248 1378 1261 1393 »
1276 1368 1306 1394 in
1321 1369 1424 1395 Psalmo
1441 1370 1460 1387 ¹⁹
1477 1378 1502 1396 :«
1517 1371 1607 1396 Unam
1622 1370 1691 1405 petii
1705 1378 1723 1397 a

952 1413 1113 1440 Domino.»
1130 1413 1263 1440 Secundo
1287 1413 1452 1441 insinuatur
1473 1415 1514 1442 rei
1536 1415 1631 1450 petitae
1654 1416 1723 1444 sub-

952 1459 1122 1486 stantialitas
1134 1480 1141 1492 ,
1164 1459 1205 1486 ibi
1223 1469 1229 1486 ;
1245 1460 1274 1486 Sz‘
1289 1460 1370 1494 quid,
1391 1460 1499 1488 scilicet
1520 1461 1603 1497 quod
1618 1462 1652 1489 sit
1667 1462 1720 1489 ali—

952 1505 1024 1540 quid
1041 1505 1203 1532 secundum
1218 1506 1420 1541 Augustinum‚
1436 1509 1467 1534 ut
1482 1510 1523 1535 est
1546 1509 1721 1544 expositum,

951 1551 1022 1586 quia
1032 1551 1209 1586 2⁰«spiritum
1218 1552 1332 1579 bonum
1344 1552 1425 1580 dabit
1435 1554 1599 1588 petentibus
1607 1557 1697 1582 Pater.
1706 1566 1718 1580 η

950 1598 970 1613 ‘2¹
986 1607 999 1623 t<
1012 1597 1140 1624 Primum
1157 1598 1276 1633 quaerite
1292 1606 1418 1633 reguum
1433 1599 1491 1626 Dei.
1506 1609 1519 1624 »
1542 1601 1634 1628 Tertio
1654 1601 1722 1628 insi-

951 1646 1057 1670 nuatur
1071 1644 1100 1670 in
1117 1643 1230 1670 orando
1247 1645 1325 1670 recta
1346 1644 1520 1678 credulitas,
1547 1645 1588 1672 ibi
1606 1655 1611 1673 :
1628 1648 1661 1673 In
1675 1655 1720 1673 no-

949 1691 1020 1716 mine
1034 1697 1102 1723 meo,
1120 1692 1150 1716 ut
1170 1689 1279 1716 scilicet
1293 1697 1380 1717 orans
1394 1692 1473 1725 petat
1488 1699 1505 1718 a
1520 1693 1600 1719 Patre
1616 1692 1646 1719 in
1667 1701 1719 1720 no-

950 1734 1028 1761 mine
1045 1734 1125 1769 Filii,
1141 1735 1294 1762 sentiendo
1308 1735 1344 1762 de
1360 1736 1424 1771 ipso
1440 1737 1574 1771 nomine,
1587 1739 1614 1764 et
1627 1738 1662 1765 de
1679 1739 1719 1773 ip-

950 1788 982 1807 so
999 1780 1086 1813 Filio,
1109 1782 1140 1808 ut
1164 1784 1205 1808 est
1224 1782 1427 1815 sentiendum,
1451 1784 1613 1811 secundum
1639 1785 1721 1819 quod

950 1828 993 1853 est
1020 1827 1195 1861 expositum.
1212 1826 1232 1842 ²²
1258 1837 1270 1852 ι(
1291 1828 1395 1856 Clauso
1426 1829 1499 1856 ostio
1528 1837 1580 1857 ora
1607 1833 1721 1865 patrem

950 1873 1042 1899 tuum.
1057 1883 1070 1898 »
1089 1874 1229 1905 Quartum
1245 1876 1286 1900 est
1309 1874 1477 1902 intentionis
1493 1875 1698 1903 ordinabilitas
1711 1898 1719 1911 ‚

949 1918 991 1945 ibi
1008 1927 1014 1944 :
1036 1919 1211 1952 thaudc'um
1228 1922 1344 1946 vestrum
1369 1922 1405 1946 sit
1423 1922 1541 1955 plenum.
1560 1922 1718 1957 Gaudium,

949 1964 1082 1999 inquam,
1098 1964 1137 1991 ait
1151 1965 1328 1999 Augustinus
1336 1966 1367 1997 2³,
1385 1974 1444 1993 non
1460 1967 1585 2003 carnale,
1598 1968 1650 1995 sed
1665 1968 1721 2004 spi-

949 2010 1064 2043 rituale,
1079 2010 1162 2045 quod
1175 2010 1228 2037 erit
1242 2011 1373 2046 plenum,
1390 2012 1511 2046 quando
1531 2013 1584 2040 erit
1597 2016 1719 2048 tantum,

950 2058 981 2083 ut
995 2055 1108 2091 aliquid
1124 2057 1186 2090 jam
1206 2064 1266 2084 non
1285 2057 1320 2084 sit
1342 2057 1553 2086 addendum.»
1573 2061 1638 2086 Haec
1660 2060 1718 2087 ille.

949 2102 971 2119 ‘2¹⁴
986 2112 998 2127 (ι
1015 2104 1089 2129 lntra
1107 2102 1137 2129 in
1151 2103 1294 2137 gaudium
1310 2104 1422 2130 Domini
1439 2105 1489 2131 tui.
1509 2115 1522 2130 »
1543 2107 1621 2132 Tunc
1642 2107 1721 2133 enim

951 2148 1037 2175 intrat
1051 2147 1193 2182 gaudium
1210 2149 1246 2184 (d)
1267 2149 1297 2176 in
1320 2149 1502 2184 gaudentes,
1520 2151 1551 2185 (e)
1577 2154 1665 2186 prout
1683 2152 1722 2179 ait

951 2194 1103 2221 Anselmus
1117 2194 1148 2220 2³.
1165 2195 1288 2227 Quando
1310 2195 1374 2222 haec
1395 2195 1550 2231 deficiunt,
1567 2205 1627 2224 non
1646 2198 1721 2225 acci-

950 2240 1028 2275 pitur
1044 2240 1125 2274 quod
1143 2240 1249 2275 petitur
1264 2242 1286 2257 ‘²⁶
1302 2250 1308 2268 :
1323 2251 1335 2266 ι(
1346 2241 1440 2268 Petitis
1456 2243 1483 2269 et
1500 2249 1561 2269 non
1576 2243 1719 2278 accipitis,

952 2294 987 2313 eo
1003 2286 1085 2321 quod
1100 2286 1176 2314 male
1192 2288 1304 2321 petatis.
1320 2297 1333 2312 »

952 2372 981 2376 —-
996 2359 1014 2372 ²⁰
1030 2359 1096 2389 Luc„
1117 2365 1157 2388 XI,
1178 2360 1215 2382 13.
1231 2369 1261 2376 -
1275 2359 1292 2374 ⁹¹
1310 2359 1410 2389 Mami„
1427 2366 1465 2389 VI,
1482 2361 1520 2383 33.
1534 2374 1562 2377 —
1576 2362 1596 2378 2²
1610 2362 1682 2392 lbid.‚
1699 2366 1722 2387 6.

952 2407 981 2412 —
999 2394 1018 2410 ²³
1036 2395 1110 2424 Aug„
1129 2394 1168 2416 uhi
1187 2401 1252 2423 sup,
1273 2400 1298 2416 n.
1319 2395 1342 2416 2,
1362 2407 1391 2411 —
1409 2395 1426 2408 ²⁴
1443 2395 1544 2424 Matm„
1561 2403 1622 2428 XXV,
1640 2400 1679 2422 21.
1693 2412 1723 2416 ·-

953 2429 973 2445 ²⁵
988 2428 1108 2457 Ansolm„
1125 2428 1216 2458 Prosl„
1231 2436 1251 2452 c.
1270 2434 1339 2451 xxvi.
1353 2442 1383 2445 —
1398 2429 1417 2445 ²⁶
1430 2431 1494 2460 dac„
1511 2436 1543 2461 ιν,
1559 2433 1582 2455 3.

986 2474 1018 2502 (ιι)
1046 2473 1161 2495 Fortasse
1189 2473 1316 2503 leqemlum
1342 2473 1490 2503 accipiendi.
1516 2488 1545 2492 -
1575 2476 1605 2506 (b)
1634 2477 1722 2507 Suppl.

955 2508 1057 2531 sellis-et.
1079 2520 1107 2524 —
1130 2509 1156 2536 (c)
1178 2509 1233 2539 [κς.
1255 2508 1322 2538 quod
1342 2508 1454 2539 sequitur
1470 2510 1602 2540 dupliciter
1621 2512 1724 2543 intelligi

954 2545 1046 2574 potest.
1061 2555 1090 2559 —
1107 2542 1144 2573 (d)
1160 2543 1216 2573 Ley.
1236 2544 1291 2567 Non
1306 2550 1366 2573 ergo
1382 2545 1465 2567 totum
1480 2545 1538 2569 illud
1554 2547 1673 2576 gaudium
1688 2547 1725 2570 in-

955 2578 1038 2602 trabit.
1055 2591 1081 2593 —
1107 2578 1136 2607 (e)
1157 2578 1244 2609 Suppl.
1265 2578 1307 2601 :ccl
1329 2578 1374 2601 toti
1394 2580 1533 2609 gaudentes
1554 2581 1683 2605 intrahunt
1700 2583 1724 2606 in

956 2613 1084 2645 gaudium.
