1987 3032
190 193 248 226 232

188 259 363 291 secundum
387 257 464 287 illud
483 258 491 273 ¹
520 266 527 286 :
552 267 567 284 (ι
588 254 657 285 Non
689 251 848 283 auditores
876 250 958 289 legis

185 313 265 353 Justi
287 313 362 342 sunt
382 310 465 350 apud
488 309 608 345 Dcum;
637 306 691 337 scd
715 306 847 335 factores
874 303 958 342 legis

183 364 455 406 justificabuntur.
471 373 485 390 υ
503 361 589 391 Unde
614 358 784 397 Gregorius
800 366 807 387 ε
836 368 851 384 «
867 355 955 387 Veri-

187 421 235 450 tas
250 417 362 448 melius
375 414 533 456 operando
548 422 646 453 quam
665 410 823 442 audiendo
842 409 956 439 intelli-

191 473 290 511 gitur.
306 481 321 498 »
340 469 427 500 Unde
440 467 586 499 Psalmus
601 467 612 483 ²
629 476 640 496 .·
658 476 671 494 t(
682 465 710 494 A
725 463 880 494 mandatis
895 462 958 493 tuis

189 524 339 556 intellexi.
354 534 367 551 ι)
387 522 425 552 Et
438 522 553 551 iterum
570 522 580 538 ⁸
599 529 606 550 :
626 518 757 557 «Super
771 524 881 547 omnes
900 515 955 546 do-

190 580 294 609 centes
309 585 360 607 me
374 574 516 605 intellexi
530 584 536 604 :
552 573 627 613 quia
641 571 790 602 mandata
804 572 859 600 tua
873 578 959 609 qua:-

190 631 261 661 sivi.
288 640 302 658 »
332 628 388 659 Vel
416 628 475 658 hoc
498 626 569 657 fecit
595 627 724 665 propter
751 622 955 662 mysterium,

189 679 275 715 unde-
290 682 373 713 Beda
392 682 401 697 ²
418 692 424 711 :
447 692 460 710 α
476 680 540 711 Hoc
555 680 641 717 fecit,
658 681 694 709 ut
715 686 824 708 omnes
845 675 960 706 intelli-

192 738 271 776 gant
285 745 317 766 se
333 736 492 766 Christum
508 743 572 764 non
585 740 792 773 cognoscere,
806 730 867 760 nisi
881 729 960 759 fiant

190 789 358 830 participes
372 788 512 828 corporis
527 789 607 827 eJus,
624 786 653 816 id
667 787 714 816 est
729 784 886 820 Ecclesiae‚
903 791 959 812 cu-

186 845 241 882 Jus
263 842 418 873 unitatem
442 839 642 871 commendat
665 837 836 878 Apostolus
855 836 887 866 in
909 844 958 865 sa-

191 898 352 928 cramento
367 897 456 936 panis
468 895 614 926 dicens⁵z
634 894 721 925 L’nus
737 892 842 932 panis,
859 899 961 921 unum

191 960 305 991 corpus
320 950 415 980 multi
428 958 548 980 summ.
564 960 578 977 υ
598 947 634 979 Et
647 947 680 977 in
701 946 800 985 hujus
822 945 961 983 figuram

192 1005 305 1035 dicitur
320 1005 329 1019 ⁶
344 1004 428 1044 quod
441 1003 592 1034 Jonathas
610 1013 624 1031 (ι
639 1000 785 1038 comedit,
799 1001 830 1030 et
842 998 962 1029 illumi-

193 1059 258 1089 nati
271 1059 438 1089 suntoculi
454 1060 538 1097 elius:
551 1068 565 1085 n
585 1057 660 1096 quia
673 1055 712 1086 ad
727 1063 836 1085 veram
848 1052 962 1083 Christi

194 1112 491 1151 contemplationem
509 1112 539 1141 et
554 1109 799 1150 speculationem
814 1115 878 1137 non
893 1114 962 1145 per-

192 1165 279 1195 venit
307 1165 392 1204 quis,
417 1165 479 1195 nisi
502 1164 542 1194 ad
570 1171 714 1193 mensam
739 1162 809 1200 ejus
839 1159 961 1195 sedeat,

194 1219 368 1249 secundum
394 1218 471 1248 illud
492 1218 501 1233 ⁷
522 1228 528 1247 :
553 1215 723 1247 «Vincenti
744 1213 824 1244 dabo
846 1221 963 1242 manna

194 1272 430 1308 absconditum,
455 1274 485 1302 et
511 1270 591 1301 dabo
612 1269 658 1299 illi
680 1268 836 1298 calculum
856 1265 964 1296 candi-

193 1326 270 1356 dum
292 1336 299 1355 ε
323 1327 352 1355 et
376 1325 409 1355 in
431 1323 549 1354 calculo
572 1331 689 1354 nomen
713 1321 865 1360 scriptum
880 1318 964 1358 quod

193 1388 287 1409 nemo
317 1379 388 1415 scit,
416 1377 477 1407 nisi
509 1376 565 1416 qui
601 1375 723 1414 accipit.
749 1384 763 1402 ))
800 1373 837 1403 Et
868 1381 962 1412 prop-

195 1434 281 1463 terea
301 1431 415 1462 dicitur
435 1431 474 1461 de
495 1429 645 1469 sapientia
660 1431 681 1466 ⁸,
703 1427 787 1467 quod
811 1426 966 1456 «miscuit

195 1486 325 1523 vinum,
343 1487 373 1515 et
386 1483 549 1524 proposuit
563 1491 716 1512 mensam.
734 1480 816 1511 Misit
837 1479 965 1509 ancillas

197 1547 272 1569 suas
287 1540 322 1568 ut
335 1541 484 1569 vocarent
498 1536 537 1567 ad
551 1544 671 1572 arcem,
689 1536 719 1564 et
733 1533 772 1564 ad
787 1532 904 1563 moenia
919 1532 964 1562 ci-

195 1591 313 1623 vitatis.
329 1602 343 1619 ›>

239 1643 360 1680 Tertio,
385 1644 541 1682 quantum
565 1641 603 1672 ad
633 1639 874 1671 occultationem
902 1637 963 1667 dis-

198 1696 394 1737 pensativam
406 1719 414 1733 ,
431 1695 640 1734 subiungitur
655 1704 661 1723 ε
689 1693 735 1724 Et
752 1693 817 1731 ipse
830 1683 968 1720 'cramail

199 1760 238 1781 ccc
250 1750 347 1780 oculis
358 1757 478 1779 eorum.
497 1747 579 1778 Beda
593 1747 603 1763 ⁹
621 1757 628 1777 t
651 1757 664 1774 «
681 1744 885 1776 Subtrahitur
899 1752 967 1774 car-

199 1803 325 1833 nalibus
339 1802 438 1833 oculis
452 1801 569 1841 species
584 1798 792 1835 infirmitatis,
805 1799 841 1828 ut
854 1797 967 1828 menti-

200 1857 260 1886 bus
270 1855 399 1895 incipiat
408 1862 560 1894 apparere
577 1851 679 1891 gloria
692 1850 963 1881 resurrectionis.»

200 1909 279 1939 Nam
308 1908 339 1938 in
369 1907 580 1937 subtractione
602 1903 778 1944 praesentia}
801 1902 969 1941 corporalis

201 1962 315 1992 excitat
330 1962 369 1992 ad
384 1960 573 1991 desiderium
589 1957 767 1998 praesentiae
781 1956 967 1996 spiritualis,

200 2024 273 2055 qum
284 2016 330 2044 cst
338 2023 377 2044 ex
391 2012 639 2044 inflammatione
650 2010 804 2047 desiderii,
818 2018 857 2039 ex
866 2018 970 2039 recor-

202 2068 326 2099 datione
338 2067 462 2098 Christi.
475 2066 513 2096 Et
525 2066 594 2096 ideo
603 2064 748 2095 subditur
756 2064 796 2102 (v.
805 2064 865 2102 32):
875 2064 920 2094 Ee
927 2062 970 2092 cli-

202 2125 318 2151 :rcrzml
335 2120 379 2152 atl
396 2120 547 2150 inulcem:
562 2119 677 2151 Nonne
697 2126 750 2146 εον
764 2120 909 2146 nostrum
919 2124 970 2145 ar-

202 2174 277 2203 dens
288 2177 356 2203 cra!
364 2174 397 2203 in
418 2172 516 2209 nobis,
529 2171 607 2201 (lum
622 2170 803 2209 loqueretur
815 2169 848 2198 z'n
862 2168 924 2201 via,
942 2171 972 2197 el

203 2226 433 2266 apem‘retnobis
453 2225 639 2264 Scripturas
649 2223 666 2253 ?
678 2222 817 2253 Verbum
832 2230 970 2260 namque

203 2280 316 2310 Christi
350 2280 602 2309 inflammaverat
625 2276 719 2306 corda
738 2284 865 2312 eorum,
896 2274 970 2313 quia

203 2333 336 2362 verbum
351 2332 405 2362 Dei
421 2333 550 2370 igneam
567 2330 663 2360 habet
681 2331 826 2359 naturam
845 2330 971 2367 propter

203 2385 486 2415 inflammationem
495 2384 623 2414 amoris.
640 2382 725 2413 Unde
736 2381 914 2413 Hieremias
929 2381 949 2397 ¹⁰
959 2391 969 2411 :

235 2484 334 2513 ¹Rom.,
352 2484 477 2512 11,l3.—
492 2482 501 2497 ¹2
519 2482 586 2505 l‘snl.
603 2480 901 2510 exv111,103.—³1bid.,
918 2482 968 2503 100.

203 2519 301 2542 ¹·Gloss.
328 2518 388 2541 Beni.
418 2517 442 2539 in
466 2517 533 2539 bunc
555 2517 602 2539 loc.
628 2529 656 2533 —
679 2518 688 2532 ⁵
711 2517 716 2538 Ι
743 2516 811 2544 Cor„
833 2521 859 2545 x,
883 2516 919 2539 Π.
939 2528 970 2532 -

202 2556 212 2571 6
232 2556 237 2577 Ι
255 2554 322 2583 Κεφ,
337 2558 390 2582 xiv,
406 2553 443 2575 27.
457 2564 486 2569 —
501 2552 507 2565 ⁷
523 2552 644 2581 Almam,
667 2553 747 2574 17.-
762 2550 772 2566 ²³
788 2552 870 2579 Proin,
890 2557 928 2580 1x,
945 2552 969 2573 ‘2-

201 2593 224 2613 .·ὶ.
238 2603 267 2606 -
282 2591 290 2599 ‘⁴
308 2588 368 2612 Bed.
383 2587 465 2610 (iloss.
481 2587 505 2609 iu
520 2586 586 2609 hunc.
600 2586 648 2609 loc.
660 2599 690 2603 -
705 2587 722 2601 ¹⁰
736 2587 836 2613 Jerenz„
848 2586 967 2614 xxumffl.

205 2626 221 2641 '¹
243 2623 310 2648 Psal.
326 2628 421 2652 cxwu,
437 2624 490 2645 llo.
512 2633 541 2638 —-
556 2621 575 2636 ¹²
596 2621 668 2650 Beth,
688 2621 730 2643 ubi
746 2628 802 2651 sup.
824 2622 890 2644 Duas
907 2627 969 2643 vero

202 2660 344 2689 citationes,
356 2657 500 2682 immediate
516 2657 698 2687 praecedentes,
714 2657 738 2679 iu
750 2657 873 2687 operibus
884 2656 970 2687 Bcdae,

736 183 946 215 EVANGELII
969 182 1107 215 SANCTl
1126 182 1238 215 LUCAE

1015 249 1203 290 «Numquid
1223 259 1287 282 non
1307 252 1404 283 verba
1424 261 1495 284 mea
1515 252 1605 292 quasi
1626 252 1726 291 ignis,
1750 254 1781 284 et

1011 303 1101 343 quasi
1110 302 1411 336 malleusconterens
1421 306 1561 346 petram‘?
1568 316 1582 333 ι)
1593 304 1782 344 Et¹¹:«1gni-

1011 357 1080 404 tum
1093 356 1254 396 eloquium
1274 360 1365 389 tuum
1384 359 1605 396 vehementer,
1622 360 1653 389 et
1667 366 1780 389 servus

1011 411 1086 439 tuus
1109 409 1220 440 dilexit
1242 410 1329 441 illud.
1353 422 1366 439 υ
1392 411 1457 442 Hoc
1476 414 1582 442 autem
1608 411 1680 441 facit
1708 418 1780 441 ver-

1012 462 1103 499 bum⁷
1121 462 1319 494 immittendo
1337 463 1490 503 Spiritum
1513 466 1670 496 sanctum.
1694 463 1782 495 Unde

1012 514 1096 545 Beda
1110 516 1130 531 ¹²
1145 526 1152 544 :
1172 527 1186 543 α
1202 515 1247 546 Ex
1263 516 1369 547 audito
1387 518 1424 556 (a)
1442 526 1602 556 sermone,
1625 527 1679 548 cor
1694 517 1783 558 prius

1013 571 1139 608 torpore
1163 569 1389 600 incredulitatis
1411 573 1442 601 et
1464 571 1586 601 timoris
1607 571 1781 610 frigidum,

1013 621 1089 660 igne
1106 622 1204 651 sancti
1226 621 1362 661 Spiritus
1383 625 1431 654 est
1451 632 1634 662 accensum,
1659 626 1696 654 ut
1714 625 1783 663 jam

1013 683 1150 714 superno
1165 675 1318 707 desiderio
1338 677 1464 708 ardeat:
1488 679 1567 717 quot
1589 677 1675 708 enim
1699 685 1782 716 prae-

1014 728 1112 767 ceptis
1135 728 1305 759 instruitur
1328 730 1440 768 homo,
1464 731 1555 770 quasi
1584 733 1629 761 tot
1662 730 1786 761 facibus

1014 781 1242 813 inflammatur.
1259 794 1273 810 »
1298 783 1337 814 Et
1357 786 1433 814 nota
1453 784 1538 824 quod
1560 784 1695 815 verbum
1723 783 1783 814 Do-

1016 834 1095 864 mini
1119 836 1296 866 inssammat
1319 836 1357 866 ad
1384 837 1529 867 ardorem
1559 836 1631 874 zeli;
1656 838 1786 876 propter

1016 888 1099 928 quod
1114 888 1229 919 dicitur
1244 890 1266 907 ¹³
1281 899 1287 918 :
1309 900 1323 918 α
1337 889 1444 920 Omnis
1459 898 1562 920 sermo
1578 889 1631 920 Dei
1646 889 1784 928 ignitus,

1016 941 1145 981 clypeus
1158 943 1204 971 est
1218 942 1418 981 sperantibus
1433 942 1466 972 in
1481 951 1522 974 se.
1540 942 1579 973 Et
1593 943 1614 962 ¹⁸
1626 952 1657 973 :a
1672 942 1787 973 Factus

1016 999 1062 1027 est
1083 1005 1187 1027 sermo
1205 996 1329 1028 Domini
1345 997 1378 1027 in
1395 998 1488 1029 corde
1505 1007 1576 1029 meo
1591 998 1682 1038 quasi
1703 998 1788 1038 ignis

1017 1055 1212 1090 exaestuans,
1239 1052 1427 1092 claususque
1451 1054 1484 1083 in
1509 1054 1632 1084 ossibus
1655 1054 1744 1085 meis.
1768 1064 1783 1082 ι)

1017 1105 1054 1136 Et
1071 1105 1109 1136 de
1123 1105 1184 1136 hoc
1198 1106 1310 1136 ardore
1324 1106 1505 1136 dicitur¹⁵:«
1516 1106 1551 1136 In
1566 1107 1642 1146 igne
1655 1106 1713 1137 zeli
1724 1107 1786 1137 mei

1017 1158 1221 1190 devorabitur
1235 1159 1339 1189 omnis
1355 1160 1450 1189 terra.
1465 1170 1479 1187 >³
1498 1158 1677 1190 Inflammat
1691 1159 1787 1190 etiam

1017 1212 1056 1242 ad
1068 1220 1210 1242 amorem
1224 1212 1368 1242 desiderii
1378 1212 1398 1230 ¹⁶
1411 1222 1438 1241 :a
1451 1212 1563 1251 Ignem
1573 1213 1647 1243 veni
1663 1212 1788 1243 mittere

1018 1265 1051 1294 in
1080 1267 1217 1295 terram:
1245 1267 1276 1295 et
1301 1264 1378 1304 quid
1403 1264 1475 1295 volo
1497 1264 1558 1294 nisi
1577 1267 1614 1295 ut
1636 1265 1787 1296 accenda-

1018 1318 1092 1348 tur?
1107 1328 1121 1346 n
1140 1319 1198 1348 etc.
1220 1316 1306 1348 Unde
1325 1319 1356 1347 et
1374 1325 1543 1356 supremus
1559 1317 1636 1348 ordo
1655 1318 1788 1357 angelo-

1019 1380 1108 1408 rum,
1130 1371 1169 1401 ad
1191 1380 1288 1409 quem
1305 1371 1406 1410 primo
1423 1370 1582 1401 descendit
1601 1371 1790 1403 illuminatio

1019 1425 1203 1455 divinorum
1231 1424 1451 1463 eloquiorum,
1481 1423 1654 1463 Seraphim
1681 1425 1790 1464 appel-

1019 1479 1114 1516 latur,
1131 1477 1162 1508 id
1179 1479 1225 1508 est
1242 1477 1366 1507 ardens.
1390 1476 1461 1506 Ideo
1480 1476 1628 1507 Psalmus
1643 1477 1684 1507 ¹⁷:
1702 1488 1716 1506 a
1731 1477 1788 1508 Sa-

1020 1531 1109 1570 gittae
1124 1529 1260 1569 potentis
1275 1531 1391 1566 acutae,
1408 1537 1480 1558 cum
1495 1529 1686 1560 carbonibus
1703 1530 1790 1561 deso-

1020 1583 1149 1614 latoriis.
1163 1594 1177 1611 ι)
1188 1582 1278 1613 Hunc
1290 1582 1435 1612 ardorem
1449 1582 1678 1612 concomitatur
1692 1583 1789 1622 lique-

1021 1637 1112 1667 factio
1126 1636 1387 1666 suavissimarum
1395 1635 1595 1665 affectionum
1608 1636 1629 1654 ¹⁸
1639 1646 1669 1665 :a
1677 1635 1789 1667 Nonne

1022 1690 1168 1719 ardorem
1187 1688 1385 1726 refrigerabit
1405 1688 1479 1718 ros?
1498 1698 1512 1715 υ
1531 1689 1569 1718 Et
1585 1689 1624 1718 ¹⁹:
1647 1700 1662 1717 α
1675 1689 1790 1719 Anima

1023 1751 1094 1772 mea
1112 1741 1278 1781 liquefacta
1292 1743 1353 1778 cst⁷
1369 1742 1404 1770 ut
1418 1740 1547 1771 dilectus
1559 1740 1684 1771 locutus
1698 1743 1755 1772 est.
1771 1752 1786 1770 n

1024 1796 1061 1827 Et
1078 1793 1431 1827 Psalmus20:«E1nittet
1441 1793 1575 1824 verbum
1590 1802 1698 1832 suum,
1713 1796 1744 1824 et
1758 1794 1792 1825 li-

1024 1848 1178 1888 quefaciet
1191 1856 1242 1885 ea,
1258 1858 1273 1875 ι)
1293 1848 1350 1877 etc.

1065 1904 1114 1932 33.
1137 1902 1181 1932 Et
1205 1903 1368 1939 sumentes
1388 1899 1498 1929 eadem
1521 1899 1617 1937 hora,
1637 1900 1694 1929 etc.
1720 1899 1794 1930 Post

1025 1954 1213 1993 descriptam
1239 1953 1464 1984 revelationem
1486 1951 1740 1990 resurrectionis,
1763 1954 1794 1982 et

1025 2008 1253 2047 apparitionem
1268 2005 1479 2044 resurgentis,
1496 2005 1530 2034 in
1544 2005 1603 2034 hac
1620 2006 1707 2044 parte
1722 2004 1791 2035 des-

1026 2059 1118 2088 cribit
1146 2058 1366 2088 certitudinem
1394 2055 1608 2095 apparitionis
1637 2054 1794 2085 Dividitur

1027 2114 1133 2142 autem
1153 2112 1222 2141 haec
1244 2119 1317 2149 pars
1335 2109 1367 2138 in
1383 2110 1466 2138 tres:
1483 2108 1516 2137 in
1537 2116 1677 2147 quarum
1691 2107 1794 2146 prima

1026 2164 1229 2204 praemittitur
1248 2162 1481 2202 apparitionum
1502 2159 1664 2199 pluralitas
1678 2159 1717 2190 ad
1731 2161 1794 2190 tes-

1026 2218 1211 2253 timouium;
1237 2216 1271 2245 in
1290 2213 1426 2245 secunda
1444 2221 1536 2250 vero,
1560 2212 1792 2252 apparitIOnum

1026 2270 1228 2311 probabilitas
1258 2269 1291 2299 in
1314 2268 1556 2306 argumentum,
1573 2265 1616 2295 ibi
1640 2266 1686 2295 ²¹:
1709 2265 1798 2304 Quid

1027 2325 1146 2355 turbati
1163 2322 1259 2354 estis?
1273 2324 1331 2351 etc.
1349 2320 1385 2350 In
1403 2319 1509 2357 tertia,
1526 2318 1730 2358 apparitionis
1744 2319 1793 2348 in-

1026 2377 1195 2408 t'allibilitas
1214 2376 1248 2406 in
1269 2375 1341 2405 fidei
1362 2374 1617 2410 firmamentum,
1633 2371 1676 2401 ibi
1690 2372 1730 2402 ¹²:
1747 2371 1793 2402 Et

1027 2467 1087 2490 edit.
1106 2466 1193 2490 Colon.
1216 2466 1283 2494 1012,
1305 2470 1354 2494 qua
1374 2463 1409 2486 uti
1424 2462 1483 2486 mihi
1498 2461 1567 2491 libet,
1583 2467 1634 2484 non
1654 2460 1746 2491 reperi.
1763 2473 1792 2477 —

1026 2502 1141 2531 ¹³1’ror.,
1158 2506 1218 2530 xxx,
1234 2502 1257 2523 ὅ.
1273 2513 1301 2517 -
1317 2500 1449 2528 ¹⁸J1‘1·em.‚
1465 2503 1511 2526 xx,
1528 2498 1550 2520 Ξ).
1565 2509 1592 2512 -
1607 2496 1625 2512 ¹⁵
1639 2494 1752 2525 Sophon„
1771 2501 1792 2525 1,

1025 2540 1064 2562 18,
1078 2551 1106 2555 -
1120 2538 1140 2552 ¹0
1157 2538 1208 2566 §up
1222 2554 1229 2565 ,
1244 2541 1295 2564 xii,
1312 2536 1349 2558 49.
1365 2547 1395 2551 -
1412 2533 1431 2550 ¹¹
1451 2531 1607 2559 Psal.cx1x,
1628 2532 1649 2554 4.
1666 2543 1696 2548 —
1715 2531 1734 2547 ¹⁸
1750 2531 1794 2554 Ec-

1025 2573 1079 2602 clz'.,
1096 2578 1174 2601 xviii,
1195 2574 1230 2595 le.
1250 2570 1408 2599 -¹''C‹1nt.,
1429 2574 1452 2597 V,
1468 2569 1491 2591 6.
1513 2579 1543 2583 -
1558 2567 1579 2583 ¹⁰
1600 2566 1667 2590 Psal.
1690 2571 1792 2595 cnvu,

1029 2610 1064 2632 18.
1080 2620 1111 2624 m
1125 2608 1141 2622 ²¹¹
1161 2606 1215 2636 inf„
1227 2608 1264 2630 38.
1279 2619 1306 2623 —
1323 2605 1343 2620 ²²
1354 2604 1410 2633 lus„
1424 2604 1462 2626 44.

1058 2655 1092 2683 (a)
1107 2653 1174 2676 Etlz'l.
1195 2652 1247 2675 t'ut.
1266 2649 1396 2679 Exaudito,
1412 2654 1460 2671 una
1477 2653 1537 2670 voce.
