1987 3032
710 223 914 255 EXPOSITIO
938 224 976 254 IN
998 224 1083 255 CAP.
1109 225 1185 256 XXI.

155 291 195 319 ob
217 290 299 318 aliud
327 289 489 317 credendus
515 290 557 315 est
582 288 622 315 eis
645 289 799 324 ingessisse
824 298 919 326 penu-

154 337 230 364 riam
244 357 252 370 ,
275 344 332 371 qua
356 335 600 370 compellerentur
624 335 665 362 ire
687 336 850 371 piscatum,
866 337 922 363 nisi

156 382 331 418 dispositum
344 381 446 408 volens
461 381 598 408 exhibere
613 381 798 409 miraculum.
814 392 826 408 »
845 384 877 409 Et
892 384 923 410 31

157 429 196 456 311
209 429 431 463 Chrysostomus
444 427 452 442 ¹
467 436 473 454 :
492 437 505 451 α
527 428 687 455 1133133135
709 428 841 463 loquitur
863 429 902 455 eis
913 450 922 462 ,

157 476 188 501 ut
213 474 324 501 debens
347 472 461 508 aliquid
485 481 580 500 emere
603 473 640 500 ab
657 474 713 508 eis,
731 484 743 499 >1
761 474 792 501 id
813 476 869 507 est,
884 474 923 501 ad

157 520 280 548 modum
296 519 434 546 hominis.
450 520 519 547 Ideo
536 521 579 554 (v.
596 521 628 554 6)
644 521 717 547 dixit
736 522 774 547 eis
793 529 802 547 .·
819 522 923 547 Mittite

157 569 186 593 in
205 567 341 593 dexteram
362 567 470 599 navigii
490 569 563 599 rete,
585 568 609 592 et
628 567 777 593 invenietis.
799 568 831 594 Ut
845 566 924 593 enim

158 613 198 640 ait
218 611 373 647 Gregorius
387 612 397 627 ²
413 621 418 638 :
439 611 508 638 «Bis
530 612 567 647 (a)
590 612 628 639 ad
647 612 823 647 piscandum
840 613 925 647 jussit

160 658 308 692 Dominus,
322 660 353 684 ut
366 657 438 685 retia
449 658 639 691 mitterentur,
652 659 728 685 Lucoe
740 659 842 693 quinto
856 659 865 675 ³
879 659 924 694 (b),

159 706 186 731 et
200 704 256 731 hic.
275 705 306 730 Et
320 703 350 730 in
362 703 412 730 1113
426 703 588 738 piscatione
602 711 663 730 non
679 704 767 737 dixit,
785 705 816 731 13
834 713 924 740 quam

159 752 272 785 partem
302 750 374 776 retia
401 749 582 776 mitterentur
599 760 607 783 ;
636 750 684 776 1110
711 751 808 777 autem
837 750 925 784 dixit,

160 797 243 832 quod
266 797 295 823 in
321 797 470 823 dexteram
498 798 621 832 partem.
659 797 817 830 Quaeritur,
846 797 926 825 unde

159 843 216 870 hoc
232 843 245 869 ‘t
269 845 300 869 Et
330 842 369 869 ad
396 842 474 869 istud
501 842 659 877 respondet
687 843 841 877 Gregorius
866 843 926 876 ibi,

161 888 243 924 quod
264 898 277 914 α
300 888 349 915 1113
372 888 492 923 piscatio
515 888 611 922 signat
633 891 804 924 praesentem
829 889 926 916 Eccle-

161 934 233 962 siam
244 955 253 968 ,
266 942 331 969 quae
344 934 440 961 bonos
455 936 482 961 et
497 934 591 961 malos
607 934 695 961 simul
707 934 818 969 colligit
836 943 927 969 usquc

161 980 199 1006 ad
222 979 313 1006 finem
339 979 459 1013 saeculi;
485 979 538 1006 ista
567 981 666 1007 autem
688 980 809 1015 piscatio
833 981 928 1015 signat

161 1026 318 1053 Ecclesiam
332 1026 489 1052 electorum
505 1026 534 1052 in
549 1026 653 1060 gloria.
671 1037 683 1050 »
702 1028 733 1053 Et
750 1026 817 1053 ideo
832 1026 862 1053 in
876 1027 928 1054 hu-

158 1072 206 1105 jus
214 1071 309 1106 figura
320 1071 359 1098 ait
371 1081 377 1098 :
390 1073 494 1098 Mittite
508 1074 536 1098 in
549 1072 694 1098 demerem.
712 1073 844 1099 Miserunt
857 1080 926 1106 erqo,

162 1120 185 1144 ec
203 1118 261 1151 jam
282 1126 334 1144 uon
359 1118 482 1144 valebant
504 1118 574 1144 illud
597 1119 714 1151 trahere,
731 1118 816 1152 quia,
838 1121 868 1145 ut
890 1119 929 1146 ait

161 1163 338 1197 Augustinus
353 1171 441 1198 supra
456 1165 466 1179 '⁹
482 1172 488 1189 :
509 1174 522 1187 «
543 1165 616 1191 Deus
635 1164 772 1198 apposuit
792 1164 896 1198 pisces.
913 1175 926 1189 »

162 1209 242 1236 Unde
269 1209 309 1236 ait
336 1210 433 1236 Petrus
454 1209 463 1225 ⁵
491 1218 496 1235 ε
529 1218 541 1234 (ι
567 1210 597 1236 13
623 1209 715 1236 verbo
742 1211 792 1237 tuo
821 1209 928 1238 laxabo

162 1257 221 1283 rete
232 1277 241 1289 ,
257 1266 269 1280 ν)
288 1257 341 1282 etc.

198 1304 224 1328 7.
251 1303 323 1328 Dicit
347 1309 407 1335 erqo
430 1302 580 1336 discipulus
606 1303 673 1333 ille,
699 1310 775 1336 quem
799 1303 931 1337 diligebat

162 1351 253 1383 Jesus,
266 1351 360 1383 Petro,
376 1350 484 1377 scilicet
498 1352 633 1377 Joannes.
651 1352 683 1377 Ut
697 1351 774 1377 enim
789 1351 828 1378 ait
843 1351 931 1387 Chry-

163 1397 308 1422 sostomus
322 1396 331 1411 ‘⁵
349 1404 354 1422 :
370 1405 383 1420 (t
398 1396 464 1429 Hic,
483 1396 513 1422 id
534 1398 576 1423 est
600 1398 713 1429 PetruS,
734 1398 795 1424 erat
816 1396 930 1424 ferven-

162 1441 235 1475 tior;
256 1441 323 1474 ille,
343 1441 374 1468 id
394 1443 436 1468 est
457 1444 601 1475 JoanneS,
622 1443 761 1469 excelsior
783 1452 789 1469 2
808 1443 854 1470 hic
869 1444 931 1478 qui-

163 1487 247 1520 dem,
261 1487 292 1514 id
312 1490 353 1514 est
375 1489 490 1520 Petrus,
514 1488 653 1521 astutior;
671 1488 721 1515 ille
740 1496 827 1523 vero,
845 1489 875 1516 id
891 1492 932 1517 est

162 1535 287 1561 ,1033305
301 1554 308 1565 ,
330 1533 532 1569 perspicatior.
549 1535 704 1568 Propterea
724 1535 850 1562 Joannes
867 1535 931 1570 qui-

163 1579 231 1606 dem
246 1579 342 1614 primo
365 1579 503 1613 cognovit
518 1581 614 1606 Jesum
624 1601 632 1613 ,
653 1582 750 1607 Petrus
765 1588 835 1607 vero
850 1581 931 1616 prius

162 1625 213 1652 ivit
236 1625 275 1652 ad
299 1633 376 1652 eum.
400 1635 413 1650 »
435 1626 500 1652 Haec
520 1625 580 1652 1110.
603 1627 693 1652 Simon
717 1628 805 1652 autem
822 1628 931 1661 Petrus,

162 1680 219 1698 cum
234 1671 370 1704 audisset,
387 1673 480 1698 tunica
494 1673 627 1698 succz‘noec'c
641 1680 676 1699 se.
694 1674 726 1699 Ut
740 1672 779 1699 ait
794 1673 933 1708 Chrysos-

164 1719 259 1744 tomus
272 1718 282 1733 '¹
299 1727 305 1743 :
324 1717 433 1743 «Vides
447 1719 474 1744 et
488 1718 681 1744 reverentiam
697 1718 789 1752 Petri,
801 1721 829 1746 et
845 1719 931 1746 affec-

163 1763 272 1790 tionem
282 1783 290 1796 ,
305 1763 375 1798 quia
395 1763 490 1790 nudus
503 1763 579 1790 misit
593 1771 623 1789 se
645 1763 674 1790 in
690 1766 791 1790 mare?
808 1765 863 1791 Sed
878 1773 929 1792 ne-

163 1817 220 1844 que
235 1809 369 1836 sustinuit
382 1817 490 1836 navem
501 1809 539 1836 ad
555 1817 622 1836 eum
638 1809 752 1843 venire,
765 1810 818 1837 sed
829 1813 933 1838 natans

163 1855 291 1882 accessit.
309 1856 389 1882 »Haec
402 1855 460 1882 ille.

199 1903 223 1927 8.
249 1902 310 1927 Alii
333 1904 421 1928 autem
443 1903 550 1935 naviyz'o
574 1905 709 1929 venerunt.
735 1904 764 1929 Et
787 1903 934 1938 specificat

163 1947 289 1982 spatium
300 1947 389 1974 maris
401 1956 407 1974 ε
422 1948 481 1974 Νοη
496 1949 565 1974 enim
579 1949 653 1981 Iotzqe
663 1952 740 1975 erant
753 1957 770 1975 a
784 1952 869 1983 terra,
887 1950 933 1976 secl

164 1994 241 2027 quasi
256 1993 352 2020 cubitis
370 1993 501 2020 ducentis
520 1995 552 2020 Et
565 1995 643 2028 patet
658 1994 745 2029 hujus
760 1995 933 2029 mysterium

163 2046 181 2065 3
200 2039 285 2066 beato
300 2040 310 2055 ⁸
325 2039 464 2073 Gregorio
486 2048 492 2066 z
510 2041 607 2066 Petrus
632 2040 710 2067 enim
733 2043 760 2067 et
781 2041 830 2067 alii
848 2041 933 2068 disci-

164 2085 226 2119 puli
250 2095 263 2109 «
287 2085 405 2112 trahunt
427 2089 485 2112 rete
509 2086 634 2121 piscium
657 2086 695 2113 ad
718 2088 843 2120 terram,
863 2087 933 2122 quia

163 2133 268 2158 sanctae
281 2131 497 2166 praedicationis
512 2140 584 2159 voce
600 2132 638 2160 ad
653 2132 840 2160 stabilitatem
855 2136 933 2162 30101-

163 2185 207 2204 nae
225 2177 290 2204 vitaz
313 2177 420 2204 fideles·
439 2178 599 2206 adducunt.
616 2189 628 2204 »
649 2179 728 2206 Unde
749 2179 788 2206 ait
803 2180 932 2215 discipu-

163 2222 198 2249 lis
212 2223 222 2239 ⁹
239 2232 244 2249 :
261 2223 398 2250 «Faciam
412 2232 465 2251 vos
478 2224 636 2259 piscatores
646 2225 809 2252 hominum.
827 2236 840 2251 »
856 2227 932 2254 Unde

163 2271 233 2295 nota
247 2269 329 2303 quod
344 2269 383 2296 ait
400 2279 406 2296 :
423 2271 527 2297 Mittite
542 2274 597 2297 rete
617 2273 646 2297 z'n
665 2272 800 2298 dexte-ram
815 2274 931 2306 uaviqit'.

164 2314 215 2340 Per
229 2317 287 2341 rete
304 2314 437 2342 doctrina
452 2316 627 2350 evangelicae
641 2317 856 2352 praedicationis
870 2319 932 2353 sig-

164 2363 264 2393 natur,
282 2369 348 2396 quae
367 2364 409 2388 est
433 2362 514 2389 varia
533 2364 646 2390 textura
665 2365 818 2398 contexta,
835 2365 931 2393 011100

195 2432 201 2447 ¹
226 2431 366 2462 Chrysost„
394 2432 434 2455 ubi
459 2439 514 2463 sup.
541 2446 571 2450 —
599 2434 606 2447 ’·’
632 2435 748 2463 (11011012,
769 2436 798 2468 ἱιἰι
825 2436 931 2467 Ιίυιιη[].,

163 2466 231 2490 hom.
253 2473 323 2496 xxiv,
339 2474 364 2490 u.
385 2470 407 2490 3.
422 2480 452 2484 -
469 2468 478 2483 ³
496 2468 563 2497 Luc„
580 2474 603 2498 v,
622 2471 644 2492 1.
661 2482 689 2486 -
704 2470 713 2485 ’·
729 2472 802 2500 Aug„
817 2471 859 2493 ubi
875 2479 929 2502 sup.

163 2503 214 2533 -ᾔ
230 2503 296 2532 Luc.,
313 2508 335 2531 v,
356 2506 378 2525 Ji.
395 2516 425 2519 —
440 2504 449 2519 θ
464 2503 605 2534 Chrysost.‚
626 2505 667 2528 ubi
682 2513 737 2535 sup,
752 2519 782 2522 —
801 2507 807 2520 ⁷
825 2507 884 2530 ibid.
901 2521 931 2524 —

165 2537 173 2550 ⁸
194 2537 280 2568 Greg„
299 2538 340 2561 ubi
356 2545 422 2568 sup,
440 2545 466 2561 n.
488 2542 513 2567 1,
529 2540 612 2569 quoad
628 2547 738 2563 sensum.
756 2554 785 2558 —
800 2543 809 2555 ¹⁹
833 2542 932 2570 ΜηίίΙι..

165 2576 198 2602 lv,
215 2573 252 2595 19.
268 2585 298 2590 -
315 2574 336 2589 ²⁰
353 2574 429 2602 Aug„
449 2573 478 2595 tle
497 2580 545 2596 rer.
562 2574 650 2604 Iteliy.¹
669 2583 689 2598 c.
711 2581 782 2605 xxav,
804 2584 828 2599 u.
848 2578 886 2600 lili.
903 2590 929 2594 -

166 2607 181 2622 ¹¹
192 2607 260 2635 Luc„
273 2613 296 2638 v,
310 2609 405 2632 5,-12
418 2610 493 2639 Aug„
507 2609 537 2631 cle
551 2609 930 2642 LXXXIIIQuoest.,q.1.xxi1,

164 2648 190 2664 n.
212 2643 235 2665 3.
253 2655 285 2660 --
307 2643 327 2660 ¹⁸
345 2643 446 2672 Matth.,
467 2649 526 2673 xxv,
545 2645 585 2668 35.
607 2658 638 2663 —
660 2645 680 2662 ¹⁴
701 2645 786 2676 Cant„
805 2652 836 2676 ιι,
861 2649 883 2671 6.
901 2660 931 2665 -

1686 232 1742 260 521

978 290 1235 326 indissolubiliter,
1257 292 1456 327 multipliciter
1480 295 1507 319 ct
1531 293 1662 321 firmiter.
1689 295 1749 322 Fila

979 336 1074 370 enim,
1097 346 1133 364 cx
1166 338 1274 373 quibus
1306 339 1362 366 tale
1389 341 1448 365 rete
1477 339 1657 374 contexitur,
1682 344 1749 368 sunt

979 383 1166 411 auctoritates
1183 386 1210 411 et
1226 386 1300 419 aptae
1323 385 1465 418 rationes,
1483 385 1552 419 quia
1569 387 1749 414 «auctoritas

979 429 1068 456 fidem
1083 430 1209 465 flagitat,
1232 433 1260 458 et
1283 431 1388 458 rationi
1414 431 1564 458 hominem
1586 435 1748 467 p1·aepa1·at;

980 475 1053 502 ratio
1067 475 1106 502 ad
1118 476 1297 503 intellectum
1310 477 1566 513 cognitionemque
1578 478 1721 512 perducit,
1733 489 1746 504 ι)

981 521 1020 548 311
1038 522 1214 555 Augustinus
1227 523 1256 549 ¹⁰.
1274 524 1305 550 Et
1319 523 1396 550 istud
1412 525 1471 550 rete
1486 523 1538 550 suit
1549 524 1706 557 figuratum
1720 525 1750 551 in

980 567 1089 594 retibus
1105 568 1308 602 apostolorum
1325 568 1342 584 ¹¹
1360 578 1367 595 .·
1382 578 1394 593 «
1407 569 1523 596 Laxabo
1539 571 1598 596 rete
1612 569 1641 596 in
1656 570 1749 597 verbo

981 614 1041 639 tuo.
1059 624 1070 636 ιι
1089 615 1121 640 Et
1135 613 1171 640 de
1192 614 1245 641 reti
1260 614 1422 649 apostolico
1441 615 1617 649 Augustinus
1634 615 1653 631 ¹²
1663 616 1749 643 bene.

982 660 1013 685 Et
1027 659 1104 685 istud
1124 661 1183 686 rete
1200 659 1287 686 debet
1306 660 1378 687 mitti
1405 661 1435 687 in
1451 661 1602 688 dexteram
1621 662 1749 696 navigii,

981 706 1013 731 ut
1026 704 1160 732 homines
1176 705 1342 740 capiantur,
1360 708 1387 733 et
1399 706 1543 733 ducantur
1558 707 1596 734 ad
1611 707 1752 735 sollicitu-

983 750 1081 777 dinem
1103 753 1214 778 aeternae
1238 752 1355 786 gloriae,
1372 754 1399 779 et
1419 755 1449 788 ut
1469 753 1590 780 sedeant
1611 761 1629 780 a
1643 753 1751 780 dextris

984 796 1030 822 Dei
1045 805 1112 823 cum
1128 796 1263 824 electis.¹³
1278 809 1290 822 «
1305 799 1383 824 Tunc
1399 798 1475 825 dicet
1488 799 1548 833 his,
1564 799 1614 834 qui
1626 808 1643 826 a
1654 800 1752 827 dexte-

983 842 1021 869 ris
1044 845 1123 875 sunt,
1139 854 1151 867 η
1171 844 1256 870 010.“ὁ
1279 845 1426 872 «Dextera
1451 846 1513 879 ejus
1534 846 1751 881 amplexabitur

983 896 1040 915 me.
1065 898 1078 913 »
1104 890 1135 916 Et
1159 889 1228 924 quia
1252 890 1338 925 pauci
1364 891 1517 926 capiuntur
1541 892 1750 927 praedicatione

984 935 1154 969 evangelica
1168 955 1177 968 ,
1202 935 1270 963 ideo
1286 936 1305 952 ¹⁵
1320 945 1325 963 :
1347 947 1358 960 υ
1376 937 1529 971 Lugebunt
1552 938 1752 973 expandentes

984 983 1052 1007 rete.
1079 991 1092 1005 »
1117 982 1147 1008 Et
1170 984 1239 1008 nota
1263 982 1346 1017 quod
1369 985 1410 1009 est
1433 983 1586 1018 multiplex
1611 986 1669 1011 rete
1688 994 1694 1011 :
1713 986 1753 1011 est

985 1027 1063 1053 enim
1078 1028 1137 1054 rete
1153 1027 1305 1054 diabolicae
1322 1029 1487 1056 tentationis
1502 1030 1522 1045 ¹⁶
1536 1038 1542 1056 ε
1559 1039 1571 1054 (ι
1589 1030 1708 1057 1111311511
1723 1031 1753 1057 13

986 1075 1043 1100 rete
1059 1073 1149 1108 pedes
1164 1081 1244 1100 suos.
1259 1084 1271 1099 »
1290 1074 1332 1101 lbi
1347 1075 1502 1109 Gregorius
1517 1076 1536 1092 ¹⁷
1554 1084 1559 1102 :
1580 1086 1593 1101 «
1608 1076 1685 1104 Sicut
1703 1076 1753 1112 qui

985 1118 1075 1153 pedes
1096 1119 1126 1145 in
1147 1121 1205 1146 retc
1228 1120 1326 1153 mittit,
1347 1128 1408 1147 non
1431 1129 1498 1148 cum
1517 1121 1659 1156 voluerit,
1676 1122 1753 1156 exit3

986 1165 1026 1191 sic
1042 1165 1137 1200 quiin
1159 1168 1280 1201 peccato
1303 1174 1332 1193 se
1349 1166 1461 1201 dejicit,
1477 1175 1537 1194 non
1561 1175 1630 1195 mox
1651 1170 1681 1195 ut
1703 1177 1754 1196 vo-

985 1210 1083 1245 luerit,
1099 1212 1207 1245 surgit,
1223 1222 1234 1236 n
1255 1214 1307 1239 etc.
1325 1214 1393 1240 ltem
1416 1215 1456 1239 est
1480 1215 1539 1240 rete
1561 1214 1685 1241 carnalis
1702 1223 1754 1242 vo-

986 1256 1103 1292 luptatis
1121 1258 1140 1274 ¹¹³
1154 1267 1160 1284 2
1172 1268 1184 1282 α
1199 1258 1294 1285 Traxit
1309 1258 1337 1285 in
1353 1266 1461 1293 sagena
1475 1268 1537 1293 sua,
1555 1262 1583 1286 et
1596 1268 1756 1295 congrega-

986 1303 1026 1331 vit
1040 1304 1070 1338 (ε)
1085 1304 1114 1330 13
1129 1306 1198 1331 1010.
1215 1314 1228 1329 υ
1246 1305 1325 1331 Unde
1338 1305 1368 1331 in
1383 1305 1482 1337 hamo,
1499 1305 1535 1332 de
1550 1314 1610 1341 quo
1622 1306 1663 1333 ibi
1678 1315 1754 1342 prae-

986 1350 1077 1383 misit,
1094 1350 1241 1384 suggestio
1255 1359 1262 1377 :
1279 1351 1308 1377 in
1320 1358 1446 1384 sagena,
1462 1352 1633 1385 consensi03
1650 1352 1679 1379 in
1689 1352 1753 1386 reti,

987 1396 1221 1431 praevaricatoria
1247 1397 1388 1431 operatio.
1416 1398 1446 1423 Et
1470 1397 1505 1424 de
1529 1397 1652 1425 muliere
1676 1399 1756 1426 mala

987 1442 1042 1468 sub
1070 1442 1167 1477 figura
1191 1442 1348 1478 voluptatis
1372 1443 1390 1458 ¹⁹
1417 1452 1423 1469 2
1449 1453 1462 1468 ιι
1475 1444 1574 1471 inveni
1601 1444 1756 1472 mulierem

987 1490 1080 1515 morte
1097 1488 1285 1521 311131101031,
1298 1497 1363 1523 quae
1377 1488 1501 1524 laqueus
1516 1492 1689 1517 venatorum
1703 1493 1755 1525 est,

988 1536 1014 1560 et
1035 1542 1143 1568 sagena
1169 1542 1219 1561 cor
1243 1535 1332 1561 illius.
1351 1545 1364 1559 »
1382 1536 1452 1562 ltem
1476 1538 1517 1562 est
1539 1538 1598 1562 rete
1619 1536 1756 1564 humanae

988 1579 1168 1615 deceptionis
1188 1579 1208 1596 ²⁰
1234 1589 1239 1606 :
1265 1582 1386 1607 «Homo
1409 1581 1459 1616 qui
1482 1581 1599 1608 blandis
1622 1582 1756 1618 fictisque

987 1626 1173 1653 sermonibus
1188 1626 1318 1661 loquitur
1333 1626 1428 1654 amico
1451 1635 1522 1661 suo,
1538 1630 1597 1655 rete
1619 1629 1757 1663 expandit

987 1671 1113 1706 pedibus
1128 1672 1199 1706 ejus.
1216 1682 1229 1697 n
1247 1674 1316 1699 {tem
1330 1674 1372 1699 est
1385 1675 1445 1700 rete
1459 1681 1557 1708 pravae
1573 1676 1599 1701 et
1613 1682 1756 1709 perversae

988 1717 1209 1744 doctrinationis
1221 1720 1240 1735 '2¹
1257 1727 1262 1744 :
1278 1728 1290 1743 ι(
1305 1719 1438 1753 Laqueus
1457 1719 1524 1746 facti
1543 1719 1610 1746 estis
1625 1721 1756 1755 specula-

989 1763 1074 1796 tioni,
1092 1766 1120 1790 et
1141 1766 1200 1790 rete
1216 1771 1378 1799 expansum
1400 1773 1488 1800 super
1502 1765 1626 1792 Thabor.
1644 1776 1656 1791 »
1672 1767 1756 1799 Quod

987 1817 1058 1836 vero
1075 1809 1189 1843 dicitur,
1207 1810 1288 1845 quod
1308 1812 1406 1837 Petrus
1425 1813 1522 1838 tunica
1542 1820 1571 1838 se
1592 1813 1756 1847 praecinxit,

989 1857 1015 1881 et
1029 1855 1107 1882 misit
1121 1863 1150 1882 se
1166 1856 1195 1882 in
1210 1864 1305 1889 mare,
1320 1856 1416 1891 figura
1428 1859 1484 1891 est,
1500 1857 1582 1892 quod
1595 1859 1757 1886 succinctus

988 1903 1026 1930 ab
1040 1903 1120 1930 omni
1135 1903 1370 1938 concupiscentia
1382 1903 1459 1930 misit
1474 1912 1503 1931 se
1519 1904 1557 1931 ad
1572 1905 1756 1934 sustinendas

988 1949 1199 1976 tribulationes
1218 1948 1293 1976 Infra
1310 1949 1477 1976 eodem‘222«
1489 1950 1566 1977 Alius
1577 1951 1674 1986 cinget
1688 1954 1723 1979 te.
1740 1963 1753 1978 »

989 1997 1019 2022 Et
1033 1995 1073 2022 ibi
1089 1995 1125 2022 (le
1140 1995 1206 2022 hoc.
1224 1995 1308 2028 Quod
1325 2003 1394 2022 vero
1410 1996 1541 2030 discipuli
1556 1999 1665 2031 navigio
1679 2007 1754 2026 vene-

988 2044 1064 2074 runt,
1081 2041 1175 2075 figura
1191 2044 1231 2068 est
1247 2041 1328 2076 quod
1352 2041 1491 2068 saeculum
1513 2042 1591 2069 istud
1614 2044 1755 2072 calcando

988 2087 1024 2113 ad
1041 2087 1140 2121 gloriae
1153 2087 1330 2114 soliditatem
1350 2090 1556 2122 pervenerunt.
1574 2090 1653 2117 Unde
1666 2093 1693 2118 et
1707 2092 1756 2118 Pe-

988 2135 1062 2165 trus,
1084 2133 1134 2168 qui
1149 2132 1201 2160 fuit
1223 2135 1309 2168 caput
1323 2133 1470 2167 Ecclesiae,
1486 2135 1648 2163 ambulavit
1668 2145 1756 2172 super

988 2187 1067 2206 mare
1078 2179 1110 2206 ²³.
1126 2181 1176 2206 Per
1192 2179 1315 2206 ducentos
1330 2180 1432 2207 cubitos
1442 2180 1573 2215 signatur
1584 2182 1755 2218 adimpletio

987 2225 1194 2253 mandatorum
1216 2225 1264 2253 Dei
1286 2226 1315 2252 in
1336 2226 1462 2260 perfecta
1477 2227 1613 2254 charitate
1624 2249 1631 2262 ‚
1647 2229 1679 2256 id
1694 2231 1754 2264 est,

988 2272 1143 2299 dilectione
1157 2271 1205 2298 Dei
1221 2274 1247 2299 et
1261 2272 1400 2307 proximi.
1414 2273 1601 2305 centenarius
1617 2275 1695 2302 cuim
1705 2297 1712 2308 ‚
1729 2278 1756 2303 et

987 2318 1144 2351 denarius,
1169 2318 1247 2344 idem
1272 2318 1301 2344 in
1324 2319 1462 2353 mysterio
1486 2322 1567 2354 sunt,
1582 2321 1653 2356 quia
1669 2331 1682 2347 «
1697 2329 1756 2349 nu-

987 2373 1084 2391 merus
1106 2363 1266 2399 replicans,
1282 2365 1310 2391 et
1324 2371 1463 2391 numerus
1483 2365 1639 2400 replicatus
1650 2388 1657 2400 ,
1675 2367 1754 2395 idem

989 2428 1077 2456 ¹⁵1su..
1094 2434 1148 2457 ΧΗ,
1164 2430 1185 2451 8.
1202 2440 1231 2444 —
1249 2428 1332 2457 ¹'1Job,
1348 2434 1422 2458 xxviii,
1439 2431 1461 2452 ὃ.
1474 2430 1635 2461 ——17Greg.‚
1654 2432 1753 2461 Momm,

986 2463 1027 2486 lib.
1046 2463 1109 2492 MV,
1126 2470 1148 2485 c.
1166 2468 1202 2490 xi,
1219 2462 1251 2485 al.
1267 2469 1308 2492 xi,
1326 2470 1351 2485 11.
1372 2465 1410 2486 13.
1426 2476 1456 2480 -
1479 2465 1494 2477 '¹⁵
1510 2464 1612 2494 Hebae„
1633 2472 1654 2496 1,
1672 2468 1708 2490 15.
1724 2481 1754 2485 —

987 2499 1004 2514 ¹·
1023 2498 1111 2527 Erulum,
1129 2503 1173 2526 1-11,
1189 2498 1226 2520 :27-
1238 2510 1267 2514 —
1280 2498 1299 2514 ‘³⁰
1311 2498 1391 2526 prom,
1409 2504 1481 2529 xxix,
1496 2501 1519 2523 ὅ.
1532 2513 1559 2517 -
1576 2500 1592 2516 ²¹
1611 2501 1674 2530 Ore,
1692 2508 1714 2532 1,
1734 2505 1753 2526 ε,

988 2547 1014 2551 --
1030 2534 1049 2549 2²
1066 2533 1121 2561 lus.¹
1142 2534 1175 2556 18.
1191 2545 1220 2549 -
1234 2533 1254 2549 2³
1270 2533 1370 2559 Mami..
1386 2540 1437 2562 mv,
1453 2537 1491 2558 29.

1019 2576 1048 2605 (a)
1075 2574 1162 2604 Suppl.
1187 2574 1212 2597 in
1236 2577 1322 2598 sancto
1350 2576 1486 2606 Evangelio
1510 2577 1609 2607 legitur,
1633 2578 1699 2608 quia.
1724 2592 1754 2596 —

988 2611 1017 2641 (ll,
1036 2611 1095 2633 (vul.
1111 2609 1168 2632 odit.
1188 2616 1232 2632 mm
1247 2609 1335 2633 hubent
1354 2612 1428 2634 Lucffl
1443 2612 1541 2642 quinto,
1560 2614 1608 2635 mlvi
1623 2613 1753 2638 admodum

988 2654 1011 2669 m
1027 2646 1180 2675 murqine.—
1198 2645 1228 2675 (c)
1244 2645 1302 2668 Coet.
1319 2645 1377 2669 edil.
1393 2648 1568 2677 congregabit.

1808 945 1864 964 Rota

1767 977 1800 995 est
1818 974 1872 994 mul-

1768 1006 1845 1032 tiplex.
