1987 3032
694 213 898 245 EXPOSITIO
921 213 959 243 IN
983 212 1067 243 CAP.
1092 212 1196 246 XXIV.

153 283 275 323 oportet
288 280 471 320 {intelligere
490 278 672 309 distantiam
702 281 821 319 septem
840 281 919 310 aeta-

152 337 236 373 tum,
262 336 292 365 et
311 335 455 364 octavam
471 331 649 362 inchoatam
673 332 739 371 jam
763 333 796 362 in
821 332 921 371 capite

154 390 262 418 nostro
286 385 423 422 Christo,
448 386 484 414 ut
504 385 543 414 ab
567 384 626 414 hac
647 385 850 423 perveniatur
882 384 921 414 ad

153 441 239 470 illam
253 437 426 469 festinando
441 437 480 466 ad
495 437 634 474 bonum,
650 438 681 466 et
696 437 921 476 triumphando

154 494 263 522 contra
277 490 396 520 malum
412 490 420 505 ¹
436 499 443 519 ε
465 501 479 517 α
492 488 688 519 Festinemus
699 498 779 528 ergo
797 489 921 528 ingredi

154 544 192 574 ad
211 544 298 573 illam
320 542 481 582 requiem,
507 544 543 572 ut
569 551 609 571 ne
634 542 667 571 in
689 542 827 581 idipsum
851 542 924 581 quis

154 596 270 626 incidat
284 595 510 625 incredulitatis
525 595 721 633 exemplum.
741 606 754 622 n

195 647 354 684 Secundo,
381 649 537 685 quantum
567 647 605 676 ad
641 648 791 676 mutuum
828 646 922 677 collo-

156 701 269 740 quium
285 699 502 729 itinerantium
515 722 522 736 ,
538 699 641 729 subdit
659 699 700 737 (v.
717 701 765 736 14)
784 710 791 729 ι
806 699 851 730 Et
865 699 927 738 ipsi

157 753 366 793 loquebantur
381 752 426 782 acl
437 752 569 781 inuicem
583 752 620 781 cle
635 752 682 781 his
697 752 840 782 omnibus
853 761 925 792 quoe

158 806 348 842 acciderant,
360 805 392 835 id
402 807 459 841 est,
471 804 508 834 de
518 804 568 834 his
582 814 655 843 quae
670 805 751 834 eirca
766 804 925 834 Christum

160 860 248 897 gesta
263 859 365 888 erant.
381 857 419 888 Et
431 857 499 887 haec
514 857 677 887 collocutio
698 859 764 887 erat
781 857 927 888 laudabi-

158 911 211 949 115,
229 911 302 950 quia
323 910 362 941 de
383 911 466 941 bona
487 912 554 940 erat
578 910 725 948 materia⁷
753 910 868 940 scilicet
889 910 926 940 de

161 964 292 994 Christo.
316 963 388 994 Ideo
412 964 524 994 Petrus
537 966 548 981 ²
563 971 574 993 .·
601 962 660 993 «Si
682 963 752 1002 quis
774 963 925 1002 loquitur,

160 1018 311 1055 tanquam
327 1024 486 1045 sermones
502 1015 593 1046 Dei.»
612 1015 668 1045 Et³
686 1025 692 1045 τ
713 1026 728 1044 ι(
742 1015 850 1046 Omnis
861 1025 927 1045 ser-

161 1077 213 1098 mo
228 1068 331 1098 malus
346 1077 385 1098 ex
400 1077 454 1098 ore
468 1070 572 1098 vestro
598 1076 662 1098 non
684 1068 847 1107 procedat3
876 1068 929 1099 sed

161 1121 187 1150 si
202 1121 272 1160 quis
287 1121 388 1151 bonus
403 1121 441 1151 ad
454 1121 692 1150 aedificationem
715 1120 804 1158 fidei,
824 1122 860 1151 ut
878 1121 930 1151 det

162 1174 298 1212 gratiam
317 1173 556 1204 audientibus.»
582 1173 654 1203 Ideo
675 1175 782 1203 autem
806 1174 844 1203 de
870 1173 930 1203 hoc

161 1226 387 1266 loquebantur,
405 1227 480 1266 quia
494 1226 531 1257 de
546 1227 605 1257 hoc
618 1226 791 1265 specialiter
807 1226 928 1264 cogita-

161 1279 255 1310 batur
272 1281 329 1318 (al3
347 1281 378 1310 et
389 1280 457 1310 ideo
471 1279 664 1318 cogitabant,
681 1278 756 1317 quia
768 1278 929 1308 amabant.

163 1331 241 1361 Nam
252 1332 284 1361 in
290 1332 440 1363 Mattlzceo
452 1332 487 1371 (h)
501 1331 614 1362 dicitur
625 1333 648 1360 ⁶:
658 1342 671 1359 (ι
682 1330 728 1360 Ex
737 1330 931 1360 abundantia

162 1384 263 1414 cordis
277 1394 311 1414 05
326 1384 477 1424 loquitur.
497 1395 511 1412 11
537 1383 600 1413 Νο0
618 1385 741 1413 tantum
764 1383 929 1420 amabant,

162 1445 275 1466 verum
296 1437 391 1467 etiam
413 1437 619 1473 dubitabant;
646 1439 676 1466 et
694 1436 763 1466 ideo
781 1437 875 1466 etiam
892 1436 931 1466 ad

164 1489 301 1520 invicem
319 1491 543 1528 conferebant,
561 1490 646 1529 quia,
667 1490 748 1519 sicut
763 1490 875 1520 dicitur
893 1492 903 1508 ⁶
921 1500 927 1519 z

168 1553 182 1570 «
195 1542 328 1573 Ferrum
342 1543 424 1573 ferro
439 1543 616 1580 exacuitur,
634 1544 664 1572 et
687 1542 782 1573 homo
807 1542 932 1572 exacuit

162 1595 272 1625 faciem
290 1596 383 1625 amici
397 1595 474 1625 sui.»
491 1595 528 1625 Et
540 1596 563 1624 6;
582 1595 682 1625 «Cum
698 1595 891 1634 sapientibus
901 1597 931 1625 et

163 1648 372 1687 prudentibus
387 1650 493 1678 tracta.
511 1659 525 1675 2>
544 1647 581 1678 Et
595 1651 663 1687 post
680 1658 686 1677 2
709 1659 723 1675 «
739 1647 775 1677 Et
790 1648 822 1677 in
839 1656 931 1677 sensu

164 1700 203 1730 sit
218 1701 275 1731 tibi
290 1701 446 1740 cogitatus
462 1701 526 1737 Dei,
543 1703 573 1731 et
587 1700 691 1730 omnis
705 1700 863 1731 enarratio
877 1702 932 1730 tua

164 1753 196 1783 in
225 1754 388 1794 praeceptis
419 1753 583 1784 Altissimi.
612 1764 625 1781 r>
664 1752 791 1783 Talibus
826 1752 932 1783 verbis

164 1807 249 1837 adest
269 1807 397 1846 spiritus
418 1807 557 1843 Domini,
581 1808 733 1845 tanquam
752 1806 844 1845 origo
862 1814 932 1836 om-

164 1859 255 1890 nium
283 1860 439 1889 honorum
466 1859 686 1889 verborum':
718 1869 733 1887 a
752 1858 822 1888 Non
846 1858 932 1889 enim

165 1922 222 1943 vos
237 1913 310 1943 estis
329 1913 384 1952 qui
403 1912 587 1952 loquimini,
609 1912 663 1943 sed
683 1912 810 1952 spiritus
831 1911 932 1942 Patris

166 1966 262 1996 vestri
277 1965 332 2005 qui
346 1966 485 2005 loquitur
500 1965 533 1995 in
548 1965 648 1996 vobis.
665 1976 679 1993 1>
701 1965 759 1996 Sed
775 1973 792 1995 e
807 1966 932 1995 eontra-

166 2019 213 2048 rio
227 2018 324 2048 verba
340 2018 508 2048 indiscreta
525 2020 554 2048 et
572 2018 778 2057 cogitationes
797 2018 879 2056 sugit
895 2020 905 2035 ⁸
924 2027 931 2046 ε

172 2071 338 2110 «Spiritus
352 2072 437 2102 enim
461 2073 587 2101 sanctus
609 2071 780 2110 disciplinae
800 2071 934 2110 effugiet

167 2125 291 2162 fictum,
306 2126 336 2155 ei
349 2125 469 2155 auferet
488 2134 520 2154 se
539 2134 558 2154 a
575 2124 838 2162 cogitationibus,
861 2133 934 2164 quae

167 2179 241 2208 sunt
256 2178 323 2208 sine
339 2177 507 2214 intellectu,
523 2189 537 2205 n
557 2179 615 2208 etc.

209 2230 330 2267 Tertio,
355 2232 510 2270 quantum
537 2231 576 2260 ad
603 2230 714 2260 ChIisti
741 2231 934 2261 consortium

168 2283 384 2322 dignativum,
402 2283 570 2322 subjungit
587 2284 627 2322 (v.
645 2284 691 2322 15)
712 2294 719 2313 z
744 2284 787 2314 Et
809 2284 934 2322 factum

169 2339 223 2374 est,
240 2336 317 2365 dum
332 2336 568 2374 fabularentur,
585 2340 614 2366 et
625 2345 731 2366 secum
744 2342 934 2376 (sumerent,

169 2388 276 2428 etipse
297 2389 385 2419 destas
400 2389 662 2428 appropinquans
683 2390 747 2419 ibat
769 2400 841 2420 cum
863 2391 935 2422 illis.

170 2440 323 2472 Dicuntur
350 2443 455 2472 autem
480 2441 636 2481 loquendo
662 2442 815 2481 fabulari,
840 2453 938 2484 prop-

202 2520 306 2550 ¹Hebr.,
326 2527 358 2549 iv,
378 2523 415 2545 ll.
436 2535 462 2538 -—
484 2522 491 2534 ²
508 2522 513 2543 Ι
528 2523 603 2550 reon,
620 2527 653 2550 ιν,
671 2524 708 2545 11.
722 2535 752 2539 -
765 2523 772 2536 ³
786 2523 886 2554 ΕμΙιιςκ.1
904 2531 937 2554 iv,

172 2556 211 2577 29.
230 2568 260 2572 -—
277 2556 287 2572 δ
304 2556 408 2585 Mami„
430 2562 480 2586 xil,
503 2558 541 2579 34.
557 2570 587 2573 -—
607 2558 614 2569 ³·
635 2557 721 2587 Pron„
739 2564 824 2589 xxvii,
847 2561 883 2583 17.
908 2573 938 2577 -

173 2590 181 2602 ‘⁴'
197 2589 378 2619 Eeclz'.‚1x,2l,
393 2594 430 2614 23.
445 2603 474 2608 ·—
492 2591 613 2618 ’211t121l1.,
630 2598 654 2620 x,
670 2594 707 2615 20.
723 2606 753 2610 —-
766 2595 774 2606 ⁸
792 2594 859 2624 Sap„
882 2601 898 2621 Ι,
915 2598 937 2618 ii.

174 2636 203 2640 —
226 2626 235 2638 ⁹
256 2625 340 2653 ticoli„
365 2632 444 2656 xLui,
467 2628 506 2653 20,
532 2639 562 2644 -—
588 2629 606 2642 ¹¹¹
627 2628 727 2657 Manli„
744 2633 821 2659 xviii,
847 2632 885 2654 20.
909 2644 938 2648 ——

175 2659 191 2674 ¹¹
207 2659 286 2687 Jeme,
302 2663 402 2690 Χ1ν,’;ὶ3,
419 2675 450 2679 -
471 2662 490 2677 1²
504 2663 588 2691 (ἐι-ες,
606 2663 631 2684 in
653 2663 757 2693 liruny„
775 2664 844 2688 110111.
863 2672 938 2695 xxm,

1684 222 1741 251 2027

974 280 1059 309 terea
1072 280 1156 318 quod
1172 279 1384 319 loquebantur
1406 282 1505 313 verba
1524 290 1597 321 quae
1616 285 1745 316 certitu-

975 331 1080 361 dinem
1104 341 1170 362 nou
1193 332 1368 371 habebant,
1392 334 1435 365 ita
1457 337 1493 365 ut
1515 344 1590 366 vere
1618 339 1745 375 possent

975 384 1076 414 dicere
1095 384 1172 415 illud
1187 386 1197 401 ⁹
1215 395 1221 414 :
1247 397 1261 414 <t
1274 385 1370 416 Multa
1389 387 1549 426 dicemus,
1571 391 1602 419 et
1620 389 1744 421 deficie-

977 445 1050 466 mus
1065 437 1098 466 in
1114 437 1218 467 verbis
1234 448 1240 467 :
1259 441 1489 470 consummatio
1505 443 1610 472 autem
1624 452 1744 474 sermo-

978 499 1055 519 num
1070 490 1136 528 ipse
1151 492 1196 520 est
1210 491 1242 520 in
1255 492 1414 523 omnibus.
1433 503 1447 521 »
1464 493 1502 524 Et
1522 495 1596 534 quia
1614 505 1747 527 concor-

978 541 1031 571 des
1045 545 1134 572 erant
1148 542 1180 572 in
1196 544 1316 582 eundo,
1334 546 1364 574 et
1378 545 1588 585 loquebantur
1602 548 1640 578 de
1652 548 1747 587 bono,

980 594 1049 624 ideo
1072 594 1173 624 effecti
1189 598 1264 625 sunt
1281 596 1373 635 digni
1396 600 1551 630 consortio
1575 600 1689 631 Christi
1704 603 1725 622 ¹⁰
1741 613 1748 633 :

984 646 1069 677 «Ubi
1084 647 1170 677 enim
1189 650 1262 678 sunt
1277 651 1340 679 duo
1358 650 1409 681 vel
1432 653 1492 681 tres
1511 654 1697 692 congregati
1718 654 1751 685 in

979 700 1109 730 nomine
1126 710 1212 737 meo,
1227 702 1271 731 ibi
1285 711 1355 732 sum
1370 704 1403 733 in
1422 705 1524 735 medio
1541 715 1664 737 eorum.
1680 718 1694 735 »
1715 707 1752 738 Et

980 753 1040 782 hoc
1056 756 1140 791 erat,
1163 755 1239 793 quia
1258 755 1417 787 Christum
1438 759 1597 790 amabant.
1618 761 1699 792 Nam
1718 762 1753 792 in

982 806 1104 837 <Ioanne
1122 807 1156 846 (e)
1173 808 1216 837 ait
1231 809 1251 827 ¹¹
1271 817 1278 838 :
1296 820 1310 837 «
1327 809 1360 839 Si
1377 811 1449 849 quis
1469 812 1572 851 diligit
1594 823 1661 852 me,
1685 824 1752 846 ser-

982 867 1110 889 monem
1124 869 1233 890 meum
1249 863 1404 901 servabit,
1422 867 1452 895 et
1466 868 1555 904 pater
1570 875 1660 898 meus
1681 867 1751 898 dili-

982 913 1036 950 get
1051 921 1141 949 eum,
1158 913 1240 943 etad
1261 923 1335 944 eum
1357 917 1538 956 veniemus,
1556 929 1569 947 1)
1592 922 1650 951 etc.
1673 920 1753 957 Quia

983 966 1089 994 autem
1105 966 1248 996 nondum
1266 968 1399 1006 perfecte
1414 971 1596 1010 credebant,
1613 973 1683 1003 ideo
1697 974 1751 1004 de-

984 1017 1122 1047 buerunt
1136 1018 1251 1050 habere
1266 1022 1479 1060 praesentiam,
1494 1025 1548 1055 sed
1560 1034 1623 1056 non
1636 1026 1753 1059 habere

984 1070 1081 1108 ipsius
1096 1071 1256 1109 notitiam3
1273 1074 1342 1104 ideo
1357 1075 1442 1105 addit
1458 1077 1554 1116 (witi)
1569 1089 1575 1108 :
1593 1079 1686 1110 Oculi
1698 1089 1754 1111 au-

986 1125 1047 1151 tem
1073 1122 1201 1153 illorzmz
1222 1125 1425 1164 tenebantur,
1445 1137 1484 1158 ne
1508 1139 1580 1160 eum
1601 1140 1754 1170 aquesce-

985 1180 1066 1206 νεηῐ.
1083 1176 1121 1206 Et
1134 1177 1193 1207 hoc
1205 1178 1334 1217 quidem
1350 1180 1484 1219 dignum
1497 1183 1569 1221 fuit3
1584 1185 1668 1216 unde
1683 1185 1756 1217 Gre-

987 1229 1098 1266 gorius
1113 1230 1134 1245 12
1152 1240 1159 1260 ;
1182 1242 1195 1258 α
1210 1230 1298 1261 Sicut
1314 1232 1399 1263 intus
1413 1233 1472 1273 ipsi
1487 1236 1647 1275 amabant,
1663 1240 1693 1268 et
1707 1240 1756 1269 ta-

988 1290 1060 1311 men
1073 1282 1275 1321 dubitabant,
1292 1285 1335 1315 sie
1350 1288 1378 1315 et
1393 1287 1457 1326 ipse
1472 1290 1502 1318 et
1520 1290 1594 1320 foris
1617 1300 1755 1330 praesens

987 1334 1088 1372 adest,
1105 1337 1135 1365 et
1154 1338 1260 1366 tamen
1275 1338 1346 1376 quis
1365 1339 1404 1369 sit
1423 1349 1489 1371 non
1510 1343 1656 1374 ostendit.
1672 1355 1687 1372 »
1712 1345 1756 1376 De

987 1395 1020 1416 se
1045 1396 1122 1425 ergo
1146 1388 1350 1428 loquentibus
1381 1395 1581 1431 praesentiam
1609 1396 1754 1436 exhibet,

987 1439 1040 1468 sed
1054 1439 1092 1469 de
1114 1449 1147 1470 se
1171 1441 1387 1474 dubitantibus
1410 1447 1545 1484 speciem
1568 1450 1756 1487 cognitionis

987 1492 1100 1522 aufert.
1115 1492 1152 1523 Et
1164 1494 1234 1524 ideo
1247 1495 1362 1526 dicitur
1374 1498 1394 1516 ¹³
1406 1499 1490 1537 quod
1509 1511 1522 1528 ((
1536 1503 1682 1540 apparuit
1695 1503 1756 1534 illis

987 1544 1020 1574 in
1043 1545 1104 1575 alia
1128 1546 1243 1585 effigie.
1261 1559 1276 1576 ›>
1304 1549 1341 1579 Et
1363 1551 1536 1582 notandum
1557 1554 1641 1592 quod
1665 1555 1753 1595 dicit,

986 1598 1071 1636 quod
1095 1600 1180 1630 oculi
1202 1609 1312 1632 eorum
1338 1604 1545 1645 tenebcmtzcr,·
1566 1616 1606 1637 ex
1623 1617 1686 1647 quo
1700 1618 1757 1649 ap-

987 1653 1075 1689 paret
1098 1653 1271 1692 evidenter,
1297 1657 1382 1695 quod
1411 1657 1553 1689 Christus
1581 1662 1756 1693 secundum

987 1704 1151 1734 veritatem
1168 1715 1233 1736 non
1244 1709 1380 1740 mutavit
1391 1710 1440 1740 sui
1451 1713 1590 1751 corporis
1601 1715 1754 1754 effigiem,

988 1765 1044 1786 nec
1058 1757 1212 1796 figuram,
1228 1760 1281 1790 sed
1296 1763 1470 1794 secundum
1487 1765 1585 1796 solam
1600 1776 1755 1807 apparen-

987 1809 1063 1839 tiam
1080 1818 1087 1839 :
1103 1819 1178 1840 nam
1193 1811 1226 1841 in
1241 1813 1341 1843 oculis
1355 1814 1583 1855 discipulorum
1598 1819 1679 1851 alius
1698 1830 1756 1861 ap-

987 1863 1126 1902 parebat.
1144 1864 1231 1895 Unde
1246 1865 1353 1897 Glossa
1368 1877 1463 1908 super
1477 1870 1598 1903 decimo
1609 1880 1693 1905 nono
1708 1883 1757 1906 ca-

987 1916 1050 1955 pite
1067 1916 1195 1949 Genesz's
1209 1918 1252 1948 ait
1265 1920 1349 1958 quod
1360 1921 1506 1962 discipuli
1518 1927 1657 1963 percussi
1667 1930 1757 1959 erant

987 1968 1109 1999 aorasia
1125 1969 1167 2008 (d)
1187 1970 1218 2008 ¹'',
1234 1980 1297 2010 qua
1311 1973 1439 2012 quidem
1462 1977 1508 2016 fit,
1531 1979 1567 2008 ut
1587 1988 1637 2009 res
1650 1980 1756 2021 aliquo

988 2021 1081 2052 modo
1096 2022 1255 2061 videatur,
1273 2027 1303 2055 et
1321 2026 1427 2066 aliquo
1451 2030 1545 2061 modo
1566 2033 1754 2073 occultetur;

988 2074 1068 2104 sicut
1081 2075 1174 2105 etiam
1187 2076 1260 2107 dicit
1269 2078 1472 2117 Augustinus
1484 2083 1505 2099 ¹⁵
1519 2085 1603 2122 quod
1612 2085 1650 2116 (10
1664 2086 1757 2118 Sodo-

989 2126 1075 2156 mitis
1094 2127 1153 2158 fuit
1170 2128 1299 2160 factum.
1320 2131 1382 2162 Nec
1403 2133 1463 2164 suit
1481 2137 1615 2168 mutatio
1634 2138 1667 2168 in
1686 2148 1756 2170 cor-

990 2188 1065 2218 pore
1093 2180 1247 2219 glorioso,
1278 2192 1335 2214 nec
1362 2185 1421 2216 suit
1444 2187 1583 2227 deceptio
1604 2199 1643 2221 ex
1670 2193 1760 2231 parte

990 2231 1115 2262 Domini
1135 2243 1142 2264 ε
1169 2235 1222 2264 sed
1246 2235 1456 2275 dispensative
1477 2240 1630 2273 Dominus
1651 2245 1760 2276 oculos

990 2295 1103 2316 eorum
1127 2288 1261 2326 velavit,
1286 2292 1355 2320 tum
1378 2295 1506 2332 propter
1527 2295 1586 2326 hoc
1607 2298 1691 2337 quod
1715 2299 1760 2330 sic

992 2340 1211 2378 conveniebat,
1228 2351 1285 2372 nec
1298 2347 1387 2374 erant
1405 2346 1508 2378 idonei
1527 2349 1566 2379 ad
1584 2351 1759 2391 suscipien-

992 2391 1064 2422 dam
1081 2392 1191 2423 Christi
1206 2397 1407 2433 praesentiam
1422 2402 1573 2441 apertam,
1585 2404 1655 2434 tum
1665 2405 1761 2436 etiam

992 2445 1068 2484 quia
1091 2446 1265 2477 ordinatius
1294 2449 1484 2487 perducendi
1509 2457 1599 2485 erant
1625 2457 1663 2488 ad
1691 2459 1761 2497 ejus

994 2524 1019 2540 n.
1038 2520 1058 2540 1.
1072 2531 1101 2534 -
1115 2519 1134 2533 ¹³
1151 2520 1238 2549 Mum,
1255 2526 1306 2550 XVI,
1322 2524 1357 2545 12.
1370 2535 1400 2540 -—
1417 2524 1434 2539 ¹⁸
1449 2526 1530 2549 Gru-c.
1544 2529 1658 2560 ἀορασία,
1675 2531 1698 2554 iul
1714 2534 1762 2562 est,

994 2552 1102 2581 van-itas,
1115 2560 1159 2575 scu
1172 2554 1307 2585 avidentia,
1317 2559 1343 2579 ut
1355 2558 1430 2582 vertit
1439 2560 1600 2589 Augustinus.
1614 2578 1643 2581 —
1659 2566 1678 2582 ¹⁵

994 2588 1082 2614 (tuaest.
1099 2588 1124 2610 in
1141 2589 1210 2616 Gen.v
1222 2597 1243 2613 c.
1260 2596 1328 2614 Χιιν.

1027 2631 1058 2661 (ιι)
1077 2632 1137 2655 th.
1149 2633 1208 2655 edit.
1224 2635 1358 2665 cogitatur.
1375 2651 1404 2655 -—
1424 2638 1455 2668 (b)
1472 2641 1533 2664 Nam
1546 2642 1679 2668 Matthaeus
1693 2645 1761 2670 dicit.

995 2680 1024 2684 -
1040 2668 1068 2696 (ε)
1088 2668 1146 2690 Item
1161 2669 1223 2691 Num
1239 2670 1312 2694 Joan.
1327 2685 1356 2690 —
1372 2673 1404 2700 (d)
1418 2674 1476 2697 [lem
1494 2677 1589 2701 acrisia.

1686 2568 1761 2597 Aug.¹
