1987 3032
182 186 240 216 488
701 184 910 216 EVANGELH
936 185 1075 216 SANCTI
1099 185 1260 216 JOANNtS

183 251 260 278 enim
277 258 417 286 magnum
432 252 505 287 quid
520 252 557 279 de
575 253 670 287 selpso
690 252 791 287 ponit:
808 252 949 287 quoniam

184 299 244 324 erat
259 300 345 324 notus
366 298 515 332 Pontifici,
535 298 602 325 ideo
628 297 754 325 intravit.
779 300 847 325 ttcm
870 298 953 333 ponit

183 343 400 372 excusationem
414 344 578 378 negationis
594 344 680 378 Petri,
693 345 835 379 quoniam
848 346 875 371 et
891 344 952 379 ipse

182 391 332 425 intrasset,
348 392 370 418 si
386 391 519 420 fuissetei
531 399 713 425 concessum,
729 391 768 418 ait
781 391 952 427 Clirysosto-

183 445 248 465 mus
266 439 283 465 ¹.
307 439 337 464 Et
351 438 381 464 in
397 437 534 465 omnibus
553 437 684 473 loquitur
704 437 888 472 Evangelista
915 438 950 464 de

184 492 213 512 se
225 506 233 519 ‚
248 485 322 511 sieut
335 484 371 511 de
391 483 449 511 alio
467 483 519 518 (a),
534 484 697 511 seeundum
713 484 847 519 regulam
874 484 953 511 beati

184 530 313 565 Gregorii
330 540 336 557 :
355 540 368 555 <t
384 532 456 563 Mos,
479 530 592 565 inquit,
615 532 657 557 est
671 538 760 557 sacrae
781 530 950 566 Scripturte,

184 580 215 604 ut
228 577 258 604 hi
274 576 326 612 ipsi
343 577 393 612 qui
414 576 564 610 scribunt,
581 576 617 603 de
633 584 663 604 se
679 576 752 604 sicut
768 576 804 604 de
827 576 890 604 aliis
912 576 955 603 lo-

185 625 341 659 quantur.»
359 625 390 650 Et
405 622 601 658 exemplificat
623 622 659 650 de
681 625 792 650 Joanne
806 645 812 654 ,
841 623 892 658 qui
917 623 955 649 ait

185 670 221 696 de
245 677 274 697 se
302 678 308 696 :
325 671 479 704 Discipulus
491 677 566 704 quem
581 669 711 703 diligebat
723 671 798 696 Jesus
809 690 817 703 ,
834 677 922 704 supra
933 669 952 702 ²,

185 718 212 744 et
227 715 302 743 infra
317 716 336 742 ³.

221 765 263 790 17.
281 764 359 790 Dt'oez‘t
377 771 437 797 erqo
453 764 552 790 aneilla
568 764 645 789 Petro
664 771 669 789 :
688 762 825 797 Numquid
841 765 882 796 tu,
900 764 955 789 etc,

186 812 217 837 Et
240 809 313 836 sieut
334 809 457 836 traditur
479 817 495 836 a
518 809 726 844 chrysostomo
743 810 762 842 ¹¹,
780 811 957 843 aggravatur

186 856 303 891 negatio
320 855 393 883 Petri
412 864 447 883 ex
472 855 571 882 multis
587 864 593 882 :
612 854 723 882 ratione
750 854 957 881 imbecillitatis

185 910 319 938 personae
338 901 561 936 interrogantis,
585 903 612 928 et
631 900 763 935 vilitatis,
791 908 850 927 non
874 900 958 928 miles

187 948 404 982 interrogabat,
429 955 483 974 nec
505 947 610 983 aliquis
634 954 752 980 eorum,
777 946 828 982 qui
848 946 957 974 detine-

186 995 275 1028 bant,
296 994 404 1021 scilicet
422 995 535 1027 Jesuin3
557 993 608 1020 sed
628 993 736 1020 aneilla
755 992 872 1020 ostiaria
893 992 959 1019 vilis

188 1042 216 1068 et
234 1041 358 1076 abjecta.
384 1041 453 1067 Item
479 1040 591 1067 ratione
616 1039 698 1066 modi
721 1038 921 1073 interrogandi
950 1047 956 1064 ;

189 1095 249 1115 non
264 1088 343 1114 enim
358 1087 430 1114 (lixit
445 1096 452 1113 :
468 1086 615 1121 Numquid
631 1094 661 1112 es
682 1084 844 1120 discipulus
858 1084 959 1111 seduc-

190 1134 260 1160 toris
278 1133 325 1160 vel
350 1133 448 1160 nocivi
463 1132 606 1165 hominis,
629 1131 681 1158 scd
701 1132 762 1158 ait:
780 1132 902 1158 Hominis
927 1132 960 1157 lt-

190 1182 251 1214 lt'us,
266 1180 348 1215 quod
359 1179 411 1207 fuit
423 1179 548 1207 verbum
560 1179 723 1206 miserantis
734 1180 767 1214 (b)
779 1187 785 1205 ;
800 1180 871 1215 quia
881 1179 960 1207 enim

190 1229 316 1254 „loannes
339 1226 416 1253 intus
439 1227 519 1260 erat,
537 1227 687 1252 mansuete
704 1225 882 1261 loquebatur
896 1235 961 1253 mu-

192 1274 252 1301 tter.
269 1275 299 1302 Et
313 1275 408 1301 tamen
424 1273 497 1300 nihil
512 1273 618 1300 horum
633 1273 769 1300 sustinuit
779 1275 891 1307 Petrus,
909 1273 961 1300 sed

190 1321 259 1348 dicit
275 1329 280 1347 :
298 1321 357 1348 Non
372 1328 439 1347 sum.
457 1321 488 1346 Et
502 1319 531 1346 in
549 1320 605 1346 hoc
620 1321 698 1354 patet
719 1319 848 1347 defectus
867 1320 961 1347 homi—

190 1367 235 1394 nis
251 1375 286 1394 ex
301 1375 331 1394 se
346 1367 421 1402 ipso.
437 1368 511 1394 Bene
527 1365 703 1399 Augustinus
717 1367 726 1381 ¹⁵
740 1375 746 1392 ;
765 1376 778 1391 «
798 1368 892 1399 petre,
909 1366 961 1393 ubi

191 1415 257 1440 sunt
276 1413 367 1440 verba
391 1412 461 1447 illa,
489 1412 611 1448 quando
634 1412 673 1439 ait
697 1414 794 1439 Petrus
813 1421 819 1439 ε
838 1413 962 1439 Animam

190 1468 274 1487 meam
285 1467 384 1494 ponam
399 1467 446 1494 pro
462 1462 486 1486 te
496 1479 504 1492 ,
520 1466 609 1494 supra
623 1459 653 1485 δῖ’
669 1459 724 1486 Sed
744 1458 817 1494 quid
837 1458 962 1492 mirum,

193 1507 215 1534 si
242 1508 315 1533 Deus
336 1514 406 1533 vera
426 1505 576 1540 praedixit,
598 1505 689 1532 homo
706 1513 777 1532 vero
800 1505 873 1532 falsa
891 1513 963 1540 pree-

193 1553 334 1588 sumpsit‘?
349 1552 405 1580 Sed
420 1552 569 1587 quaeritur,
583 1552 708 1587 qualiter
724 1551 763 1578 ita
778 1551 900 1578 faciliter
915 1559 963 1578 ne-

193 1599 273 1635 gavit
288 1600 401 1633 Petrus,
417 1607 452 1625 ex
466 1606 525 1633 quo
541 1601 601 1625 erat
616 1598 645 1625 in
661 1598 815 1632 charitate,
831 1606 897 1633 quae
912 1606 966 1633 po-

194 1648 248 1673 test
262 1645 392 1672 resistere
409 1644 579 1678 tentationi,
595 1646 622 1671 et
636 1644 672 1671 de
687 1645 766 1680 qua⁷
781 1653 787 1671 :
804 1653 817 1669 <t
829 1644 897 1677 Quis
911 1651 964 1671 nos

195 1691 342 1727 separabit
365 1699 382 1718 a
405 1691 543 1718 charitate
570 1690 692 1718 Christi?
715 1700 727 1716 i>
746 1691 816 1717 ltem
840 1690 966 1726 qualiter

195 1738 327 1774 permisit
342 1739 416 1765 Deus
439 1739 569 1771 Petrum,
593 1738 639 1765 cui
665 1737 851 1765 commiserat
871 1736 966 1764 Eccle-

197 1786 245 1813 siae
263 1784 477 1821 principatum,
497 1784 536 1811 ita
556 1784 612 1811 cito
628 1783 755 1811 cadere?
781 1784 813 1810 Et
833 1783 871 1810 ad
891 1783 967 1811 istud

195 1831 437 1867 respondendum
455 1832 510 1864 est,
533 1830 615 1865 quod
638 1830 704 1857 licet
729 1830 853 1857 charitas
876 1830 969 1865 possit

196 1878 327 1906 resistere
340 1877 506 1910 tentationi,
522 1876 656 1912 quandiu
671 1876 798 1903 liberum
811 1876 966 1904 arbitrium

198 1932 265 1951 cum
281 1932 315 1951 ea
330 1923 490 1957 concurrit,
511 1924 538 1950 et
553 1923 578 1949 ei
593 1922 733 1956 innititur,
753 1923 823 1958 quia
843 1924 908 1958 ipsa
927 1926 969 1950 est

199 1971 283 1998 radix
293 1971 319 1997 ⁸:
334 1969 483 1997 «Radicati
497 1968 530 2004 (c)
544 1969 574 1996 in
586 1969 724 1996 charitate
737 1978 742 1995 :
757 1979 769 1994 u
783 1977 871 2004 super
886 1970 967 2004 quod

199 2017 376 2051 Augustinus
386 2016 395 2032 9
408 2024 414 2043 :
427 2026 440 2040 «
451 2015 680 2042 Firmamentum
692 2015 792 2042 salutis
803 2018 845 2042 est
859 2015 968 2043 habere

200 2063 330 2090 radicem
347 2063 382 2097 (d)
400 2062 560 2096 charitatis,
570 2072 583 2087 n
599 2063 696 2088 tamen
706 2062 830 2088 charitas
845 2069 905 2088 non
919 2070 970 2089 au-

201 2109 255 2137 fert
268 2109 432 2137 libertatem
448 2108 578 2142 arbitrii,
596 2108 667 2143 quin
682 2110 780 2143 posset
795 2108 899 2135 cadere
918 2116 971 2135 sua

203 2155 418 2184 defectibilitate
434 2158 461 2182 et
475 2155 624 2182 labilitate.
645 2156 676 2181 Ut
691 2155 768 2181 enim
784 2155 823 2182 ait
837 2155 971 2189 Augusti-

202 2211 257 2230 nus
272 2203 292 2218 ¹⁰
309 2211 334 2229 :«
348 2204 421 2229 Deus
435 2201 545 2236 ubique
561 2203 612 2235 est,
630 2201 691 2228 etsi
707 2209 767 2229 non
783 2202 820 2229 al)
837 2210 871 2229 eo
883 2202 972 2229 facias

203 2257 303 2276 casum
314 2269 323 2282 ,
339 2256 491 2283 nunquam
505 2255 522 2274 a
536 2250 561 2274 te
576 2247 660 2274 faciet
675 2255 822 2274 occasum.
836 2258 848 2273 i»
865 2248 907 2275 Ad
924 2256 971 2275 os-

203 2296 365 2324 tensionem
384 2295 546 2330 fragilitatis
562 2295 697 2322 humanae
713 2302 748 2321 ex
763 2294 874 2329 seipsa,
891 2296 917 2321 et
934 2294 973 2321 ad

205 2342 403 2369 exclusionem
416 2342 552 2369 humanae
564 2340 810 2376 praesumptionis,
823 2340 898 2367 etad
910 2348 974 2375 per-

237 2415 241 2426 ¹
258 2412 399 2443 Chrysost.,
419 2413 462 2436 ubi
482 2419 538 2442 sup.
556 2425 582 2429 -
602 2412 612 2427 2
625 2413 696 2442 Sup„
713 2417 774 2440 xiii,
789 2412 828 2435 23.
846 2425 877 2428 —
892 2412 901 2427 ³
918 2412 973 2442 lus.‚

205 2454 259 2479 xm,
275 2449 299 2471 7.
315 2461 343 2464 —
356 2448 365 2463 δ
378 2449 518 2479 Chrysost„
533 2448 576 2471 ubi
589 2455 644 2478 sup.
656 2460 685 2465 —
700 2448 709 2464 ⁵
725 2448 779 2477 Aug
793 2466 799 2478 ,
813 2449 885 2471 tract.
900 2453 972 2478 cxiii,

204 2492 220 2508 n
251 2485 274 2507 2.
294 2496 324 2500 —
349 2484 357 2496 Γ*
380 2484 450 2513 Sup.,
475 2489 536 2513 xui,
557 2485 595 2506 ΣΠ.
616 2497 644 2500 -
668 2483 676 2498 7
700 2483 778 2513 Rom„
801 2489 861 2512 vui,
887 2485 925 2506 1355.
944 2496 974 2500 —

204 2520 214 2536 8
230 2519 329 2550 Effer„
346 2524 384 2548 111,
402 2520 438 2542 17.
455 2532 484 2535 —
500 2520 508 2531 1*
523 2520 598 2548 Aug„
613 2519 638 2542 in
656 2519 663 2542 l
679 2519 760 2549 locui„
776 2521 846 2542 tract.
865 2524 892 2546 it,
909 2525 934 2541 ιι.
950 2520 972 2541 9.

204 2554 642 2584 —¹⁰t‹1.‚1'nEvrmq.J0an.,tract.
655 2560 743 2581 xxxiv,
757 2561 781 2577 n.
794 2555 816 2577 fi.
831 2567 855 2570 —-
870 2554 887 2569 ¹¹
902 2553 976 2582 lbid.,

206 2592 277 2613 tract.
293 2595 369 2618 exui,
386 2596 410 2612 n.
427 2591 449 2612 ΞΞ.
464 2602 493 2606 -
508 2589 525 2604 ¹²
542 2590 613 2619 Sup„
632 2595 692 2618 xiii,
712 2590 749 2612 37.
766 2603 796 2606 —
815 2589 830 2603 ¹³
846 2590 931 2617 Grug„
949 2589 973 2611 in

206 2626 310 2656 Ιίιίυψ.)
325 2625 384 2648 hom
410 2630 464 2654 xxi,
480 2632 505 2647 n.
526 2626 543 2648 l.
562 2637 590 2641 —
613 2625 629 2639 ¹⁸
646 2626 719 2655 Aug,
735 2624 763 2647 de
779 2626 848 2648 Com,
868 2625 974 2654 Erqu„

1009 252 1176 279 suasionem
1192 252 1376 280 confidentiae
1399 253 1427 280 iu
1452 255 1527 288 nen,
1555 255 1683 289 permisit
1708 264 1776 284 eum

1011 300 1084 326 Dens
1104 299 1209 326 eadere
1233 302 1260 327 et
1283 308 1400 335 negare.
1429 302 1507 329 Unde
1530 303 1708 338 Augustinus
1731 304 1748 321 ¹¹
1771 312 1778 331 t

1012 356 1025 372 tt
1038 348 1103 374 thee
1119 347 1150 381 (e)
1163 347 1214 374 illa
1224 348 1417 383 promittentis
1430 349 1571 382 audacia,
1582 349 1658 377 etde
1671 357 1700 378 se
1715 350 1781 386 plu-

1010 393 1117 420 rimum
1126 394 1336 428 praesumentis.
1347 404 1360 418 ι)
1369 395 1461 430 Supra
1476 396 1494 414 ¹²
1504 405 1529 422 :«
1539 395 1672 423 Animam
1684 404 1780 424 meam

1010 446 1090 474 pono
1107 447 1160 474 pro
1181 440 1223 473 te,
1240 450 1252 464 ν)
1270 441 1322 466 etc.
1347 442 1414 467 ltem
1429 450 1434 468 :
1448 451 1461 465 α
1475 442 1604 469 Permisit
1624 450 1694 469 enm
1709 443 1782 470 Deus

1009 485 1131 519 cadere,
1147 488 1178 512 ut
1193 486 1221 512 in
1235 494 1288 513 sua
1303 486 1388 521 culpa
1405 486 1548 522 disceret,
1572 488 1697 524 qualiter
1716 488 1780 516 aliis

1011 531 1141 559 misereri
1157 532 1286 565 deberet,
1296 541 1308 556 »ι
1328 532 1367 559 ait
1382 532 1577 567 Gregorius¹³.
1595 535 1665 562 ltem
1680 534 1783 570 quaeri-

1011 580 1056 604 tur
1071 578 1106 604 dc
1122 577 1187 605 loco
1201 578 1364 612 negationis
1380 579 1468 605 Petri:
1481 579 1521 606 ait
1531 579 1608 606 euim
1619 580 1680 614 hic,
1697 580 1779 616 quod

1012 624 1041 650 in
1057 624 1129 651 atrio
1149 627 1254 658 Annam
1272 625 1341 652 alibi
1357 633 1427 652 vero
1444 625 1550 652 dicitur
1561 647 1569 660 ,
1585 626 1668 661 quod
1684 627 1713 654 in
1729 627 1781 654 do-

1013 678 1062 697 mo
1077 670 1192 706 Caiphae
1202 671 1329 705 negavit.
1344 672 1375 698 Et
1385 671 1423 698 ad
1437 671 1513 698 istud
1528 671 1781 707 respondendum,

1013 717 1106 751 quod,
1117 717 1190 744 sieut
1204 717 1320 744 videtur
1334 717 1430 745 dicere
1442 717 1617 751 Augustinus
1628 717 1647 734 ¹¹·
1660 726 1687 744 τι(
1697 719 1784 746 Joan-

1013 771 1064 789 nes
1078 763 1125 790 hic
1140 763 1257 798 increpit
1272 764 1461 791 tentationem
1478 764 1549 790 Petri
1566 764 1681 797 dicere,
1697 766 1724 792 ct
1736 772 1782 792 ne·

1014 810 1179 844 gationem,
1196 812 1223 837 et
1238 810 1394 845 interponit
1417 810 1554 846 qnzedam
1574 810 1611 838 de
1630 812 1783 838 contume-

1014 856 1059 883 liis
1076 856 1206 890 Domini,
1231 859 1257 884 et
1274 857 1409 891 adjungit
1424 857 1506 892 quod
1527 856 1596 884 inde
1616 857 1722 884 missus
1744 860 1787 885 est

1015 903 1053 930 ad
1075 903 1233 937 caipham,
1259 905 1286 930 et
1308 903 1376 930 inde
1399 902 1589 938 recapitulat,
1609 905 1640 931 ut
1661 903 1786 939 explicet

1015 949 1156 984 qnoniam
1172 951 1299 984 cceperat
1313 949 1502 976 tentationem
1517 949 1600 976 Petri.
1613 959 1626 974 n
1636 950 1667 977 Et
1681 958 1716 976 ex
1732 949 1786 977 hoc

1015 995 1131 1023 videtur
1149 995 1313 1022 secuudum
1335 995 1544 1029 Augustinum,
1567 995 1649 1031 quod
1663 995 1694 1022 in
1713 995 1786 1023 atrio

1016 1045 1104 1069 Annae
1118 1041 1171 1068 fuit
1183 1041 1310 1075 negatio.
1325 1041 1465 1068 Videntur
1480 1043 1577 1069 tamen
1593 1041 1786 1077 Hieronymus

1016 1090 1043 1115 et
1059 1087 1134 1114 Beda
1153 1087 1265 1120 dicere,
1290 1087 1371 1122 quod
1387 1087 1524 1114 inchoata
1547 1087 1600 1115 fuit
1614 1088 1732 1122 negatio
1756 1087 1787 1114 in

1017 1134 1107 1161 domo
1132 1136 1239 1166 Annae,
1260 1134 1311 1160 sed
1335 1136 1539 1161 consummata
1557 1133 1586 1160 in
1611 1133 1703 1161 domo
1724 1133 1787 1161 Cai-

1016 1180 1091 1216 phae.
1109 1182 1139 1207 Et
1154 1180 1372 1207 inchoationem
1384 1182 1483 1207 narrat
1497 1180 1544 1207 hic
1559 1181 1698 1213 Joannes3
1713 1187 1786 1207 con-

1017 1227 1245 1255 summationem
1257 1229 1377 1254 narrant
1388 1227 1437 1254 alii
1449 1226 1645 1261 evangelistae.
1660 1228 1693 1254 Ut
1709 1226 1788 1254 enim

1017 1274 1057 1301 ait
1082 1274 1163 1301 idem
1183 1273 1359 1308 Augustinus
1386 1273 1498 1300 ibidem
1515 1282 1520 1299 :
1541 1283 1555 1298 tt
1569 1274 1639 1300 Ante
1658 1273 1790 1308 primum

1018 1320 1088 1355 galli
1099 1322 1217 1347 cantum
1229 1319 1383 1347 affectione
1399 1319 1544 1353 omnium,
1561 1321 1589 1347 et
1601 1319 1706 1347 timore
1721 1326 1791 1347 con-

1019 1368 1102 1401 cepta
1118 1368 1159 1394 est
1174 1366 1225 1394 illa
1240 1366 1378 1400 negatio.-
1395 1374 1448 1393 nec
1464 1366 1580 1393 interest
1596 1365 1714 1401 quantis
1728 1373 1791 1393 mo-

1019 1420 1117 1440 rarum
1135 1412 1293 1439 intervallis
1310 1412 1383 1439 trina
1399 1420 1469 1439 voce
1494 1412 1643 1439 enuntiata
1657 1412 1707 1445 sit,
1725 1419 1793 1439 cum

1020 1467 1070 1486 cor
1086 1459 1148 1493 ejus
1163 1460 1228 1486 ante
1248 1459 1377 1494 primum
1395 1458 1466 1493 galli
1482 1460 1601 1485 cantum
1618 1459 1678 1485 tota
1692 1466 1792 1494 posse-

1021 1505 1112 1538 derit,
1124 1516 1136 1529 »
1152 1507 1182 1532 ut
1198 1505 1307 1532 dictum
1323 1507 1363 1532 est
1375 1512 1475 1539 supra.
1492 1506 1523 1531 Et
1535 1505 1571 1532 de
1587 1504 1644 1531 hoc
1659 1504 1793 1539 Magister

1020 1551 1050 1578 in
1066 1553 1206 1578 Historiis.

1059 1599 1098 1624 18.
1111 1597 1277 1632 Etsequitur
1292 1604 1475 1632 consequens
1483 1596 1521 1624 ad
1531 1596 1729 1631 negationem,
1739 1597 1793 1624 sci-

1021 1644 1087 1671 licet
1102 1643 1255 1671 associatio
1278 1643 1348 1670 Petri
1363 1643 1427 1670 aliis
1443 1644 1470 1670 et
1485 1642 1638 1670 calefactio
1656 1651 1662 1669 :
1681 1643 1795 1670 Stabant

1022 1694 1109 1717 aulem
1129 1692 1208 1717 servi.
1226 1691 1257 1717 Ut
1273 1689 1351 1716 enim
1371 1689 1410 1716 ait
1424 1688 1649 1724 Chrysostomus
1667 1688 1698 1722 ¹⁵,
1717 1698 1730 1714 «
1745 1696 1795 1716 ne-

1023 1745 1080 1772 que
1099 1736 1211 1771 primo,
1236 1743 1331 1771 neque
1346 1735 1493 1769 seeundo,
1510 1742 1606 1770 neque
1622 1734 1721 1769 tertio,
1739 1734 1795 1762 sci-

1022 1782 1089 1810 lieet
1103 1782 1172 1817 galli
1187 1784 1274 1810 cantu
1297 1784 1392 1809 mente
1409 1781 1534 1816 suscepit
1554 1788 1584 1808 se
1600 1788 1710 1808 errasse
1720 1801 1728 1815 ‚
1743 1788 1795 1808 ne-

1023 1837 1080 1865 que
1109 1828 1301 1863 intelligentia
1327 1828 1383 1855 hoe
1409 1827 1506 1863 ipsum
1536 1827 1669 1861 induxit,
1700 1827 1796 1855 donec

1023 1875 1135 1910 aspexit
1162 1876 1241 1902 Jesns
1272 1883 1278 1901 ε
1307 1876 1385 1901 Tunc
1417 1874 1496 1901 enim
1518 1874 1537 1890 ¹⁶
1567 1883 1580 1898 «
1595 1881 1727 1908 egressus
1755 1875 1798 1900 est

1023 1922 1116 1955 foras,
1141 1923 1168 1949 et
1194 1922 1273 1949 flevit
1291 1928 1430 1948 amare.»
1448 1920 1562 1947 Stabant
1586 1928 1645 1954 erqo
1670 1921 1740 1946 servi
1761 1919 1798 1946 ad

1022 1977 1132 2003 primas.
1159 1969 1191 1994 Ut
1215 1968 1293 1995 euim
1321 1967 1359 1994 ait
1383 1966 1560 2001 Augustinus
1576 1965 1605 2000 ¹⁷,
1625 1975 1638 1991 (ι
1653 1973 1714 1993 non
1737 1967 1799 1993 erat

1024 2015 1137 2050 hyems,
1153 2014 1203 2041 sed
1219 2014 1310 2049 frigus
1324 2015 1446 2047 tantum,
1457 2011 1699 2048 quod(f)soletin
1706 2012 1797 2047 aequi-

1025 2061 1123 2088 noetio
1138 2069 1228 2088 verno
1242 2059 1404 2095 aliqnando
1420 2059 1562 2087 accidere.
1583 2060 1616 2086 Ee
1631 2061 1688 2086 erat
1703 2059 1798 2086 Petrus

1027 2116 1083 2134 vum
1099 2109 1136 2134 eis
1158 2118 1164 2134 :
1188 2107 1227 2134 ad
1247 2106 1372 2141 litteram
1395 2107 1422 2132 et
1441 2104 1612 2132 naturaliter
1635 2113 1670 2132 ex
1693 2104 1798 2132 timore

1027 2156 1087 2180 erat
1102 2153 1301 2187 infrigidatus,
1327 2153 1353 2178 et
1374 2151 1532 2186 tepefactus
1547 2150 1584 2178 ab
1607 2158 1707 2178 amore
1722 2150 1798 2177 divi-

1027 2209 1065 2227 no
1076 2221 1083 2234 ,
1100 2200 1138 2227 ad
1154 2199 1327 2227 exteriorem
1349 2198 1477 2225 calorem
1499 2206 1529 2224 se
1546 2197 1698 2224 convertit.
1716 2197 1796 2225 Unde

1028 2247 1128 2274 Glossa
1142 2255 1148 2273 ι
1163 2245 1257 2279 «Quia
1270 2244 1361 2279 frigus
1372 2246 1447 2278 erat,
1460 2243 1767 2271 scilicetintidelitatis.
1782 2253 1796 2269 η

1029 2295 1059 2320 Et
1071 2295 1140 2320 nota
1153 2292 1200 2319 hie
1214 2291 1377 2318 seeundum
1392 2290 1586 2325 Augustinum
1599 2290 1629 2323 ¹⁸,
1648 2289 1730 2325 quod
1745 2297 1798 2316 ne-

1028 2339 1107 2374 gavit
1121 2338 1281 2371 Christum,
1296 2345 1363 2364 cum
1379 2337 1496 2371 negavit
1510 2344 1540 2363 se
1555 2343 1618 2364 esse
1632 2336 1695 2371 ejus
1713 2335 1798 2362 disci-

1029 2428 1070 2452 lib.
1096 2429 1141 2456 tu,
1166 2436 1186 2451 c.
1215 2433 1253 2457 vi,
1275 2434 1300 2450 n.
1326 2428 1363 2450 21.
1386 2439 1414 2444 -
1436 2426 1455 2442 1¹⁵
1475 2425 1614 2456 Chrysost„
1636 2422 1678 2446 ubi
1696 2429 1751 2453 sup.
1768 2435 1793 2439 -

1029 2465 1048 2480 ¹⁶
1064 2464 1164 2494 Manli„
1181 2469 1256 2493 xxvi,
1273 2464 1310 2486 75.
1330 2462 1393 2479 -17
1409 2462 1484 2492 Aug,
1504 2462 1668 2488 traet.cx1n,
1687 2465 1712 2481 n.
1728 2458 1750 2481 3.
1767 2470 1797 2475 —

1030 2499 1049 2515 ¹⁸
1063 2499 1134 2529 t}›id.,
1151 2506 1175 2523 u.
1193 2500 1213 2522 2.

1060 2553 1093 2582 (a)
1110 2554 1169 2576 (Σίρι.
1186 2552 1243 2575 edit.
1262 2551 1312 2575 illo.
1324 2563 1352 2567 -—
1369 2549 1401 2581 (b)
1417 2551 1477 2573 Item
1493 2546 1634 2572 inserentis.
1645 2559 1674 2563 —
1688 2547 1717 2576 (rt)
1735 2546 1795 2569 Item

1028 2587 1147 2610 radicata.
1164 2600 1193 2603 d
1213 2587 1248 2616 (d)
1266 2587 1325 2610 Ilem
1341 2585 1538 2608 firmamentum.
1554 2594 1582 2599 —-
1599 2582 1627 2610 (e)
1647 2580 1714 2604 Ellis.
1736 2582 1794 2604 Bau.

1028 2623 1075 2646 Ubi
1092 2625 1137 2646 est.
1155 2636 1182 2638 —
1197 2623 1232 2652 (Γ)
1251 2623 1311 2645 Cret.
1327 2620 1388 2643 ean.
1405 2619 1471 2650 quia.

1980 1950 1987 1985 „h
1976 1891 1987 1938 ,μ’
1976 1865 1980 1874 ,.
