1987 3032
662 217 868 248 EXPOSITIO
891 217 931 265 IN
953 218 1038 249 CAP.
1062 219 1169 250 XVIII.
1674 227 1712 255 97

119 283 217 323 yabat
229 283 378 324 quidhoc
397 287 490 321 esset,
512 283 629 314 scilicet
648 293 666 314 a
687 284 781 314 turba
803 292 885 322 prae-

120 339 274 367 tereunte.
290 336 395 366 Turba
416 336 475 366 ista
494 337 648 367 transiens
667 339 713 367 est
735 337 887 367 decursus

120 391 353 425 ereaturarum,
368 398 439 428 quae
453 389 656 428 interrogatae
671 390 775 429 aliquo
793 389 887 419 modo

120 442 338 471 manuducunt
365 451 422 472 nos
451 442 489 472 ascl
514 441 720 472 Salvatorem.
755 442 887 481 Propter

120 494 203 533 quod
225 493 283 524 ι101)
311 494 378 524 ait¹
413 505 419 525 z
449 507 462 523 (ι
482 495 647 533 Interroga
666 496 829 534 jinnenta,
859 497 889 525 ct

121 547 280 577 docebunt
295 548 341 584 te3
358 549 388 577 et
407 547 547 578 volatilia
560 548 643 585 coeli,
662 550 692 578 et
704 548 888 578 indicabunt

124 599 191 628 tibi.
208 598 349 638 Loquere
371 601 478 637 terrae,
501 602 532 629 et
550 600 750 638 respondebit
770 599 841 636 tibi,
859 602 889 629 et

119 651 297 682 narrabunt
319 652 417 691 pisces
439 652 546 682 maris.
564 652 640 688 Quis
659 653 786 690 ignorat
804 652 888 691 quod

120 704 228 734 omnia
242 704 311 734 haec
326 713 440 734 manus
456 704 580 734 Domini
600 705 726 734 fecerit?
747 705 782 734 ln
797 706 889 744 cujus

119 765 218 787 mauu
233 757 340 786 anima
354 757 458 787 omnis
480 757 632 794 viventis,
652 759 682 787 et
699 758 736 795 (a)
760 757 889 796 spiritus

119 809 279 840 universae
293 809 407 840 carnis.
424 821 438 837 »
459 809 529 840 ideo
551 810 620 840 haec
641 810 749 840 omnia
770 810 889 840 ducunt

120 862 159 892 ad
173 871 268 892 suum
291 862 440 892 factorem
458 864 489 892 et
511 864 735 901 reparatorem.
757 862 890 901 Propter

121 914 205 953 quod
227 914 353 944 additur
377 922 418 952 tv.
441 916 489 951 37)
508 924 514 944 :
537 915 694 944 Dizerzmt
715 918 823 944 autem
845 915 888 952 ei,

123 968 210 1008 quod
217 968 306 998 Jeszcs
322 969 512 1000 Nazaremcs
528 969 686 998 transiret.
703 968 819 999 Omnes
839 969 890 998 hae

122 1023 294 1059 creaturae,
316 1021 491 1051 secundun]
507 1022 590 1061 quod
607 1021 783 1061 loquuntur
798 1021 891 1051 nobis

122 1082 178 1112 per
194 1073 311 1103 librum
333 1076 503 1110 creaturae,
527 1074 719 1112 respondent
740 1074 832 1104 nobis
854 1074 891 1103 de

121 1125 223 1156 Verbo
236 1126 398 1156 incarnato
409 1128 418 1142 ‘³
432 1135 439 1155 :
459 1138 474 1155 «
486 1126 663 1157 Benedicite
673 1127 781 1156 omnia
795 1135 891 1166 opera

122 1178 245 1209 Domini
270 1179 418 1209 Domino&
438 1190 452 1207 »
476 1178 513 1209 Et
533 1182 543 1197 ³
561 1189 568 1209 :
589 1191 603 1207 «
627 1180 653 1209 A
671 1180 891 1218 iii-agnitudine

123 1231 207 1261 enim
236 1231 349 1271 speciei
375 1234 405 1261 et
433 1234 586 1262 creaturae
598 1256 605 1268 ‚
637 1231 892 1270 cognoscibiliter

123 1284 370 1323 poteritCreator
383 1285 499 1315 horum
510 1285 610 1314 videri
623 1295 629 1315 z
642 1296 656 1312 »
672 1285 747 1323 quia
758 1287 767 1303 ‘⁸
787 1296 799 1312 (ι
811 1284 893 1314 Invi-

123 1337 225 1367 sibilia
249 1337 302 1367 Dei
322 1346 340 1366 a
362 1339 505 1367 creatura
529 1337 656 1374 mundi,
684 1346 737 1376 per
759 1346 796 1366 ca
820 1346 892 1376 qnae

125 1390 204 1419 sacta
218 1392 303 1426 sunt,
318 1388 474 1420 intellecta
485 1389 734 1428 conspiciuntur.
750 1401 764 1417 η
778 1389 893 1420 Secun-

123 1443 200 1473 dum
215 1444 321 1473 autem
337 1443 420 1481 quod
436 1443 612 1482 loquuntur
630 1443 720 1472 nobis
739 1452 795 1481 per
814 1442 891 1472 Ver-

122 1496 216 1532 bum,
233 1488 423 1535 respondent
437 1495 527 1525 nobis
543 1495 580 1525 de
594 1495 696 1525 Verbo
718 1495 891 1525 incarnato.

123 1548 210 1579 Unde
225 1549 258 1579 in
273 1549 396 1579 Jocmne
414 1549 451 1587 th)
467 1549 476 1565 5
494 1559 501 1578 ε
518 1560 532 1577 «
546 1549 739 1579 Scrutamini
756 1549 893 1588 scriptu—

122 1611 184 1640 ras7
201 1602 277 1641 quia
291 1610 348 1632 vos
361 1601 476 1640 putatis
491 1602 525 1631 in
539 1601 614 1641 ipsis
628 1602 725 1631 vitam
741 1603 892 1632 {eternum

123 1654 240 1685 habere
257 1665 264 1685 :
284 1657 315 1685 et
331 1654 393 1685 illae
406 1657 479 1684 sunt
499 1663 570 1693 quae
588 1655 806 1684 testiinonium
822 1664 893 1693 per-

123 1708 234 1738 hibent
248 1708 286 1738 de
301 1717 352 1738 me
366 1719 372 1738 ε
385 1719 399 1736 »
415 1708 490 1747 quia
504 1708 513 1724 ⁶
529 1719 542 1735 «
558 1708 631 1738 finis
646 1708 738 1747 legis,
754 1708 894 1738 Christus

123 1760 161 1790 ad
179 1761 346 1799 ,iustiti-tim.
365 1771 378 1788 ›>
399 1760 486 1791 Unde
504 1761 537 1790 in
554 1761 678 1791 Cantico
701 1761 894 1791 Deuterono-

124 1813 180 1842 mii
194 1814 204 1829 ⁷
220 1824 227 1843 :
248 1825 262 1842 «
280 1813 445 1852 Interroga
458 1816 580 1852 patrem
596 1815 704 1850 tuum,
719 1816 750 1843 ct
764 1813 894 1843 nuntia-

123 1865 170 1895 bit
185 1865 259 1902 tibi,
282 1877 296 1893 »
323 1868 382 1895 etc.
403 1865 483 1895 Petit
507 1866 601 1895 etiam
626 1866 752 1903 devote,
779 1868 809 1896 et
825 1866 895 1896 ideo

127 1918 270 1956 sequitur
287 1920 327 1956 tv.
345 1919 390 1957 38)
408 1929 414 1947 :
433 1917 481 1949 Et
492 1918 643 1948 clamavit
655 1918 759 1949 dicens
777 1930 783 1949 :
801 1920 892 1955 Jesu,

123 1970 173 2008 fila·
193 1970 313 2008 David,
332 1971 479 2001 miserere
493 1971 567 2001 mei.
584 1971 619 2001 In
641 1972 700 2002 hoc
722 1972 806 2011 quod
832 1972 894 2002 clu-

126 2023 242 2061 mavit,
259 2024 393 2054 ostendit
407 2033 439 2054 se
454 2024 571 2054 habere
586 2033 753 2054 excessum
773 2025 893 2055 deside-

126 2076 175 2106 rii.
194 2075 323 2115 Propter
341 2076 426 2115 quod
447 2076 561 2106 dicitur
575 2079 585 2095 ⁸
603 2087 609 2106 :
632 2088 645 2104 «
665 2076 800 2116 Spiritus
822 2086 893 2116 pos-

126 2128 205 2159 tutat
220 2138 277 2168 pro
292 2129 383 2159 nobis
400 2129 572 2168 gemitibus
585 2129 859 2161 inenarrabilibus.
877 2142 890 2158 n

127 2181 163 2212 ln
176 2182 236 2213 hoc
251 2184 358 2213 autem
377 2183 458 2222 quod
478 2183 558 2213 dixit
575 2194 582 2213 z
599 2184 690 2221 Jesu,
707 2184 842 2214 ostendit
863 2194 896 2215 sc

126 2235 242 2265 habere
251 2235 400 2265 fiduciam
411 2235 478 2275 spei
488 2238 498 2253 ⁰
512 2246 518 2265 :
533 2247 547 2263 «
557 2236 701 2274 Speravit
709 2236 743 2266 in
752 2236 894 2273 Domino,

127 2287 239 2327 eripiat
254 2296 329 2318 eum
342 2298 348 2318 :
361 2288 485 2318 salvum
501 2288 593 2319 saciat
609 2298 696 2319 eum.
710 2300 724 2316 n
739 2288 800 2328 Spe
811 2290 896 2320 enim

127 2343 219 2372 vocat
236 2340 359 2378 Jesum,
382 2340 412 2371 id
437 2343 483 2371 est
503 2340 697 2372 Salvatorem
721 2343 740 2357 ¹⁴¹
759 2353 764 2370 :
784 2353 799 2370 «
818 2342 898 2379 Quia

129 2401 184 2432 spe
198 2393 277 2423 salvi
290 2394 361 2424 sacti
377 2403 500 2424 sumus.
519 2405 533 2421 ι)
559 2394 594 2424 In
609 2394 670 2425 hoc
690 2394 774 2434 quod
797 2394 872 2425 dicit
888 2406 894 2425 :

130 2446 196 2477 Fili
216 2446 340 2484 David,
364 2447 497 2477 ostendit
521 2456 554 2477 se
575 2446 692 2477 habere
717 2447 898 2486 intelligen-

132 2498 208 2530 tiam
219 2499 305 2537 fidei,
316 2509 380 2539 qua
389 2499 546 2531 credimus
556 2499 718 2531 Christum
729 2508 769 2530 ex
779 2501 898 2531 semine

165 2594 248 2623 Uolt„
263 2600 309 2625 xli,
324 2597 389 2619 7-10.
407 2608 437 2613 --
451 2596 459 2609 ²
474 2596 549 2625 Dan„
565 2600 592 2618 ιιι
603 2612 610 2624 ,
629 2595 667 2618 57.
685 2607 710 2611 —
731 2596 740 2611 ³
756 2596 827 2626 Sap..
843 2602 899 2626 ³:111,

135 2630 157 2652 5.
170 2642 198 2646 —-
213 2630 223 2645 δ
238 2630 315 2659 Rom„
330 2637 346 2654 1.
363 2632 401 2659 20,
418 2644 447 2648 —
462 2632 470 2644 ⁵
484 2631 565 2659 Jtmn„
582 2636 605 2658 v,
620 2631 657 2652 539.
674 2631 821 2660 —11R0m.,
834 2637 863 2660 x,
877 2634 899 2655 li.

134 2676 164 2681 -
180 2665 186 2678 ⁷
203 2664 284 2694 Dent„
300 2671 388 2692 xxxn.
418 2667 440 2689 7.
454 2679 482 2683 —-
499 2665 508 2681 ⁸
529 2667 605 2692 Itoni„
629 2671 683 2695 vni,
709 2669 745 2689 :202
768 2679 795 2683 —-
811 2667 819 2679 ²·
837 2667 900 2690 lhwil.

255 2717 315 2738 ΤΟΜ
337 2717 378 2738 XI.

941 283 1038 315 David
1050 288 1172 323 natum,
1184 286 1360 316 seeundum
1370 286 1448 317 illud
1459 288 1478 303 ¹¹
1493 298 1499 317 :
1516 299 1530 316 «
1543 287 1601 324 Qui
1612 289 1711 319 factus

941 339 988 366 est
1005 338 1031 367 ei
1049 347 1089 368 ex
1110 339 1230 368 semine
1252 339 1350 370 David
1371 340 1545 369 secundum
1567 350 1709 379 carnem,

941 392 995 428 qni
1011 391 1250 429 praedestinatus
1263 394 1309 422 est
1328 392 1413 422 filius
1429 392 1483 422 Dei
1499 393 1532 423 in
1546 394 1674 424 virtute.
1694 406 1708 421 »

942 441 1029 472 Unde
1040 443 1155 473 dicitur
1164 444 1247 483 quod
1257 445 1435 475 clamabant
1446 446 1466 462 ¹²
1477 455 1483 475 ι
1492 446 1637 476 «Osanna
1647 446 1712 476 filio

942 493 1055 530 David,
1073 496 1255 527 benedictus
1273 497 1328 536 qui
1348 497 1482 528 venitin
1501 499 1629 528 nomine
1651 498 1710 528 Do-

943 546 1031 577 mini.
1044 558 1057 575 n
1074 547 1110 578 Et
1125 549 1277 587 quoniam
1288 550 1422 580 orationi
1433 553 1550 580 uostrae
1561 553 1713 589 praestant

943 600 1142 631 obstaculum
1161 593 1271 632 rerum
1291 603 1551 642 imaginationes,
1569 613 1642 643 quae
1658 604 1712 633 de-

942 652 1051 683 berent
1076 663 1133 684 nos
1163 654 1197 684 in
1226 656 1326 685 Deum
1351 655 1481 693 ducere,
1508 656 1577 686 ideo
1607 657 1712 687 subdit

944 705 984 743 (v.
1001 706 1048 739 39)
1071 717 1076 736 :
1095 706 1141 737 Et
1153 707 1211 746 qui
1221 708 1391 746 praez'bant,
1405 709 1613 747 increpabant
1626 719 1710 747 eum,

943 761 978 787 ut
988 762 1114 788 taceret.
1128 758 1215 789 Unde
1227 760 1334 790 Glossa
1347 769 1354 790 :
1372 772 1385 789 «
1397 760 1454 797 Qui
1465 763 1573 791 Jesum
1584 762 1713 791 venien-

943 812 1006 839 tem
1031 814 1192 849 praeeunt,
1217 812 1399 851 significant
1420 814 1579 843 tumultus
1602 823 1714 844 carna-

943 863 1022 893 lium
1042 864 1286 901 desideriorum,
1307 866 1362 905 qui
1375 866 1527 905 dissipant
1547 866 1714 905 cogitatio-

945 925 1001 946 nes
1015 917 1168 955 hominis,
1182 920 1212 947 et
1226 919 1413 957 perturbant
1426 928 1537 949 vocem
1552 920 1713 956 orationis,

945 979 985 999 ne
1000 969 1092 1000 Jesus
1107 970 1144 1000 ad
1160 970 1407 1001 illuminandum
1428 973 1535 1002 venire
1551 973 1646 1011 possit
1662 981 1715 1003 cor

945 1021 1093 1052 hominis
1115 1034 1129 1050 »
1149 1022 1236 1053 Unde
1251 1023 1434 1063 hujusmodi
1451 1025 1713 1063 imaginationes,

945 1075 1142 1105 retrahentes
1161 1085 1218 1106 nos
1238 1077 1278 1106 ab
1301 1077 1443 1108 oratione
1470 1087 1526 1117 per
1549 1078 1715 1117 strepitum

946 1136 1058 1164 suum,
1078 1128 1158 1157 nihil
1173 1129 1260 1159 aliud
1279 1132 1354 1159 sunt
1373 1139 1470 1169 quam
1485 1131 1643 1169 quoddam
1659 1131 1716 1161 ob-

947 1180 1104 1210 staculum
1124 1181 1206 1211 inter
1226 1190 1281 1212 nos
1301 1184 1331 1212 et
1349 1182 1522 1220 Christum,
1541 1183 1715 1213 secundum

946 1232 1024 1262 illud
1038 1233 1058 1249 ¹³
1074 1244 1080 1263 :
1094 1245 1108 1261 «
1121 1233 1299 1272 Opposuisti
1312 1235 1432 1265 nubem
1446 1236 1513 1273 tibi,
1526 1245 1564 1265 ne
1578 1238 1718 1266 transeat

947 1285 1057 1314 oratio.
1075 1297 1088 1312 υ
1110 1285 1147 1315 Et
1161 1286 1230 1316 ideo
1246 1295 1326 1325 opus
1344 1290 1390 1317 est
1409 1287 1590 1326 importuna
1608 1288 1716 1327 pulsa-

947 1337 1043 1367 tione.
1060 1336 1191 1376 Propter
1206 1338 1289 1377 quod
1305 1347 1409 1369 caecus
1428 1340 1532 1379 pulsat
1552 1341 1715 1379 continue,

948 1399 1022 1419 cum
1046 1390 1258 1428 subjungitur
1279 1401 1285 1420 :
1308 1391 1379 1430 Ipse
1398 1401 1471 1422 vero
1491 1393 1592 1423 multo
1614 1395 1717 1433 mccqz's

948 1442 1108 1472 clamabat
1120 1452 1130 1472 .·
1142 1442 1208 1473 Fili·
1216 1442 1335 1480 David,
1351 1444 1499 1474 miserere
1514 1446 1612 1476 meist'·
1633 1458 1647 1475 ((
1661 1446 1718 1477 Do-

948 1494 1034 1525 mine
1050 1494 1131 1525 Deus
1145 1495 1256 1525 salutis
1273 1505 1369 1534 meae,
1390 1497 1424 1527 in
1448 1497 1498 1527 die
1513 1498 1665 1536 clamavi,
1689 1502 1719 1530 et

948 1549 1039 1577 nocte
1054 1556 1160 1577 coram
1184 1550 1225 1578 te.
1250 1560 1264 1576 »
1285 1549 1322 1579 Et
1337 1550 1405 1580 haec
1427 1550 1529 1580 virtus
1549 1552 1716 1590 orationis⁷

949 1609 1021 1639 quae
1037 1609 1077 1630 ex
1092 1609 1168 1630 vera
1181 1601 1243 1631 fide
1262 1602 1413 1640 procedit.
1435 1602 1522 1634 Unde
1537 1604 1719 1644 Chrysosto—

950 1662 1020 1683 nius
1038 1664 1044 1682 :
1066 1665 1080 1681 «
1095 1653 1179 1683 Talis
1193 1656 1239 1683 est
1248 1656 1365 1684 natura
1379 1655 1452 1685 fidei
1465 1665 1472 1685 ε
1485 1659 1603 1695 quanto
1614 1658 1719 1696 magis

949 1708 1094 1743 vexatur,
1112 1708 1199 1736 tanto
1220 1707 1325 1745 magis
1345 1709 1535 1739 accenditur.
1553 1721 1567 1737 »
1589 1710 1720 1749 Propter

950 1759 1034 1797 quod
1057 1759 1140 1788 servi
1156 1758 1210 1788 Dei
1225 1759 1258 1788 in
1278 1761 1550 1798 persecutionibus
1570 1771 1634 1792 non
1658 1764 1719 1793 nii-

950 1813 1104 1841 nuuntur.
1123 1810 1211 1841 Unde
1230 1810 1337 1842 Glossa
1356 1813 1445 1851 dicit,
1467 1814 1552 1852 quod
1572 1815 1717 1852 credens,

950 1864 1088 1893 sentiens
1112 1873 1144 1894 se
1175 1865 1306 1902 gravari
1329 1865 1548 1904 phantasmate
1576 1868 1719 1906 prlorum

950 1917 1117 1954 vitiorum,
1134 1919 1163 1947 et
1185 1926 1296 1947 vocem
1311 1918 1461 1948 orationis
1475 1929 1541 1950 suae
1556 1920 1718 1960 impediri,

951 1979 990 2000 ne
1008 1979 1066 2009 pro
1088 1978 1121 2000 se
1135 1978 1268 2000 exorare
1283 1971 1398 2009 possit,
1417 1971 1578 2002 ardentius
1593 1973 1717 2005 clamat.

991 2022 1112 2060 Tertio,
1134 2025 1290 2062 quantum
1306 2023 1345 2053 ad
1360 2023 1579 2055 liberalitatem
1595 2027 1721 2057 meden-

950 2076 1000 2114 tis,
1013 2075 1222 2114 subjungitur
1239 2076 1279 2114 (v.
1294 2076 1341 2114 40)
1362 2087 1368 2106 :
1385 2077 1484 2108 Stans
1496 2082 1603 2108 autem
1617 2079 1718 2117 Jesus,

945 2129 1042 2167 jussit
1050 2128 1142 2158 illum
1150 2127 1269 2158 adduci
1277 2128 1322 2158 ad
1329 2138 1371 2159 se.
1385 2129 1503 2160 Dicitur
1513 2133 1621 2161 eutem
1630 2132 1720 2163 Jesus

951 2184 1044 2219 stare,
1055 2182 1131 2221 quia
1141 2182 1205 2220 ipse
1216 2182 1250 2211 in
1265 2191 1297 2212 se
1309 2182 1518 2213 immutabilis
1531 2186 1578 2214 est
1589 2185 1609 2201 ¹⁵
1624 2195 1630 2215 :
1648 2185 1721 2217 «Tu

952 2237 1058 2265 autem
1081 2235 1164 2265 idem
1185 2236 1251 2274 ipse
1271 2244 1319 2273 es,
1337 2238 1367 2265 et
1390 2237 1465 2265 anni
1488 2237 1535 2267 tui
1556 2246 1621 2268 non
1644 2238 1721 2269 deti-

952 2288 1047 2318 cient.
1066 2298 1080 2315 ))
1095 2287 1182 2318 Unde
1203 2287 1310 2318 Glossa
1328 2299 1334 2318 :
1358 2300 1372 2316 «
1386 2288 1477 2318 Jesus
1494 2290 1649 2321 transiens
1664 2300 1721 2322 cae-

953 2350 1027 2371 cum
1042 2340 1148 2378 audit,
1164 2343 1249 2370 stans
1261 2340 1438 2379 illuminat,
1455 2341 1531 2380 quia
1545 2351 1602 2381 per
1613 2343 1719 2374 humi-

953 2393 1075 2423 litatem
1089 2402 1181 2422 suam
1196 2395 1314 2423 nostrae
1327 2393 1474 2424 caecitatis
1488 2395 1620 2425 vocibus
1635 2405 1720 2427 com-

955 2446 1082 2484 patitur,
1109 2445 1161 2475 sed
1185 2454 1241 2484 per
1269 2446 1443 2477 divinitatis
1464 2456 1531 2478 suae
1550 2449 1722 2488 potentiam

956 2562 1095 2589 xx1,!).—
1117 2560 1137 2575 ¹0
1153 2560 1229 2589 Rom.y
1249 2566 1306 2589 vm,
1331 2561 1370 2583 24.
1394 2573 1423 2577 —
1452 2562 1467 2577 ¹¹
1494 2562 1567 2593 ibid„
1589 2569 1606 2593 1,
1631 2564 1680 2588 3-4.
1695 2577 1725 2582 -

958 2594 1156 2624 ¹²Mattl1.,xxr‚
1182 2596 1204 2618 9.
1225 2607 1254 2611 —
1278 2594 1298 2610 ¹⁸
1320 2595 1417 2624 leen..
1442 2602 1484 2626 111,
1507 2599 1545 2620 lit.
1567 2611 1595 2614 —
1612 2598 1629 2613 ¹⁴
1658 2598 1724 2621 l‘saezl.

958 2636 1074 2657 Lxxxvn,
1090 2632 1114 2652 2.
1128 2642 1157 2646 --
1176 2630 1195 2646 ¹⁵
1211 2629 1278 2653 psal.
1296 2636 1331 2658 (Π,
1343 2631 1381 2653 28.
1400 2644 1424 2648 -—
1437 2632 1466 2661 (a)
1485 2632 1544 2655 Coel.
1559 2632 1618 2657 edit.
1634 2634 1725 2663 onmis,

958 2669 978 2688 οι
996 2665 1114 2688 viventis.
1132 2678 1158 2681 —
1177 2664 1210 2693 (ft)
1226 2666 1286 2688 [lem
1304 2665 1374 2688 Unde
1387 2666 1507 2690 ,loannes

1579 2714 1594 2741 7
