1987 3032
674 210 876 242 EXPOSITN)
899 210 937 240 IN
961 210 1045 241 (ᾺΡ.
1069 210 1148 242 ΧΙΧ.

119 278 156 306 (10
169 279 217 306 1110
233 279 310 306 siluit
332 278 460 307 Christus
468 298 477 312 ‚
501 277 657 304 ostendens
669 277 777 312 judicis
792 277 883 310 injus-

118 328 178 353 tam
191 325 415 361 trepidationem
431 325 458 350 et
483 323 672 358 tepiditatem.
694 324 724 350 In
741 324 813 350 Luca
833 330 883 349 co-

118 380 182 399 ram
204 371 318 399 Herode
341 371 439 403 siluit,
455 369 606 396 declinans
620 369 754 404 proprias
769 368 882 395 laudes.

155 418 198 445 10.
215 418 247 444 Et
260 416 395 443 subditur
419 425 425 443 z
443 417 515 442 Dc'cit
540 417 565 442 ei
588 416 691 442 Pilutus
707 425 715 442 .-
740 415 812 441 ΜίΙιί
834 422 886 440 uon

120 465 255 498 loqueris?
277 464 308 490 Ut
326 463 366 489 ait
386 462 608 498 Chrysostomus
624 465 630 480 ¹
655 471 661 488 :
678 461 775 494 «Quia
790 460 884 494 siluit,

120 509 159 536 ait
173 509 278 536 Pilatus
305 517 310 534 :
333 510 426 536 Nescis
448 510 513 542 quia
536 510 696 543 potestatem
721 508 800 533 habeo
826 514 885 533 cru-

120 557 226 589 cifigere
242 556 287 581 te?
303 556 333 581 Et
348 555 378 581 in
402 555 459 581 hoc
483 555 612 589 seipsum
633 553 859 585 condemnavit,
872 562 883 576 υ

120 601 160 628 ait
173 601 397 636 Chrysostomus
411 600 421 615 ²
435 610 461 627 :a
474 601 501 627 Si
522 600 600 627 enim
616 600 702 627 talem
717 599 819 626 habuit
833 606 886 642 po-

119 648 250 674 testatem
269 668 277 681 ,
300 647 382 682 cujus
413 647 506 681 gratia
527 647 640 674 nullam
661 654 779 673 eausam
805 645 885 672 inve-

119 692 202 720 niens
227 700 288 719 non
327 692 466 726 absolvit,
503 692 661 719 adversum
698 691 886 726 semetipsum

121 739 350 766 enuntiationem
364 738 494 774 protulit.
506 749 518 764 »
538 740 600 766 Haec
611 738 670 765 ille.

156 787 199 812 11.
216 786 248 812 Et
262 785 391 820 sequitur
402 784 554 820 responsio
567 784 667 812 Christi
685 793 691 810 z
707 785 765 811 Non
780 784 887 810 haberes

120 833 293 865 potestatem,
310 832 365 857 nisi
387 832 437 857 tibi
459 830 552 857 datum
573 833 636 857 esset
660 830 781 865 desuper.
805 831 837 856 Ut
851 829 890 857 ait

121 877 344 912 Chrysostomus
356 877 376 911 ³,
394 877 587 904 «submittens
602 877 663 911 ejus
676 884 792 903 sensum
808 879 835 903 et
849 878 891 903 tu-

122 932 245 957 morem,
257 924 313 951 hoc
328 924 367 951 ait
383 933 389 950 :
404 934 417 949 ³)
433 924 503 959 quia
518 925 528 940 ⁶
541 935 553 948 α
564 932 624 951 1100
639 926 681 951 est
694 925 822 959 potestas
837 923 892 950 nisi

123 978 140 996 a
160 972 227 997 Deo.
247 980 260 995 »
277 970 332 997 Sed
347 970 496 1005 quaeritur,
511 970 635 1005 qualiter
649 970 701 997 suit
713 970 781 997 data
796 971 893 1004 potes-

123 1018 165 1043 tas
181 1016 307 1051 desuper
317 1015 382 1043 talis
392 1016 405 1042 :2
416 1016 487 1051 quia
495 1016 546 1051 qui
559 1016 609 1043 dat
623 1016 733 1043 furioso
747 1016 891 1050 gladium,

123 1069 184 1096 quo
200 1062 314 1089 occidat
328 1061 514 1089 innocentem
525 1083 532 1095 ,
543 1062 750 1097 imputandum
766 1064 807 1089 est
822 1062 893 1089 dan·

123 1107 165 1134 ti:
182 1115 252 1141 ergo
273 1107 353 1134 danti
367 1109 541 1143 potestatem
563 1108 649 1135 malis
670 1108 708 1135 ad
730 1108 894 1143 malignan-

123 1153 205 1187 dum,
218 1156 259 1180 est
271 1153 479 1188 imputandum
494 1154 605 1181 malum
621 1155 658 1187 ei,
672 1154 723 1189 qui
739 1155 788 1181 dat
801 1155 892 1181 illam.

123 1201 192 1226 ltem
203 1207 239 1226 ex
251 1199 307 1226 hoc
319 1199 446 1233 videtur,
462 1200 545 1235 quod
559 1207 619 1227 non
635 1201 670 1227 sit
683 1200 783 1227 diviua
798 1201 893 1236 provi-

123 1245 222 1273 dentia
246 1246 276 1272 in
303 1246 435 1280 mundo,
461 1254 496 1273 ex
525 1254 585 1281 quo
611 1246 696 1273 malis
723 1246 895 1281 contingunt

123 1300 280 1328 prospera,
296 1293 424 1320 ethonis
447 1293 587 1326 adversa,
612 1293 684 1319 sicut
709 1293 799 1327 tangit
821 1295 892 1320 Boe-

125 1338 180 1365 tius
192 1339 211 1365 5.
227 1340 314 1371 Item,
336 1341 368 1366 ut
389 1339 428 1365 ait
448 1338 602 1374 Dionysius
616 1339 626 1354 ⁶
640 1347 646 1365 :
666 1348 679 1364 «
694 1339 771 1366 ordo
788 1339 894 1366 divinae

125 1383 262 1411 bonitatis
281 1386 340 1419 est,
361 1384 444 1420 quod
469 1392 486 1411 a
509 1385 630 1411 summis
653 1385 683 1411 in
698 1385 816 1419 media,
833 1387 859 1411 et
878 1393 895 1412 a

126 1431 230 1458 mediis
246 1431 276 1458 in
291 1432 393 1459 infima
408 1432 566 1459 descendat
583 1442 589 1459 ε
607 1443 619 1456 »
638 1440 708 1467 ergo
732 1439 793 1458 non
808 1432 895 1459 debet

126 1485 187 1504 esse
213 1479 340 1512 potestas
369 1478 437 1505 data
466 1486 519 1513 per
546 1478 642 1505 malos
671 1486 760 1513 supra
788 1478 893 1505 bonos

126 1524 218 1550 Item⁷
235 1532 241 1550 ε
260 1533 273 1548 «
288 1525 507 1558 Regnaverunt,
530 1526 558 1551 et
576 1532 636 1551 non
659 1532 694 1551 ex
716 1532 773 1551 me.
788 1535 801 1549 »
821 1526 895 1558 Ergo

125 1569 233 1596 talibus
246 1577 308 1596 non
323 1572 364 1597 est
378 1571 507 1606 potestas
522 1570 591 1598 data
606 1571 741 1606 desuper.
760 1572 790 1598 Et
804 1571 843 1597 ad
858 1570 894 1597 is-

125 1615 178 1642 tud
200 1615 441 1651 respondendum
458 1619 498 1643 est
517 1617 681 1644 secundum
704 1617 896 1651 Augustinum

127 1661 272 1689 dicentem
286 1660 296 1676 ⁸
317 1670 324 1689 z
342 1672 355 1687 ι(
370 1662 510 1697 lnjustum
534 1671 594 1690 non
617 1665 678 1696 est,
700 1665 732 1690 ut
752 1663 897 1698 improbis

127 1707 338 1743 accipientibus
351 1708 477 1735 nocendi
493 1710 682 1742 potestatem,
701 1711 727 1736 et
747 1709 896 1735 bonorum

126 1754 266 1789 patientia
277 1754 429 1790 probetur,
443 1756 470 1781 et
482 1754 629 1781 malorum
642 1754 780 1790 iniquitas
794 1755 896 1790 punia-

128 1801 184 1827 tur.
207 1800 261 1827 Job
289 1800 367 1827 enim
390 1800 531 1835 probatus
542 1822 549 1833 ,
565 1802 597 1827 ut
610 1801 705 1835 justus
721 1803 874 1836 appareret
890 1810 896 1828 2

129 1847 227 1873 Petrus
241 1848 364 1873 tentatus
377 1867 385 1881 ,
405 1854 442 1873 ne
463 1846 499 1873 de
516 1854 545 1873 se
565 1848 754 1881 prresumeret
769 1856 774 1874 :
793 1847 898 1874 Paulus

130 1891 348 1927 colaphizatus,
363 1900 400 1919 ne
420 1900 450 1919 se
467 1892 649 1920 extolleret.»
667 1894 699 1920 Et
714 1893 755 1920 ibi
770 1893 845 1920 bene
861 1893 898 1920 de

130 1938 196 1965 hoc.
219 1940 250 1965 Et
268 1938 348 1965 idem
368 1939 546 1973 Augustinus
559 1940 569 1955 ⁹
592 1948 598 1965 ε
617 1939 730 1966 «Bonis
754 1939 826 1966 nihil
846 1947 899 1966 00-

130 1986 195 2011 cent
211 1984 281 2010 mali
295 2006 303 2018 ,
319 1984 388 2020 quia
403 1985 459 2012 hoc
473 1985 513 2011 eis
526 1985 669 2018 auferunt,
686 1985 766 2020 quod
782 1993 842 2012 000
858 1985 899 2011 di-

129 2030 226 2065 ligunt
243 2039 248 2056 :
266 2039 335 2057 nam
352 2031 434 2066 quod
450 2031 586 2065 diligunt,
599 2034 626 2058 et
641 2032 718 2058 unde
730 2032 807 2059 beati
822 2033 898 2066 sunt,

131 2083 219 2103 nemo
236 2078 331 2111 potest
344 2077 384 2104 cis
399 2077 523 2104 auferre.
535 2088 547 2102 n
566 2079 630 2104 Hfflc
649 2077 708 2104 ille.
727 2078 745 2094 ¹0
763 2078 840 2110 «Qui
855 2086 899 2105 re-

130 2130 220 2156 gnare
244 2122 312 2150 facit
338 2123 538 2158 hypocritam,
562 2125 682 2159 propter
708 2125 826 2158 peccata
845 2132 900 2159 po-

130 2168 202 2203 puli.
217 2179 230 2194 »)
246 2169 287 2195 lbi
299 2169 452 2203 Gregorius
462 2169 498 2196 de
509 2170 566 2196 hoc
583 2171 608 2196 ¹¹.
627 2169 704 2196 Unde
718 2170 747 2196 in
760 2172 901 2205 potestate

130 2216 198 2241 sunt
214 2215 273 2242 duo
290 2223 306 2242 a
322 2218 379 2243 Deo
391 2216 471 2250 data,
486 2216 594 2243 scilicet
607 2216 756 2251 potestatis
771 2216 901 2250 collatio,

131 2263 158 2287 et
178 2261 266 2288 officii
294 2262 436 2289 executio.
466 2262 593 2289 Primum
618 2264 660 2289 est
681 2270 699 2289 a
714 2264 788 2296 Deo,
811 2270 828 2290 a
842 2271 901 2298 quo

133 2306 241 2334 collata
252 2310 394 2342 potestas3
408 2308 571 2335 secundum
582 2310 624 2336 est
637 2309 675 2336 ab
691 2309 755 2344 ipso
770 2309 901 2344 homine,

132 2354 160 2380 et
174 2352 214 2380 sic
231 2352 327 2380 deviat
347 2355 374 2380 et
389 2356 474 2382 errat.
492 2356 523 2382 Et
537 2354 594 2382 1100
607 2357 649 2382 est
663 2355 700 2382 ab
715 2355 834 2383 homine
850 2355 902 2382 dif-

167 2424 172 2439 ¹
190 2423 332 2454 chrysost„
348 2424 389 2448 ubi
405 2432 459 2455 sup.
473 2438 504 2442 -
515 2426 525 2441 2
539 2425 600 2449 ibid.
613 2438 642 2443 —
657 2426 666 2441 ³
683 2426 743 2449 ibid.
760 2439 788 2443 —
803 2427 810 2440 ⁴
827 2427 902 2455 Itoni„

135 2464 191 2488 xm,
211 2462 230 2482 ι.
243 2472 273 2476 -
288 2461 295 2474 ⁵
312 2461 395 2490 Boet.,
410 2460 440 2483 cle
454 2460 552 2484 Consul.
567 2461 662 2484 Pltz'los.
678 2461 721 2484 lib.
739 2462 783 2491 lv,
799 2468 866 2492 pros.
883 2465 903 2486 1.

135 2505 164 2510 -
181 2494 192 2510 ⁶
205 2494 291 2525 Dion.,
307 2495 337 2519 de
353 2497 408 2520 Div.
425 2496 508 2526 Nom„
524 2503 546 2520 0.
562 2502 596 2520 ιν.
617 2510 643 2514 -
661 2497 667 2510 ⁷
684 2497 747 2526 Osa,
764 2503 824 2527 vui,
840 2499 905 2521 1.-

135 2527 146 2544 ⁸
165 2530 238 2560 Aug„
260 2530 290 2554 cle
313 2531 372 2555 Nat.
395 2531 466 2561 boni,
489 2540 510 2554 e.
532 2537 614 2555 xxxu.
634 2545 664 2549 —
684 2534 692 2545 ¹>¹
714 2533 758 2562 ld.‚
779 2532 808 2555 de
827 2534 904 2563 Aqon.

138 2563 244 2595 Christ„
258 2572 280 2589 c.
297 2572 341 2597 vu,
357 2574 382 2590 0.
399 2569 422 2590 8.
441 2579 470 2583 -—
486 2567 506 2583 ¹⁰
517 2566 570 2596 Job,
586 2573 676 2597 xxxw,
691 2568 729 2592 30.
745 2580 774 2585 —
789 2568 806 2584 ¹¹
819 2569 905 2599 Greg.,

136 2598 225 2622 Moral.
245 2599 287 2623 lib.
310 2601 386 2631 XXV,
406 2609 430 2626 c.
452 2607 504 2632 xw,
523 2602 556 2626 al.
576 2608 633 2633 xw,
647 2609 673 2626 0.
689 2603 728 2626 36.
748 2615 773 2619 -
795 2603 814 2618 ¹²
832 2603 905 2633 ibid„

138 2640 160 2656 e.
177 2639 234 2666 xvi,
248 2641 274 2658 n.
294 2637 333 2660 41.
348 2649 377 2654 —
395 2637 411 2651 ¹³
429 2639 502 2668 Aug„
517 2637 560 2661 uhi
578 2644 645 2668 sup„
665 2644 690 2662 n.
706 2639 729 2662 5.
752 2651 777 2655 —
800 2638 816 2654 '⁴
833 2639 904 2669 ibid„

257 2688 331 2711 Tou.
353 2689 399 2711 XI.

1650 218 1707 245 497

940 277 1083 304 formante
1099 285 1129 304 se
1145 285 1162 304 a
1177 277 1278 304 divina
1299 279 1449 312 potestate.
1473 279 1503 305 Et
1524 287 1574 313 per
1594 280 1650 307 hoc
1670 281 1709 307 ad

941 322 1022 349 aliud
1039 333 1045 348 :
1063 323 1183 357 quando
1199 323 1304 350 dicitur
1321 332 1327 350 z
1341 324 1544 358 Refmaverwzt,
1560 328 1585 352 cc
1605 334 1656 352 uon
1677 335 1709 353 em

941 376 981 394 me
994 389 1001 401 ,
1020 368 1076 395 hoc
1091 369 1196 396 dicitur
1210 371 1322 396 ratione
1342 369 1492 396 abusionis
1508 370 1597 404 ipsius
1612 374 1709 405 potes-

943 414 1022 447 tatIs,
1040 415 1203 442 secundum
1218 415 1391 449 Gregorium
1408 416 1436 450 ¹²,
1460 415 1512 443 ubi
1528 415 1603 443 illud
1619 425 1710 452 expo-

942 460 994 487 nit.
1010 462 1041 487 Et
1056 461 1084 487 iu
1103 461 1159 488 hoc
1180 462 1298 488 abstulit
1323 464 1467 489 tumorem
1492 464 1519 489 et
1543 463 1712 498 superbiam

943 506 1044 540 Pilato,
1061 507 1181 542 quando
1197 508 1236 534 ait
1249 517 1255 535 ι
1270 510 1329 537 Non
1344 509 1450 535 haberes
1461 511 1636 543 potestatem,
1658 512 1713 536 nisi

944 553 1010 579 data
1025 557 1089 580 esset
1105 554 1226 588 desuper.
1244 555 1300 581 Sed
1315 554 1386 590 quia
1402 565 1415 580 «
1429 555 1612 582 tradiderunt
1635 555 1714 583 Chri-

944 600 1020 625 stum
1041 599 1132 626 Judaei
1156 600 1318 628 invidendo
1334 621 1342 634 ,
1368 601 1473 628 Pilatus
1498 604 1569 628 ver'o
1593 601 1715 628 tradidit

945 653 1013 672 eum
1035 646 1208 680 metuendo,
1223 657 1236 671 ν)
1254 651 1286 673 ut
1301 647 1339 674 ait
1355 647 1531 682 Augustinus
1543 647 1574 681 ¹³,
1590 648 1658 675 ideo
1673 655 1715 675 se-

946 691 1059 725 quitur:
1074 693 1126 724 Qut
1139 693 1257 718 tradidit
1268 701 1307 719 me
1316 694 1377 724 tesbi,
1390 695 1474 727 majus
1483 697 1616 728 peccatum
1627 695 1714 722 habet.

983 739 1024 764 1⁶2.
1041 740 1072 765 Et
1085 738 1215 773 sequitur
1230 739 1312 766 tertia
1326 739 1488 774 particula,
1505 740 1535 766 in
1557 748 1616 775 qua
1635 740 1716 767 nisus

946 783 993 810 vel
1008 784 1136 811 studium
1154 785 1233 811 Pilati
1253 785 1290 811 ad
1309 793 1374 812 eum
1390 785 1586 813 liberandum.
1610 787 1716 813 Eoez'ude
1734 802 1737 803 ν

946 831 1079 863 (χιιαενεὸαί
1089 831 1196 857 Pilatus
1207 833 1237 857 ut
1248 831 1396 858 dimitteret
1407 840 1476 863 eum,
1487 832 1534 858 «id
1547 835 1598 866 est,
1612 840 1648 859 ex
1662 833 1716 860 hac

947 884 1049 909 causa,
1064 885 1099 903 00
1113 877 1169 904 hoc
1183 881 1335 912 peccatum
1348 878 1455 906 faceret
1465 901 1472 911 ,
1482 890 1495 905 7)
1508 882 1540 907 ut
1554 879 1593 906 ait
1607 881 1717 914 Augus-

946 922 1023 949 tinus
1039 922 1068 955 ¹'⁴,
1084 925 1111 950 et
1126 925 1168 950 est
1183 924 1212 950 in
1227 924 1337 951 Glossa.
1355 927 1386 952 Et
1400 925 1536 952 subditur
1550 926 1718 954 Judaeorum

948 969 1076 1003 malitia,
1092 971 1120 996 et
1138 970 1278 1003 sagacitas
1295 978 1301 996 :
1322 972 1411 998 Judoez'
1429 974 1517 998 autem
1538 973 1687 999 clamabant
1708 982 1717 1000 .·

947 1016 976 1042 Szss
991 1016 1059 1042 hunc
1074 1016 1208 1049 dimittis,
1225 1025 1277 1043 non
1292 1025 1317 1043 es
1335 1018 1434 1044 [unicus
1457 1018 1577 1046 Coesarz's.
1594 1020 1626 1046 Ut
1640 1019 1718 1047 enim

951 1062 989 1088 ait
997 1061 1172 1095 Augustinus
1185 1063 1234 1096 Q«
1245 1063 1388 1097 majorem
1399 1064 1533 1091 timorem
1542 1067 1720 1100 putaverunt

950 1116 980 1134 se
997 1108 1129 1142 ingerere
1146 1108 1235 1135 Pilato
1245 1130 1253 1142 ,
1270 1109 1408 1136 terrendo
1423 1109 1459 1137 de
1481 1111 1607 1145 Caesare,
1622 1114 1654 1139 ut
1669 1120 1719 1139 oc-

949 1153 1060 1180 cideret
1074 1154 1218 1181 Christum
1230 1175 1239 1188 ,
1257 1163 1345 1190 quan]
1364 1156 1397 1190 (a)
1419 1157 1540 1191 quando
1561 1157 1695 1186 dixerunt
1713 1168 1719 1186 ι

949 1200 1095 1226 Secundum
1116 1202 1197 1234 109010
1219 1201 1294 1227 debet
1317 1204 1419 1228 mori.»
1435 1204 1467 1229 Et
1482 1203 1611 1230 subdunt
1633 1205 1720 1232 ratio-

950 1254 1019 1272 nem
1036 1255 1042 1272 :
1061 1247 1153 1273 Omnis
1171 1249 1217 1281 qui*
1231 1256 1257 1274 se
1273 1241 1357 1281 regem
1380 1250 1461 1281 facit,
1487 1251 1649 1277 contradicit
1665 1252 1718 1278 Cae-

949 1294 1023 1325 suri,
1040 1292 1110 1327 quia
1132 1294 1224 1319 Caesar
1240 1293 1360 1321 volebat
1376 1302 1438 1321 esse
1461 1303 1512 1322 rex
1529 1296 1671 1324 omnium.
1689 1299 1721 1324 Ut

950 1337 1028 1364 enim
1042 1338 1081 1364 ait
1095 1339 1269 1372 Augustinus
1284 1339 1303 1355 ¹⁶
1320 1349 1326 1366 :
1342 1350 1355 1364 «
1371 1342 1495 1368 Terrena
1510 1342 1611 1370 civitas
1623 1343 1670 1370 hic
1687 1344 1720 1378 (b)

950 1383 1037 1411 habet
1055 1384 1168 1411 bouum
1193 1393 1289 1412 suum.
1315 1388 1345 1413 Et
1365 1387 1509 1422 quoniam
1524 1397 1585 1416 non
1609 1392 1650 1416 est
1664 1390 1720 1417 tale

950 1429 1080 1464 bonum,
1098 1432 1129 1457 ut
1148 1431 1245 1458 nullas
1261 1433 1410 1467 angustias
1430 1433 1518 1462 faciat
1532 1434 1565 1470 (c)
1582 1437 1720 1463 amatori-

950 1475 1006 1502 hus
1020 1476 1080 1502 suis
1093 1497 1100 1509 ,
1127 1476 1195 1504 ideo
1222 1477 1322 1505 civitas
1346 1479 1409 1513 ipsa
1433 1480 1573 1508 adversus
1593 1482 1719 1517 seipsam

951 1521 1090 1549 dividitur
1109 1523 1267 1557 litigando,
1289 1524 1451 1559 bellando,
1477 1529 1564 1562 atque
1589 1536 1722 1563 pugnan-

952 1568 991 1594 do
1006 1577 1012 1594 :
1027 1578 1040 1593 n
1058 1570 1085 1595 et
1107 1571 1227 1604 propter
1250 1570 1306 1597 hoc
1322 1579 1411 1605 unus,
1429 1572 1479 1607 qui
1495 1573 1559 1601 vult
1573 1574 1722 1602 dominari

952 1614 980 1640 iu
1005 1623 1039 1642 ea
1064 1615 1242 1650 libidinose,
1264 1626 1323 1644 000
1341 1619 1462 1646 sustinet
1485 1621 1608 1648 socium.
1633 1623 1666 1649 Et
1680 1622 1721 1649 ibi

953 1661 1128 1695 Augustinus
1142 1662 1218 1689 hene
1234 1663 1270 1690 de
1286 1664 1351 1691 hoc.

990 1708 1031 1733 13.
1049 1709 1080 1734 Et
1094 1709 1226 1743 sequitur
1238 1709 1288 1736 illa
1302 1718 1388 1745 parS,
1404 1712 1433 1738 in
1448 1720 1507 1747 qua
1519 1713 1556 1740 de
1572 1714 1669 1742 studio
1680 1716 1723 1742 Pi-

953 1753 1003 1780 lati
1018 1754 1056 1780 ad
1071 1754 1260 1782 liberandum
1280 1757 1423 1784 Christum
1435 1758 1547 1793 judicio
1563 1762 1723 1790 severitatis

954 1802 981 1827 et
1007 1800 1196 1828 discussionis
1213 1811 1219 1828 ε
1236 1803 1342 1830 Pilatus
1364 1812 1422 1838 erqo
1438 1814 1496 1832 cum
1509 1807 1646 1841 audisset,
1668 1811 1721 1836 etc.

954 1847 985 1873 Et
998 1846 1039 1872 ibi
1054 1847 1109 1874 tria
1126 1856 1132 1873 :
1149 1848 1245 1882 primo
1257 1870 1265 1883 ,
1282 1849 1383 1877 Christi
1403 1851 1558 1886 Judicandi
1574 1853 1604 1880 in
1624 1855 1723 1883 medio

955 1892 1066 1919 oblatio
1087 1893 1146 1920 sive
1171 1894 1288 1929 allatio,
1316 1904 1383 1923 cum
1399 1897 1593 1934 descriptione
1615 1900 1673 1927 loci
1697 1904 1724 1929 et

957 1938 1110 1974 temporis,
1128 1941 1276 1975 secundo,
1302 1942 1472 1971 Judaeorum
1487 1945 1579 1981 impia
1603 1947 1703 1981 petitio
1714 1969 1723 1981 ,

957 1984 997 2011 ibi
1013 1985 1031 2001 ¹⁷
1049 1994 1055 2011 :
1074 1987 1250 2020 Clamabunt,
1266 1989 1336 2022 etc.;
1354 1990 1446 2024 tertio,
1469 1991 1570 2019 Christi
1586 1993 1690 2021 iisdem
1706 2004 1723 2022 a
1774 2024 1776 2026 ,

956 2030 1045 2057 Pilato
1059 2031 1149 2067 impia
1164 2033 1292 2067 traditio,
1306 2034 1347 2061 ibi
1361 2036 1380 2052 ¹⁸
1399 2045 1405 2062 :
1425 2038 1495 2063 Tunc
1511 2047 1581 2072 erqo,
1597 2042 1650 2067 etc.

991 2077 1034 2103 Ait
1045 2086 1114 2111 ergo
1126 2087 1133 2104 .·
1147 2080 1252 2105 Priasus
1266 2089 1322 2107 rum
1335 2082 1463 2116 audisset,
1476 2085 1528 2111 etc.
1547 2086 1577 2111 Ut
1588 2085 1626 2113 ait
1637 2087 1724 2122 Chry-

957 2127 1102 2151 sostomus
1118 2126 1138 2144 ¹0
1155 2134 1161 2151 :
1181 2136 1192 2150 ιι
1207 2126 1277 2152 Exiit
1292 2127 1397 2155 Pilatus
1414 2132 1592 2158 scrutaturus
1613 2141 1692 2167 rem,
1709 2145 1722 2159 η

957 2173 984 2197 et
999 2170 1055 2197 hoc
1072 2171 1197 2198 ostendit
1216 2173 1298 2207 quod
1314 2175 1445 2209 sequitur
1460 2186 1468 2202 .·
1484 2177 1558 2203 Sedu
1576 2186 1625 2212 pro
1641 2180 1726 2207 tribu-

958 2218 1014 2242 nali
1025 2236 1034 2249 ,
1050 2216 1080 2242 id
1096 2219 1154 2251 est,
1178 2226 1232 2252 pro
1244 2219 1343 2252 judice
1354 2241 1362 2254 ,
1379 2221 1408 2247 in
1423 2222 1493 2249 sede
1505 2223 1648 2257 judiciali.
1666 2227 1724 2253 Tri·
1741 2237 1846 2257 Tribunal

958 2262 1049 2289 huual
1073 2262 1152 2289 enim
1167 2263 1250 2291 sedes
1265 2267 1307 2291 cst
1327 2266 1452 2301 judicis;
1479 2269 1599 2297 thronus
1615 2271 1662 2299 vel
1681 2280 1724 2300 so·
1742 2268 1805 2294 ‘wid‘

958 2308 1031 2335 lium
1046 2311 1087 2335 est
1101 2317 1219 2344 regum3
1237 2311 1395 2346 cathedra,
1417 2313 1573 2343 doctorum
1595 2319 1725 2354 proprie.
1787 2306 1793 2313 ’

960 2355 1039 2382 Unde
1064 2355 1190 2383 isidorus
1206 2357 1227 2372 ²⁰
1243 2366 1249 2384 ε
1268 2367 1282 2382 «
1295 2359 1423 2386 Tribunal
1438 2361 1515 2389 enim
1536 2363 1647 2392 dictum
1657 2386 1666 2400 ‚
1692 2374 1727 2394 eo

960 2401 1042 2436 quod
1055 2401 1122 2428 inde
1140 2403 1295 2430 tribuantur
1306 2408 1449 2442 praecepta
1460 2408 1589 2437 vivendi.
1602 2420 1616 2437 »
1627 2412 1660 2439 In
1675 2413 1728 2440 loco

961 2490 986 2507 u.
1002 2485 1025 2507 G.
1038 2496 1066 2500 ——
1082 2483 1101 2499 ¹⁵
1115 2483 1188 2514 lbi(l·‚
1202 2492 1227 2507 0.
1243 2486 1265 2508 7.
1281 2498 1309 2503 —
1325 2487 1343 2502 ¹¹³
1357 2488 1403 2518 Ι(1.,
1416 2489 1445 2513 de
1459 2490 1534 2515 Civz't.
1552 2494 1605 2520 Des,
1619 2494 1661 2517 lib.
1675 2495 1728 2525 XV,

960 2526 981 2542 e.
1000 2524 1033 2542 iv.
1050 2531 1078 2535 --
1096 2519 1113 2534 ¹7
1131 2518 1185 2557 lus„
1206 2521 1240 2543 14.
1252 2533 1281 2537 —
1292 2521 1316 2557 ⁷¹⁸
1330 2523 1385 2553 lus.¹
1401 2525 1440 2548 16.
1455 2539 1486 2543 —
1502 2527 1521 2543 ¹⁹
1534 2528 1674 2560 Chrysost.‚
1688 2530 1731 2554 ubi

961 2560 1016 2584 sup,
1029 2566 1059 2571 --
1073 2554 1094 2570 ‘²⁰
1110 2553 1179 2583 isui„
1196 2555 1304 2585 Etymol.
1320 2557 1362 2582 lib.
1377 2559 1430 2590 XV,
1446 2568 1468 2584 0.
1482 2567 1516 2593 ιν,
1531 2566 1589 2594 post
1603 2565 1660 2588 med

992 2603 1023 2632 (a)
1040 2603 1100 2626 (la-t.
1123 2602 1182 2642 edit,
1203 2604 1332 2634 quoniam.
1348 2620 1378 2624 —
1395 2607 1428 2639 (b)
1450 2609 1510 2634 Coet.
1525 2611 1584 2636 edit.
1599 2612 1666 2636 deest
1679 2613 1729 2638 hic.

961 2652 989 2655 —
1008 2639 1039 2669 (c)
1059 2639 1120 2662 caet.
1136 2637 1198 2662 edzt.
1215 2639 1317 2665 faceret.

1575 2693 1613 2722 32
