1987 3032
713 220 917 252 EXPOSITIO
940 220 979 251 IN
1002 222 1086 254 CAP.
1110 223 1185 255 xil..

148 297 208 316 non
223 288 370 315 debebant
391 287 508 315 eredere
526 287 577 322 (a);
592 296 605 311 »
629 287 697 321 quia
716 286 916 314 insanabiliter

147 343 177 363 se
196 335 347 362 habebant
369 334 433 361 isti:
459 333 503 361 Sic
522 333 600 360 enim
624 333 753 368 positum
772 335 814 360 est
831 342 837 360 :
856 334 916 361 Non

146 383 284 415 poterant,
306 380 338 407 id
352 381 407 413 est,
429 387 489 406 non
509 379 675 406 voluerunt.
698 378 774 405 Sicut
794 378 833 405 ait
847 379 912 405 Pro-

146 427 234 462 pheta
250 427 257 442 ¹
274 435 280 453 :
301 435 314 451 «
327 425 354 453 Si
369 427 480 452 mutare
492 427 587 460 potest
601 424 709 459 pellem
723 433 817 457 suam,
828 435 841 449 »
860 426 913 451 ete.

148 474 185 499 De
215 471 304 499 corde
331 479 402 498 vero
431 471 568 498 indurato
587 471 596 486 2
623 480 629 497 :
663 481 675 495 «
708 471 763 497 Cor
788 470 915 503 durum,

146 518 256 553 inquit,
271 520 312 544 est
335 517 417 552 quod
437 525 497 544 non
519 517 744 552 compunctione
763 517 913 551 scinditur,

146 572 199 591 nec
213 563 318 598 pietate
333 563 475 596 mollitur,
486 571 539 590 nec
551 564 685 590 movetur
698 563 845 597 precibus,
860 563 914 589 mi-

145 610 190 637 nis
203 618 263 637 non
278 609 354 637 cedit
368 610 420 645 (b),
436 609 559 643 flagellis
573 609 704 642 duratur,
719 609 866 643 ingratum
876 609 914 635 ad

145 656 304 690 beneficia,
320 656 359 683 ad
375 655 497 683 consilia
510 655 650 688 infidum,
666 655 704 682 ad
722 654 832 689 judicia
851 663 914 682 sur-

146 701 218 729 dum
233 703 276 737 (c).
292 713 305 728 »
326 704 357 729 Et
371 702 411 729 sie
427 701 463 729 de
478 702 541 728 aliis
557 703 717 728 enumerat.
740 703 777 728 De
791 701 847 728 hoe
863 709 914 728 au-

145 749 218 782 tem,
234 748 316 783 quod
336 748 390 781 ait,
417 748 500 783 quod
519 748 606 775 lsaias
620 747 692 774 vidit
706 747 831 781 gloriam
850 747 913 780 Dei,

144 797 242 829 posset
262 794 367 828 objici,
387 793 469 829 quod
495 805 508 817 α
532 802 620 821 nemo
650 795 740 820 Deum
764 793 837 820 vidit
857 801 913 820 un-

145 848 245 875 quam,
261 850 274 866 »
292 848 381 875 supra
398 841 418 867 ³.
438 841 469 866 Et
493 839 531 866 ad
554 840 631 866 istud
654 839 912 874 respondendum,

144 886 308 913 secundum
332 886 526 921 Augustinum
540 885 560 920 ⁴,
585 885 668 920 quod
694 895 707 910 «
729 886 815 912 lsaias
841 886 915 912 vidit

145 939 212 959 eum
228 940 289 959 non
304 932 387 959 sicuti
404 935 459 966 est,
482 932 533 958 sed
549 931 639 958 modo
654 931 787 966 quodam
801 931 913 966 signifi-

145 978 248 1011 cativo,
259 978 332 1005 sicut
342 978 490 1013 Prophetae
501 977 574 1004 visio
585 978 678 1004 suerat
690 977 887 1005 informanda.
898 989 911 1003 »

144 1023 224 1051 Unde
239 1024 339 1051 videre
354 1024 479 1059 gloriam
495 1023 542 1050 Dei
562 1023 666 1050 dicitur
682 1023 830 1058 tripliciter
844 1033 850 1050 :
867 1024 914 1051 vel

143 1070 244 1097 videre
255 1078 344 1105 opera
356 1070 403 1097 Dei
414 1070 601 1102 miraculosa,
617 1070 722 1104 supia⁵
741 1078 747 1096 z
760 1080 773 1095 (ι
783 1070 810 1096 Si
819 1070 913 1097 credi-

144 1115 232 1149 deris,
250 1117 283 1149 (d)
294 1116 409 1143 videbis
424 1116 548 1150 gloriam
565 1115 613 1142 Dei
620 1124 628 1148 ,-
645 1126 657 1141 ι)
676 1116 723 1142 vel
735 1115 834 1142 videre
850 1124 912 1143 ma-

142 1161 339 1196 gnificentiam
367 1162 429 1196 ejus
456 1161 486 1188 in
511 1158 642 1195 subjecta
671 1163 819 1194 creatura,
840 1162 913 1188 sieut

142 1208 273 1243 loquitur
294 1208 356 1241 hic,
379 1210 406 1235 et
429 1207 502 1235 sicut
527 1207 600 1234 vidit
620 1209 731 1242 Moyses
752 1208 762 1224 6
787 1208 911 1242 gloriam

143 1254 208 1288 Dei3
225 1254 270 1281 vel
285 1254 385 1281 videre
401 1262 469 1281 eum
488 1254 561 1281 facie
584 1254 619 1281 ad
636 1254 757 1286 faciem,
772 1256 860 1289 prout
874 1254 913 1281 ait

133 1299 308 1335 Propheta⁷
332 1309 338 1327 z
364 1310 378 1324 α
400 1300 551 1327 Ἣάώίῑιιι·
576 1300 605 1326 in
620 1300 725 1333 gloria.
742 1310 754 1325 n
781 1301 812 1326 Et
836 1300 911 1327 hanc

141 1346 285 1373 visionem
301 1346 402 1380 gloriae
418 1346 499 1381 petiit
519 1347 647 1381 Moyses,
671 1345 792 1380 quando
817 1346 856 1373 ait
875 1347 884 1362 ⁸
903 1355 909 1373 :

144 1402 157 1417 «
172 1392 295 1419 Ostende
315 1392 386 1418 mihi
405 1392 527 1427 gloriam
550 1394 641 1419 tuam.
658 1402 671 1417 n
687 1392 696 1408 ⁹
714 1402 727 1417 α
742 1392 911 1420 Videbimus

143 1446 211 1465 eum
226 1438 298 1465 sicut
312 1440 362 1465 est.
385 1449 398 1464 »

178 1485 221 1511 4⁶2.
239 1486 271 1511 Et
291 1484 421 1519 sequitur
444 1484 495 1511 illa
519 1492 601 1518 pars,
623 1484 654 1511 in
676 1492 734 1519 qua
759 1484 911 1520 imperfec-

144 1530 230 1558 tionis
245 1530 423 1558 credulitatis
438 1530 637 1565 quorumdam
658 1530 823 1564 subjunctio
837 1540 842 1557 ε
862 1532 909 1558 Ve-

141 1580 290 1603 rumtamen
303 1585 335 1604 ea:
349 1577 530 1611 principibus,
547 1578 598 1603 etc.
616 1578 647 1603 Et
664 1578 741 1611 patet
754 1577 908 1612 imperfec-

140 1623 180 1650 tio
192 1623 305 1657 talium,
321 1622 391 1658 quia
405 1625 524 1658 propter
539 1622 672 1649 timorem
687 1622 865 1657 humanum,
883 1625 909 1651 et

138 1671 259 1704 propter
273 1669 432 1696 humanam
452 1669 592 1703 gloriam,
608 1668 820 1695 confessionem
835 1677 908 1696 verae

138 1715 208 1742 fidei
224 1715 416 1742 dimittebant.
431 1715 498 1742 ldeo
511 1715 566 1742 ait:
580 1716 690 1749 Propter
701 1716 908 1749 pliurt'soeosnon

138 1762 343 1795 confitebantur,
361 1765 389 1787 ut
408 1769 420 1788 e
434 1768 570 1794 synagoga
584 1768 635 1787 non
652 1761 819 1794 ejicerentur,
836 1761 909 1787 sicut

137 1807 231 1835 fuerat
244 1816 296 1843 per
311 1816 361 1835 eos
382 1807 598 1842 conspiratum,
613 1815 702 1842 supra
716 1808 745 1834 ¹⁰.
763 1809 794 1834 Et
809 1807 847 1842 (v.
864 1809 904 1840 43)

139 1854 290 1881 dileaeerunt
311 1856 425 1888 qlor‘z'am
449 1855 600 1886 hominum,
625 1855 651 1880 et
673 1853 740 1880 ideo
756 1861 816 1880 non
831 1856 907 1881 recte

138 1900 311 1934 credebant,
334 1909 423 1936 supra
437 1900 477 1927 ¹¹:
499 1900 681 1933 «Quomodo
704 1900 823 1935 potestis
846 1909 907 1927 cre·

139 1946 222 1980 dere,
236 1947 287 1982 qui
303 1947 427 1981 gloriam
443 1947 480 1974 ab
496 1946 622 1973 invicem
638 1946 789 1981 accipitis?
804 1958 816 1970 n
839 1948 906 1974 Cre-

139 1992 271 2019 dentium
296 1995 394 2020 autem
417 1995 459 2020 est
478 1993 597 2027 gloriari
623 1992 653 2019 in
677 1993 806 2026 Christo,
830 1995 857 2020 et
877 1993 907 2020 in

138 2046 222 2065 cruec
237 2039 298 2073 ejus
314 2040 334 2056 ¹¹-'
350 2048 356 2065 :
375 2048 388 2064 «
404 2039 469 2066 Mihi
484 2041 582 2066 autem
598 2038 674 2065 absit
694 2038 828 2072 gloriari,
851 2039 906 2065 nisi

137 2084 167 2111 in
183 2093 267 2112 cruce
284 2085 435 2112 Domini.»
458 2087 489 2112 Et
510 2084 576 2111 ideo
603 2094 616 2109 «
631 2084 661 2111 in
684 2084 828 2112 frontibus
848 2093 907 2112 cre-

137 2130 269 2158 dentium
284 2139 401 2159 erucem
415 2131 526 2165 infixit,
543 2131 594 2158 ubi
612 2130 742 2166 quodam
755 2131 847 2158 modo
866 2133 907 2159 est

135 2176 218 2204 sedes
238 2178 436 2212 verecundiae5
458 2180 485 2205 et
507 2179 539 2204 ut
562 2177 598 2204 de
622 2177 742 2204 nomine
764 2177 826 2211 ejus
845 2185 905 2205 non

136 2222 304 2256 eruhescat,
321 2225 348 2250 et
364 2223 459 2258 magis
479 2223 605 2258 gloriam
624 2223 688 2256 Dei,
709 2231 799 2258 quam
813 2223 906 2250 homi-

135 2276 207 2295 num
222 2269 358 2304 diligat.»
378 2271 439 2296 ilaee
451 2269 626 2303 Augustinus
637 2270 668 2295 ¹³.
879 2263 881 2265 ¹

171 2315 214 2341 44.
237 2316 269 2342 Et
295 2315 425 2350 sequitur
449 2315 500 2342 illa
526 2323 611 2350 pars,
634 2315 665 2342 in
689 2322 748 2350 qua
773 2314 906 2343 doctrina

136 2360 253 2395 Christi,
274 2363 301 2388 et
315 2361 465 2388 instructio
483 2361 665 2389 credentium
681 2360 717 2388 de
737 2361 828 2389 modo
844 2369 904 2389 cre-

166 2432 174 2447 ¹
192 2431 294 2459 Jerem..
314 2438 378 2462 x111‚
393 2433 432 2455 23.
450 2445 481 2449 —
499 2432 509 2447 ²
524 2432 610 2462 Rern„
625 2432 654 2455 cle
669 2431 808 2461 consider„
824 2431 866 2457 lib.
884 2433 902 2463 l,

136 2472 158 2489 c.
174 2472 202 2490 ιι.
219 2480 244 2483 ψ
261 2467 272 2483 ³
286 2470 358 2497 sup.²
376 2473 393 2497 i,
412 2468 446 2491 18.
463 2480 492 2485 —
508 2467 518 2483 ⁶
532 2469 607 2497 Aug„
623 2468 647 2490 z'n
663 2467 744 2497 laum,
761 2468 832 2491 tract.
847 2473 902 2499 Liri,

136 2507 160 2525 u.
182 2503 218 2525 12.
236 2515 267 2519 —-
286 2503 296 2519 ὓ
311 2505 382 2532 sup„
402 2508 444 2531 xi,
465 2504 503 2525 40.
520 2516 551 2520 —
566 2504 574 2516 ὓ
597 2502 692 2530 Επαιλ,
706 2508 805 2533 xxxiii,
820 2504 858 2527 22.
875 2516 901 2520 -

136 2537 143 2551 ἲ
161 2537 166 2559 Ι
186 2537 253 2567 Corn,
266 2544 327 2568 xiii,
345 2540 384 2568 123
406 2537 511 2567 Calos-5,
531 2544 573 2567 111,
590 2539 612 2561 4.
632 2551 653 2554 -
677 2540 686 2551 θ
706 2537 795 2566 timont,
809 2544 901 2569 xxxiii,

138 2574 174 2595 18.
190 2585 219 2589 —
237 2574 245 2586 ⁹
259 2573 269 2596 1
283 2574 362 2602 Joun„
384 2579 425 2603 ιιι,
441 2576 463 2596 2.
481 2586 511 2590 —
526 2574 544 2589 ¹⁰
559 2575 631 2604 sup„
646 2579 682 2603 ix,
697 2574 736 2596 22.
751 2586 781 2590 —
798 2574 812 2587 ¹¹
829 2574 901 2605 Sui»,

137 2612 159 2635 V,
181 2608 218 2630 42.
238 2621 263 2624 *
284 2609 303 2624 ¹²
319 2609 384 2639 (ἰαί,
401 2615 437 2639 vt,
452 2610 489 2632 Μ.
505 2622 535 2626 --
551 2609 568 2622 ¹³
589 2610 662 2639 Aug„
677 2608 720 2631 ubi
736 2616 802 2639 sup„
821 2615 846 2632 n.
864 2611 900 2633 13.

136 2654 166 2658 —
186 2642 206 2658 «ι
220 2643 276 2672 ins„
292 2644 330 2666 47.
348 2657 378 2661 -
399 2644 418 2661 ιε
440 2644 495 2673 ini„
517 2646 553 2668 48.
569 2657 597 2661 —
617 2645 637 2659 ¹⁰
656 2646 728 2674 sup„
749 2650 799 2674 vn,
819 2645 856 2668 εδ.
873 2657 901 2662 -

1683 228 1738 256 431

972 287 1077 323 dendi,
1092 289 1133 316 ibi
1149 300 1154 315 :
1171 290 1244 316 Jesus
1265 291 1354 316 autem
1369 291 1513 322 clamavit,
1529 291 1582 316 etc.
1600 291 1631 317 Et
1645 290 1696 318 illa
1710 291 1742 318 in

970 335 1026 360 tres
1052 338 1171 370 partes:
1194 336 1308 371 primo,
1333 335 1483 362 instructio
1508 335 1545 363 de
1566 336 1658 363 modo
1682 345 1742 364 cre-

970 379 1074 415 dendi3
1091 382 1237 415 seeundo,
1253 381 1461 414 comminatio,
1477 381 1538 408 sive
1559 381 1741 410 denuntiatio

966 425 1069 459 judicii
1084 427 1172 454 futuri
1190 435 1250 454 non
1275 430 1350 455 recte
1373 427 1574 462 credentibu5‚
1589 428 1631 455 ihi
1646 428 1666 445 ¹²
1682 438 1688 455 :
1712 429 1742 456 Si

969 474 1029 505 quis
1048 474 1167 500 audierit
1186 474 1265 501 verba
1287 482 1363 508 mea,
1384 475 1456 508 etc.;
1476 474 1574 508 tertio,
1599 474 1740 510 expositio

969 517 1048 551 dicti,
1064 519 1104 546 ibi
1121 520 1140 535 ¹²³
1158 529 1164 546 z
1182 521 1270 547 Sermo
1281 539 1289 553 ,
1306 522 1359 547 etc.

1004 564 1048 591 Ait
1061 572 1130 599 ergo
1144 575 1150 592 z
1165 567 1238 592 Jesus
1253 568 1340 592 autem
1352 566 1489 593 clamavit.
1505 568 1536 593 Et
1545 566 1576 593 in
1586 567 1642 594 hoc
1655 567 1740 594 affec-

968 611 1088 637 tuositas
1099 611 1136 637 ad
1151 611 1383 645 praedicandum.
1396 613 1489 647 Supra
1498 612 1517 628 ¹⁶
1531 612 1626 640 simile
1638 622 1645 640 :
1657 622 1670 638 ι(
1683 614 1740 640 Sta-

968 656 1019 683 bat
1031 658 1111 684 Jesus
1126 659 1153 684 et
1167 657 1331 684 clamabat:
1348 657 1402 690 Qui
1422 658 1514 685 credit
1527 658 1558 685 in
1575 667 1638 693 me,
1653 669 1667 685 »
1685 661 1738 686 etc.

968 703 1000 729 Et
1029 703 1156 730 ostendit
1183 703 1325 730 unitatem
1351 703 1438 738 fidei,
1469 712 1528 739 qua
1555 704 1682 732 creditur
1709 705 1740 732 in

967 748 1081 783 ipsum,
1106 751 1134 776 et
1156 749 1186 776 in
1210 751 1322 776 Patrem
1339 758 1345 775 :
1363 749 1448 784 quasi
1469 750 1560 784 dicat,
1581 753 1612 778 ut
1632 751 1670 778 ait
1684 753 1741 778 Au-

968 794 1120 828 gustinus:
1143 795 1219 828 Quid
1242 795 1406 822 formidatis
1429 796 1546 823 credere
1573 797 1603 823 in
1622 798 1689 823 me?
1709 799 1740 824 In

969 841 1058 867 Deum
1073 840 1146 867 fides
1161 841 1294 875 pervenit
1309 849 1362 876 per
1381 849 1439 868 me.
1455 843 1486 868 Et
1500 841 1529 868 in
1543 842 1599 869 hoc
1615 843 1741 869 ostendit

967 885 1268 914 indissimilitudinem
1308 887 1476 915 substantiae
1506 887 1667 923 utriusque.
1710 889 1741 916 Ut

969 932 1047 958 enim
1061 932 1101 959 ait
1119 933 1295 967 Augustinus
1311 933 1329 949 ¹⁷
1346 943 1352 960 :
1374 943 1386 958 α
1399 935 1462 961 Jam
1484 933 1597 962 dixerat
1612 934 1632 950 ¹⁸
1654 943 1660 961 ι
1677 936 1741 961 Doc-

968 980 1042 1004 trina
1057 987 1114 1005 meet
1127 987 1178 1005 non
1190 982 1227 1005 est
1241 987 1309 1012 mea,
1320 980 1366 1006 secl
1377 980 1433 1013 ejus
1448 981 1495 1014 qui
1505 981 1580 1006 misit
1593 988 1648 1013 me;
1662 987 1740 1007 nune

968 1027 1066 1051 autem
1081 1024 1144 1052 ait:
1167 1026 1220 1057 Qui
1241 1026 1327 1052 credtt
1344 1028 1373 1052 in
1394 1035 1448 1060 me,
1474 1027 1538 1059 etc.,
1560 1026 1629 1061 quia
1648 1026 1739 1053 homo

968 1070 1129 1104 apparebat
1152 1070 1341 1105 hominibus,
1362 1079 1429 1098 cum
1454 1072 1556 1099 lateret
1581 1073 1677 1099 Deus:
1703 1080 1740 1099 ne

967 1117 1103 1150 putarent
1117 1117 1173 1143 hoc
1192 1125 1253 1144 esse
1274 1125 1342 1144 eum
1366 1117 1585 1151 tantummodo,
1603 1118 1685 1153 quod
1699 1118 1741 1145 vi-

968 1161 1077 1188 debant
1091 1171 1097 1188 :
1116 1162 1204 1189 talem
1219 1171 1252 1190 ac
1268 1165 1379 1190 tantum
1394 1171 1424 1190 se
1439 1163 1542 1190 volens
1556 1163 1653 1198 credi,
1668 1172 1741 1198 qua-

966 1206 1001 1234 lis
1016 1210 1043 1234 et
1057 1211 1184 1243 quantus
1198 1211 1240 1236 est
1264 1210 1356 1237 Pater.
1373 1219 1385 1234 n
1410 1209 1479 1237 Ideo
1496 1209 1535 1236 ait
1554 1218 1561 1236 :
1588 1209 1641 1242 Qui
1655 1210 1740 1237 eredit

965 1254 995 1279 in
1010 1262 1066 1288 me,
1083 1256 1147 1286 ete„
1164 1254 1195 1281 id
1215 1257 1270 1289 est,
1287 1255 1318 1282 in
1332 1256 1388 1282 hoc
1404 1255 1487 1290 quod
1500 1255 1594 1290 videt,
1610 1264 1662 1283 non
1683 1264 1739 1284 cre-

967 1299 1007 1325 dit
1022 1302 1050 1326 in
1066 1308 1122 1332 me,
1145 1301 1192 1327 sed
1214 1303 1243 1327 z‘n
1262 1310 1319 1328 eum
1338 1303 1386 1336 qut
1408 1303 1484 1328 misit
1505 1310 1560 1334 me,
1582 1301 1613 1328 id
1631 1304 1687 1336 est,
1707 1303 1737 1329 in

968 1346 1096 1377 Patrem,
1126 1348 1179 1374 etc.
1211 1348 1252 1381 (V.
1282 1347 1329 1382 45)
1364 1349 1398 1374 Et
1427 1347 1557 1374 similiter
1589 1349 1635 1382 qut
1666 1349 1740 1375 videt

966 1399 1020 1425 me,
1036 1393 1089 1418 etc.
1115 1393 1170 1419 Sed
1191 1393 1340 1428 quaeritur,
1363 1401 1453 1428 quare
1472 1401 1532 1421 non
1555 1393 1677 1429 replicat
1691 1394 1738 1421 hic

966 1436 1091 1465 dicendo
1108 1446 1114 1464 :
1130 1439 1183 1470 Qui
1201 1440 1276 1465 videt
1296 1447 1352 1473 me,
1373 1447 1424 1466 non
1439 1440 1528 1474 videt,
1551 1442 1616 1473 etc„
1634 1440 1680 1467 sed
1697 1442 1739 1467 vt„

966 1484 1008 1510 det
1032 1493 1107 1517 eum,
1132 1487 1202 1517 ete.,
1225 1485 1299 1512 sicut
1322 1485 1495 1520 replicavit:
1523 1486 1576 1518 Qui
1600 1487 1684 1513 credit
1707 1489 1736 1513 z'n

965 1538 1020 1563 me,
1043 1533 1094 1557 etc.
1121 1532 1150 1557 Et
1171 1531 1209 1557 ad
1231 1531 1309 1558 istud
1333 1531 1493 1566 respondet
1516 1533 1691 1567 Augustinus
1704 1533 1734 1568 ¹⁹,

964 1577 992 1602 et
1011 1578 1051 1603 est
1064 1576 1094 1603 in
1109 1577 1223 1610 Glossa,
1248 1577 1329 1612 quod
1342 1585 1394 1612 per
1410 1578 1520 1605 dictum
1535 1579 1669 1614 superius
1682 1587 1734 1606 vo-

963 1623 1034 1657 luit,
1049 1626 1155 1651 utnon
1170 1624 1336 1651 crederetur
1359 1624 1436 1652 filius
1456 1625 1584 1652 hominis
1605 1629 1733 1660 tantum,

964 1670 1047 1704 quod
1075 1673 1173 1696 autem
1200 1670 1247 1697 hie
1276 1670 1330 1704 ait,
1359 1672 1424 1704 etc„
1448 1671 1542 1699 voluit
1565 1673 1736 1706 ostendere,

965 1715 1046 1749 quod
1071 1718 1113 1742 est
1135 1715 1258 1751 eequalis
1282 1717 1365 1743 Patri.
1392 1718 1468 1744 Unus
1492 1718 1570 1745 enim
1592 1721 1634 1746 est
1654 1720 1736 1746 actus

964 1761 1084 1788 videndi
1102 1763 1214 1788 Patrem
1229 1764 1256 1788 et
1278 1762 1394 1796 Filium,
1414 1766 1441 1790 et
1459 1771 1518 1791 una
1531 1764 1596 1791 luce
1610 1764 1681 1792 fidei
1695 1765 1737 1792 vi-

965 1807 1080 1834 dentur.
1098 1809 1127 1834 ln
1142 1808 1198 1835 hoc
1213 1808 1291 1835 enim
1307 1808 1390 1843 quod
1401 1809 1455 1836 ait:
1473 1810 1526 1842 Qui
1540 1811 1623 1837 credit
1632 1812 1662 1838 τη
1677 1819 1732 1846 me,

962 1854 1047 1880 credit
1070 1856 1099 1880 in
1124 1862 1182 1881 eum
1208 1856 1256 1888 qui
1275 1856 1350 1881 misit
1373 1863 1430 1889 me,
1455 1857 1627 1891 ostenditur,
1653 1858 1735 1893 quod

963 1903 1024 1928 erat
1038 1901 1114 1928 filius
1131 1901 1188 1929 Dei.
1205 1904 1276 1929 Nam
1293 1903 1431 1938 Apostolo
1442 1904 1598 1939 eredimus,
1610 1905 1662 1932 secl
1673 1913 1734 1932 non

962 1947 993 1974 in
1007 1948 1194 1983 Apostolum3
1210 1948 1262 1975 sed
1286 1948 1316 1975 in
1338 1949 1481 1976 Christum
1502 1950 1663 1986 credimus,
1683 1952 1734 1987 qui

962 1996 1004 2021 est
1024 1994 1145 2029 aequalis
1171 1994 1255 2022 Patri.
1281 1996 1311 2022 Et
1334 1995 1381 2022 hic
1402 1995 1533 2031 loquitur
1553 1997 1590 2024 de
1605 1998 1732 2033 visione,

963 2048 1028 2074 quae
1052 2042 1093 2067 est
1117 2048 1169 2075 per
1191 2040 1385 2074 intellectum,
1403 2042 1442 2069 ait
1458 2042 1682 2078 chrysostomus
1695 2043 1732 2079 ²⁰,

961 2095 1075 2122 ponens
1091 2087 1260 2122 exemplum
1274 2097 1280 2114 :
1299 2099 1312 2112 (ι
1327 2088 1381 2121 Qui
1397 2088 1491 2116 elevat
1512 2097 1620 2124 aquam
1635 2090 1731 2117 flumi-

962 2133 1022 2167 nis,
1047 2133 1093 2160 vcl
1117 2133 1236 2169 accipit,
1252 2141 1313 2161 nou
1332 2142 1413 2168 eam,
1438 2143 1504 2170 quae
1526 2135 1654 2163 fluminis
1669 2138 1733 2164 tan-

962 2180 1039 2212 tum,
1062 2179 1114 2206 scd
1130 2187 1195 2206 eam
1210 2188 1276 2215 quae
1290 2180 1377 2207 sontis
1391 2181 1512 2216 accipit,
1529 2183 1557 2209 et
1570 2182 1663 2217 magis
1677 2191 1731 2210 au-

962 2227 1019 2252 tem
1036 2225 1068 2260 (e)
1084 2225 1176 2252 illam.
1197 2236 1209 2251 n
1231 2227 1294 2253 Haec
1317 2226 1377 2253 ille.
1402 2227 1481 2254 Unde
1506 2228 1668 2263 explanans
1692 2229 1733 2256 ait

963 2271 1001 2305 (v.
1016 2272 1056 2303 46)
1075 2280 1081 2298 :
1098 2272 1153 2305 1390
1169 2273 1216 2298 Iuae
1240 2274 1269 2299 in
1293 2273 1422 2299 mundum
1445 2275 1514 2300 vent.
1538 2275 1570 2301 Ut
1593 2274 1671 2302 enim
1691 2275 1732 2302 ait

961 2317 1185 2353 chrysostomus
1199 2318 1232 2353 ²¹,
1243 2318 1420 2346 imbecillior
1434 2319 1533 2354 imago
1545 2320 1583 2347 ad
1597 2322 1731 2357 proposi-

962 2365 1033 2398 tum,
1049 2364 1079 2390 id
1089 2366 1130 2391 est
1139 2364 1310 2395 similitudo,
1322 2364 1368 2392 vel
1382 2365 1552 2401 exemplum
1564 2375 1570 2394 :
1586 2367 1729 2403 quoniam

962 2427 979 2443 ¹⁷
997 2428 1070 2457 Aug„
1087 2428 1111 2450 in
1126 2428 1207 2457 loun„
1222 2429 1295 2452 tract.
1311 2434 1363 2458 ων,
1378 2436 1404 2452 n.
1421 2431 1444 2452 2.
1458 2442 1484 2446 —
1503 2430 1521 2447 ’Β
1535 2431 1608 2462 Sup„
1623 2437 1674 2462 vii,
1692 2434 1729 2457 16.

960 2476 989 2479 —
1011 2464 1029 2479 ¹⁹
1048 2464 1165 2493 August„
1182 2463 1254 2493 ibid„
1274 2470 1299 2486 u.
1320 2466 1343 2488 3.
1359 2477 1389 2482 —
1409 2466 1427 2479 ²⁰
1446 2465 1586 2498 chrysost„
1603 2468 1629 2491 ιή
1646 2468 1728 2497 Jeme.²

959 2497 1029 2522 hom.
1045 2504 1136 2527 vaw,
1152 2500 1185 2522 al.
1202 2504 1269 2528 inx,
1285 2506 1310 2523 u.
1329 2501 1349 2523 1.
1364 2512 1394 2517 —·
1408 2500 1426 2516 2¹
1444 2501 1507 2526 ibid.

990 2540 1024 2569 (ιι)
1040 2539 1128 2570 Suppl.
1143 2540 1200 2563 idco
1215 2539 1240 2563 id
1256 2540 1319 2564 [lixit
1333 2541 1424 2572 lsaius;
1438 2544 1461 2566 et
1474 2543 1524 2567 loco
1538 2551 1590 2568 non
1602 2544 1727 2569 debebant

959 2575 1077 2605 credere,
1100 2575 1148 2605 less.
1168 2575 1288 2599 credituri
1307 2583 1358 2600 non
1379 2580 1460 2602 erant.
1479 2591 1507 2596 --
1528 2579 1561 2610 (h)
1586 2582 1644 2603 Coel.
1666 2581 1726 2604 erlz't.

959 2611 1070 2634 creditur,
1082 2624 1110 2628 —
1126 2611 1153 2640 (r)
1169 2610 1208 2634 Al.
1220 2618 1330 2642 saevuu¹3
1343 2614 1396 2636 eoet.
1407 2613 1466 2638 edit.
1481 2621 1562 2638 sumu.
1574 2628 1604 2632 —
1616 2615 1653 2645 (d)
1666 2616 1726 2640 coet.

958 2646 1019 2669 edil.
1037 2646 1077 2669 Sic
1091 2648 1123 2669 et.
1140 2659 1168 2662 —-
1185 2646 1213 2675 (e)
1232 2647 1287 2676 [λῃ.
1303 2647 1387 2671 etiam.
