1987 3032
665 219 870 250 EXPOSITIO
893 218 934 249 IN
957 218 1041 249 CAP.
1064 219 1172 250 XXIII.

121 288 208 319 misit
221 288 260 319 ad
276 296 351 319 eum
364 296 447 318 uxor
462 288 550 326 ejus,
566 286 672 317 dicens
687 297 694 316 ε
711 285 795 316 Nihil
814 285 888 324 tibi,

122 343 153 371 et
174 342 260 380 Justo
283 341 339 370 illi.
358 350 373 368 n
402 339 477 370 Haec
499 341 605 370 autem
627 339 775 371 voluntas
800 338 891 369 Pilati

121 403 186 424 non
198 396 264 424 erat
279 394 379 432 plena,
398 393 451 423 sed
465 393 569 433 pigra,
586 392 761 424 secundum
775 391 851 422 illud
864 392 888 420 ¹:

126 458 140 476 «1
154 447 224 478 Vult
240 449 270 477 et
284 456 349 477 non
360 446 429 477 vult
440 446 532 486 piger
544 457 551 476 :
564 457 578 474 »
597 446 672 486 quia
686 454 751 476 non
765 444 892 475 volebat

122 501 222 531 facere
243 502 352 530 contra
372 499 515 537 turbam,
541 500 632 538 cujus
652 498 801 529 voluntas
824 499 891 528 erat

121 553 286 583 contraria.
303 551 374 583 Ideo
391 552 537 582 subditur
552 552 593 591 (v.
609 552 657 590 21)
678 562 684 582 ε
703 552 745 582 At
759 551 807 581 illi
819 560 889 581 suc-

121 605 318 642 clamabant,
344 605 480 635 (licentes
502 614 512 635 :
541 604 716 644 Crucz'ftgye,
741 604 890 643 crucifiqe

121 668 204 689 eum.
235 658 295 689 Ubi
324 658 500 689 ostenditur
527 667 678 698 perversa
704 657 890 688 Judaeorum

119 711 282 749 voluntas,
307 711 342 741 in
369 711 429 741 hoe
453 710 538 750 quod
564 710 699 740 clamose
729 711 889 749 quaerunt.

121 765 210 796 Unde
243 765 302 796 sibi
338 765 487 804 competit
520 764 598 795 illud
611 767 622 782 ²
643 775 649 794 ε
680 776 695 793 «
718 762 891 802 Expectavi

119 820 156 848 ut
182 818 297 848 faceret
319 817 492 857 J'udicium,
519 819 550 847 et
578 826 647 847 ecce
670 816 836 856 iniquitas;
861 818 892 845 et

117 871 273 910 justiliam
284 895 292 908 ,
327 873 357 901 et
388 867 458 900 ecce
490 870 622 900 clamor.
657 880 671 897 »
703 868 763 899 Pro
799 868 890 898 istius

121 924 334 954 multitudinis
353 923 490 954 clamore
513 923 648 953 dicitur³
666 932 674 952 ε
701 933 715 950 t(
732 921 787 952 Vae
806 922 889 952 mul-

121 977 248 1007 titudini
262 977 453 1016 populorum
468 976 656 1014 multorum,
670 978 707 1006 ut
723 975 891 1005 multitudo

121 1026 218 1059 maris
229 1029 368 1059 sonantis
383 1039 391 1061 :
404 1032 433 1060 et
443 1029 602 1060 tumultus
614 1028 797 1065 turbarum,
811 1028 892 1058 sicut

124 1082 246 1112 sonitus
267 1091 425 1121 aquarum
447 1082 635 1113 multarum.
657 1092 670 1109 »
694 1081 834 1120 Apparet
862 1083 893 1111 et

120 1144 160 1165 ex
188 1135 248 1166 hoc
276 1145 424 1175 perversa
450 1136 618 1173 voluntas,
642 1135 719 1174 quia
742 1137 893 1174 quaerunt

120 1189 373 1220 crucifixionem.
391 1189 479 1220 Unde
495 1189 579 1219 Beda
591 1189 602 1204 ⁴
619 1199 628 1217 :
654 1200 668 1216 α
682 1188 800 1227 Magna
818 1197 890 1218 cru-

120 1242 246 1272 delitas!
265 1251 328 1273 non
344 1243 449 1273 solum
462 1242 621 1279 occidere,
643 1242 697 1272 sed
717 1244 748 1271 et
766 1241 889 1272 crucili-

121 1305 197 1334 gere
218 1298 385 1335 quaerunt,
410 1298 446 1325 ut
469 1295 601 1335 pedibus
625 1297 655 1325 ct
679 1295 828 1325 manibus
853 1295 892 1324 ad

121 1349 248 1387 lignum
258 1349 402 1386 confixis,
413 1350 514 1379 morte
520 1351 691 1379 vexaretur
701 1350 888 1388 producta.»

122 1401 185 1432 Nec
198 1404 323 1432 tantum
342 1402 510 1441 producta,
526 1411 641 1433 verum
658 1404 687 1432 ei
705 1402 828 1439 acerba,
843 1411 892 1432 se-

121 1454 262 1484 cundum
276 1454 353 1497 illqd
367 1465 381 1482 n
400 1455 410 1470 ⁵
427 1465 434 1484 ι
455 1465 469 1482 «
484 1454 643 1485 Foderunt
659 1464 774 1485 manus
789 1463 890 1491 meas,

121 1509 152 1537 et
167 1507 260 1546 pedes
274 1515 372 1537 meos.
388 1517 402 1534 »
420 1506 483 1537 Nec
497 1509 621 1537 tantum
636 1507 760 1544 acerba,
778 1516 892 1537 verum

121 1559 215 1590 etiam
245 1560 479 1598 ignominiosa⁶
496 1571 502 1589 z
538 1571 551 1588 a
583 1560 682 1590 Morte
709 1560 892 1599 turpissima

121 1612 369 1642 condemnemus
384 1621 492 1643 eum.»
512 1612 598 1643 Unde
613 1613 720 1651 illum,
738 1615 892 1653 tanquam

121 1665 340 1703 maledictum,
365 1675 467 1705 poenae
493 1666 721 1696 maledictionis
744 1666 893 1697 volebant

120 1718 286 1757 subjicere,
304 1718 379 1758 quia
393 1719 544 1749 dicitur⁷z
565 1718 767 1750 «Maledictus
782 1729 800 1749 a
817 1720 891 1756 Deo,

121 1771 177 1810 qui
192 1771 305 1811 pendet
320 1771 353 1801 in
368 1772 469 1810 ligno.
483 1782 498 1800 ))
522 1771 581 1802 Sed
597 1772 658 1802 hoc
671 1782 735 1802 non
750 1772 811 1802 fuit
826 1773 893 1802 sine

120 1823 228 1854 divina
239 1824 453 1864 dispositione,
463 1825 638 1855 secundum
649 1824 754 1855 illud³:
771 1836 784 1853 «
792 1824 894 1855 Chris—

121 1879 171 1907 tus
194 1886 251 1907 nos
273 1878 406 1908 redemit
427 1878 465 1908 de
487 1877 653 1908 maledicto
676 1878 772 1917 legis,
793 1878 893 1908 factus

120 1938 178 1969 pro
192 1930 283 1960 nobis
295 1931 509 1962 maledictum.
525 1943 539 1960 »
570 1932 631 1962 Sed
655 1933 746 1971 impii
769 1932 829 1962 hoc
853 1942 893 1962 ex

122 1983 302 2014 crudelitate
316 1986 347 2014 et
361 1984 523 2015 iracundia
543 1985 756 2024 postulabant.
777 1984 819 2015 De
843 1985 893 2015 his

121 2035 260 2073 duobus,
278 2037 393 2068 scilicet
406 2038 543 2068 clamore
557 2041 588 2069 et
603 2039 802 2077 crudelitate,
818 2038 894 2069 dici-

121 2089 174 2118 tur
186 2089 195 2104 ⁹
213 2099 219 2118 :
243 2100 256 2117 <1
271 2089 364 2120 Facta
378 2093 424 2120 est
439 2091 517 2121 mihi
532 2091 700 2122 haereditas
716 2101 786 2122 mea
802 2091 893 2131 quasi

120 2140 168 2171 leo
183 2141 215 2171 in
230 2142 332 2173 silva:
356 2143 440 2173 dedit
464 2146 573 2174 contra
597 2153 648 2175 me
671 2153 828 2175 vocem.»
856 2144 894 2175 Et

119 2193 236 2224 iterum
253 2195 285 2225 in
300 2196 431 2227 Psalmo
444 2198 463 2213 ¹⁰
479 2208 485 2227 z
508 2208 522 2226 «
538 2197 694 2234 Quoniam
714 2197 892 2228 circumde-

119 2246 234 2278 derunt
260 2257 311 2279 me
340 2258 432 2280 canes
460 2251 572 2288 multi;
603 2250 772 2281 concilium
797 2250 892 2280 mali-

121 2300 294 2337 gnantium
308 2302 429 2333 obsedit
445 2312 507 2333 me.
523 2314 538 2331 1)

161 2354 294 2392 Quarto,
310 2357 465 2394 quantum
490 2357 529 2386 ad
548 2356 796 2395 repugnantiam
815 2364 892 2386 con-

121 2405 344 2444 demnationis,
362 2410 392 2438 et
406 2408 536 2438 rationis
550 2411 644 2438 rcctze
654 2432 662 2446 ‚
680 2408 893 2446 subiungitur

123 2459 164 2495 (v.
181 2461 234 2497 22)
247 2470 253 2490 z
267 2460 325 2491 Ille
339 2464 446 2491 aulem
457 2461 548 2491 lertio
562 2461 644 2490 (lixit
658 2460 702 2491 acl
710 2460 798 2490 illos:
809 2461 897 2499 Quid

124 2511 207 2542 enim
221 2513 301 2543 mali
312 2515 389 2553 fecit
401 2515 484 2545 iste?
501 2514 628 2545 nullam
639 2523 770 2544 causam
783 2515 894 2545 mortis

156 2612 164 2628 ¹
178 2613 260 2644 Prov„
274 2620 330 2645 Δ1111,
341 2617 363 2639 li.
379 2629 408 2633 —
424 2617 502 2646 ²150„
513 2622 537 2646 v,
549 2617 572 2639 7.
588 2615 638 2633 -3
656 2615 728 2645 ibid„
744 2621 806 2645 xvu,
824 2617 894 2640 liz.—

124 2647 134 2661 ⁴
151 2647 221 2678 Beck,
248 2650 288 2673 ubi
312 2657 368 2681 sup.
389 2664 419 2668 —
440 2652 449 2668 ⁵
469 2651 535 2675 Pml.
562 2657 620 2680 xxi,
643 2652 680 2674 17.
704 2663 734 2668 —
756 2651 765 2664 ⁰
779 2650 848 2681 Sap,
865 2657 892 2678 ll,

124 2682 163 2706 20.
175 2696 204 2702 —
221 2686 227 2699 ⁷
242 2686 326 2715 Dent„
341 2688 443 2715 xxi,223.
460 2700 487 2704 —
504 2689 512 2700 ⁸
528 2687 652 2716 Gul.,111‚
668 2687 707 2710 13.
724 2698 753 2704 -
767 2686 778 2702 0
792 2686 891 2716 den-m„

1660 224 1718 252 205

948 286 1073 316 invenio
1092 286 1126 315 in
1149 294 1196 316 eo.
1211 285 1260 316 Ex
1272 294 1336 325 quo
1349 285 1434 316 enim
1447 285 1536 316 nulla
1550 289 1616 316 erat
1631 287 1664 316 in
1679 295 1716 317 eo

948 347 1044 369 causa
1067 339 1193 376 mortis,
1217 338 1395 368 interficere
1419 347 1494 369 eum
1515 340 1583 369 erat
1609 341 1718 369 contra

947 391 1101 422 dictamen
1114 394 1208 422 rectae
1224 391 1364 422 radonis.
1380 391 1417 422 Et
1431 392 1507 430 quia
1522 392 1620 421 menti
1635 392 1717 421 iuvi-

947 445 995 475 dae
1018 454 1082 475 non
1106 445 1220 475 sufficit
1245 445 1324 475 ratio
1349 444 1416 474 sine
1440 444 1620 483 punitione,
1648 444 1719 475 ideo

947 498 1033 528 addit
1049 509 1056 528 :
1076 498 1259 538 Corripiam
1275 507 1349 537 erqo
1370 497 1477 535 illum,
1499 501 1528 528 et
1546 497 1717 528 dimittam.

947 550 1010 582 Nec
1024 553 1147 581 tantum
1168 551 1228 581 hoc
1255 551 1334 582 dixit
1356 551 1471 588 verb03
1493 559 1606 581 verum
1625 553 1655 580 et
1673 551 1718 581 se-

947 604 988 633 cit
1002 604 1094 641 facto,
1111 604 1285 634 secundum
1301 603 1378 634 illud
1389 603 1408 619 1¹
1426 611 1456 633 z«
1471 603 1560 633 Tunc
1576 611 1653 641 ergo
1668 611 1721 642 ap-

947 655 1113 695 prehendit
1135 656 1254 687 Pilatus
1281 656 1410 693 Jesum,
1441 658 1471 686 et
1498 656 1683 695 flagellavit.
1701 666 1715 684 n

948 709 1036 740 Unde
1055 709 1164 740 Glossa
1178 711 1198 726 ¹²
1216 721 1223 740 ε
1245 721 1258 738 (1
1273 709 1360 740 Hanc
1377 709 1617 747 correctionem,
1635 709 1718 740 deri-

947 762 1049 793 dendo
1064 765 1094 793 et
1108 762 1313 801 flagellando,
1331 763 1542 793 nefandorum
1557 762 1719 793 desideriis

947 815 1106 853 exhibuit,
1130 825 1170 845 ne
1186 823 1287 855 usque
1301 815 1341 845 ad
1356 815 1609 854 crucifigendum
1625 815 1718 846 saevi-

947 871 1028 899 rent.
1046 880 1060 897 1)
1087 869 1124 899 Et
1143 870 1219 908 quia
1237 878 1424 908 perversum
1444 878 1496 899 cor
1517 877 1575 899 nec
1598 869 1720 899 ratione

948 922 1120 960 inducitur,
1148 932 1205 953 nec
1228 923 1364 954 flectitur
1384 923 1515 963 pietate,
1545 923 1616 953 ideo
1643 923 1717 953 sub-

947 976 1032 1006 ditur
1049 978 1089 1011 (v.
1104 977 1151 1015 23)
1171 985 1179 1006 z
1197 977 1239 1008 At
1259 977 1308 1007 illi
1328 977 1490 1007 instabant
1506 976 1633 1007 vocibus
1653 985 1719 1006 ma-

947 1030 1018 1068 91113
1028 1030 1226 1070 postulantes
1237 1055 1244 1068 ,
1259 1034 1295 1060 ut
1308 1031 1558 1070 crucifiqeretur,
1582 1033 1611 1059 et
1634 1029 1720 1060 ῖηυα-

949 1082 1104 1113 lescebant
1113 1093 1202 1114 voces
1213 1092 1335 1113 eorum.
1347 1083 1394 1114 Ex
1404 1092 1468 1122 quo
1478 1084 1620 1122 apparet,
1634 1082 1719 1121 quod

948 1136 1022 1165 vieti
1052 1136 1220 1167 vivacitate
1243 1136 1376 1166 rationis
1395 1137 1504 1173 rectae,
1530 1137 1720 1166 convertunt

948 1198 981 1219 se
996 1190 1034 1219 ad
1048 1199 1166 1229 preces.
1185 1189 1272 1220 Unde
1288 1190 1396 1221 Glossa
1410 1190 1431 1206 ¹³
1449 1201 1455 1220 :
1476 1200 1490 1219 «
1505 1189 1553 1220 Ad
1568 1198 1675 1229 preces
1688 1198 1721 1219 se

948 1245 1153 1281 convertunt,
1170 1245 1205 1273 ut
1219 1243 1304 1283 quod
1319 1243 1518 1273 criminando
1530 1266 1537 1279 ,
1550 1242 1603 1274 vel
1624 1242 1720 1273 etiam

948 1296 1163 1326 ratiocinando
1186 1296 1410 1335 nequiverant,
1436 1297 1504 1335 jam
1533 1295 1720 1335 postulando

949 1350 978 1378 et
993 1349 1193 1379 vociferando
1208 1349 1381 1388 perficiant.
1395 1359 1408 1377 n
1425 1348 1512 1379 Unde
1522 1349 1616 1379 etiam
1629 1348 1721 1380 ,101111-

948 1410 1005 1431 nes
1023 1402 1066 1431 ait
1084 1401 1104 1418 ¹⁶
1120 1411 1127 1432 ε
1149 1413 1163 1430 (1
1177 1401 1284 1432 Exivit
1303 1411 1380 1441 ergo
1401 1401 1517 1432 iterum
1541 1401 1674 1439 Pilatus,
1691 1404 1721 1432 et

948 1454 1026 1484 dixit
1038 1456 1082 1484 eis
1098 1463 1106 1483 :
1121 1454 1217 1492 Ecce,
1233 1455 1355 1485 adduco
1372 1455 1463 1486 vobis
1478 1464 1553 1485 eum
1569 1455 1668 1492 foras,
1685 1457 1722 1485 ut

949 1508 1144 1546 cognoscatis
1155 1531 1165 1545 ‚
1183 1508 1257 1546 quia
1272 1508 1305 1537 in
1319 1516 1356 1538 eo
1370 1508 1492 1538 nullam
1508 1508 1635 1538 invenio
1650 1517 1721 1538 cau-

948 1569 1027 1590 sam.
1044 1560 1082 1590 Et
1096 1560 1176 1591 dixit
1192 1560 1255 1591 eis:
1274 1560 1350 1591 Ecce
1364 1561 1472 1591 1101110.
1488 1560 1566 1591 Cum
1580 1570 1661 1600 ergo
1677 1561 1722 1591 vi-

948 1613 1066 1643 dissent
1081 1622 1155 1643 eum
1178 1613 1356 1652 pontifices,
1378 1616 1408 1643 et
1429 1613 1580 1652 ministri,
1604 1614 1720 1643 clama-

948 1666 1038 1704 bant,
1056 1666 1195 1696 dicentes
1211 1677 1218 1695 ε
1243 1665 1418 1704 Crucifige,
1435 1666 1586 1705 crucifige
1601 1675 1686 1696 eum.
1702 1676 1716 1694 i>

948 1718 996 1748 Ex
1024 1719 1181 1758 praedictis
1207 1727 1288 1757 ergo
1315 1719 1490 1757 colligitur,
1518 1719 1602 1757 quod
1634 1727 1721 1749 mors

949 1770 1062 1801 Christi
1074 1771 1284 1810 principalius
1296 1771 1470 1810 imputatur
1479 1771 1495 1802 J
1500 1771 1609 1809 udaeis,
1622 1780 1721 1811 quam

949 1823 1060 1854 Pilato.
1078 1824 1165 1855 Unde
1188 1824 1324 1855 joannes
1347 1835 1353 1854 :
1374 1836 1389 1853 (1
1403 1824 1558 1855 Dominus
1581 1825 1656 1855 dicit
1676 1826 1717 1856 ¹⁵:

949 1876 1009 1914 Qui
1050 1886 1100 1907 me
1139 1877 1267 1908 tradidit
1304 1877 1378 1915 tibi,
1413 1878 1518 1916 majus
1555 1880 1720 1917 peccatum

948 1930 1053 1960 habet.
1082 1941 1097 1958 »
1127 1930 1207 1961 Nam
1234 1929 1247 1960 J
1254 1930 1335 1961 udaei
1371 1939 1496 1969 semper
1538 1931 1720 1961 institerunt

948 1983 987 2014 ad
1004 1984 1074 2022 ejus
1091 1985 1244 2020 mortem;
1260 1983 1315 2013 sed
1328 1982 1449 2013 Pilatus
1464 1983 1553 2014 visus
1572 1986 1619 2014 est
1643 1983 1717 2014 sub-

950 2036 1112 2074 terfugere
1134 2038 1253 2075 septen]
1275 2036 1395 2074 modis,
1425 2036 1543 2066 scilicet
1567 2036 1718 2067 imitatio-

948 2098 987 2119 ne
1000 2089 1074 2126 f0ri,
1107 2089 1298 2128 allegatione
1324 2089 1528 2128 innocentiae,
1560 2090 1718 2120 oblatione

949 2142 1189 2180 misericordiae,
1211 2142 1417 2172 ostentatione
1439 2143 1610 2174 voluntatis
1634 2152 1718 2180 suae,

948 2195 1176 2233 declaratione,
1213 2195 1300 2234 quod
1327 2195 1388 2225 hoc
1415 2198 1496 2225 esset
1527 2198 1636 2226 contra
1667 2205 1720 2226 ra-

948 2250 1081 2287 tionem,
1099 2249 1271 2279 inflictione
1286 2257 1408 2288 poenae,
1426 2251 1457 2279 et
1471 2249 1598 2279 tandem
1617 2251 1720 2280 retor-

948 2303 1036 2333 sione
1065 2302 1166 2341 culpae
1198 2302 1232 2332 in
1264 2302 1425 2341 judaicam
1458 2301 1593 2341 plebem.
1631 2301 1719 2333 Unde

948 2354 1117 2385 Matthaeus
1140 2355 1160 2370 ¹⁰
1183 2363 1194 2384 .·
1222 2365 1237 2382 (1
1252 2354 1371 2384 Pilatus
1389 2356 1514 2394 accepta
1536 2364 1619 2394 aqua
1644 2355 1721 2387 lavit

950 2417 1063 2438 manus
1077 2416 1183 2438 coram
1196 2406 1325 2446 populo,
1340 2407 1446 2437 dicens
1460 2417 1470 2437 ⁴.
1488 2407 1644 2439 Innocens
1658 2418 1720 2448 ego

952 2471 1024 2492 sum
1039 2471 1058 2492 a
1072 2461 1229 2500 sanguine
1244 2460 1324 2499 justi
1342 2460 1440 2500 hujus
1457 2472 1464 2491 ε
1489 2470 1548 2492 vos
1565 2462 1717 2494 videritis.

948 2515 987 2546 Et
1010 2515 1205 2554 respondens
1228 2514 1400 2546 universus
1427 2515 1581 2555 populus,
1604 2516 1683 2547 dixit
1707 2528 1714 2547 ε

949 2619 995 2643 xii,
1013 2616 1036 2635 s.
1060 2625 1090 2630 -
1110 2613 1129 2628 ¹⁰
1151 2612 1218 2635 Psul.
1241 2612 1354 2641 xx1,17.
1375 2625 1404 2629 —
1428 2613 1443 2628 ¹¹
1464 2613 1546 2641 Joan„
1570 2619 1629 2643 xix,
1653 2616 1674 2638 1.
1689 2628 1719 2632 —

950 2649 966 2663 ¹²
982 2649 1053 2678 Bed.‚
1068 2648 1110 2671 ubi
1125 2655 1181 2677 sup.
1198 2661 1225 2665 —
1242 2648 1263 2662 ¹⁸
1278 2647 1350 2676 Bed..
1367 2647 1410 2671 ubi
1423 2654 1477 2678 sup.
1494 2661 1525 2666 -
1538 2649 1558 2665 ¹¹*
1569 2650 1647 2677 joan..
1663 2655 1719 2682 xix,

949 2687 971 2715 4,
985 2686 1061 2708 5-fi.-
1081 2685 1098 2700 ¹³
1113 2683 1186 2713 thid„
1198 2685 1235 2707 11.
1247 2696 1279 2701 —-
1296 2684 1314 2700 1⁶
1329 2683 1428 2713 Mattlz„
1445 2689 1526 2715 xxvii,
1543 2687 1624 2709 2⁴45.
