1987 3032
181 204 240 233 286

183 270 228 296 cet
241 267 362 296 Judaica
375 268 404 294 et
423 265 550 301 Gentilis,
575 265 613 293 de
632 265 741 301 quibus
759 265 792 292 in
813 265 925 300 figura¹
943 274 949 292 :

187 324 200 340 «
214 315 281 342 Duoe
296 315 394 349 gentes
408 313 438 341 in
453 315 536 341 utero
551 314 603 340 tuo
616 313 690 339 sunt.
707 320 722 337 ι»
735 313 802 339 Tres
812 312 950 345 metretae,

182 362 240 388 tres
253 360 358 396 populi
373 360 581 387 descendentes
596 366 613 386 a
628 358 721 385 tribus
736 357 803 385 filiis
818 359 887 385 Noe.
902 357 952 384 Vel

182 415 234 442 per
248 407 333 434 binas
348 408 492 439 metretas,
508 405 581 432 fides
595 404 754 432 divinitatis
775 404 805 431 in
824 403 950 437 Christo;

182 461 236 489 per
249 455 316 487 tres,
334 453 407 480 fides
421 451 578 485 Trinitatis;
601 452 627 478 ct
648 451 684 477 de
705 450 750 477 his
774 449 952 484 Augustinus

182 499 369 535 prosequitur
380 499 390 514 ²
404 498 517 533 prolixe
537 499 564 524 et
579 497 766 524 sufficienter.
782 496 953 524 Secundum

183 545 362 572 Bcrnardum
374 551 444 571 vero
453 545 473 578 ³,
488 554 501 568 u
511 544 562 570 Sea>
576 544 679 577 lzydrz'oe
695 545 761 570 sunt
781 550 832 570 sex
853 542 953 570 obser-

183 591 298 625 vantite,
312 590 419 626 quibus
429 590 621 625 purificantur
638 589 743 622 Judaei,
758 588 789 616 id
801 588 869 622 esst,
885 596 953 615 con-

183 637 298 664 fitentes
311 645 317 663 z
335 644 400 671 quae
414 638 480 663 sunt
490 634 834 670 silentium,psalm0dia,
841 634 954 669 vigilia,

180 683 344 717 jejunium,
364 690 438 717 opus
457 689 616 715 manuum,
636 681 731 708 carnis
751 680 919 708 munditia:
937 690 950 706 »

185 731 212 756 et
227 729 264 756 de
279 728 339 762 hiS,
361 730 388 756 et
405 728 608 764 purificatione
629 735 682 762 pcr
702 727 767 761 ista,
787 726 828 754 ibi
851 734 954 762 prose-

185 775 283 810 quitur
297 775 382 802 bene.
472 810 475 811 ⁷

221 823 248 849 7.
260 823 293 848 Et
306 821 438 856 sequitur
447 828 526 856 pars,
538 820 567 847 in
576 828 637 856 qua
651 820 712 847 Filii
725 819 772 847 Dei
787 819 954 854 praeceptio,

186 868 213 895 et
225 867 361 902 praecepti
380 866 522 902 impletio,
536 868 563 894 et
577 874 629 901 per
643 866 699 894 hoc
721 865 856 893 miraculi
871 865 957 892 effec-

185 913 235 947 tio,
252 913 293 940 ibi
310 923 316 940 :
334 914 406 940 Dicit
419 915 456 940 ez's
470 914 545 940 Jesus
557 922 563 939 :
576 913 696 947 Implete,
713 914 767 940 etc.
782 911 839 939 Sed
854 911 957 946 quaeri-

187 960 232 985 tur
248 967 254 985 :
272 967 307 986 ex
327 967 387 994 quo
404 959 477 986 dixit
491 958 636 993 superius,
658 958 741 993 quod
759 958 895 985 nondum
909 965 957 984 ve-

185 1006 269 1032 nerat
279 1005 353 1032 hora
365 1005 438 1039 ejus,
454 1004 562 1031 scilicet
576 1004 703 1031 faciendi
718 1004 870 1037 miracula,
886 1011 957 1039 qua-

185 1050 250 1078 liter
268 1059 346 1078 nunc
366 1050 504 1086 praecepit
523 1050 645 1085 implere
668 1049 802 1085 hydrias,
824 1052 856 1077 ut
876 1049 958 1077 fieret

186 1097 384 1124 miraculum?
415 1099 485 1124 ltem
513 1097 627 1124 videtur
651 1096 707 1123 sibi
732 1096 893 1123 contrarius
927 1096 957 1122 in

186 1142 262 1171 sacto
280 1145 308 1172 et
327 1143 415 1170 dicto.
431 1143 519 1170 ltem⁵
534 1152 540 1169 ε
556 1143 616 1170 Non
632 1145 670 1169 est
695 1144 765 1169 Deus
779 1144 859 1177 quasi
881 1143 957 1169 homo

186 1192 216 1216 ut
239 1191 395 1222 mentiatur,
419 1197 464 1216 nec
486 1192 515 1215 ut
533 1190 606 1222 filius
625 1189 751 1222 hominis,
774 1191 804 1215 ut
824 1192 956 1221 mutetur;

187 1244 258 1271 ergo
273 1239 304 1264 ut
326 1237 417 1272 prius.
442 1237 474 1263 Et
493 1235 531 1262 ad
551 1235 629 1263 istud
650 1234 903 1270 respondendum,
926 1236 958 1262 ut

87 317 148 338 Bina

62 350 146 374 gentes.

188 1282 298 1310 dictum
322 1284 373 1315 est,
398 1281 481 1317 quod
506 1281 639 1316 superius
664 1280 822 1308 insinuavit
845 1288 875 1307 se
897 1288 957 1307 non

186 1328 333 1356 facturum
348 1328 525 1355 miraculum
540 1329 661 1362 propter
676 1327 768 1354 dictas
782 1326 823 1353 ibi
838 1334 940 1353 causas
949 1336 956 1361 ;

187 1374 235 1401 hic
255 1377 352 1402 autem
373 1374 549 1402 miraculum
570 1373 636 1401 feeit
654 1374 804 1401 honorans
824 1374 958 1407 matrem,

187 1422 219 1448 ut
233 1421 368 1448 habitum
382 1422 432 1448 est.
447 1422 595 1454 Praeterea,
611 1422 642 1447 ut
653 1420 692 1447 ait
706 1420 958 1455 Clirysostomusss,

191 1477 206 1492 «
221 1467 349 1494 Christus
363 1467 402 1494 ait
417 1466 567 1494 mulieri⁷:
584 1467 644 1493 Non
661 1474 719 1492 sum
731 1468 836 1497 missus,
854 1467 909 1492 nisi
923 1466 960 1492 ad

188 1520 246 1540 oves
262 1521 320 1548 quoe
338 1514 476 1547 perierunt
497 1512 588 1539 domus
604 1512 701 1544 Israel3
718 1514 745 1539 et
763 1514 861 1539 tamen
874 1519 958 1538 cura-

187 1559 229 1585 vit
251 1558 343 1586 filiam
366 1559 429 1593 ejus
449 1567 456 1585 2
477 1558 642 1592 significans
660 1565 696 1584 cx
716 1558 772 1584 hoc
794 1557 886 1592 quod,
908 1557 959 1584 etsi

188 1604 302 1640 indigni
329 1604 440 1638 simus,
469 1604 629 1631 assessione
663 1603 700 1638 (α)
730 1603 871 1631 faciamus
906 1611 960 1630 nos

190 1650 306 1685 dignos,
326 1653 358 1678 ut
377 1650 564 1685 accipiamus.
585 1660 598 1675 »
623 1651 686 1677 Haec
705 1649 766 1677 ille.
786 1649 870 1676 Nulla
889 1657 959 1683 crgo

189 1697 312 1724 mutatio
327 1697 357 1723 in
367 1696 438 1724 Filio
451 1696 510 1730 Dei,
526 1696 592 1723 licet
603 1695 826 1730 videaturprius
840 1703 959 1730 negare,

192 1745 219 1770 et
233 1744 336 1778 postea
351 1742 432 1777 dare,
448 1743 480 1769 ut
495 1743 573 1776 patet
595 1749 631 1769 ex
647 1741 741 1768 dictis.
761 1743 793 1769 Et
809 1741 940 1776 sequitur
953 1751 958 1768 :

189 1790 224 1816 Et
238 1790 415 1824 impleverunt
429 1796 511 1822 usque
523 1788 559 1815 ad
577 1796 718 1815 summum.
735 1789 766 1814 Et
784 1787 814 1814 in
835 1788 892 1815 hoc
911 1795 961 1822 pa-

190 1837 229 1862 tet
247 1835 416 1862 obedientia
436 1834 647 1867 ministrorum,
667 1835 694 1860 et
716 1833 892 1860 miraculum
912 1841 961 1860 oc-

192 1881 267 1908 culte
282 1881 392 1908 factum
404 1889 410 1907 :
423 1882 483 1915 Ipse
495 1880 574 1907 enim
582 1880 592 1896 Β
600 1880 792 1912 dz'aeit,etsacta
802 1882 874 1907 sunt.
882 1880 961 1907 Unde

191 1927 373 1955 credendum
388 1929 440 1961 est,
456 1926 539 1962 quod
561 1928 630 1953 tunc
651 1925 705 1953 suit
723 1933 801 1961 aqua
820 1933 963 1953 conversa

191 1973 223 2000 in
238 1973 350 2000 vinum.
367 1973 424 2000 Sed
438 1972 576 2008 quaeritur
591 1979 682 2007 quare
698 1979 759 1999 non
769 1974 811 1999 est
824 1979 894 1999 usus
909 1971 962 1999 ali-

192 2027 253 2055 quo
279 2019 372 2046 verbo
391 2018 583 2053 significativo
608 2017 754 2053 praedictae
783 2018 962 2052 mutationis,

193 2065 266 2092 sicut
279 2065 309 2092 in
319 2065 383 2092 aliis
397 2064 547 2092 miraculis
557 2066 598 2092 est
607 2072 688 2098 usuS,
704 2064 778 2091 sicut
788 2063 881 2091 insra⁹
893 2073 900 2090 :
911 2065 963 2091 Ait

190 2113 344 2146 paralytico
357 2120 365 2138 .·
377 2111 470 2145 Surye,
486 2112 548 2138 tolle
562 2111 714 2145 grabatum,
728 2111 782 2137 etc.
794 2111 827 2136 Et
841 2109 917 2137 infra
926 2109 962 2136 ¹⁰:

193 2159 303 2192 Lazare,
322 2159 382 2185 vem'
402 2159 485 2190 foras.
497 2158 567 2184 Item
583 2156 721 2191 quaeritur
738 2163 829 2191 quare
848 2155 888 2182 ait
909 2155 963 2182 mi-

194 2204 300 2237 nistris,
323 2206 356 2231 ut
375 2203 531 2238 implerent
553 2202 674 2237 hydrias
697 2209 776 2237 aqua
784 2211 792 2236 ;
817 2204 845 2229 et
873 2209 964 2237 quare

195 2250 242 2284 ait,
257 2252 290 2277 ut
299 2249 455 2285 implerent
468 2256 562 2284 usque
584 2248 623 2275 ad
638 2255 798 2282 summum,
818 2255 886 2274 cum
897 2255 965 2282 pos-

197 2298 239 2323 set
252 2295 447 2331 multiplicare
468 2294 586 2329 vinum,
610 2293 634 2321 si
652 2295 725 2321 esset
746 2301 878 2327 necesse,
904 2293 964 2320 sinc

197 2342 267 2369 istis.
285 2341 328 2368 Ad
345 2341 422 2368 istud
440 2340 698 2376 respondendum,
717 2339 816 2375 quod,
835 2339 908 2366 sicut
927 2339 966 2366 ait

199 2388 423 2423 Chrysostomus
433 2387 462 2422 ¹¹,
477 2397 490 2413 α
502 2387 533 2414 in
546 2387 603 2414 hoc
617 2386 778 2420 miraculo,
795 2386 921 2414 ostendit
935 2393 965 2413 se

95 2449 185 2470 hm„
200 2442 262 2463 esse
275 2433 458 2462 conditorem
467 2441 575 2468 rerum,
588 2433 743 2461 obstruens
752 2432 897 2460 insaniam
910 2432 966 2459 hae-

235 2520 326 2548 ¹Ge71.,
339 2523 401 2548 XXV,
412 2518 488 2541 23.-
501 2517 509 2532 ²
523 2518 598 2548 Aug„
612 2517 730 2549 uhisup.‚
742 2525 768 2543 n.
784 2519 840 2542 7.—
856 2518 866 2534 ³
879 2518 967 2548 Rern„

199 2556 226 2579 iu
253 2554 354 2580 nomin.
376 2555 434 2584 post
454 2555 537 2576 octav.
560 2553 660 2583 Epiph.,
682 2560 758 2578 serm.
784 2559 816 2583 11,
839 2560 865 2578 n.
890 2555 913 2577 7.
938 2567 965 2571 —

199 2587 209 2602 ¹·
225 2590 338 2620 ΓἾἹΊΠ,
353 2586 514 2612 confiteri.—
525 2587 535 2602 ⁸
545 2587 631 2617 Num„
642 2594 716 2617 xxiii,
728 2590 798 2613 19.—
808 2589 817 2602 ⁶
825 2588 965 2619 chrysost„

200 2627 245 2651 ubi
258 2633 326 2657 sup„
343 2632 370 2649 n.
388 2626 399 2648 1
421 2625 447 2647 et
464 2624 487 2647 2.
503 2635 534 2641 —
552 2621 561 2638 ⁷
579 2623 681 2652 Mutat„
700 2630 743 2654 xv,
761 2626 800 2648 24.
820 2636 850 2642 —
868 2624 879 2640 ⁸
897 2624 966 2648 Psul.

697 197 910 230 EVANGELlI
931 197 1073 230 SANCTI
1094 197 1109 229 J
1112 197 1218 230 OANN
1222 198 1255 230 lS

1004 264 1162 292 reticorum
1183 273 1189 292 :
1212 275 1226 290 ι
1247 267 1279 292 ut
1297 272 1368 300 ergo
1393 265 1486 293 verbo
1507 273 1561 294 suo
1580 266 1710 294 increato
1729 273 1776 295 res
1799 270 1887 291 hareti-

1006 310 1148 344 condidit,
1164 310 1205 338 sic
1225 313 1253 338 et
1269 314 1362 339 mutat
1380 315 1468 348 prout
1488 312 1561 340 vult.
1581 312 1662 340 Unde
1683 312 1775 348 Chry-
1797 305 1889 351 332ss-

1006 360 1151 384 sostomus
1161 357 1199 384 ¹²:
1214 359 1294 385 Nunc
1309 358 1448 386 nimirum
1457 359 1614 387 ostendens
1628 359 1778 394 (b)‚uquo-
1791 362 1834 382 tur.

1006 403 1085 430 niam
1105 403 1167 438 ipsc
1185 406 1226 430 cst
1246 403 1297 438 qui
1312 404 1342 430 in
1361 404 1453 432 vineis
1467 413 1575 441 aquam
1593 406 1775 439 transmutat,

1007 452 1034 476 et
1047 449 1179 484 pluviam
1194 457 1246 484 per
1261 450 1390 478 radicem
1405 451 1435 478 in
1451 451 1553 479 vinum
1573 451 1666 483 vertit,
1683 449 1778 486 quod-

1007 504 1064 531 que
1080 496 1110 522 in
1127 496 1228 531 planta
1242 504 1294 531 per
1312 496 1437 524 multum
1452 500 1566 533 tempus
1586 498 1634 532 fit,
1655 498 1711 525 hoc
1731 505 1777 524 re-

1007 544 1092 577 pente
1107 542 1194 569 simul
1212 542 1243 569 in
1258 542 1365 578 nuptiis
1381 545 1516 578 operatus
1532 546 1582 571 est.
1601 555 1614 570 n
1635 545 1699 572 Haec
1714 543 1774 571 ille.

1007 587 1174 623 Aliquando
1197 590 1295 615 tamen
1316 591 1358 616 cst
1384 597 1453 616 usus
1473 589 1564 617 verbo
1588 590 1725 617 exteriori
1747 589 1777 616 in
1792 593 1898 613 eurum·

1008 633 1173 668 miraculiS,
1204 636 1324 670 propter
1348 634 1476 662 aliorum
1497 635 1718 663 instructionem
1747 635 1778 662 in
1793 623 1898 675 ῄιξζὲἰὶῖο

1008 680 1077 708 fide.
1098 680 1141 707 Ad
1160 680 1242 707 aliud
1264 681 1505 716 respondendum
1527 683 1586 716 est,
1607 681 1689 717 quod
1709 681 1777 709 ideo
1806 692 1848 706 uns
1862 686 1883 705 in

1010 727 1082 754 dixit
1095 726 1243 761 ministris,
1258 729 1291 754 ut
1305 727 1448 761 aurirent,
1460 730 1492 755 ut
1506 728 1573 755 inde
1588 730 1673 756 testes
1686 727 1778 755 habe·
1793 716 1892 767 lairacu-

1009 775 1051 800 ret
1067 773 1129 808 ejus
1144 773 1226 808 quod
1240 772 1331 801 fiebat
1346 782 1352 800 :
1375 774 1431 809 ipsi
1446 774 1524 801 euim
1540 782 1650 810 aquam
1673 773 1779 801 hause-
1811 788 1856 807 c„
1869 786 1899 806 di.

1009 821 1084 847 rant.
1101 821 1132 847 Et
1143 820 1209 847 licet
1226 822 1323 855 posset
1341 820 1445 847 vinum
1464 820 1674 856 multiplicare,
1695 822 1723 848 et
1743 828 1779 848 ex
1798 818 1828 854 ’,ἢ
1851 818 1894 853 s¹¹¹'·

1010 866 1126 893 modico
1141 866 1267 893 multum
1282 866 1376 894 facere
1386 887 1394 901 ,
1421 867 1558 902 praecepit
1579 866 1701 902 implere
1723 866 1779 902 hy·
1794 851 1900 901 ”mg-⁵?

1011 912 1106 939 driam
1121 920 1199 948 aqua
1213 920 1307 948 usque
1322 912 1360 940 ad
1376 920 1535 947 summum,
1552 914 1583 940 ut
1597 914 1625 940 ct
1639 914 1712 940 esset
1725 911 1782 940 mi·
1822 913 1871 932 ΝΜ

1010 958 1102 985 raculi
1126 958 1283 993 evidentia,
1309 961 1336 986 ct
1355 958 1535 986 sufficientiae
1557 958 1782 986 convivantibus
1801 947 1894 994 gaam,

1011 1004 1204 1032 abundantia.

1047 1052 1072 1077 8.
1084 1052 1115 1077 Et
1126 1051 1256 1086 sequitur
1270 1051 1321 1078 illa
1331 1059 1410 1086 pars,
1423 1051 1454 1078 in
1463 1058 1523 1086 qua
1533 1050 1668 1078 miraculi
1674 1057 1782 1086 appro-
1802 1052 1902 1073 Miraculi

1011 1096 1100 1130 batio,
1115 1099 1143 1124 et
1157 1097 1194 1124 ab
1210 1097 1274 1124 aliis
1289 1097 1506 1125 commendatio
1520 1106 1527 1124 ι
1543 1098 1616 1124 Dicit
1631 1098 1669 1123 eis
1683 1096 1757 1123 Iesus
1772 1105 1782 1123 :
1797 1082 1902 1134 ¹¹¹5{‘,{’‘⁰¹³³'

1011 1144 1142 1177 flam-ite,
1163 1146 1235 1177 etc.;
1257 1145 1283 1170 et
1306 1143 1348 1171 ibi
1368 1143 1421 1171 tria
1437 1152 1444 1170 :
1459 1143 1572 1178 primo,
1593 1142 1696 1170 divina
1709 1149 1783 1178 prae-

1012 1189 1107 1225 ceptio
1119 1189 1155 1216 de
1169 1189 1334 1217 hauriendo
1347 1189 1416 1217 vino
1426 1198 1434 1223 ;
1445 1188 1586 1222 secundo,
1601 1188 1662 1215 vini
1674 1187 1783 1215 delatio

1012 1236 1067 1271 ipsi
1083 1235 1289 1270 architriclino,
1307 1238 1334 1263 et
1349 1235 1427 1262 illius
1442 1235 1480 1262 ab
1505 1243 1540 1262 eo
1564 1234 1703 1269 gustatio,
1718 1234 1760 1261 ibi
1776 1243 1782 1260 :

1013 1284 1048 1310 Et
1063 1284 1195 1317 tulerunt3
1211 1283 1306 1314 tertio,
1323 1283 1361 1310 ab
1378 1282 1483 1310 eodem
1501 1282 1601 1318 sponsi
1615 1282 1744 1316 vocatio,
1758 1283 1787 1310 et

1013 1329 1074 1356 vini
1096 1329 1162 1356 sacti
1183 1337 1219 1356 ex
1245 1337 1322 1364 aqua
1342 1329 1578 1362 commendatio,
1603 1328 1646 1356 ibi
1670 1337 1680 1356 .·
1703 1329 1787 1356 Vocat

1013 1383 1148 1410 sponsum,
1160 1378 1212 1403 etc.
1227 1377 1259 1402 Et
1272 1375 1329 1402 hoc
1351 1377 1402 1408 est,
1418 1375 1501 1410 quod
1520 1375 1577 1402 ait:
1594 1376 1673 1401 Dixit
1685 1376 1760 1402 Iesus
1777 1383 1787 1401 .-

1013 1423 1087 1449 Ferce
1102 1423 1295 1449 architriclino.
1308 1422 1365 1450 Sed
1380 1421 1519 1457 quaeritur
1534 1422 1642 1454 :Quare
1656 1420 1789 1457 praecipit
1815 1421 1908 1458 curter-

1014 1469 1110 1502 primo
1130 1468 1173 1494 illi
1188 1468 1293 1495 deferri
1309 1468 1430 1495 vinum?
1444 1468 1574 1502 Videtur,
1597 1466 1680 1502 quod
1703 1466 1788 1494 fuerit
1803 1457 1906 1506 ΠᾙΙᾝ,

1014 1521 1208 1549 personarum
1227 1515 1377 1548 acceptor,
1405 1522 1440 1540 cx
1460 1521 1520 1548 quo
1548 1513 1687 1548 praecepit
1712 1512 1787 1539 ferre
1802 1516 1904 1536 chimeli-

1015 1560 1117 1586 vinum
1133 1559 1217 1595 quasi
1229 1559 1441 1595 principaliori.
1460 1561 1491 1586 Ut
1507 1559 1585 1587 enim
1600 1559 1641 1586 ait
1655 1558 1788 1593 Magister
1803 1553 1850 1605 ¹²⁰3
1888 1585 1893 1589 ,

1015 1606 1045 1632 in
1060 1607 1202 1640 Historiis,
1225 1605 1437 1633 architriclinus
1456 1605 1563 1633 dicitur
1581 1606 1694 1641 primus
1715 1605 1789 1632 inter
1802 1586 1908 1637 Aci-ciffi?

1016 1652 1219 1686 convivantes,
1248 1651 1343 1678 dictus
1367 1660 1384 1679 a
1408 1651 1532 1679 triclinio
1542 1672 1551 1685 ,
1579 1651 1662 1686 quod
1689 1650 1790 1678 dicunt
1803 1647 1882 1667 cmm·

1015 1698 1103 1725 fuisse
1119 1698 1227 1725 domus
1237 1697 1432 1732 tricamerata,
1445 1697 1493 1725 vel
1503 1697 1617 1725 habens
1631 1697 1790 1726 testudines

1017 1746 1084 1778 tres,
1098 1743 1146 1771 vel
1159 1746 1216 1771 tres
1235 1743 1352 1771 ordines
1370 1752 1548 1772 mensarum.
1569 1745 1650 1778 ltem,
1670 1752 1706 1771 ex
1729 1751 1788 1779 quo

1016 1790 1139 1817 ministri
1153 1790 1311 1818 hauserant
1325 1797 1446 1825 aquam,
1455 1790 1572 1817 videtur
1588 1789 1670 1825 quod
1682 1789 1726 1817 illi
1736 1797 1790 1825 po-

1018 1837 1137 1864 tuissent
1150 1836 1305 1871 perhibere
1320 1835 1520 1863 testimonium
1533 1835 1570 1863 de
1584 1836 1654 1863 vino
1665 1835 1742 1863 facto
1753 1844 1789 1863 ex

1018 1890 1105 1917 aqua.
1133 1885 1172 1909 Ex
1195 1882 1235 1909 ad
1259 1882 1336 1909 istud
1361 1882 1602 1917 respondendum
1630 1881 1791 1909 secundum

1017 1929 1258 1964 Chrysostomum
1264 1929 1295 1962 ¹³,
1302 1928 1353 1955 ubi
1360 1936 1459 1964 supra,
1467 1928 1567 1964 quod«
1573 1928 1718 1962 homines,
1725 1927 1791 1964 qui-

1017 1975 1074 2002 bus
1088 1974 1261 2002 ministratio
1278 1974 1382 2002 talium
1396 1982 1548 2002 coenarum
1569 1974 1680 2002 credita
1693 1976 1746 2008 est,
1760 1974 1791 2001 hi

1018 2021 1146 2048 maxime
1160 2020 1263 2055 vigiles
1278 2022 1355 2054 sunt,
1370 2023 1404 2048 ut
1418 2021 1449 2048 in
1461 2023 1566 2048 ornatu
1576 2023 1603 2048 et
1611 2020 1715 2049 ordine
1729 2028 1791 2048 om-

1018 2067 1068 2094 nia
1082 2067 1275 2102 disponantur
1281 2077 1289 2102 3
1316 2069 1473 2102 propterea
1487 2067 1658 2102 vigilantem
1673 2074 1791 2094 sensum

1019 2112 1050 2140 in
1064 2113 1263 2140 testimonium
1278 2121 1392 2147 eorum,
1413 2121 1478 2148 quae
1492 2113 1612 2147 fiebant,
1628 2113 1754 2140 vocavit.
1774 2123 1788 2137 n

1020 2160 1083 2187 Haec
1095 2159 1154 2187 ille.
1171 2161 1203 2187 Et
1216 2159 1287 2195 quia
1297 2159 1362 2187 talis
1377 2161 1437 2187 erat
1447 2159 1668 2193 architriclinus,
1679 2159 1706 2186 et
1720 2157 1792 2186 alio-

1019 2213 1086 2232 rum
1102 2207 1163 2233 erat
1177 2213 1278 2232 sensus
1294 2208 1460 2240 corruptus,
1471 2212 1531 2232 non
1545 2204 1692 2232 sufficiens
1711 2211 1791 2231 com-

1019 2251 1203 2286 prehendere
1217 2259 1252 2279 ea
1266 2259 1331 2287 quae
1346 2251 1467 2285 fiebant,
1478 2259 1512 2278 eo
1525 2250 1607 2286 quod
1616 2250 1688 2278 ebrii
1698 2251 1790 2282 erant,

1020 2297 1088 2325 ideo
1103 2305 1165 2325 non
1181 2297 1319 2333 praecepit
1333 2297 1406 2325 ferre
1422 2297 1526 2324 vinum
1539 2295 1789 2324 recumbentibus,

1021 2345 1074 2371 Per
1093 2344 1150 2371 hoc
1164 2344 1203 2371 ad
1223 2343 1325 2371 aliud:
1339 2351 1530 2379 nequaquam
1553 2343 1632 2370 enim
1655 2341 1789 2375 ministri,

1022 2392 1189 2418 enarrantes
1214 2389 1322 2417 scilicet
1344 2389 1535 2424 miraculum,
1551 2390 1646 2416 essent
1668 2387 1790 2420 crediti,

1021 2436 1074 2463 sed
1086 2436 1253 2464 viderentur
1271 2435 1398 2464 insanire
1408 2445 1417 2470 ;
1442 2435 1510 2463 ideo
1531 2442 1592 2462 non
1611 2433 1727 2462 vocavit
1740 2441 1790 2462 eos

1023 2517 1129 2541 cxrvru,
1139 2511 1312 2542 5.—⁹1nf.,v,
1324 2510 1477 2540 8.—¹·1nf.‚
1489 2515 1524 2540 x1,
1535 2510 1635 2540 43.-ξ11
1648 2509 1790 2540 Chrysost.,

1022 2547 1066 2571 ubi
1080 2554 1146 2577 sup.,
1162 2554 1189 2571 n.
1207 2548 1230 2571 2.
1245 2559 1275 2564 —
1291 2546 1309 2560 '²
1325 2546 1388 2570 ibid.
1403 2559 1433 2563 —
1447 2558 1477 2564 —
1491 2545 1512 2561 ¹³
1527 2545 1588 2569 ibid.

1054 2591 1086 2621 (ιι)
1104 2591 1142 2614 Al.
1158 2591 1320 2620 assiduitate,
1334 2591 1388 2614 coet.
1400 2589 1460 2613 edit.
1473 2588 1627 2613 accessione.
1639 2601 1668 2606 --
1680 2588 1713 2619 (h)
1726 2588 1787 2613 Coet.

1023 2626 1083 2650 edit.
1100 2633 1198 2651 omnes.
