1987 3032
700 203 903 235 EXPOSITIO
926 203 965 234 IN
987 203 1073 234 CAP.
1097 203 1188 234 XXII.

144 276 248 306 hatur.
262 285 276 303 »
292 275 330 305 Et
341 276 368 305 ¹:
389 285 404 303 (ι
415 273 448 304 Si
464 272 603 312 possides
617 271 755 302 amicum
765 295 775 309 ,
793 271 826 301 in
839 273 907 301 ten-

144 327 260 358 tatione
275 327 397 366 posside
413 334 499 355 eum.
516 336 530 352 »
548 324 586 355 Et
599 325 752 364 quoniam
768 324 821 364 qui
837 332 908 363 par-

144 381 240 419 ticeps
255 381 301 410 est
316 379 349 408 in
366 377 570 408 tribulatione
582 401 589 413 ,
612 377 703 407 debet
723 386 791 407 esse
811 377 908 416 parti-

143 442 215 472 ceps
229 433 261 462 in
276 432 396 462 honore
408 454 417 468 ,
444 431 512 461 ideo
527 430 613 460 addit
631 439 672 469 lv.
695 430 746 467 ⁶29)
764 440 771 460 :
789 430 834 460 Et
851 438 908 468 esso

142 486 274 525 dispono
297 484 404 521 vobis,
428 484 509 513 sicat
528 483 608 513 mila·
628 486 719 522 pater
743 492 842 520 meus,
862 492 909 513 re-

140 547 239 578 ynzcm
251 547 262 568 .·
278 538 319 577 (v.
333 537 380 576 30)
393 536 538 566 medatis
552 540 582 566 et
590 536 700 566 bibatis
710 544 805 575 super
819 545 908 566 men-

139 600 209 621 sam
223 599 328 621 meam
343 590 377 620 in
390 598 488 628 rayno
504 598 588 626 meo,
612 597 667 628 per
681 589 907 619 abundantiam

139 644 299 681 satietatis,
314 642 487 673 secundum
502 641 579 672 illud
590 645 618 672 '³2
641 641 774 672 «Fidelis
783 650 904 673 sermo:

138 705 212 727 nam
228 697 254 726 si
275 695 465 726 commortui
485 703 596 724 sumus
607 718 615 732 ,
632 696 662 724 et
677 695 902 731 convivemus;

138 749 163 778 si
178 749 404 779 sustinebimus
417 772 424 786 ‚
440 750 470 777 et
485 747 765 786 conregnabimus.
783 759 797 775 »
818 747 857 778 Et
870 748 879 764 ³
898 758 904 776 :

138 813 153 830 (ι
168 801 327 841 Par-ticeps
341 802 374 831 in
390 800 592 830 tribulatione
608 802 638 830 et
654 809 765 839 regno.
782 811 796 828 »
815 800 906 831 Pater

136 855 290 894 disposuit
301 855 383 891 filio,
399 854 482 894 quod
498 855 677 892 perveniret
690 854 730 884 ad
745 854 905 884 exaltatio-

135 917 208 938 nem
220 917 275 947 per
286 907 539 938 humiliationem
554 917 560 936 :
572 916 644 937 nam
657 907 738 936 infra
752 907 902 938 dicitur&

139 972 154 990 n
168 960 276 991 Nonne
290 961 359 991 haec
373 960 513 999 oportuit
532 960 596 999 pati
615 959 792 997 Christum,
816 961 847 990 et
862 960 905 990 ita

134 1014 253 1044 intrare
277 1014 309 1044 in
330 1014 466 1052 gloriam
487 1016 600 1043 suam?
614 1024 628 1041 »
654 1013 690 1043 Et
704 1014 712 1029 ⁵
730 1024 735 1042 ε
759 1024 773 1041 κ
790 1013 903 1044 Humi-

133 1067 222 1097 liavit
232 1067 448 1106 semetipsum.
461 1078 475 1094 »
490 1066 527 1097 Ε1
542 1069 628 1106 post:
648 1066 803 1106 «Propter
818 1068 903 1106 quod

132 1123 163 1150 et
178 1120 260 1150 Deus
274 1119 423 1150 exaltavit
442 1119 533 1149 illum
545 1143 552 1157 ‚
570 1121 601 1149 et
625 1119 754 1149 donavit
774 1119 819 1149 illi
844 1129 901 1150 no-

133 1182 224 1211 men,
240 1184 254 1201 »
274 1174 333 1203 etc.
350 1172 400 1202 Sic
415 1174 445 1202 et
461 1172 558 1202 Filius
577 1172 714 1211 disponit
734 1172 824 1202 nobis
846 1182 902 1203 eo-

132 1228 204 1259 dem
220 1228 329 1265 modo,
346 1230 377 1257 et
391 1230 550 1266 quantum
567 1227 607 1257 ad
623 1227 707 1257 viam
719 1251 729 1265 ,
755 1229 785 1257 et
800 1237 902 1267 quan-

131 1284 200 1311 tum
211 1281 250 1311 ad
262 1281 406 1320 patriam.
418 1279 506 1310 Unde
519 1280 550 1309 in
561 1280 684 1310 ιῙοαηηε
693 1281 731 1319 (a)
740 1281 762 1310 ⁶:
771 1280 901 1320 «Siquis

132 1335 210 1365 mihi
228 1333 404 1371 ministrat,
431 1342 481 1363 me
507 1335 681 1372 sequatur:
703 1336 733 1363 et
752 1334 805 1364 ubi
829 1343 900 1364 sum

132 1397 210 1426 ego,
226 1387 290 1417 11110
303 1389 333 1417 et
348 1386 492 1416 minister
506 1395 595 1416 meus
611 1386 680 1416 erit.
696 1397 711 1415 i>
730 1387 819 1423 Quod
835 1397 899 1418 non

131 1440 234 1471 solum
265 1440 339 1470 dicit
363 1439 467 1478 quoad
490 1439 673 1469 convivium
700 1440 897 1478 refectionis,

130 1502 244 1525 verum
267 1495 298 1522 et
326 1486 441 1522 solium
465 1492 612 1529 honoris3
640 1494 670 1521 et
692 1492 760 1522 ideo
785 1493 896 1523 addit:

131 1547 176 1578 Ec
187 1546 319 1576 sedeatis
332 1554 428 1585 saper
450 1545 594 1582 thronos,
619 1545 796 1584 judicantes
819 1546 897 1577 dao-

129 1599 229 1630 deeim
245 1599 344 1629 trihus
359 1598 461 1629 Israel
470 1622 477 1636 ‚
495 1608 550 1638 per
565 1599 781 1629 excellentiam
797 1600 899 1639 digni-

128 1653 212 1682 tatis.
230 1652 268 1683 Et
282 1653 343 1682 1100
363 1652 494 1683 debetur
511 1653 652 1691 perfectis
665 1677 673 1690 ‚
698 1653 753 1692 qui
772 1654 895 1692 311111οῑ1-

128 1705 229 1741 bunt,
257 1707 287 1735 et
307 1714 372 1735 uon
393 1704 634 1744 judicabuntur,
661 1706 699 1736 de
724 1707 841 1745 quibus
864 1708 897 1738 in

127 1757 277 1789 Mallhaeo
291 1758 328 1797 (b)
341 1761 350 1776 ⁷
364 1757 467 1795 1111105,
482 1758 536 1797 qui
547 1759 643 1789 secuti
657 1759 730 1789 estis
739 1769 801 1797 me,
813 1771 826 1788 n
837 1763 894 1791 etc.

127 1811 165 1841 Et
190 1812 222 1841 in
244 1811 356 1841 talium
376 1820 510 1850 persona
533 1811 645 1841 dicitur
661 1813 671 1828 ⁸
695 1823 701 1841 :
734 1824 748 1839 a
767 1812 897 1844 Nescitis

127 1864 282 1903 quoniam
298 1863 440 1902 Angelos
451 1863 683 1902 judicabimus?
700 1868 818 1904 quanto
833 1876 896 1896 ma-

127 1916 176 1955 gis
192 1916 380 1946 saecularia?
395 1928 409 1944 »
430 1916 493 1946 Hoc
509 1921 615 1947 autem
630 1918 761 1949 debetur
776 1920 893 1958 perfec-

128 1971 168 1998 tae
193 1969 364 1999 humilitati
378 1993 386 2007 ‚
408 1970 583 2000 secundum
606 1970 684 2001 illud
700 1972 709 1987 ⁹
735 1982 741 2001 :
768 1983 782 2000 (1
797 1972 895 2004 Causa

127 2023 181 2051 tua
200 2022 292 2061 quasi
312 2022 400 2061 impii
417 2022 558 2061 Judicata
575 2025 633 2054 est.
656 2035 670 2051 »
694 2024 732 2055 Et
750 2025 867 2056 iterum
885 2037 891 2056 ε

131 2074 224 2104 «Non
240 2074 339 2105 salvat
354 2075 478 2114 impiOS,
490 2077 521 2105 et
530 2076 689 2114 judicium
701 2079 894 2117 pauperibus

126 2127 236 2157 tribuit
243 2138 250 2165 3
266 2139 280 2156 ι)
301 2128 361 2158 illis
380 2128 494 2158 scilicet
509 2129 566 2168 qui
584 2130 717 2160 vincunt
737 2133 893 2170 superhiae

126 2181 251 2211 fastum.
278 2181 447 2221 Propterea
462 2182 576 2213 dleitur
591 2183 612 2198 ¹⁰
629 2193 635 2213 :
658 2194 671 2211 «
687 2184 746 2220 Qui
764 2185 890 2224 vicerit,

124 2233 204 2263 dabo
218 2233 245 2263 ei
261 2234 367 2264 sedere
383 2243 508 2264 mecum
530 2235 563 2265 in
577 2236 692 2266 throno
709 2246 778 2267 meo
788 2249 795 2275 ;
813 2238 893 2269 sicut

125 2288 155 2316 et
177 2296 237 2324 <232
261 2286 340 2323 vici,
360 2288 390 2316 et
412 2287 535 2317 consedi
560 2297 631 2318 cum
658 2291 744 2329 patre
768 2300 838 2321 meo
860 2292 892 2322 in

124 2337 237 2368 throno
252 2339 332 2376 eJus.
349 2349 362 2365 »
392 2337 429 2368 Et
451 2338 510 2368 hoc
530 2341 575 2369 est
594 2341 764 2379 praemium
783 2342 892 2374 humi-

123 2389 204 2420 lium
220 2391 239 2406 ¹¹
258 2401 287 2420 :«
301 2389 333 2419 Si
348 2390 418 2429 quis
433 2390 513 2420 mihi
528 2392 774 2432 ministraverit,
789 2395 888 2428 hono-

123 2443 258 2473 rificabit
272 2451 346 2473 eum
361 2445 448 2482 pater
462 2452 562 2475 meus.
575 2456 589 2473 »

164 2497 212 2526 31.
241 2496 297 2527 Ait
325 2500 433 2527 autem
465 2497 622 2528 Dominus
649 2500 798 2540 Simoni,
830 2505 889 2534 etc.

155 2555 161 2571 ¹
176 2556 262 2586 Eccli„
276 2558 395 2586 v1‚7.-
410 2558 420 2573 ²
441 2558 458 2581 ΙΙ
478 2559 548 2589 Tim„
572 2565 599 2590 11,
621 2562 656 2584 Μ.
674 2574 698 2578 -
715 2562 724 2578 ³
739 2562 852 2594 Apoc.,1,
868 2567 891 2588 9.

126 2591 131 2603 ⁸
148 2590 202 2621 ins„
221 2597 290 2621 xxiv,
307 2593 345 2616 26.
361 2605 390 2610 —
403 2594 412 2609 ⁵
430 2593 536 2624 Philip„
556 2601 585 2625 11,
601 2597 623 2626 8,
639 2598 662 2620 9.
680 2610 710 2614 —
726 2599 734 2612 ⁸
750 2599 890 2629 Joan..x11,

124 2627 161 2648 26.
182 2639 209 2643 -
222 2626 230 2641 7
247 2627 346 2656 Mami„
365 2634 418 2658 xix,
433 2630 470 2652 28.
486 2642 517 2647 —
532 2630 559 2653 ⁰1
579 2631 647 2661 Corn,
666 2637 700 2662 Vi,
721 2634 743 2656 3.
760 2647 789 2652 —
809 2636 817 2649 ⁰
836 2635 890 2663 101),

123 2666 211 2690 xxxvi,
228 2662 263 2685 17.
277 2675 306 2680 —
321 2663 341 2679 ¹⁰
352 2663 437 2694 Apoc„
455 2669 496 2694 ιιι,
511 2666 549 2689 21.
571 2679 591 2683 -
611 2667 627 2683 ¹¹
647 2667 727 2698 loun„
742 2674 787 2699 xii,
806 2671 843 2694 26.
860 2683 890 2688 —

1677 209 1735 238 ⁴85

965 270 1038 301 Post
1057 279 1235 310 repressam
1253 271 1481 311 discipulorum
1497 275 1733 312 arrogantiam,

964 323 1016 353 hic
1032 324 1151 354 animat
1172 333 1225 354 eos
1245 325 1285 355 ad
1303 325 1511 355 constantiam
1527 328 1636 356 contra
1652 328 1733 366 peri-

964 378 1035 407 cula
1056 378 1265 408 imminentia.
1293 378 1330 409 Et
1353 379 1505 418 quoniam
1528 379 1561 409 in
1585 380 1733 419 periculis

964 439 1042 469 opus
1073 434 1119 461 est
1141 432 1313 462 constantia
1338 434 1447 462 contra
1473 432 1658 463 violentiam
1669 457 1678 471 ,
1703 436 1734 464 et

963 493 1043 523 opus
1062 487 1107 515 est
1120 485 1242 515 cautela
1261 489 1368 516 contra
1382 486 1628 516 fraudulentiam
1643 488 1731 523 (nam

963 537 1107 567 diabolus
1114 540 1213 568 tentat
1222 541 1257 568 ut
1269 538 1318 569 leo
1325 562 1334 576 ,
1348 540 1445 568 tentat
1454 539 1549 569 etiam
1564 541 1599 569 ut
1610 539 1711 579 draco)
1722 552 1730 577 ;

962 589 1032 619 ideo
1048 599 1120 628 pars
1136 590 1195 620 ista
1213 591 1308 622 habet
1323 591 1402 621 duas
1416 594 1530 631 partes,
1547 592 1580 621 in
1595 602 1732 632 quarum

962 642 1067 681 prima
1084 643 1205 673 animat
1219 644 1388 683 discipulos
1402 645 1440 674 ad
1456 646 1661 676 constantiam
1675 657 1681 683 ;
1699 647 1732 677 in

961 695 1098 725 secunda
1114 705 1190 727 vero
1212 696 1355 726 sollicitat
1369 697 1408 727 ad
1424 697 1599 736 cautelam,
1624 699 1667 729 ibi
1683 700 1704 715 ¹²
1723 711 1729 730 :

960 749 992 779 E
994 752 1005 777 t
1015 748 1099 778 discit
1112 749 1176 779 eis:
1192 750 1328 788 Quando
1336 751 1410 780 misi
1423 760 1477 780 vos
1487 775 1495 788 ‚
1507 754 1566 781 etc.
1578 752 1732 784 Animans

960 803 1067 831 autem
1093 802 1133 831 ad
1161 803 1369 832 constantiam
1383 827 1390 841 ,
1421 805 1594 842 praemunit
1622 809 1732 837 contra

959 855 1165 885 tentationem
1176 880 1185 894 ,
1213 856 1349 886 ostendit
1372 856 1407 896 (c)
1434 857 1473 888 ad
1499 857 1710 890 defensionem
1721 885 1729 899 ,

959 910 989 937 et
1003 909 1172 946 compescit
1188 909 1482 948 praesumptionem.

999 959 1106 991 Primo
1131 970 1226 999 ergo⁷
1254 964 1411 1001 quantum
1434 963 1473 993 ad
1494 966 1731 1002 praenuntiatio-

958 1021 1032 1042 nem
1046 1014 1245 1052 tentationis,
1264 1014 1337 1044 dicit
1353 1025 1360 1044 :
1382 1016 1437 1046 Ait
1450 1020 1558 1046 antem
1578 1018 1731 1050 Dominus

959 1065 1088 1096 Simoni
1105 1076 1115 1096 .·
1132 1067 1263 1105 Simon,
1279 1077 1347 1099 ecce
1359 1073 1488 1100 satanas
1503 1072 1655 1110 expetivit
1663 1082 1727 1111 vos,

959 1122 994 1148 ut
1008 1119 1163 1150 cribraret
1172 1121 1252 1150 sicut
1267 1121 1419 1152 triticum.
1433 1122 1614 1162 Speeialiter
1630 1124 1729 1156 Simo-

958 1180 1031 1201 nem
1047 1171 1229 1212 alloquitur,
1250 1176 1401 1213 tanquam
1417 1175 1624 1215 principalem
1648 1178 1730 1209 inter

956 1234 1066 1256 omnes
1077 1227 1244 1265 apostolos.
1258 1227 1281 1257 N
1286 1237 1338 1258 am
1349 1229 1378 1259 ei
1392 1229 1509 1261 dictum
1524 1233 1571 1262 est
1580 1232 1599 1248 ¹³
1610 1243 1616 1262 ε
1626 1244 1639 1261 «
1648 1232 1725 1264 Bea-

956 1281 1006 1309 tus
1021 1289 1066 1316 es,
1085 1279 1197 1311 Simon
1211 1281 1382 1320 Bar-„lona3
1400 1294 1414 1311 »
1434 1286 1464 1314 et
1477 1287 1565 1323 post:
1581 1296 1595 1314 α
1607 1285 1646 1316 Ε1
1667 1295 1727 1326 ego

956 1332 1023 1362 dico
1039 1332 1111 1370 tibi,
1128 1333 1202 1372 quia
1217 1336 1252 1364 tu
1267 1343 1299 1365 es
1322 1336 1452 1374 Petrus⁷
1483 1339 1513 1367 et
1535 1347 1631 1378 super
1645 1340 1727 1371 hanc

956 1387 1077 1424 petram
1097 1386 1258 1417 aedificabo
1272 1387 1443 1418 Ecclesiam
1462 1399 1576 1421 meam.
1593 1402 1607 1420 1)
1628 1392 1726 1424 Ι5111111

955 1447 1049 1476 ergo,
1064 1441 1217 1478 tanquam
1233 1441 1440 1481 principalem
1456 1443 1592 1483 lapidem
1608 1448 1637 1476 et
1651 1448 1724 1478 sun-

955 1491 1178 1530 damentalem,
1196 1495 1382 1533 praemunit,
1399 1496 1590 1528 ostendendo
1601 1499 1726 1538 pericu-

953 1544 1019 1574 lum
1036 1554 1155 1584 pugnae
1170 1545 1304 1577 hostilis
1322 1547 1403 1584 Quia
1415 1549 1500 1579 enim
1515 1550 1660 1582 diabolus
1674 1554 1726 1584 ad-

954 1599 1098 1628 versatur
1114 1599 1221 1636 nobis,
1237 1599 1307 1630 ideo
1323 1601 1437 1631 dicitur
1450 1606 1599 1642 satanas,
1617 1614 1726 1637 secun-

953 1651 1031 1681 dum
1048 1651 1124 1681 illud
1137 1653 1158 1671 ¹⁶
1171 1664 1201 1682 z«
1212 1652 1251 1683 Et
1264 1655 1354 1684 satan
1364 1656 1466 1686 stabat
1476 1665 1495 1686 a
1510 1657 1628 1688 dextris
1642 1661 1723 1699 ejus,

955 1706 991 1734 ut
1005 1704 1225 1736 adversaretur
1239 1707 1280 1736 ei.
1296 1717 1310 1735 n
1333 1708 1392 1738 Iste
1407 1711 1514 1739 autem
1529 1719 1653 1751 semper
1668 1713 1724 1744 de-

952 1757 1070 1788 siderat
1078 1759 1222 1798 persequi
1237 1759 1323 1790 viros
1332 1762 1451 1799 Justos3
1465 1763 1519 1793 sed
1530 1773 1595 1794 non
1610 1768 1722 1806 potest,

952 1811 1014 1841 nisi
1042 1813 1198 1851 quantum
1224 1814 1418 1852 permittitur
1440 1824 1459 1845 a
1482 1816 1625 1848 Domino.
1652 1819 1724 1851 Ideo

952 1864 1064 1894 dicitur
1086 1870 1249 1905 expetere,
1266 1867 1345 1897 510111
1360 1877 1379 1897 a
1392 1868 1525 1900 Domino
1549 1872 1723 1909 permissus

951 1919 997 1947 est
1012 1917 1070 1948 Joh
1084 1919 1103 1934 ¹⁵
1117 1929 1123 1948 :
1138 1931 1152 1948 «
1167 1919 1310 1956 Quadam
1325 1923 1431 1951 autem
1445 1922 1494 1952 die
1504 1947 1511 1961 ,
1528 1932 1601 1954 cum
1617 1926 1721 1956 venis—

951 1973 1021 2001 sent
1034 1971 1091 2001 filii
1107 1972 1160 2002 Dei
1173 1997 1181 2010 ,
1198 1975 1228 2003 et
1248 1973 1428 2004 assisterent
1444 1984 1551 2006 coram
1571 1977 1720 2018 Domino,

951 2023 1049 2054 adfuit
1063 2025 1146 2055 inter
1158 2034 1211 2055 eos
1223 2026 1319 2056 etiam
1334 2029 1423 2057 satan
1440 2040 1447 2058 ι
1465 2029 1536 2059 data
1550 2032 1598 2061 est
1612 2035 1721 2063 autem

951 2077 978 2107 ei
995 2079 1146 2116 potestas⁷
1164 2089 1178 2106 »
1197 2081 1255 2109 etc.
1273 2079 1417 2110 Concutit
1440 2082 1535 2112 etiam
1550 2083 1719 2124 viros'per-

950 2130 1064 2167 sectos,
1081 2130 1161 2161 sicut
1184 2132 1363 2163 concutitur
1384 2134 1525 2165 triticum
1546 2137 1581 2167 in
1605 2139 1718 2170 cribro.

951 2183 1029 2220 Quia
1047 2183 1128 2214 sicut
1143 2185 1302 2223 triticum,
1319 2187 1397 2217 dum
1419 2188 1587 2228 cribratur,
1606 2200 1721 2231 expur-

951 2239 1062 2276 gatum
1086 2238 1129 2267 sic
1153 2241 1185 2268 et
1199 2239 1261 2270 viri
1275 2240 1374 2270 sancti
1395 2241 1429 2270 in
1449 2242 1717 2277 tribulationibus.

950 2290 1037 2321 Unde
1062 2291 1170 2322 Glossa
1184 2303 1190 2322 z
1220 2304 1233 2321 «
1247 2292 1322 2323 Cum
1346 2303 1421 2325 vero
1445 2295 1576 2326 Satanas
1601 2299 1720 2338 expetit

948 2346 1068 2375 tentare
1081 2369 1088 2382 ,
1103 2347 1134 2375 et
1148 2345 1236 2376 velut
1259 2347 1315 2385 qui
1330 2347 1469 2378 triticum
1486 2353 1616 2388 purgat,
1636 2361 1715 2383 ven-

947 2397 1066 2427 tilando
1082 2400 1265 2437 concutere,
1290 2399 1440 2431 docemur
1454 2402 1574 2433 nullius
1587 2404 1683 2435 fidem
1701 2415 1719 2436 a

948 2450 1083 2488 diabolo,
1095 2451 1156 2481 nisi
1167 2451 1367 2490 permittente
1378 2453 1451 2491 Deo,
1462 2463 1553 2494 posse
1563 2458 1690 2489 tentari.
1701 2469 1715 2487 n

947 2556 965 2571 ¹²¹
986 2556 1041 2586 nir„
1064 2563 1088 2579 v.
1108 2558 1147 2580 335.
1162 2569 1192 2574 —·
1212 2558 1230 2573 ¹³
1246 2558 1347 2588 Matth.,
1366 2564 1419 2589 XVI,
1441 2560 1478 2588 17,
1502 2561 1538 2584 18.
1555 2574 1584 2579 —
1599 2561 1619 2577 st
1633 2562 1717 2592 lach..

949 2597 987 2621 ιιι,
1000 2593 1021 2615 1.
1037 2604 1066 2608 -
1082 2591 1101 2607 ¹¹⁵
1114 2591 1166 2623 Job,
1181 2598 1198 2622 1,
1214 2594 1236 2616 6.

979 2637 1009 2665 (ιι)
1025 2636 1084 2659 Caet.
1100 2637 1161 2660 edit.
1177 2637 1248 2661 Unde
1263 2638 1385 2662 ι1011111105.
1400 2652 1429 2658 —-
1447 2640 1481 2670 (b)
1498 2642 1559 2665 Ilem
1575 2642 1610 2665 De
1624 2642 1715 2673 quibus

945 2671 1086 2695 Matthaeus.
1104 2684 1133 2689 —
1152 2673 1182 2703 (c)
1194 2673 1281 2703 Suppl.
1292 2674 1426 2706 auxilium,
1442 2675 1480 2699 vel
1491 2683 1577 2707 suppr.
1593 2677 1633 2701 ad.
