1987 3032
224 203 263 233 26
769 196 978 228 EVANGELII
1001 196 1140 227 SANCTI
1163 195 1274 227 LUCAE

224 277 318 299 sensu
334 267 511 303 distribuit;
531 266 675 297 similiter
695 267 726 296 et
743 263 827 304 quod
844 271 910 293 non
923 265 992 293 erat

224 321 418 352 habendum.

263 373 380 410 Terti0,
396 374 551 412 quantum
567 371 605 401 ad
621 370 847 401 districtionem
863 368 992 407 aequita-

224 427 263 457 tis
276 426 405 463 divinae,
422 425 551 455 cuilibet
564 422 807 458 formidandam,
821 421 968 451 subditur
982 432 989 451 ι

225 481 272 518 (ν.
298 479 332 517 2)
357 479 403 509 Et
420 477 543 507 vocavit
562 477 670 513 illum,
691 479 720 506 ec
743 475 789 504 ait
807 474 856 504 illi
874 483 884 504 .·
908 473 995 512 Quid

225 533 281 564 hoc
296 532 393 563 audio
408 532 446 563 de
462 532 510 562 te?
525 531 633 561 Glossa
652 534 659 550 ¹
679 541 686 560 2
706 541 720 558 (ι
738 529 847 565 Vocat,
865 529 991 568 quando

224 586 336 616 incutit
357 586 503 615 timorem
525 586 653 614 aeternae
675 581 899 613 damnationis.
916 593 930 609 ι)
950 581 992 611 De

225 648 289 679 qua
303 638 467 670 vocatione
479 637 594 667 dicitur
607 639 618 654 ²
631 646 638 665 :
655 646 669 664 «
683 635 719 665 Et
735 634 842 664 audivi
858 636 927 673 post
941 643 993 664 me

224 701 335 723 vocem
351 689 572 721 commotionis
587 697 734 727 magnae:
748 687 915 717 Benedicta
927 687 993 726 glo-

224 745 271 775 ria
287 743 411 774 Domini
426 743 464 773 de
480 742 548 772 loco
565 749 632 771 suo.
650 752 663 768 »
680 740 744 770 Hac
758 749 834 770 voce
847 742 990 777 vocatur,

225 798 279 838 qui
307 798 346 828 ad
372 795 635 827 considerandum
662 794 808 824 futurum
835 794 993 832 judicium

225 850 391 888 excitatur,
411 849 466 880 ubi
490 849 647 886 arguetur
666 856 730 877 non
752 846 855 876 solum
879 855 991 876 secun-

225 904 302 934 dum
325 904 461 939 famam,
485 901 538 931 sed
561 900 735 930 secundum
757 899 991 929 conscientiam.

226 955 356 996 Propter
372 954 457 994 quod
480 954 564 984 addit
580 964 586 983 ε
611 952 716 984 Redde
734 952 892 982 rationem
914 952 994 981 villi-

226 1009 357 1039 cationis
371 1012 444 1038 taoe.
459 1007 532 1037 Haec
544 1015 682 1045 namque
698 1014 761 1035 vox
776 1005 810 1034 in
824 1013 879 1034 ore
891 1005 995 1042 cujus-

226 1062 300 1092 libet
315 1061 408 1091 debet
425 1068 588 1096 resonare,
605 1058 682 1097 quia
696 1058 814 1096 absque
829 1056 926 1087 dubio
945 1056 993 1086 di-

225 1114 301 1145 vina
321 1113 453 1153 aequitas
475 1112 631 1142 rationem
654 1110 761 1149 exiget
787 1112 816 1139 1.
842 1109 880 1139 de
903 1109 994 1139 bonis

226 1166 401 1198 commissis
418 1166 456 1196 ad
473 1164 736 1204 dispensandum.
753 1163 834 1193 sicut
850 1162 994 1192 innuitur

226 1221 258 1250 in
281 1219 430 1252 Matthoeo
460 1218 470 1234 ³
491 1229 498 1249 ι
519 1229 533 1246 «
552 1217 771 1248 Assimilatum
786 1218 831 1246 est
854 1224 994 1254 regnum

225 1273 378 1303 coelorum
397 1271 519 1302 homini
533 1271 622 1309 regi,
641 1270 697 1309 qui
714 1269 816 1301 voluit
838 1269 994 1299 rationem

225 1333 341 1365 ponere
356 1333 430 1355 cum
451 1323 551 1354 servis
566 1323 643 1354 suis.
661 1334 674 1351 »
694 1326 723 1353 2.
742 1322 783 1352 De
798 1322 889 1352 malis
905 1331 992 1352 com-

226 1377 331 1408 missis
350 1376 360 1393 '0
379 1388 385 1407 :
407 1388 421 1405 «
441 1376 478 1407 Et
502 1385 575 1406 cum
597 1375 741 1414 coepisset
765 1374 922 1404 rationem
945 1383 995 1413 po—

225 1439 315 1467 nere,
332 1429 456 1460 oblatus
470 1430 517 1458 est
531 1429 558 1458 ei
574 1437 658 1458 unus
673 1428 727 1467 qui
743 1427 874 1457 debebat
892 1427 920 1456 ei
940 1426 993 1456 de-

225 1491 294 1513 cem
314 1481 413 1512 millia
431 1481 558 1511 talenta.
575 1491 589 1508 »
605 1479 754 1519 Sequitur
770 1479 799 1508 ⁵:
820 1489 833 1507 a
848 1478 995 1508 Misertus

225 1537 331 1566 autem
347 1534 500 1565 Dominus
514 1534 596 1565 servi
612 1533 711 1569 illius,
727 1531 845 1562 dimisit
861 1539 948 1568 eum,
965 1532 995 1561 et

225 1588 367 1619 debitum
385 1587 502 1618 dimisit
521 1587 560 1617 ei.
578 1597 592 1614 ›)
612 1586 650 1617 Et
665 1586 733 1625 post
747 1584 894 1614 subditur
909 1584 995 1623 quod

225 1641 264 1671 de
281 1641 341 1671 hoc
360 1640 515 1670 rationem
537 1638 656 1677 exegit.
678 1639 707 1668 3.
730 1637 774 1667 De
789 1636 881 1666 bonis
900 1637 995 1666 etiam

226 1694 350 1725 omissis
369 1694 380 1710 ⁶
405 1704 412 1724 ε
439 1704 453 1722 α
478 1692 550 1722 Post
574 1691 712 1721 multum
736 1689 888 1729 temporis
908 1689 996 1720 venit

226 1747 374 1778 dominus
389 1754 556 1776 servorum
571 1744 716 1780 illorum,
733 1744 763 1773 et
777 1742 884 1782 posuit
898 1742 994 1772 ratio-

226 1809 299 1830 nem
322 1808 395 1830 cum
413 1799 468 1829 eis.
486 1809 500 1826 ))
520 1797 558 1828 Et
578 1797 685 1827 subdit
706 1796 744 1826 de
760 1804 851 1826 servo
866 1795 959 1834 pigro
973 1795 994 1832 ⁷,

226 1853 311 1892 quod
321 1853 479 1892 projectus
491 1853 537 1881 est
549 1862 564 1879 «
577 1850 611 1880 in
621 1849 767 1880 tenebras
781 1848 966 1878 exteriores.
978 1859 991 1874 ›>

227 1909 256 1936 4.
282 1905 324 1935 De
345 1904 437 1935 malis
459 1903 553 1934 etiam
578 1901 764 1942 perpetratis
785 1900 795 1916 ⁸
814 1910 821 1930 z
842 1912 856 1929 «
875 1899 998 1930 Sufficit

227 1958 311 1989 enim
346 1957 542 1997 praeteritum
574 1957 700 1993 tempus
730 1953 770 1983 ad
798 1952 996 1984 voluntatem

227 2010 373 2050 gentium
395 2007 679 2040 consummandam
700 2006 752 2036 his
775 2005 829 2045 qui
852 2004 997 2035 ambula-

227 2064 342 2094 verunt
363 2062 396 2092 in
418 2061 570 2098 luxuriis,
596 2059 767 2096 desideriis,
792 2057 974 2089 vinolentiis
987 2081 995 2094 ‚

227 2115 521 2147 comessationibus.
547 2125 561 2142 »
586 2113 623 2144 Et
650 2113 795 2152 sequitur
821 2114 831 2130 ⁹
862 2122 868 2141 :
896 2122 909 2140 α
938 2111 997 2147 Qui

227 2168 358 2199 reddent
378 2168 533 2198 rationem
555 2167 600 2203 ei⁷
623 2165 678 2205 qui
700 2166 829 2204 paratus
850 2166 898 2194 est
913 2163 997 2202 judi-

228 2230 298 2251 care
325 2221 416 2252 vivos
442 2222 472 2250 et
499 2221 652 2250 mortuos
677 2229 691 2246 »
718 2216 780 2248 Nec
809 2218 933 2246 tantum
959 2216 997 2246 de

228 2274 354 2313 magnis
376 2274 484 2311 malis,
502 2281 615 2304 verum
635 2271 727 2302 etiam
748 2271 785 2301 de
802 2270 926 2310 parvis,
947 2278 998 2299 se-

228 2326 368 2357 cundum
391 2326 468 2356 illud
486 2328 507 2345 ¹⁰
527 2336 534 2356 z
565 2337 579 2353 «
602 2325 643 2354 De
667 2323 753 2354 omni
777 2323 874 2353 verbo
897 2322 996 2352 otioso

228 2378 313 2418 quod
328 2378 423 2408 locuti
439 2377 556 2407 fuerint
570 2376 731 2413 homines,
751 2375 881 2406 reddent
899 2374 997 2404 ratio-

228 2440 302 2461 nem
325 2430 358 2460 in
380 2430 430 2460 die
456 2429 575 2468 judicii.
599 2439 612 2456 »
636 2428 684 2458 Ab
706 2428 766 2458 hoc
788 2436 867 2465 ergo
892 2426 997 2457 villico

228 2483 329 2522 exigit
353 2483 508 2513 rationem
531 2480 749 2518 villicationis,
775 2482 931 2519 quantum
958 2480 998 2510 ad

262 2546 267 2559 ¹
281 2545 363 2568 Gloss.
379 2543 487 2567 interlin.
500 2542 526 2565 in
538 2542 605 2565 hunc
620 2542 668 2565 loc.
681 2554 711 2559 —
726 2541 735 2556 Ξ
750 2541 849 2572 ΕιευΙι.,
866 2547 904 2572 ιιι,
920 2543 956 2564 12.
968 2554 998 2558 -

229 2581 239 2597 ³
254 2580 354 2609 Matth.,
371 2585 449 2609 xvm,
470 2580 508 2602 23.
526 2590 556 2594 —
570 2577 669 2606 ι11)111.,
684 2578 722 2600 24.
744 2589 773 2594 —
792 2578 799 2590 ⁵·
822 2577 895 2607 1bid.‚
910 2578 950 2600 27.
969 2589 998 2593 —

231 2616 239 2629 ⁵
254 2615 328 2645 thid,
342 2620 402 2646 xxv,
419 2615 457 2638 19.
469 2626 500 2632 -
514 2614 521 2627 ⁷
538 2612 611 2642 ibid„
631 2613 668 2636 30.
684 2625 714 2628 —
734 2612 742 2625 ⁸
762 2612 767 2634 Ι
785 2612 863 2642 Petra,
879 2618 914 2643 iv,
933 2612 955 2636 3.
968 2624 998 2628 -

229 2651 260 2673 1>1
278 2651 356 2682 Petra,
370 2656 405 2680 iv,
423 2650 446 2674 5.
460 2662 489 2667 —
507 2649 526 2666 ¹⁰
541 2647 642 2677 Mami„
659 2652 706 2677 xm,
721 2648 758 2672 36.
774 2659 803 2665 -—
819 2648 838 2664 ¹¹
856 2647 946 2678 Eccle,
962 2652 997 2678 ix,

1047 262 1154 293 omnia
1168 264 1305 301 quatuor
1325 263 1490 302 praedicta,
1507 263 1584 302 quia
1601 264 1757 302 quantum
1778 262 1818 294 ad

1049 315 1208 345 modicum
1229 315 1304 345 dicit
1326 315 1504 347 Bernardus
1521 327 1528 346 ι
1549 315 1666 346 «Sicut
1685 325 1742 346 nec
1763 325 1818 346 ca-

1047 368 1142 407 pillus
1158 368 1195 397 de
1215 368 1316 407 capite
1338 369 1469 407 peribit,
1490 369 1534 398 sic
1549 377 1606 398 nec
1621 369 1819 398 momentum

1048 420 1085 451 de
1108 423 1247 458 tempore
1270 421 1399 457 transit,
1425 420 1463 450 de
1488 430 1552 459 quo
1577 430 1641 450 non
1670 421 1819 459 exigatur

1048 475 1140 505 ratle.
1164 486 1178 502 »
1195 474 1232 504 Et
1253 477 1322 514 post
1344 475 1434 505 istius
1457 475 1585 505 rationis
1607 476 1816 512 exactionem,

1048 537 1112 558 non
1128 528 1255 557 restabit
1271 528 1461 566 possibilitas
1475 528 1513 558 ad
1528 528 1733 565 merendum;
1751 529 1820 559 ideo

1049 581 1153 611 subdit
1179 591 1185 610 :
1211 580 1285 610 lam
1312 581 1397 610 enim
1423 590 1487 610 non
1512 584 1630 620 poteris
1657 581 1817 619 villicare,

1048 633 1124 672 quia
1139 633 1254 663 dicitur
1272 633 1291 652 ¹¹
1308 643 1314 662 :
1339 644 1353 661 «
1368 632 1431 663 Nec
1453 642 1547 672 opus,
1572 642 1629 664 nec
1648 634 1744 670 ratio,
1764 643 1821 665 nec

1049 685 1220 724 sapientia,
1242 694 1299 715 nec
1320 685 1448 716 scientia
1467 688 1560 716 erunt
1583 685 1668 725 apud
1692 686 1819 724 inferos,

1049 747 1113 777 quo
1129 740 1163 768 tu
1180 746 1342 777 properas.
1358 749 1372 765 n
1394 737 1480 768 Unde
1495 738 1610 768 dicitur
1624 738 1753 769 cuilibet
1767 739 1823 768 vil—

1050 791 1109 821 lico
1125 791 1145 807 ¹²
1164 801 1170 820 :
1195 802 1208 819 «
1222 790 1291 820 Non
1307 790 1438 821 habebis
1449 791 1573 830 Jugiter
1588 792 1786 830 potestatem.
1801 803 1816 820 υ

1049 842 1087 873 Et
1103 844 1122 860 ¹³
1146 854 1153 873 z
1184 854 1198 871 «
1224 842 1332 873 Omnis
1357 845 1536 881 potentatus
1566 844 1674 874 brevis
1699 844 1776 874 vita.
1801 855 1816 872 ι)

1050 895 1181 935 Propter
1196 895 1281 935 quod
1297 895 1454 934 Propheta
1469 896 1501 926 in
1524 896 1649 927 Psalmo
1667 898 1690 915 ¹⁴
1706 906 1714 927 :
1735 908 1750 925 «
1763 896 1823 927 No-

1050 949 1102 979 lite
1117 948 1274 979 confidere
1294 948 1326 978 in
1346 948 1559 987 principum,
1577 958 1680 988 neque
1697 949 1732 979 in
1750 949 1823 979 filiis

1050 1001 1237 1038 hominum⁷
1261 1002 1291 1030 in
1311 1001 1427 1039 quibus
1449 1010 1512 1030 non
1533 1003 1580 1031 est
1601 1001 1697 1032 salus.
1720 1001 1824 1032 Exibit

1050 1054 1180 1093 spiritus
1194 1055 1219 1093 ej
1226 1062 1273 1090 us⁷
1290 1055 1320 1083 et
1334 1055 1512 1084 revertetur
1527 1054 1559 1084 in
1574 1056 1692 1085 terram
1707 1063 1820 1086 suam:

1050 1107 1082 1136 in
1101 1107 1154 1137 illa
1172 1106 1222 1137 die
1243 1106 1392 1145 peribunt
1414 1114 1524 1136 omnes
1546 1107 1754 1145 cogitationes
1770 1116 1823 1138 eo·

1050 1169 1139 1197 rum,
1156 1170 1170 1187 »
1189 1161 1248 1190 etc.

1094 1212 1229 1250 Quarto⁷
1247 1214 1403 1252 quantum
1426 1211 1465 1242 ad
1487 1212 1757 1251 imperfectionem
1778 1213 1824 1244 in-

1050 1266 1208 1296 firmitatis
1237 1265 1388 1296 humanae
1414 1265 1448 1294 in
1476 1265 1582 1295 villico
1610 1265 1822 1304 tolerandam,

1050 1319 1196 1348 subditur
1214 1318 1262 1356 (v.
1280 1318 1329 1356 3);
1348 1319 1401 1348 Ait
1415 1322 1522 1349 aldem
1537 1317 1659 1348 villicus
1675 1319 1759 1349 intra
1773 1328 1824 1351 se:

1052 1370 1140 1409 Quid
1150 1370 1292 1408 faciam,
1310 1371 1388 1409 quia
1402 1371 1558 1401 Dominus
1571 1379 1660 1401 meus
1677 1372 1787 1410 aufert
1804 1381 1825 1402 a

1050 1434 1100 1454 mc
1119 1424 1372 1454 villicationem?
1389 1424 1468 1460 Quia
1493 1424 1577 1454 enim
1600 1425 1696 1455 timor
1713 1425 1824 1464 J'udicii

1050 1476 1195 1506 sollicitat
1205 1478 1344 1506 mentem
1356 1476 1395 1506 ad
1409 1476 1664 1515 provocationem
1675 1477 1823 1515 remedii,

1050 1529 1120 1559 ideo
1132 1528 1242 1559 videns
1262 1528 1386 1559 villicus
1405 1538 1438 1558 se
1457 1537 1524 1559 esse
1535 1529 1758 1568 judicandum,
1773 1539 1823 1560 re-

1050 1582 1148 1622 quirit
1163 1582 1351 1619 remedium,
1368 1582 1543 1612 secundum
1558 1582 1637 1612 illud
1653 1583 1672 1599 ¹⁵
1689 1593 1696 1612 ;
1718 1583 1825 1613 «Ante

1047 1636 1205 1676 judicium
1225 1644 1301 1675 para
1321 1635 1478 1674 ¹iustitiam
1504 1635 1576 1671 tibi,
1603 1636 1632 1665 et
1654 1636 1825 1675 antequam

1050 1689 1204 1728 loquaris,
1221 1688 1316 1718 disce.
1329 1688 1411 1718 Ante
1426 1688 1618 1726 languorem
1631 1687 1746 1718 adhibe
1761 1697 1826 1719 me-

1050 1742 1206 1778 dicinam,
1230 1743 1260 1771 et
1284 1744 1356 1770 ante
1375 1740 1533 1779 judicium
1557 1740 1722 1779 interroga
1744 1741 1823 1780 teip-

1052 1803 1136 1825 sum.
1149 1804 1164 1822 ι)
1178 1794 1216 1824 Et
1228 1794 1304 1833 quia
1318 1793 1466 1832 perfectio
1481 1793 1673 1832 poenitentiae
1684 1794 1826 1824 consistit

1051 1847 1083 1877 in
1099 1847 1267 1877 afflictione
1284 1849 1315 1876 et
1328 1846 1436 1876 labore
1450 1846 1623 1885 corporali,
1644 1848 1676 1876 et
1694 1846 1824 1877 humili-

1051 1902 1113 1930 tate
1129 1903 1159 1930 et
1174 1899 1295 1938 pudore
1310 1898 1454 1936 mentali,
1476 1900 1506 1929 et
1528 1899 1596 1929 haec
1618 1899 1681 1929 duo
1702 1901 1826 1930 recusat

1051 1953 1178 1982 animus
1193 1951 1313 1981 infirmi
1329 1951 1481 1988 hominis,
1496 1951 1565 1981 ideo
1580 1951 1684 1982 addit:
1702 1952 1825 1983 Fodere

1051 2014 1115 2035 mm
1134 2005 1236 2042 valeo,
1260 2005 1388 2043 propter
1407 2003 1524 2033 laboris
1545 2004 1717 2042 corporalis
1741 2004 1824 2035 diffi-

1051 2057 1216 2088 cultatem:
1232 2056 1318 2095 quia,
1333 2056 1413 2086 sicut
1423 2056 1538 2086 dicitur
1550 2056 1571 2075 ¹⁸
1583 2066 1589 2085 z
1604 2067 1619 2084 α
1628 2056 1688 2093 Qui
1697 2057 1826 2088 delicate

1051 2120 1070 2140 a
1084 2110 1220 2150 pueritia
1234 2118 1293 2140 sua
1308 2109 1408 2139 nutrit
1427 2117 1556 2139 servum
1578 2117 1675 2138 suum
1688 2132 1696 2145 ‚
1719 2112 1827 2148 postea

1051 2164 1164 2194 sentiet
1178 2172 1254 2194 eum
1269 2164 1499 2192 contumacem.
1515 2172 1529 2189 »
1553 2161 1737 2193 Mendicare
1751 2172 1823 2193 eru-

1052 2216 1150 2253 besco,
1181 2217 1308 2255 propter
1335 2216 1423 2244 actus
1452 2214 1695 2254 contemptibilis
1720 2215 1822 2246 vilita-

1052 2271 1115 2299 tem
1126 2268 1146 2285 ¹³
1160 2279 1166 2298 :
1185 2267 1309 2306 «Super
1324 2268 1365 2304 (a)
1379 2266 1549 2296 minimum
1565 2275 1622 2305 pro
1638 2268 1827 2306 magnopla-

1051 2323 1119 2351 ceat
1129 2320 1194 2358 tibi,
1207 2322 1237 2350 et
1247 2319 1475 2358 improperium
1485 2319 1752 2358 peregrinationis
1762 2329 1826 2351 non

1052 2373 1192 2404 audies.»
1217 2373 1254 2403 Et
1269 2374 1337 2412 post
1352 2372 1457 2402 subdit
1467 2372 1487 2390 ¹⁸
1505 2382 1511 2402 2
1527 2370 1667 2402 «Gravia
1682 2372 1751 2403 haec
1766 2372 1824 2403 ho-

1052 2427 1131 2456 mini
1146 2425 1274 2456 habenti
1295 2433 1444 2455 sensum:
1462 2424 1616 2464 correptio
1639 2424 1770 2463 domus,
1795 2427 1826 2456 et

1052 2478 1281 2518 improperium
1302 2476 1510 2507 foeneratoris.
1527 2486 1542 2503 »
1565 2476 1644 2506 Huic
1663 2485 1743 2515 ergo
1765 2476 1826 2507 vil-

1052 2553 1081 2558 —
1097 2542 1116 2557 ¹¹
1135 2541 1217 2570 Prov„
1234 2545 1315 2567 xxwt,
1331 2541 1369 2563 24.
1387 2551 1415 2556 —-
1437 2538 1456 2554 ¹³
1472 2537 1559 2566 Eccli„
1577 2543 1604 2566 x,
1621 2540 1643 2561 1.
1663 2549 1693 2554 -
1715 2538 1734 2553 ¹⁸
1754 2537 1821 2561 Psal.

1053 2582 1126 2605 chV,
1143 2577 1163 2605 2,
1179 2576 1201 2598 3.
1216 2589 1241 2592 -
1258 2576 1276 2591 ¹⁵
1289 2575 1376 2603 Ecca„
1393 2579 1467 2603 xv111‚
1482 2574 1563 2596 19-20.
1576 2585 1600 2589 —
1618 2574 1637 2588 Ν
1653 2573 1735 2602 Ρι·υυ.,
1750 2578 1823 2603 xxix,

1051 2612 1090 2634 21.
1105 2624 1131 2628 -
1150 2611 1168 2626 ¹⁷
1183 2610 1271 2639 Ere-li„
1286 2614 1364 2638 xxm,
1378 2610 1418 2631 30.
1433 2620 1463 2625 -
1479 2607 1499 2623 ¹⁸
1514 2607 1587 2636 ibid„
1603 2608 1640 2630 35.

1085 2647 1117 2676 (ιι)
1127 2647 1166 2670 Ita
1176 2652 1206 2670 ex
1217 2647 1321 2676 meet-pr.
1333 2643 1441 2674 LXXII,·
1459 2642 1532 2673 Vulq.
1544 2643 1626 2667 omitt.
1639 2644 1731 2673 super.
