1987 3032
749 217 953 249 EXPOSITIO
975 217 1013 248 ΙΝ
1036 218 1121 249 CAP.
1145 219 1224 250 XIII.

193 289 250 316 alia
262 289 342 325 prius
354 286 518 316 consimilia
528 285 648 312 resilivit
662 293 679 312 a
695 285 807 312 malitia
821 292 873 312 sua
889 283 958 322 :qin-

192 335 357 363 verecunde
369 334 447 361 enim
465 340 495 359 se
508 331 638 359 habebat
655 331 686 358 in
705 330 853 358 omnibus.
876 331 907 356 Et
923 330 959 356 de

192 381 250 409 hoc
266 381 488 416 Chrysostomus
500 378 508 393 ¹
522 378 552 404 in
566 377 697 404 homilia.

228 428 270 454 12.
280 429 311 454 Et
318 425 449 462 sequitur
459 424 588 452 secunda
594 432 662 459 pars
670 423 850 459 principalis,
862 422 892 448 in
901 429 960 457 qua

191 472 352 500 exhortatio
381 470 593 506 discipulorum
613 469 651 497 ad
676 469 868 496 imitationem
888 476 961 504 prae-

190 518 271 546 missi
283 517 432 552 exempli:
458 518 602 550 Postquam
622 524 681 550 erqo
703 516 769 542 lavit
790 515 879 549 pedes,
905 516 957 541 ete.

192 565 222 591 Et
236 564 343 599 primo,
360 563 424 599 ipsa
436 562 613 597 exhortatio3
630 561 772 595 secundo,
787 560 908 588 rationis
920 560 960 587 ob

191 617 281 645 quam
290 609 438 637 debebant
448 609 566 643 imitari,
578 608 755 642 subjunctio,
771 607 830 634 ibi‘2
846 615 852 633 :
865 607 960 638 Amen,

191 664 277 689 amen,
294 658 348 683 etc.

226 702 270 730 Ait
285 709 355 736 ergo
373 710 379 728 :
395 703 540 736 Postquam
555 709 615 735 erqo
631 702 708 735 lavit,
723 701 776 727 etc.
793 701 825 727 Et
838 706 891 735 per
903 699 960 726 hoc

190 750 278 784 patet,
294 748 367 775 sicut
381 749 490 775 tactum
510 749 560 781 est,
578 747 661 782 quod
674 754 758 774 coena
780 746 877 779 fiente,
899 753 961 772 sur-

190 794 265 821 rexit
278 802 397 821 acoena.
408 793 488 821 Unde
504 793 543 821 ait
557 793 604 820 hic
620 802 626 820 ε
648 794 713 820 Cum
731 793 891 820 recubuisset
912 793 961 817 ite-

191 848 259 867 rum.
276 841 308 867 Et
324 842 365 867 est
375 840 545 875 mysterium
556 840 640 874 juxta
654 839 797 872 Glossam,
814 838 896 873 quod
909 837 961 864 im-

190 886 268 921 pleta
278 886 452 922 purgatione
467 894 518 921 per
528 885 712 920 sanguinem,
729 884 840 920 accepit
851 886 961 911 vestem

191 932 426 966 immortalitatis,
436 933 525 968 quia³
543 939 719 966 «resurgens
731 939 748 958 a
760 930 893 963 mortuis,
899 930 961 964 jam

193 988 252 1007 non
266 981 399 1008 moritur.
415 991 428 1006 n
447 982 498 1008 ΕΝ
515 990 521 1008 ;
541 990 554 1006 «
573 979 753 1008 Reformabit
776 987 883 1014 corpus
904 979 960 1005 hu-

191 1027 320 1054 militatis
334 1029 440 1054 nostrae
455 1027 669 1061 configuratum
685 1026 801 1061 corpori
825 1025 961 1052 claritatis

191 1081 259 1101 suae.
284 1083 297 1098 n
320 1073 400 1100 Scitis
429 1073 496 1108 quid
522 1075 631 1106 fecerim
657 1073 752 1099 vobis?
776 1072 884 1099 scilicet
904 1079 960 1106 ego

191 1121 287 1147 tantus
302 1121 329 1146 et
342 1119 418 1152 talis,
431 1119 485 1146 feci
500 1119 608 1146 factum
624 1121 683 1146 tam
697 1118 818 1151 humile,
835 1120 861 1145 et
875 1119 959 1151 vobis,

191 1165 243 1201 qui
267 1165 333 1192 estis
354 1165 499 1201 discipuli.
522 1166 559 1199 (v.
585 1165 627 1199 13)
655 1165 706 1192 Vos
724 1165 825 1191 vocatis
845 1172 885 1191 me
904 1166 962 1191 Μα-

191 1213 287 1246 gister,
310 1211 418 1238 scilicet
440 1211 470 1238 in
492 1211 689 1238 illuminando
714 1213 741 1238 et
760 1210 912 1244 docendo3
937 1212 961 1237 et

191 1260 312 1292 Domine,
329 1258 360 1284 in
374 1258 560 1293 praesidendo
577 1267 583 1285 t
604 1259 634 1284 Ei
650 1259 711 1284 bene
730 1258 833 1291 dicitis,
855 1257 894 1284 sic
910 1265 962 1284 vo-

192 1304 309 1331 cando:
331 1312 389 1331 sum
410 1306 521 1337 etenim,
543 1306 571 1331 et
593 1312 623 1331 re
643 1304 716 1339 ipsa,
740 1305 768 1330 et
788 1303 874 1330 facto.
899 1305 961 1338 Ipse

192 1350 271 1377 enim
280 1359 292 1375 ι(
301 1350 381 1377 solus
388 1351 504 1385 potens,
513 1352 574 1377 Rex
587 1351 699 1384 Regum
706 1350 725 1376 ³.
734 1360 747 1375 ι)
756 1351 787 1377 Et
798 1350 859 1385 ipse
875 1357 962 1376 verus

191 1396 340 1431 Magister⁶
355 1405 361 1423 z
375 1406 387 1421 α
402 1397 433 1422 Ut
443 1396 563 1423 audiam
577 1396 660 1431 quasi
671 1396 844 1430 magistrum
858 1397 896 1429 (v.
908 1396 960 1430 14).

191 1443 222 1470 Si
248 1451 307 1476 erqo
326 1451 380 1476 eqo,
405 1442 513 1470 scilicet
530 1442 595 1470 talis
618 1445 645 1469 et
668 1444 775 1476 tantus,
798 1443 854 1469 lavi
871 1443 961 1476 pedes,

191 1489 339 1516 humiliter
353 1490 380 1516 et
396 1489 560 1523 diligenter,
575 1490 602 1515 et
615 1488 738 1515 libenter
751 1497 757 1515 2
774 1490 809 1515 Et
824 1496 868 1515 ros
885 1489 960 1515 debe-

192 1537 228 1562 tis
243 1537 342 1569 lavare,
363 1537 416 1562 etc.
437 1537 470 1561 Ut
485 1535 562 1562 enim
582 1535 621 1562 aIt
638 1534 861 1569 Chrysostomus
872 1536 892 1569 ⁷,
911 1545 924 1560 «
945 1544 962 1563 a

191 1581 354 1615 majoribus
380 1581 469 1608 rebus
498 1580 604 1616 accipit
627 1580 781 1616 exempla,
806 1583 837 1608 ut
858 1581 961 1609 saltem

191 1628 274 1663 quod
288 1627 384 1654 minus
400 1629 450 1661 est,
467 1632 634 1662 operentur,
650 1629 677 1654 et
697 1635 765 1654 cum
780 1627 886 1654 eodem
901 1629 961 1654 stu--

192 1673 252 1700 dio.
265 1683 277 1699 n
296 1675 326 1700 Et
340 1673 471 1708 sequitur
488 1683 494 1700 :
515 1683 528 1698 α
542 1673 700 1700 Proditoris
714 1673 805 1708 pedes
822 1674 961 1700 Dominus

191 1719 271 1754 lavit,
287 1721 314 1746 et
328 1719 472 1754 sacrilegi,
486 1721 513 1746 et
527 1719 609 1752 turis,
625 1721 652 1745 et
667 1719 830 1746 secundum
847 1722 961 1754 tempus

191 1766 376 1801 proditionis,
402 1768 428 1792 et
443 1765 643 1792 insanabiliter
661 1765 832 1799 habentem,
854 1773 962 1792 mensae

191 1812 471 1839 communicatorem
486 1811 553 1838 fecit
569 1821 575 1838 ε
593 1813 620 1838 et
641 1814 671 1838 tu
690 1819 799 1846 magna
821 1812 912 1847 sapis,
935 1815 962 1840 et

190 1866 307 1885 sursum
322 1857 478 1892 supercilia
491 1857 585 1892 vellis,
600 1857 709 1885 scilicet
725 1865 785 1884 non
806 1858 959 1893 sustinens,

191 1911 245 1931 nec
260 1903 372 1931 habens
387 1903 567 1938 patientiam.
583 1914 596 1929 »
615 1905 678 1931 Ilaec
693 1904 752 1931 ille.
769 1905 799 1931 Et
812 1906 843 1931 ut
857 1904 962 1932 scirent

192 1952 312 1986 propter
324 1950 381 1977 hoc
396 1950 539 1977 Christum
552 1957 601 1977 eos
621 1950 745 1981 lavasse,
760 1952 791 1977 ut
806 1958 835 1977 se
857 1953 960 1978 mutuo

192 1997 334 2029 lavarent,
350 1996 449 2023 subdit
465 1998 501 2031 (v.
525 1997 566 2030 15)
589 2005 595 2023 :
615 1997 773 2031 Exemplum
789 1997 854 2024 (ledi
874 1998 959 2026 vobis,

193 2044 224 2069 [t
239 2043 317 2070 enim
333 2043 372 2070 ait
387 2043 612 2078 Chrysostomus
628 2041 638 2057 ⁸
655 2052 660 2070 :
682 2043 815 2070 «Etenim
831 2044 959 2078 magistri

191 2089 289 2124 pueris
310 2089 418 2116 litteras
442 2096 509 2115 cum
535 2088 628 2116 multa
649 2089 865 2124 pulchritudine
889 2090 959 2117 scri-

191 2136 275 2169 bunt,
291 2137 322 2162 ut
337 2135 439 2162 saltem
454 2135 493 2162 ad
508 2134 704 2168 differentius,
726 2135 758 2162 id
782 2137 833 2169 est,
857 2136 961 2164 melius

191 2181 351 2209 imitatione
364 2181 512 2208 veniant.»
529 2180 661 2208 ⁹‹1Adam
676 2181 845 2216 exemplum
860 2190 960 2210 meum

190 2228 228 2256 ab
243 2227 442 2255 adolescentia
456 2235 533 2261 mea,
548 2238 559 2251 n
572 2227 665 2254 Adam
678 2227 787 2254 scilicet
802 2229 957 2256 secundus.

189 2276 221 2301 Et
233 2274 269 2301 de
285 2274 339 2301 ista
352 2273 473 2307 lotione,
491 2273 569 2300 etde
584 2273 638 2301 isto
658 2274 805 2309 exemplo,
822 2274 851 2301 in
863 2275 959 2303 Colla-

189 2320 317 2347 tionibus
331 2319 570 2355 przedicabilibus
582 2319 608 2346 ¹⁰.

227 2369 268 2394 16.
284 2368 316 2394 Et
330 2366 465 2394 subditur
479 2367 552 2394 ratio
577 2367 645 2394 dicti
664 2377 672 2394 :
697 2368 788 2400 Amen,
806 2375 880 2395 amen
901 2369 958 2396 dico

187 2414 270 2444 vobis,
287 2421 338 2440 non
354 2416 390 2440 est
413 2421 504 2440 servus
524 2414 610 2447 major
630 2415 756 2447 Domino,
781 2414 958 2443 sublimitate

222 2473 382 2504 ¹Chrysost„
399 2472 441 2496 ubi
456 2479 511 2503 sup.
527 2485 558 2490 -
573 2473 582 2488 ²
597 2473 654 2503 Ins„
672 2475 708 2496 16.
721 2486 752 2490 —
767 2473 776 2489 ³
791 2473 866 2503 Rom.y
885 2480 919 2504 vt,
934 2477 957 2499 9.

189 2521 220 2526 -
233 2508 243 2523 ’”
256 2508 358 2539 Philip„
379 2514 421 2538 111,
438 2509 476 2531 21.
496 2521 526 2525 -
543 2509 552 2524 ⁸
571 2508 578 2531 I
602 2508 676 2538 Tim„
692 2514 725 2538 VI,
740 2510 762 2532 8.
781 2521 810 2526 —
824 2509 834 2525 θ
852 2510 911 2539 ISu.,
933 2517 957 2541 L,

190 2545 212 2567 li.
227 2557 257 2561 -
272 2544 279 2558 ⁷
294 2544 434 2574 Chrysost„
451 2544 477 2566 in
496 2543 577 2572 loun„
592 2543 661 2566 hom.
681 2549 742 2573 Lxx,
756 2543 788 2567 al.
807 2550 876 2574 Lxxi,
891 2552 917 2568 n.
934 2547 957 2570 1.

190 2591 219 2595 —
234 2579 241 2590 '¹
258 2578 329 2609 thid„
345 2578 419 2609 paulo
435 2580 501 2602 ante.
517 2591 548 2595 —
562 2580 570 2591 ⁹
588 2578 670 2608 lach„
693 2584 755 2608 xm,
778 2581 800 2602 5.
816 2592 845 2596 —
868 2581 885 2595 ¹⁰
900 2581 957 2605 νῆά,

191 2613 293 2642 Collut„
308 2620 339 2638 Lx
355 2615 381 2638 et
394 2620 446 2638 Lai.
461 2627 491 2631 —
507 2614 523 2629 ¹¹
540 2613 642 2639 Mami..
662 2620 691 2644 x,
707 2615 745 2637 24.
763 2627 792 2632 —
809 2615 824 2628 '²
842 2616 897 2646 Aug
910 2635 916 2646 ‚
933 2617 957 2640 in

190 2648 270 2677 Joan.,
289 2650 360 2673 treet.
381 2655 456 2680 Lvui,
482 2656 506 2673 n.
530 2651 553 2672 3.
576 2662 605 2666 -
628 2649 646 2665 ¹³
667 2649 749 2680 Pron„
771 2655 857 2681 xxvii,
882 2653 904 2674 2.
927 2664 957 2669 —

1725 225 1781 253 437

1014 285 1172 320 potestatis,
1188 294 1271 320 neque
1283 287 1418 321 apostolus
1437 288 1523 321 major
1537 291 1575 315 est
1593 296 1620 315 eo
1642 291 1691 324 qui
1707 291 1783 317 misit

1014 338 1082 365 eum,
1100 332 1269 359 auctoritate
1285 332 1459 366 dignitatis¹¹
1474 343 1479 358 ε
1498 343 1511 358 «
1525 335 1587 361 Non
1602 336 1644 361 est
1658 335 1782 371 discipu-

1014 376 1060 403 lus
1074 385 1162 412 super
1177 378 1359 413 magistrum.
1373 388 1386 404 »
1404 379 1460 406 Sed
1479 379 1627 414 objicitur,
1640 381 1714 409 sicut
1727 384 1783 410 Au-

1015 423 1146 457 gustinus
1160 424 1183 441 ¹2
1196 424 1226 451 in
1241 424 1373 457 homilia,
1392 433 1459 452 cum
1473 425 1587 453 dicatur
1599 427 1621 443 ¹³
1633 435 1660 454 2«
1675 428 1784 455 Laudet

1014 470 1041 495 te
1057 469 1178 504 alienus,
1203 472 1229 497 et
1241 478 1301 498 non
1322 479 1353 498 os
1375 473 1472 505 tuum,
1495 481 1509 498 »
1532 472 1657 507 qualiter
1676 473 1716 501 ait
1736 474 1783 502 hic

1015 515 1147 549 Magister
1160 516 1331 544 humilitatis
1348 526 1354 544 :
1382 518 1433 544 Vos
1446 519 1547 545 vocatis
1566 526 1607 545 me
1617 520 1746 553 Maqisier
1759 523 1785 547 et

1015 563 1135 594 Domine,
1146 570 1204 589 sum
1219 565 1315 590 etenim
1325 565 1339 590 ?
1356 564 1388 590 Et
1400 563 1439 590 ad
1453 563 1530 591 istud
1550 565 1709 600 respondet
1728 567 1784 593 Au—

1015 607 1160 641 gustinus,
1186 609 1269 643 quod
1286 609 1401 636 homini
1423 612 1600 645 praeceptum
1627 612 1669 638 est
1689 611 1783 646 illud,

1015 653 1124 680 scilicet
1138 661 1198 681 non
1207 662 1236 681 se
1250 655 1383 689 laudare,
1400 655 1446 682 cui
1460 656 1660 691 periculosum
1673 659 1715 685 est
1728 658 1785 685 sibi

1015 700 1130 735 placere
1146 721 1154 734 ‚
1190 700 1236 727 cui
1269 701 1435 728 cavendum
1461 704 1503 729 est
1534 703 1701 738 superbire3
1734 705 1785 732 sed

1016 747 1089 773 Deus
1104 746 1236 782 loquitur
1253 756 1259 774 z
1275 747 1358 774 nulla
1371 748 1418 774 hic
1437 750 1480 775 est
1493 749 1579 776 elatio
1604 751 1690 777 tantae
1705 750 1786 777 celsi-

1015 792 1135 827 tudinis,
1151 793 1268 820 nullum
1282 794 1470 821 mendacium
1489 795 1627 830 veritatis,
1645 804 1698 823 vos
1717 797 1785 824 suh-

1012 839 1109 873 jacere
1126 839 1180 866 sibi
1202 839 1272 867 utile
1297 841 1353 873 est,
1369 850 1382 865 n
1401 842 1454 868 etc.
1468 840 1487 857 ¹4
1506 842 1623 876 «Major
1643 845 1684 870 est
1703 843 1785 870 omni

1015 884 1104 912 laude
1130 894 1136 912 :
1167 886 1325 913 exaltantes
1353 894 1420 913 eum
1447 887 1633 922 replebimini
1663 888 1699 923 (a)
1726 889 1785 916 vir-

1016 932 1084 959 tute.
1101 942 1114 957 »

1055 980 1096 1005 17.
1115 980 1145 1005 Et
1163 979 1294 1013 sequitur
1309 979 1392 1006 tertia
1405 987 1490 1014 pars,
1511 980 1541 1007 in
1563 988 1623 1015 qua
1645 981 1785 1010 revelatio

1016 1024 1076 1051 sive
1092 1024 1215 1052 detectio
1231 1025 1390 1060 proditoris
1404 1025 1434 1052 in
1450 1026 1580 1060 generali
1592 1035 1659 1054 cum
1674 1036 1727 1056 sua
1741 1036 1786 1056 ra-

1016 1070 1106 1103 tione,
1122 1070 1194 1097 sicut
1209 1071 1358 1098 continuat
1372 1071 1481 1099 Glossa.
1502 1074 1535 1100 Et
1556 1072 1618 1100 haeo
1642 1073 1672 1100 in
1688 1074 1761 1102 duas
1778 1084 1784 1102 :

1016 1117 1124 1151 primo,
1139 1117 1226 1151 hujus
1240 1117 1402 1152 praemissio
1417 1118 1447 1144 in
1461 1119 1591 1153 generali
1607 1127 1674 1147 cum
1688 1120 1732 1147 sui
1742 1128 1786 1148 ra-

1016 1163 1114 1197 tione,
1137 1163 1278 1197 secundo,
1299 1164 1432 1198 ejusdem
1452 1164 1622 1192 detectionis
1642 1167 1735 1201 magis
1756 1167 1787 1194 in

1017 1210 1146 1245 speciali,
1163 1211 1190 1236 et
1205 1210 1417 1245 discipulorum
1433 1211 1594 1247 inquisitio,
1608 1212 1650 1239 ibi
1664 1213 1682 1229 ¹5
1699 1221 1706 1240 ε
1723 1214 1787 1241 Cum

1016 1256 1069 1282 hoec
1085 1257 1210 1289 disiisset,
1223 1258 1276 1283 etc.

1030 1300 1035 1304 “
1052 1302 1097 1329 Ait
1111 1309 1180 1336 ergo
1199 1311 1204 1328 :
1220 1303 1251 1329 Si
1270 1303 1324 1329 hoec
1345 1304 1432 1337 scitis,
1454 1303 1563 1331 scilicet
1586 1312 1652 1339 quae
1672 1305 1744 1340 dixi,
1761 1308 1788 1333 et

1018 1347 1106 1375 docui
1122 1348 1151 1374 iu
1173 1348 1336 1383 intellectu3
1364 1352 1387 1376 et
1406 1351 1431 1375 si
1452 1351 1579 1384 feceritis,
1609 1351 1638 1379 in
1665 1351 1770 1379 effectu
1777 1362 1786 1387 3

1018 1395 1089 1422 beati
1103 1397 1187 1429 eritis,
1203 1395 1311 1423 scilicet
1325 1396 1355 1422 in
1370 1396 1465 1424 fructu
1474 1396 1503 1423 ¹⁶.
1525 1407 1538 1422 «
1551 1399 1645 1426 Estote
1665 1398 1788 1427 factores

1017 1442 1112 1475 verbi,
1135 1444 1161 1469 et
1176 1449 1236 1470 non
1261 1442 1410 1470 auditores
1425 1445 1548 1478 tantum,
1564 1455 1577 1470 n
1593 1446 1645 1472 etc.
1664 1447 1684 1463 ¹⁷
1697 1456 1710 1471 α
1724 1447 1788 1474 Non

1018 1488 1096 1514 enim
1111 1488 1259 1515 auditores
1274 1488 1345 1523 legis
1358 1489 1606 1525 justificabuntur,
1627 1492 1679 1518 sed
1694 1491 1786 1520 facto-

1017 1541 1072 1561 res.
1089 1544 1102 1559 »
1122 1534 1141 1550 ¹⁸
1157 1535 1255 1561 «Beati
1272 1535 1350 1561 enim
1365 1535 1416 1570 qui
1435 1536 1559 1563 audiunt
1579 1537 1706 1565 verbum
1727 1539 1787 1573 Dei,

1018 1581 1046 1607 et
1060 1580 1226 1607 custodiunt
1239 1580 1323 1608 illud.
1339 1592 1351 1607 »

1054 1628 1096 1653 18.
1113 1628 1174 1654 Non
1193 1627 1226 1653 de
1240 1628 1361 1654 omnibus
1383 1629 1455 1655 vobis
1474 1629 1551 1663 dico,
1575 1629 1684 1657 scilicet
1706 1631 1788 1666 quod

1018 1673 1084 1700 estis
1100 1673 1178 1700 beati
1200 1683 1205 1700 :
1232 1674 1290 1700 Scio
1305 1676 1374 1701 enim
1398 1683 1461 1709 quos
1482 1676 1614 1711 elegerim,
1638 1685 1728 1712 supra
1749 1677 1786 1705 ¹⁹:

1022 1729 1034 1744 α
1050 1719 1209 1746 Duodecim
1222 1728 1276 1747 vos
1289 1720 1380 1755 elegi:
1394 1721 1445 1748 sed
1460 1729 1536 1749 unus
1552 1722 1689 1750 diabolus
1705 1727 1756 1751 est.
1772 1734 1785 1750 »τ

1016 1767 1105 1794 ,Iudas
1119 1769 1217 1794 autem
1227 1775 1287 1795 non
1301 1770 1362 1795 erat
1372 1768 1478 1796 electus
1503 1769 1541 1796 ad
1564 1769 1787 1806 beatitudinem,

1017 1814 1063 1841 vel
1091 1814 1279 1841 beatitudinis
1303 1815 1469 1842 societatem
1475 1825 1483 1850 ;
1513 1816 1559 1843 sed
1581 1819 1611 1842 ut
1644 1817 1788 1851 Scriptura

1018 1861 1209 1894 adimpleatur,
1233 1860 1343 1888 scilicet
1364 1861 1393 1888 in
1416 1863 1536 1895 Psalmo,
1557 1862 1609 1889 ubi
1628 1862 1763 1890 dicitur²⁰
1780 1873 1786 1890 :

1022 1916 1034 1930 «
1048 1906 1242 1940 magnificavit
1256 1915 1343 1942 super
1355 1915 1402 1934 me
1417 1907 1695 1942 supplantationem.
1710 1920 1723 1933 n
1736 1911 1789 1937 Per

1018 1952 1189 1980 calcaneum
1205 1953 1284 1980 enim
1303 1954 1369 1980 finis
1392 1953 1576 1989 intelligitur,
1597 1955 1626 1982 in
1646 1963 1706 1991 quo
1728 1956 1787 1983 fine

1017 2000 1106 2027 Judas
1121 1999 1254 2034 proditor
1268 2000 1421 2027 insidiatus
1432 2002 1484 2034 est,
1500 2001 1570 2035 quia
1590 2001 1727 2029 diabolus
1742 2002 1786 2029 in-

1018 2047 1143 2073 traverat
1158 2046 1187 2072 in
1203 2054 1281 2079 eum,
1293 2046 1329 2073 de
1345 2054 1405 2081 quo
1421 2046 1526 2074 dicitur
1537 2048 1558 2065 2¹
1576 2056 1602 2074 z«
1613 2050 1653 2075 Tu
1668 2049 1787 2077 insidia-

1017 2091 1094 2119 beris
1105 2092 1243 2119 calcanco
1258 2092 1329 2127 ejus.
1343 2102 1355 2118 »
1374 2092 1420 2120 Vel
1438 2093 1536 2120 levare
1552 2093 1734 2129 calcaneum,
1746 2097 1788 2123 est

1018 2139 1119 2165 contra
1147 2138 1304 2165 Dominum
1332 2139 1534 2173 recalcitrare,
1563 2142 1664 2168 contra
1691 2141 1786 2169 Domi-

1016 2192 1099 2217 num,
1115 2186 1141 2211 ct
1162 2184 1307 2218 fraudem,
1326 2187 1353 2212 ct
1373 2185 1619 2213 machinationem
1638 2187 1785 2216 meditari.

1016 2231 1096 2258 Unde
1110 2231 1286 2265 Augustinus
1297 2229 1317 2247 ²2
1334 2240 1339 2258 :
1360 2241 1373 2256 «
1388 2231 1430 2258 Illi
1444 2232 1664 2260 manducabant
1678 2241 1787 2269 panem

1018 2277 1173 2304 Dominum
1189 2277 1233 2312 (b),
1250 2277 1299 2304 ille
1325 2278 1525 2305 manducabat
1543 2286 1651 2313 panem
1670 2280 1785 2308 Domini

1016 2325 1117 2351 contra
1131 2324 1287 2351 Dominum
1301 2332 1307 2350 :
1323 2324 1365 2351 illi
1382 2324 1482 2358 vitam,
1499 2324 1609 2352 scilicet
1623 2326 1785 2354 manduca-

1015 2369 1095 2403 bant,
1111 2369 1158 2397 ille
1173 2377 1292 2405 poenam
1306 2379 1311 2396 :
1332 2380 1345 2395 »
1363 2372 1391 2397 et
1404 2370 1501 2398 ide0²³
1519 2380 1532 2396 «
1544 2371 1689 2406 judicium
1704 2380 1786 2400 man—

1016 2415 1133 2443 ducavit
1148 2415 1203 2443 sibi
1216 2418 1244 2443 et
1257 2415 1340 2443 bibit.
1358 2425 1370 2441 »

1017 2498 1036 2513 ¹⁴
1051 2497 1138 2527 Eccli.⁷
1155 2504 1232 2527 xutl,
1252 2500 1331 2522 31-
1350 2500 1366 2512 ¹³*
1383 2499 1441 2530 Inf.‚
1456 2501 1494 2523 21.
1511 2512 1541 2517 —
1556 2501 1575 2516 ¹⁶
1589 2500 1652 2531 Jac.,
1669 2507 1686 2531 Ι,
1700 2503 1739 2525 22.
1754 2515 1784 2519 -

1017 2532 1035 2548 ¹⁷
1055 2533 1131 2561 Rom.y
1148 2540 1176 2563 11,
1193 2535 1230 2557 13.
1248 2547 1278 2550 —
1293 2534 1312 2550 ¹³
1327 2533 1392 2561 Luc..
1410 2540 1445 2564 m,
1461 2536 1499 2559 28.
1515 2548 1546 2553 —
1561 2536 1580 2552 ¹⁴³
1597 2536 1677 2565 loun„
1693 2542 1727 2567 vr,
1744 2538 1782 2560 71.

1016 2582 1042 2585 —
1064 2569 1083 2585 ²⁰
1098 2569 1164 2593 psal.
1180 2575 1228 2599 XL,
1244 2570 1281 2594 10.
1297 2583 1326 2586 —
1345 2570 1364 2586 ²¹
1382 2570 1452 2600 Gen„
1474 2576 1515 2600 111,
1533 2573 1570 2595 15.
1588 2584 1617 2588 -
1632 2571 1651 2587 ²²
1669 2572 1742 2601 Augu,
1757 2573 1783 2595 in

1015 2603 1095 2634 loun„
1111 2605 1182 2628 tract.
1197 2610 1249 2635 mx,
1265 2611 1290 2628 n.
1308 2607 1329 2628 1.
1343 2617 1372 2622 -
1386 2605 1408 2621 2³
1423 2606 1429 2629 I
1447 2606 1514 2636 Com,
1530 2612 1567 2636 111,
1582 2608 1620 2629 29.

1049 2654 1077 2683 (ιι)
1100 2653 1169 2684 Vulq.
1186 2653 1327 2684 replemini.
1343 2668 1372 2672 —
1388 2654 1420 2685 (h)
1437 2655 1498 2679 Caet.
1513 2655 1572 2679 edit.
1590 2655 1698 2682 Domini.
