1987 3032
678 194 883 226 EXPOSITIO
907 193 946 225 IN
970 195 1055 226 CAP.
1077 194 1154 226 XIX.

134 261 202 291 cato
216 261 356 300 quidem,
372 261 447 300 quia
460 270 525 292 non
540 261 740 292 crediderunt
754 261 789 291 in
803 269 864 291 me.
880 271 894 289 »

134 312 205 343 Ideo
220 313 336 344 dicitur
351 313 359 329 ¹
375 323 381 342 :
399 313 480 350 «Qui
495 313 669 351 crediderit,
684 315 713 344 et
723 313 899 352 baptizatus

132 365 236 403 fuerit,
252 365 358 396 salvus
381 366 460 404 erit3
477 367 531 406 qui
549 375 622 397 vero
638 375 702 396 non
721 365 896 403 crediderit,

132 418 403 449 condemnabitur.
420 430 433 447 ι)
453 419 536 457 Imo,
553 420 635 459 quod
658 419 728 458 plus
752 421 808 456 est,
830 419 898 457 jam

130 470 239 510 incipit
260 482 318 502 sua
339 473 497 503 damnatio
522 474 532 489 ᾖ
553 484 559 503 :
583 484 597 501 α
611 473 669 510 Qui
694 481 757 503 nou
781 472 896 509 credit,

126 523 194 561 J'am
201 523 363 561 judicatus
373 527 430 563 est,
444 526 518 565 quia
533 535 598 557 non
613 526 711 557 credit
724 524 898 555 innomine

129 576 286 614 unigeniti
302 577 409 608 Filii.»

170 631 218 659 45.
239 630 284 660 Et
304 630 461 670 z'nqresszts
481 631 514 661 in
536 631 700 671 templum,
726 632 783 661 etc.
810 630 899 661 Post-

131 692 227 722 quam
242 683 404 724 descripsit
424 685 628 723 Evangelista
643 684 777 724 qualiter
793 684 898 714 Chris-

130 737 181 765 tus
201 744 234 766 se
257 737 389 768 ostendit
412 746 452 768 ex
472 738 552 768 facto
575 737 690 767 habere
713 738 897 776 potestatem

130 788 282 827 regalem,
299 790 328 819 et
347 790 495 829 pietatem
519 789 742 829 pontificalem,
766 789 818 820 hic
837 791 898 819 ter-

130 841 173 871 tio
187 842 375 881 explicatur,
392 852 455 882 quo
469 843 562 874 modo
585 843 720 874 ostendit
733 852 765 873 se
780 842 897 873 habere

130 894 311 930 aequitatem
322 895 516 934 judicialem.
532 896 579 926 Ad
604 897 695 935 cujus
717 896 898 927 declaratio-

129 955 202 977 nem
218 948 278 978 tria
298 948 553 987 introducuntur,
576 949 693 980 scilicet
720 960 726 979 :
753 949 897 988 AEquitas

126 1000 252 1038 judicis,
270 1001 385 1032 veritas
397 1002 489 1041 juris,
506 1005 536 1033 et
557 1003 729 1033 enormitas
750 1003 817 1033 sive
840 1003 898 1033 im-

130 1052 227 1091 pietas
250 1054 386 1084 sceleris.
404 1055 439 1085 Iu
454 1055 503 1085 his
519 1058 626 1086 autem
641 1056 743 1086 tribus
763 1055 898 1086 ostendit

129 1113 173 1143 se,
197 1107 286 1146 quasi
311 1107 518 1146 syllogistice,
541 1111 624 1139 recte
640 1109 794 1147 ,judicare
820 1108 896 1139 Pro-

129 1159 230 1196 posita
252 1159 337 1189 enim
357 1160 489 1190 veritate
512 1160 683 1200 Scripturas
706 1169 824 1198 sacrae,
846 1169 898 1191 as-

129 1213 255 1250 sumpta
269 1213 473 1251 perversitate
487 1214 637 1253 nequitiae
648 1213 796 1253 judaicae,
815 1214 898 1244 recte

130 1264 325 1295 concluditur
348 1266 497 1296 severitas
522 1267 641 1297 divinae
666 1267 824 1304 vindictae,
848 1276 898 1297 se-

130 1317 269 1347 cundum
283 1318 361 1349 illud
376 1319 405 1349 ³:
429 1330 443 1347 α
457 1319 580 1357 Arguet
594 1319 752 1349 mundum
770 1319 808 1349 de
824 1328 895 1358 pec-

130 1371 209 1407 cato,
227 1372 258 1400 et
273 1371 311 1401 de
322 1371 455 1410 justitia,
471 1374 501 1402 et
515 1372 552 1402 de
564 1373 695 1411 Judicio.
712 1384 726 1400 n
746 1372 899 1412 Proponit

130 1423 214 1452 enim
235 1424 403 1462 J'ustitiam‚
428 1425 560 1455 assumit
584 1428 758 1465 peccatum,
775 1427 806 1455 et
828 1434 897 1455 con-

130 1474 402 1514 cluditjudicium.

168 1527 274 1559 Primo
289 1538 377 1568 ergo,
395 1531 551 1569 quantum
567 1530 606 1561 ad
619 1530 804 1570 aequitatem
816 1530 899 1570 judi-

128 1581 182 1619 cis,
199 1582 272 1612 dicit
296 1593 302 1612 :
324 1583 370 1614 Et
386 1583 543 1623 z'nqressus
565 1584 599 1614 ίη
622 1584 786 1623 templum,
806 1584 899 1624 coepit

129 1635 240 1673 ejicere
256 1636 422 1666 vendentes
437 1640 467 1666 et
488 1640 623 1667 ementes
632 1645 644 1675 ,·
662 1637 696 1667 in
717 1646 781 1676 quo
795 1639 898 1668 osten-

129 1688 214 1719 ditur
236 1689 368 1729 aequitas
386 1689 520 1729 judicis,
536 1690 602 1730 qui,
618 1690 689 1721 licet
708 1692 788 1721 esset
806 1699 898 1720 man-

129 1743 238 1771 suetus
253 1742 287 1772 in
306 1742 469 1773 tolerando
488 1743 640 1782 injuriam
664 1743 835 1782 propriam,
852 1752 899 1774 se-

128 1794 268 1825 eundum
286 1794 361 1824 illud
378 1798 407 1823 ¹:
429 1806 443 1822 α
458 1797 493 1825 lit
507 1804 569 1833 ego
585 1795 675 1834 quasi
690 1804 794 1834 agnus
812 1804 899 1825 man-

128 1849 248 1884 suetus,
264 1847 320 1886 qui
340 1849 483 1886 portatur
503 1848 542 1878 ad
557 1847 738 1885 victImam;
757 1859 771 1876 »
791 1850 898 1879 tamen

129 1899 160 1928 in
176 1899 354 1930 ulciscendo
369 1899 411 1939 inj
418 1900 519 1930 uriam
534 1900 676 1931 divinam
695 1901 754 1931 fuit
767 1909 896 1931 severus

126 1952 236 1991 Judex,
253 1954 283 1983 et
299 1953 416 1992 justus.
442 1953 479 1983 Et
502 1953 576 1993 quia
604 1954 744 1984 maxima
779 1954 898 1994 injuria

129 2007 185 2043 est,
202 2014 274 2036 cum
289 1998 523 2044 dehonestatur,
540 2006 596 2037 ubi
612 2007 703 2037 debet
725 2007 895 2046 honorari3

130 2058 199 2089 ideo
211 2059 324 2089 dicitur
337 2059 421 2098 quod
436 2059 603 2098 ingressus
617 2062 663 2090 est
678 2061 712 2090 in
727 2060 893 2100 templum,

128 2113 164 2141 ut
189 2111 231 2142 ibi
254 2112 368 2143 faceret
388 2113 546 2151 judicium
571 2122 577 2142 ε
599 2113 683 2153 quod
713 2113 784 2144 fecit
807 2115 837 2144 et
864 2114 897 2145 in

129 2173 196 2196 suae
211 2166 441 2204 praedicationis
463 2167 604 2205 exordio,
621 2168 796 2198 secundum
811 2168 896 2207 quod

129 2221 277 2249 narratur
312 2222 382 2259 post
416 2220 609 2250 miraculum
646 2221 684 2251 dc
721 2221 897 2251 mutatione

129 2281 220 2311 aquae
237 2272 269 2302 in
286 2272 397 2303 vinum
417 2273 436 2311 ⁵,
455 2273 532 2303 etin
554 2274 689 2304 termino
712 2276 782 2313 post
804 2274 897 2305 mira-

129 2325 237 2355 culum
252 2325 289 2355 de
305 2325 420 2357 Lazaro
433 2326 593 2365 suscitato,
608 2329 642 2357 ut
657 2327 701 2357 sic
717 2327 896 2358 verificetur

129 2378 208 2408 illud
217 2379 226 2394 ⁶
239 2388 246 2409 ε
261 2389 274 2407 α
284 2378 372 2409 Zelus
386 2379 499 2410 domus
511 2381 575 2410 tuae
590 2380 723 2410 comedit
734 2389 795 2418 me,
807 2390 820 2407 n
835 2382 895 2411 etc.

130 2431 168 2461 Et
180 2431 315 2462 loannes
330 2432 403 2463 dicit
413 2432 434 2471 ⁷,
446 2432 506 2462 hoc
521 2435 596 2463 tunc
608 2433 804 2463 verificatum
816 2442 894 2464 esse.

130 2483 167 2514 Et
180 2485 414 2524 attendendum,
432 2485 515 2525 quod
535 2485 687 2517 Dominus
707 2486 812 2517 statim
827 2488 896 2526 post

161 2582 166 2598 ¹
181 2584 268 2613 Mum,
285 2586 390 2615 xvr,16.
404 2597 433 2602 --
448 2585 455 2598 ²
469 2584 551 2613 laam,
570 2590 609 2613 ιιι,
624 2586 661 2608 18.
681 2597 711 2602 -
731 2584 828 2615 ³1bid„
843 2591 897 2615 xv1,

137 2619 160 2641 8.
177 2630 207 2636 —
219 2619 230 2635 ⁴
243 2619 342 2649 levem„
357 2625 396 2650 xi,
417 2620 452 2643 19.
476 2633 505 2638 —-
518 2620 527 2636 ⁵
540 2620 623 2649 dorm„
640 2625 669 2649 ιι,
685 2621 722 2643 15.
746 2633 773 2636 —
798 2620 808 2635 θ
828 2620 896 2644 Psal.

132 2659 220 2683 vaiu,
240 2656 276 2677 10.
295 2667 324 2673 —
345 2655 446 2684 ⁷J0an.‚
464 2661 492 2685 11,
509 2657 545 2679 Π.
563 2668 589 2672 --
605 2658 613 2669 '³
628 2655 714 2685 Mz'cli„
730 2661 770 2686 111,
785 2657 853 2680 9—12.
867 2669 897 2673 —

1671 199 1727 227 1⁶27

957 261 1230 292 annuntiationem
1258 260 1371 291 excidii
1396 261 1580 300 Jerusalem,
1595 263 1727 293 intravit

956 314 994 344 ad
1006 314 1161 353 templum
1177 314 1392 353 purgandum,
1418 316 1453 344 ut
1477 315 1618 345 ostendat
1642 315 1727 355 quod

957 367 1098 397 maxima
1112 376 1206 397 causa
1221 367 1443 397 destructionis
1457 368 1526 406 ejus
1541 367 1600 397 fuit
1616 376 1724 406 pecca-

956 422 1024 449 tum
1040 420 1249 450 sacerdotum.
1268 419 1355 449 Unde
1371 420 1479 450 Glossa
1497 431 1503 450 :
1525 432 1539 449 α
1556 420 1629 450 Post
1646 430 1724 450 enu-

955 475 1075 502 merata
1090 473 1183 511 mala,
1196 473 1359 511 ingressus
1372 473 1536 512 templum⁷
1550 473 1641 512 eJecit
1653 482 1727 503 ven-

954 525 1062 555 dentes
1077 528 1108 556 et
1126 528 1265 556 ementes
1291 536 1296 555 :
1323 534 1378 565 per
1401 526 1460 556 hoc
1482 526 1618 556 innuens
1642 525 1727 564 quod

954 579 1047 609 ruina
1063 579 1168 619 populi
1192 579 1330 609 maxime
1353 588 1393 609 ex
1415 578 1507 618 culpa
1526 578 1725 608 sacerdotum

954 633 1028 669 fuit3
1044 642 1115 662 cum
1132 633 1301 662 vendentes
1316 633 1347 662 ct
1361 634 1499 662 ementes
1514 632 1660 671 percutit,
1678 640 1725 661 os-

953 685 1052 715 tendit
1079 685 1163 716 unde
1193 685 1284 715 radix
1309 685 1494 724 perditionis
1523 684 1683 724 processit.
1707 694 1721 711 »

955 738 1041 768 Unde
1056 738 1170 768 dicitur
1185 741 1195 757 Β
1212 747 1218 766 :
1241 749 1255 766 α
1267 738 1381 768 Audite
1402 738 1483 774 hcec,
1500 737 1659 777 principes
1674 737 1726 766 do-

954 799 1026 820 mus
1041 790 1146 827 Jacob,
1161 792 1191 820 et
1202 790 1325 829 judices
1341 790 1453 820 domus
1466 789 1570 826 Israel,
1582 789 1637 828 qui
1653 789 1726 818 abo-

954 843 1121 874 minamini
1132 843 1303 882 jiidicium,
1321 844 1352 873 et
1366 843 1472 873 omnia
1488 844 1571 872 recta
1596 850 1722 881 perver-

954 897 1036 934 titis;
1052 897 1106 936 qui
1132 896 1293 927 aedificatis
1310 896 1385 926 Sion
1407 896 1440 925 in
1459 894 1681 934 sanguinibus
1696 896 1726 924 et

955 949 1151 980 Hierusalem
1168 949 1200 978 in
1214 948 1389 988 iniquitate.
1416 947 1578 986 Principes
1601 948 1670 986 ejus
1691 947 1724 976 iu

955 1003 1141 1032 muneribus
1153 1002 1349 1040 judicabant,
1366 1003 1395 1031 et
1418 1000 1591 1031 sacerdotes
1607 1000 1677 1039 ejus
1690 999 1724 1029 in

954 1056 1097 1086 mercede
1112 1055 1275 1092 docebant,
1293 1057 1324 1084 et
1348 1054 1510 1094 prophetae
1532 1054 1601 1092 ejus
1622 1053 1655 1082 in
1676 1062 1726 1091 pe-

954 1108 1047 1138 cunia
1062 1108 1256 1138 divinabant.
1276 1107 1408 1146 Propter
1422 1107 1494 1143 hoc,
1518 1114 1613 1136 causa
1627 1105 1725 1135 vestri

954 1161 1030 1192 Sion
1059 1161 1149 1200 quasi
1189 1169 1268 1199 ager
1300 1159 1459 1197 arabitur,
1487 1161 1518 1189 et
1549 1157 1725 1188 Jerusalem

953 1214 1044 1253 quasi
1059 1222 1191 1244 acervus
1206 1213 1348 1252 lapidum
1364 1212 1434 1250 erit,
1453 1213 1482 1242 et
1503 1220 1594 1241 mons
1616 1210 1725 1250 templi

953 1267 986 1297 in
1002 1266 1125 1297 excelsa
1139 1266 1305 1296 silvarum.
1321 1276 1335 1294 »
1360 1265 1397 1295 Et
1409 1265 1419 1281 ⁹
1437 1274 1443 1293 ε
1479 1276 1493 1292 «
1508 1265 1636 1303 Propter
1656 1273 1725 1303 pec-

954 1322 1022 1350 cata
1037 1319 1265 1359 prophetarum
1279 1320 1357 1358 ejus,
1375 1320 1405 1348 et
1424 1317 1608 1356 iniquitates
1624 1325 1724 1346 sacer-

954 1374 1062 1404 dotum
1085 1374 1169 1411 ejus,
1193 1372 1247 1412 qui
1274 1371 1454 1402 effuderunt
1477 1370 1510 1400 in
1529 1369 1632 1400 medio
1655 1370 1724 1408 ejus

953 1426 1144 1464 sanguinem
1157 1427 1331 1464 jlxstorum.
1349 1435 1364 1452 n
1384 1423 1419 1454 In
1433 1424 1493 1454 hoc
1516 1424 1623 1453 autem
1638 1422 1722 1461 quod

954 1478 1106 1509 Dominus
1121 1477 1212 1517 eiecit
1225 1478 1365 1508 ementes
1379 1479 1409 1506 et
1424 1475 1606 1513 vendentes,
1616 1478 1721 1506 osten·

953 1532 998 1562 dit
1012 1540 1044 1561 se
1058 1531 1197 1562 maxime
1210 1530 1361 1561 damnare
1370 1529 1403 1559 in
1412 1529 1531 1559 clericis
1542 1529 1722 1565 avaritiam,

953 1587 983 1615 et
998 1584 1160 1624 potissime
1176 1583 1356 1614 simoniam.
1371 1582 1458 1613 Unde
1472 1582 1588 1612 dicitur
1604 1583 1625 1600 ¹⁰
1640 1581 1724 1621 quod

957 1649 971 1666 α
986 1638 1149 1668 cathedras
1165 1636 1373 1667 vendentium
1386 1635 1549 1666 columbas
1566 1635 1689 1665 evertit.
1704 1646 1718 1663 »

953 1690 1107 1721 Omnibus
1127 1689 1242 1720 talibus
1266 1688 1377 1719 Petrus
1400 1688 1474 1718 dicit
1491 1688 1508 1704 ¹¹
1526 1699 1533 1718 ;
1557 1687 1724 1718 «Pecunia

952 1746 1008 1773 tua
1022 1745 1125 1773 tecum
1141 1743 1181 1772 sit
1196 1743 1229 1772 in
1252 1741 1473 1781 perditionem,
1489 1740 1641 1780 quoniam
1664 1741 1719 1771 do-

952 1805 1031 1827 num
1046 1796 1099 1826 Dei
1115 1795 1300 1826 existimasti
1315 1795 1450 1834 pecunia
1464 1794 1615 1833 possideri
1634 1793 1687 1831 (a).
1705 1804 1719 1822 ))

992 1848 1148 1886 Secundo,
1173 1849 1329 1888 quantum
1352 1847 1389 1878 ad
1420 1847 1601 1886 aequitatem
1626 1846 1721 1886 juris,

952 1902 1059 1933 subdit
1074 1903 1115 1939 (v.
1133 1901 1180 1940 46)
1201 1909 1208 1931 ε
1229 1901 1342 1931 Dicens
1361 1899 1422 1930 illis
1442 1908 1452 1930 .·
1477 1900 1643 1939 Scriptum
1667 1903 1722 1938 cst,

952 1956 1030 1996 (suia
1044 1954 1156 1985 domus
1169 1963 1252 1991 mea,
1275 1953 1388 1983 (lomus
1412 1953 1565 1983 orationis
1583 1956 1636 1983 est.
1659 1952 1724 1983 Hoc

952 2010 1060 2039 autem
1075 2009 1133 2045 est,
1150 2007 1225 2047 quia
1241 2007 1263 2023 ¹²
1286 2017 1292 2036 ε
1315 2018 1328 2034 α
1344 2005 1529 2036 Holocausta
1557 2014 1669 2036 eorum
1693 2008 1724 2036 et

952 2062 1090 2092 victimae
1106 2069 1218 2091 eorum
1233 2059 1402 2099 placebunt
1422 2059 1502 2089 mihi
1524 2067 1618 2098 super
1632 2059 1724 2089 altari

953 2124 1034 2152 meo,
1052 2113 1127 2154 quia
1142 2113 1255 2143 domus
1271 2121 1342 2142 mea
1365 2111 1478 2142 domus
1501 2111 1650 2141 orationis
1666 2121 1722 2142 vo-

952 2168 1073 2198 cabitur
1095 2165 1216 2197 cunctis
1241 2164 1379 2205 populis,
1403 2165 1446 2194 ait
1469 2164 1620 2194 Dominus
1646 2163 1726 2195 Deus

952 2221 1007 2261 qui
1031 2221 1206 2259 congregat
1230 2219 1385 2258 dispersos
1408 2217 1512 2248 Israel.
1541 2228 1555 2245 »
1584 2216 1669 2248 Unde
1695 2219 1725 2248 et

952 2273 1050 2304 David
1066 2273 1098 2302 in
1110 2272 1240 2304 Psalmo
1255 2271 1330 2302 dicit
1343 2272 1353 2287 ³
1371 2280 1377 2299 :
1394 2282 1407 2299 a
1424 2270 1559 2300 Domum
1572 2271 1661 2300 tuam
1674 2269 1727 2300 de-

952 2328 1000 2357 cet
1019 2325 1206 2356 sanctitudo.
1228 2335 1243 2353 »
1272 2324 1310 2354 Et
1332 2324 1447 2354 iterum
1470 2323 1492 2341 ¹⁴
1520 2333 1527 2353 ε
1554 2333 1567 2351 α
1588 2322 1725 2353 introibo

952 2380 983 2410 in
1007 2379 1043 2418 (b)
1065 2379 1197 2409 domum
1222 2379 1327 2415 tuam,
1350 2376 1486 2407 adorabo
1509 2376 1548 2407 ad
1571 2375 1725 2415 templum

953 2434 1097 2464 sanctum
1112 2434 1215 2463 tuum.
1234 2442 1248 2459 »
1266 2430 1303 2461 Et
1317 2430 1350 2460 in
1365 2430 1597 2461 constructione
1615 2428 1725 2468 templi

953 2541 962 2555 ⁹
980 2540 1074 2569 mrem,
1093 2540 1180 2568 iv,13.
1197 2550 1224 2555 -—
1242 2538 1261 2554 ¹⁰
1276 2537 1378 2565 Mutela,
1392 2543 1445 2567 xxr,
1464 2539 1500 2561 12.
1514 2538 1572 2555 --ιι
1586 2537 1649 2566 Act„
1667 2542 1724 2565 viu,

952 2577 990 2598 20.
1003 2588 1033 2592 —
1046 2575 1063 2591 1²
1077 2574 1137 2604 lsa.,
1156 2579 1207 2604 LVJ,
1224 2574 1278 2597 7-8.
1299 2585 1329 2590 -—-
1349 2572 1367 2588 ¹³
1381 2573 1447 2597 Psal.
1460 2578 1523 2602 xcu,
1542 2573 1564 2595 5.
1580 2585 1611 2590 -
1624 2571 1724 2596 1⁸Ps1tl.

953 2616 977 2640 v,
994 2612 1016 2634 8.

982 2654 1016 2685 (a)
1036 2655 1097 2679 caet.
1113 2653 1172 2677 edit.
1191 2652 1331 2683 possidere.
1348 2665 1378 2670 —-
1393 2652 1427 2683 (b)
1447 2653 1507 2676 [lem
1525 2652 1564 2675 ud.
