<?xml version="1.0" encoding="UTF-8"?>
<!DOCTYPE html PUBLIC "-//W3C//DTD XHTML 1.0 Transitional//EN"
    "http://www.w3.org/TR/xhtml1/DTD/xhtml1-transitional.dtd">
<html xmlns="http://www.w3.org/1999/xhtml" xml:lang="en" lang="en">
 <head>
  <title>
</title>
<meta http-equiv="Content-Type" content="text/html;charset=utf-8" />
  <meta name='ocr-system' content='tesseract 3.04.00' />
  <meta name='ocr-capabilities' content='ocr_page ocr_carea ocr_par ocr_line ocrx_word'/>
</head>
<body>
  <div class='ocr_page' id='page_1' title='image "./operaomniasixtiv11bonauoft/operaomniasixtiv11bonauoft_0403.png"; bbox 0 0 1987 3032; ppageno 0'>
   <div class='ocr_carea' id='block_1_1' title="bbox 674 238 1154 273">
    <p class='ocr_par' dir='ltr' id='par_1_1' title="bbox 674 238 1154 273">
     <span class='ocr_line' id='line_1_1' title="bbox 674 238 1154 273; baseline -0.004 0"><span class='ocrx_word' id='word_1_1' title='bbox 674 240 878 273; x_wconf 85' lang='lat' dir='ltr'>EXPOSITIO</span> <span class='ocrx_word' id='word_1_2' title='bbox 901 238 942 270; x_wconf 91' lang='lat' dir='ltr'>IN</span> <span class='ocrx_word' id='word_1_3' title='bbox 963 239 1049 270; x_wconf 88' lang='lat' dir='ltr'>CAP.</span> <span class='ocrx_word' id='word_1_4' title='bbox 1072 240 1154 272; x_wconf 81' lang='lat' dir='ltr'>VIII.</span> 
     </span>
    </p>
   </div>
   <div class='ocr_carea' id='block_1_2' title="bbox 132 307 929 2359">
    <p class='ocr_par' dir='ltr' id='par_1_2' title="bbox 132 307 908 942">
     <span class='ocr_line' id='line_1_2' title="bbox 132 307 899 344; baseline -0.005 -7"><span class='ocrx_word' id='word_1_5' title='bbox 132 309 307 344; x_wconf 77' lang='lat' dir='ltr'>locutionis,</span> <span class='ocrx_word' id='word_1_6' title='bbox 323 310 362 337; x_wconf 89' lang='lat' dir='ltr'>ait</span> <span class='ocrx_word' id='word_1_7' title='bbox 380 309 540 337; x_wconf 75' lang='lat' dir='ltr'>Anselmus.</span> <span class='ocrx_word' id='word_1_8' title='bbox 557 309 626 336; x_wconf 86' lang='lat' dir='ltr'>ltem</span> <span class='ocrx_word' id='word_1_9' title='bbox 650 310 691 335; x_wconf 90' lang='lat' dir='ltr'>est</span> <span class='ocrx_word' id='word_1_10' title='bbox 712 307 899 335; x_wconf 82' lang='lat' dir='ltr'>mendacium</span> 
     </span>
     <span class='ocr_line' id='line_1_3' title="bbox 134 353 901 390; baseline -0.004 -8"><span class='ocrx_word' id='word_1_11' title='bbox 134 357 214 390; x_wconf 81' lang='lat' dir='ltr'>vitae,</span> <span class='ocrx_word' id='word_1_12' title='bbox 229 357 276 384; x_wconf 83' lang='lat' dir='ltr'>vel</span> <span class='ocrx_word' id='word_1_13' title='bbox 291 355 533 389; x_wconf 78' lang='lat' dir='ltr'>conversationiS‚</span> <span class='ocrx_word' id='word_1_14' title='bbox 561 354 682 390; x_wconf 85' lang='lat' dir='ltr'>quando</span> <span class='ocrx_word' id='word_1_15' title='bbox 706 355 765 381; x_wconf 84' lang='lat' dir='ltr'>vita</span> <span class='ocrx_word' id='word_1_16' title='bbox 783 354 831 380; x_wconf 85' lang='lat' dir='ltr'>vel</span> <span class='ocrx_word' id='word_1_17' title='bbox 846 353 901 379; x_wconf 86' lang='lat' dir='ltr'>fin-</span> 
     </span>
     <span class='ocr_line' id='line_1_4' title="bbox 135 401 901 436; baseline -0.005 -7"><span class='ocrx_word' id='word_1_18' title='bbox 135 402 176 436; x_wconf 78' lang='lat' dir='ltr'>git</span> <span class='ocrx_word' id='word_1_19' title='bbox 190 410 220 429; x_wconf 87' lang='lat' dir='ltr'>se</span> <span class='ocrx_word' id='word_1_20' title='bbox 235 410 296 429; x_wconf 75' lang='lat' dir='ltr'>esse</span> <span class='ocrx_word' id='word_1_21' title='bbox 312 402 409 435; x_wconf 85' lang='lat' dir='ltr'>talem,</span> <span class='ocrx_word' id='word_1_22' title='bbox 425 401 520 436; x_wconf 77' lang='lat' dir='ltr'>qualis</span> <span class='ocrx_word' id='word_1_23' title='bbox 536 409 595 428; x_wconf 89' lang='lat' dir='ltr'>non</span> <span class='ocrx_word' id='word_1_24' title='bbox 612 402 654 427; x_wconf 85' lang='lat' dir='ltr'>est</span> <span class='ocrx_word' id='word_1_25' title='bbox 669 409 675 426; x_wconf 81' lang='lat' dir='ltr'><strong><em>z</em></strong></span> <span class='ocrx_word' id='word_1_26' title='bbox 696 401 731 427; x_wconf 90' lang='lat' dir='ltr'>de</span> <span class='ocrx_word' id='word_1_27' title='bbox 747 408 806 434; x_wconf 91' lang='lat' dir='ltr'>quo</span> <span class='ocrx_word' id='word_1_28' title='bbox 820 406 901 425; x_wconf 91' lang='lat' dir='ltr'>men-</span> 
     </span>
     <span class='ocr_line' id='line_1_5' title="bbox 136 445 903 479; baseline -0.005 -4"><span class='ocrx_word' id='word_1_29' title='bbox 136 448 220 475; x_wconf 86' lang='lat' dir='ltr'>dacio</span> <span class='ocrx_word' id='word_1_30' title='bbox 248 447 417 475; x_wconf 77' lang='lat' dir='ltr'>Ambrosius</span> <span class='ocrx_word' id='word_1_31' title='bbox 434 448 441 463; x_wconf 99' lang='lat'><strong>¹</strong></span> <span class='ocrx_word' id='word_1_32' title='bbox 458 447 487 474; x_wconf 93' lang='lat' dir='ltr'>in</span> <span class='ocrx_word' id='word_1_33' title='bbox 507 454 641 474; x_wconf 80' lang='lat' dir='ltr'>sermone</span> <span class='ocrx_word' id='word_1_34' title='bbox 667 445 820 473; x_wconf 84' lang='lat' dir='ltr'>Dominicae</span> <span class='ocrx_word' id='word_1_35' title='bbox 840 452 903 479; x_wconf 86' lang='lat' dir='ltr'>pas-</span> 
     </span>
     <span class='ocr_line' id='line_1_6' title="bbox 137 490 900 528; baseline -0.005 -8"><span class='ocrx_word' id='word_1_36' title='bbox 137 494 226 521; x_wconf 79' lang='lat' dir='ltr'>sionis</span> <span class='ocrx_word' id='word_1_37' title='bbox 250 494 339 527; x_wconf 80' lang='lat' dir='ltr'>bene,</span> <span class='ocrx_word' id='word_1_38' title='bbox 356 493 442 528; x_wconf 86' lang='lat' dir='ltr'>quale</span> <span class='ocrx_word' id='word_1_39' title='bbox 468 493 657 520; x_wconf 80' lang='lat' dir='ltr'>mendacium</span> <span class='ocrx_word' id='word_1_40' title='bbox 672 494 713 519; x_wconf 88' lang='lat' dir='ltr'>est</span> <span class='ocrx_word' id='word_1_41' title='bbox 726 490 900 526; x_wconf 66' lang='lat' dir='ltr'>hypocrisis.</span> 
     </span>
     <span class='ocr_line' id='line_1_7' title="bbox 137 537 902 573; baseline -0.005 -7"><span class='ocrx_word' id='word_1_42' title='bbox 137 540 202 566; x_wconf 91' lang='lat' dir='ltr'>Plus</span> <span class='ocrx_word' id='word_1_43' title='bbox 209 539 283 566; x_wconf 91' lang='lat' dir='ltr'>enim</span> <span class='ocrx_word' id='word_1_44' title='bbox 295 541 390 573; x_wconf 78' lang='lat' dir='ltr'>gestus</span> <span class='ocrx_word' id='word_1_45' title='bbox 400 539 555 566; x_wconf 87' lang='lat' dir='ltr'>hominum</span> <span class='ocrx_word' id='word_1_46' title='bbox 562 538 753 573; x_wconf 82' lang='lat' dir='ltr'>alloquuntur</span> <span class='ocrx_word' id='word_1_47' title='bbox 761 537 902 569; x_wconf 80' lang='lat' dir='ltr'>animum,</span> 
     </span>
     <span class='ocr_line' id='line_1_8' title="bbox 137 581 904 620; baseline -0.007 -8"><span class='ocrx_word' id='word_1_48' title='bbox 137 593 228 620; x_wconf 85' lang='lat' dir='ltr'>quam</span> <span class='ocrx_word' id='word_1_49' title='bbox 252 585 361 618; x_wconf 59' lang='lat' dir='ltr'>verba,</span> <span class='ocrx_word' id='word_1_50' title='bbox 375 595 388 609; x_wconf 77' lang='grc' dir='ltr'><strong>η</strong></span> <span class='ocrx_word' id='word_1_51' title='bbox 408 584 447 611; x_wconf 83' lang='lat' dir='ltr'>ait</span> <span class='ocrx_word' id='word_1_52' title='bbox 461 585 636 619; x_wconf 79' lang='lat' dir='ltr'>Augustinus</span> <span class='ocrx_word' id='word_1_53' title='bbox 650 584 670 611; x_wconf 53' lang='grc' dir='ltr'>ἵ.</span> <span class='ocrx_word' id='word_1_54' title='bbox 689 593 702 609; x_wconf 91' lang='lat'>«</span> <span class='ocrx_word' id='word_1_55' title='bbox 712 585 742 611; x_wconf 89' lang='lat' dir='ltr'>ln</span> <span class='ocrx_word' id='word_1_56' title='bbox 756 581 904 618; x_wconf 76' lang='lat' dir='ltr'>hypocrisi</span> 
     </span>
     <span class='ocr_line' id='line_1_9' title="bbox 136 629 904 665; baseline -0.004 -8"><span class='ocrx_word' id='word_1_57' title='bbox 136 630 322 665; x_wconf 88' lang='lat' dir='ltr'>loquentium</span> <span class='ocrx_word' id='word_1_58' title='bbox 341 631 539 657; x_wconf 78' lang='lat' dir='ltr'>mendacium.</span> <span class='ocrx_word' id='word_1_59' title='bbox 552 641 564 655; x_wconf 81' lang='lat'>»</span> <span class='ocrx_word' id='word_1_60' title='bbox 580 632 610 657; x_wconf 86' lang='lat' dir='ltr'>Et</span> <span class='ocrx_word' id='word_1_61' title='bbox 626 632 746 664; x_wconf 86' lang='lat' dir='ltr'>propter</span> <span class='ocrx_word' id='word_1_62' title='bbox 758 629 810 655; x_wconf 82' lang='lat' dir='ltr'>ista</span> <span class='ocrx_word' id='word_1_63' title='bbox 825 636 904 655; x_wconf 82' lang='lat' dir='ltr'>men-</span> 
     </span>
     <span class='ocr_line' id='line_1_10' title="bbox 139 675 906 704; baseline -0.005 0"><span class='ocrx_word' id='word_1_64' title='bbox 139 676 223 704; x_wconf 84' lang='lat' dir='ltr'>dacia</span> <span class='ocrx_word' id='word_1_65' title='bbox 250 677 355 704; x_wconf 86' lang='lat' dir='ltr'>dicitur</span> <span class='ocrx_word' id='word_1_66' title='bbox 376 678 386 693; x_wconf 72' lang='lat' dir='ltr'>s</span> <span class='ocrx_word' id='word_1_67' title='bbox 408 686 414 703; x_wconf 91' lang='lat'>:</span> <span class='ocrx_word' id='word_1_68' title='bbox 434 686 447 701; x_wconf 83' lang='lat'>«</span> <span class='ocrx_word' id='word_1_69' title='bbox 462 676 525 703; x_wconf 76' lang='lat' dir='ltr'>Noli</span> <span class='ocrx_word' id='word_1_70' title='bbox 540 675 655 703; x_wconf 87' lang='lat' dir='ltr'>mentiri</span> <span class='ocrx_word' id='word_1_71' title='bbox 678 683 765 702; x_wconf 83' lang='lat' dir='ltr'>omne</span> <span class='ocrx_word' id='word_1_72' title='bbox 786 675 906 701; x_wconf 86' lang='lat' dir='ltr'>menda-</span> 
     </span>
     <span class='ocr_line' id='line_1_11' title="bbox 140 719 906 754; baseline -0.004 -5"><span class='ocrx_word' id='word_1_73' title='bbox 140 723 226 750; x_wconf 88' lang='lat' dir='ltr'>cium.</span> <span class='ocrx_word' id='word_1_74' title='bbox 243 733 257 748; x_wconf 80' lang='grc'>»</span> <span class='ocrx_word' id='word_1_75' title='bbox 274 725 305 749; x_wconf 83' lang='lat' dir='ltr'>Et</span> <span class='ocrx_word' id='word_1_76' title='bbox 318 724 327 739; x_wconf 56' lang='lat'><strong>¹</strong></span> <span class='ocrx_word' id='word_1_77' title='bbox 344 732 350 749; x_wconf 76' lang='grc' dir='ltr'>ι</span> <span class='ocrx_word' id='word_1_78' title='bbox 369 732 383 748; x_wconf 76' lang='grc' dir='ltr'>(ι</span> <span class='ocrx_word' id='word_1_79' title='bbox 397 722 451 749; x_wconf 79' lang='lat' dir='ltr'>l&#39;bi</span> <span class='ocrx_word' id='word_1_80' title='bbox 466 722 642 749; x_wconf 79' lang='lat' dir='ltr'>adulterium</span> <span class='ocrx_word' id='word_1_81' title='bbox 654 741 663 754; x_wconf 92' lang='lat'><em>,</em></span> <span class='ocrx_word' id='word_1_82' title='bbox 677 722 705 748; x_wconf 84' lang='lat' dir='ltr'>et</span> <span class='ocrx_word' id='word_1_83' title='bbox 716 721 769 747; x_wconf 93' lang='lat' dir='ltr'>iter</span> <span class='ocrx_word' id='word_1_84' title='bbox 783 719 906 747; x_wconf 86' lang='lat' dir='ltr'>menda-</span> 
     </span>
     <span class='ocr_line' id='line_1_12' title="bbox 141 765 906 801; baseline -0.007 -5"><span class='ocrx_word' id='word_1_85' title='bbox 141 769 186 796; x_wconf 87' lang='lat' dir='ltr'>cii.</span> <span class='ocrx_word' id='word_1_86' title='bbox 201 779 214 794; x_wconf 86' lang='lat'>»</span> <span class='ocrx_word' id='word_1_87' title='bbox 239 771 317 796; x_wconf 90' lang='lat' dir='ltr'>Tunc</span> <span class='ocrx_word' id='word_1_88' title='bbox 344 769 422 795; x_wconf 88' lang='lat' dir='ltr'>enim</span> <span class='ocrx_word' id='word_1_89' title='bbox 440 770 481 795; x_wconf 87' lang='lat' dir='ltr'>est</span> <span class='ocrx_word' id='word_1_90' title='bbox 506 768 559 794; x_wconf 86' lang='lat' dir='ltr'>iter</span> <span class='ocrx_word' id='word_1_91' title='bbox 583 767 730 794; x_wconf 87' lang='lat' dir='ltr'>mendacii</span> <span class='ocrx_word' id='word_1_92' title='bbox 747 788 754 800; x_wconf 90' lang='lat'><em>,</em></span> <span class='ocrx_word' id='word_1_93' title='bbox 785 765 906 801; x_wconf 84' lang='lat' dir='ltr'>quando</span> 
     </span>
     <span class='ocr_line' id='line_1_13' title="bbox 140 811 907 850; baseline -0.007 -8"><span class='ocrx_word' id='word_1_94' title='bbox 140 815 285 850; x_wconf 86' lang='lat' dir='ltr'>praedictis</span> <span class='ocrx_word' id='word_1_95' title='bbox 313 814 474 841; x_wconf 86' lang='lat' dir='ltr'>mendaciis</span> <span class='ocrx_word' id='word_1_96' title='bbox 503 814 534 840; x_wconf 87' lang='lat' dir='ltr'>fit</span> <span class='ocrx_word' id='word_1_97' title='bbox 558 821 710 849; x_wconf 86' lang='lat' dir='ltr'>processus</span> <span class='ocrx_word' id='word_1_98' title='bbox 736 813 772 839; x_wconf 87' lang='lat' dir='ltr'>ab</span> <span class='ocrx_word' id='word_1_99' title='bbox 794 820 853 838; x_wconf 91' lang='lat' dir='ltr'>uno</span> <span class='ocrx_word' id='word_1_100' title='bbox 878 811 907 838; x_wconf 91' lang='lat' dir='ltr'>in</span> 
     </span>
     <span class='ocr_line' id='line_1_14' title="bbox 142 858 908 894; baseline -0.005 -6"><span class='ocrx_word' id='word_1_101' title='bbox 142 860 233 888; x_wconf 86' lang='lat' dir='ltr'>aliud.</span> <span class='ocrx_word' id='word_1_102' title='bbox 249 862 281 888; x_wconf 87' lang='lat' dir='ltr'>Et</span> <span class='ocrx_word' id='word_1_103' title='bbox 300 860 336 887; x_wconf 90' lang='lat' dir='ltr'>de</span> <span class='ocrx_word' id='word_1_104' title='bbox 357 860 532 894; x_wconf 85' lang='lat' dir='ltr'>mendacio,</span> <span class='ocrx_word' id='word_1_105' title='bbox 555 862 582 887; x_wconf 83' lang='lat' dir='ltr'>et</span> <span class='ocrx_word' id='word_1_106' title='bbox 603 860 639 886; x_wconf 87' lang='lat' dir='ltr'>de</span> <span class='ocrx_word' id='word_1_107' title='bbox 663 859 815 894; x_wconf 82' lang='lat' dir='ltr'>speciebus</span> <span class='ocrx_word' id='word_1_108' title='bbox 835 858 908 892; x_wconf 86' lang='lat' dir='ltr'>ejus,</span> 
     </span>
     <span class='ocr_line' id='line_1_15' title="bbox 142 907 352 942; baseline -0.005 -8"><span class='ocrx_word' id='word_1_109' title='bbox 142 907 318 942; x_wconf 76' lang='lat' dir='ltr'>Augustinus</span> <span class='ocrx_word' id='word_1_110' title='bbox 332 908 352 933; x_wconf 70' lang='lat'>5.</span> 
     </span>
    </p>

    <p class='ocr_par' dir='ltr' id='par_1_3' title="bbox 144 950 914 1307">
     <span class='ocr_line' id='line_1_16' title="bbox 178 950 910 987; baseline -0.004 -8"><span class='ocrx_word' id='word_1_111' title='bbox 178 954 221 979; x_wconf 71' lang='lat'>45.</span> <span class='ocrx_word' id='word_1_112' title='bbox 238 954 270 979; x_wconf 89' lang='lat' dir='ltr'>Et</span> <span class='ocrx_word' id='word_1_113' title='bbox 284 952 415 987; x_wconf 86' lang='lat' dir='ltr'>sequitur</span> <span class='ocrx_word' id='word_1_114' title='bbox 429 952 481 978; x_wconf 90' lang='lat' dir='ltr'>illa</span> <span class='ocrx_word' id='word_1_115' title='bbox 504 959 571 986; x_wconf 88' lang='lat' dir='ltr'>pars</span> <span class='ocrx_word' id='word_1_116' title='bbox 591 951 621 978; x_wconf 92' lang='lat' dir='ltr'>in</span> <span class='ocrx_word' id='word_1_117' title='bbox 637 959 696 986; x_wconf 83' lang='lat' dir='ltr'>qua</span> <span class='ocrx_word' id='word_1_118' title='bbox 718 950 849 978; x_wconf 82' lang='lat' dir='ltr'>Salvator</span> <span class='ocrx_word' id='word_1_119' title='bbox 864 957 910 976; x_wconf 92' lang='lat' dir='ltr'>os-</span> 
     </span>
     <span class='ocr_line' id='line_1_17' title="bbox 144 997 908 1033; baseline -0.005 -8"><span class='ocrx_word' id='word_1_120' title='bbox 144 998 235 1025; x_wconf 80' lang='lat' dir='ltr'>tendit</span> <span class='ocrx_word' id='word_1_121' title='bbox 249 1006 278 1025; x_wconf 83' lang='lat' dir='ltr'>se</span> <span class='ocrx_word' id='word_1_122' title='bbox 291 1006 350 1025; x_wconf 83' lang='lat' dir='ltr'>esse</span> <span class='ocrx_word' id='word_1_123' title='bbox 366 998 461 1033; x_wconf 83' lang='lat' dir='ltr'>ipsam</span> <span class='ocrx_word' id='word_1_124' title='bbox 475 997 636 1030; x_wconf 72' lang='lat' dir='ltr'>veritatem,</span> <span class='ocrx_word' id='word_1_125' title='bbox 649 999 675 1024; x_wconf 90' lang='lat' dir='ltr'>et</span> <span class='ocrx_word' id='word_1_126' title='bbox 686 997 748 1031; x_wconf 87' lang='lat' dir='ltr'>ejus</span> <span class='ocrx_word' id='word_1_127' title='bbox 764 998 908 1029; x_wconf 82' lang='lat' dir='ltr'>auctores,</span> 
     </span>
     <span class='ocr_line' id='line_1_18' title="bbox 145 1041 911 1078; baseline -0.004 -7"><span class='ocrx_word' id='word_1_128' title='bbox 145 1047 173 1071; x_wconf 88' lang='lat' dir='ltr'>ct</span> <span class='ocrx_word' id='word_1_129' title='bbox 192 1052 293 1071; x_wconf 89' lang='lat' dir='ltr'>eorum</span> <span class='ocrx_word' id='word_1_130' title='bbox 314 1043 516 1078; x_wconf 67' lang='lat' dir='ltr'>indignitatem</span> <span class='ocrx_word' id='word_1_131' title='bbox 535 1043 574 1070; x_wconf 88' lang='lat' dir='ltr'>ad</span> <span class='ocrx_word' id='word_1_132' title='bbox 595 1043 691 1078; x_wconf 86' lang='lat' dir='ltr'>ipsum</span> <span class='ocrx_word' id='word_1_133' title='bbox 715 1041 911 1076; x_wconf 78' lang='lat' dir='ltr'>arguendum,</span> 
     </span>
     <span class='ocr_line' id='line_1_19' title="bbox 145 1088 910 1123; baseline -0.003 -7"><span class='ocrx_word' id='word_1_134' title='bbox 145 1090 186 1117; x_wconf 88' lang='lat' dir='ltr'>ibi</span> <span class='ocrx_word' id='word_1_135' title='bbox 203 1099 208 1116; x_wconf 95' lang='lat'><strong>:</strong></span> <span class='ocrx_word' id='word_1_136' title='bbox 225 1091 278 1123; x_wconf 71' lang='lat'>1390</span> <span class='ocrx_word' id='word_1_137' title='bbox 293 1093 380 1116; x_wconf 76' lang='lat' dir='ltr'>autem</span> <span class='ocrx_word' id='word_1_138' title='bbox 393 1091 530 1116; x_wconf 68' lang='lat' dir='ltr'>veritatem</span> <span class='ocrx_word' id='word_1_139' title='bbox 541 1089 610 1120; x_wconf 77' lang='lat' dir='ltr'>(lico,</span> <span class='ocrx_word' id='word_1_140' title='bbox 627 1091 680 1115; x_wconf 86' lang='lat' dir='ltr'>ete.</span> <span class='ocrx_word' id='word_1_141' title='bbox 695 1088 784 1115; x_wconf 83' lang='lat' dir='ltr'>Etilla</span> <span class='ocrx_word' id='word_1_142' title='bbox 794 1088 824 1114; x_wconf 91' lang='lat' dir='ltr'>in</span> <span class='ocrx_word' id='word_1_143' title='bbox 836 1090 892 1114; x_wconf 84' lang='lat' dir='ltr'>tres</span> <span class='ocrx_word' id='word_1_144' title='bbox 905 1095 910 1113; x_wconf 89' lang='lat'>:</span> 
     </span>
     <span class='ocr_line' id='line_1_20' title="bbox 145 1133 914 1170; baseline -0.003 -8"><span class='ocrx_word' id='word_1_145' title='bbox 145 1136 260 1170; x_wconf 78' lang='lat' dir='ltr'>primo,</span> <span class='ocrx_word' id='word_1_146' title='bbox 285 1135 492 1170; x_wconf 58' lang='lat' dir='ltr'>praedictorum</span> <span class='ocrx_word' id='word_1_147' title='bbox 516 1134 690 1169; x_wconf 82' lang='lat' dir='ltr'>praemissi03</span> <span class='ocrx_word' id='word_1_148' title='bbox 714 1133 855 1166; x_wconf 84' lang='lat' dir='ltr'>secundo,</span> <span class='ocrx_word' id='word_1_149' title='bbox 868 1135 914 1160; x_wconf 82' lang='lat' dir='ltr'>Ju-</span> 
     </span>
     <span class='ocr_line' id='line_1_21' title="bbox 147 1180 913 1215; baseline -0.004 -7"><span class='ocrx_word' id='word_1_150' title='bbox 147 1181 277 1208; x_wconf 80' lang='lat' dir='ltr'>daeorum</span> <span class='ocrx_word' id='word_1_151' title='bbox 295 1180 509 1215; x_wconf 81' lang='lat' dir='ltr'>blasphematio</span> <span class='ocrx_word' id='word_1_152' title='bbox 519 1200 527 1213; x_wconf 92' lang='lat'><em>,</em></span> <span class='ocrx_word' id='word_1_153' title='bbox 543 1180 584 1206; x_wconf 89' lang='lat' dir='ltr'>ibi</span> <span class='ocrx_word' id='word_1_154' title='bbox 599 1181 608 1196; x_wconf 68' lang='grc' dir='ltr'>ὅ</span> <span class='ocrx_word' id='word_1_155' title='bbox 626 1189 632 1206; x_wconf 89' lang='lat'>:</span> <span class='ocrx_word' id='word_1_156' title='bbox 649 1180 850 1214; x_wconf 76' lang='lat' dir='ltr'>Responderunt</span> <span class='ocrx_word' id='word_1_157' title='bbox 864 1180 913 1205; x_wconf 86' lang='lat' dir='ltr'>Ju-</span> 
     </span>
     <span class='ocr_line' id='line_1_22' title="bbox 147 1224 914 1261; baseline -0.003 -8"><span class='ocrx_word' id='word_1_158' title='bbox 147 1227 208 1261; x_wconf 81' lang='lat' dir='ltr'>doei,</span> <span class='ocrx_word' id='word_1_159' title='bbox 222 1228 287 1261; x_wconf 89' lang='lat' dir='ltr'>etc.;</span> <span class='ocrx_word' id='word_1_160' title='bbox 303 1226 384 1253; x_wconf 85' lang='lat' dir='ltr'>tertio</span> <span class='ocrx_word' id='word_1_161' title='bbox 396 1247 403 1259; x_wconf 85' lang='lat'>‚</span> <span class='ocrx_word' id='word_1_162' title='bbox 416 1226 574 1253; x_wconf 86' lang='lat' dir='ltr'>Salvatoris</span> <span class='ocrx_word' id='word_1_163' title='bbox 600 1226 721 1252; x_wconf 89' lang='lat' dir='ltr'>humilis</span> <span class='ocrx_word' id='word_1_164' title='bbox 749 1224 914 1260; x_wconf 81' lang='lat' dir='ltr'>responsio,</span> 
     </span>
     <span class='ocr_line' id='line_1_23' title="bbox 148 1272 566 1307; baseline 0 -8"><span class='ocrx_word' id='word_1_165' title='bbox 148 1273 189 1299; x_wconf 85' lang='lat' dir='ltr'>ibi</span> <span class='ocrx_word' id='word_1_166' title='bbox 203 1273 212 1289; x_wconf 87' lang='lat'>⁷</span> <span class='ocrx_word' id='word_1_167' title='bbox 230 1281 236 1299; x_wconf 81' lang='lat' dir='ltr'><em>z</em></span> <span class='ocrx_word' id='word_1_168' title='bbox 254 1272 397 1307; x_wconf 78' lang='lat' dir='ltr'>Respondit</span> <span class='ocrx_word' id='word_1_169' title='bbox 412 1274 496 1303; x_wconf 79' lang='lat' dir='ltr'>Jesus,</span> <span class='ocrx_word' id='word_1_170' title='bbox 513 1274 566 1300; x_wconf 80' lang='lat' dir='ltr'>etc,</span> 
     </span>
    </p>

    <p class='ocr_par' dir='ltr' id='par_1_4' title="bbox 150 1317 922 1805">
     <span class='ocr_line' id='line_1_24' title="bbox 184 1317 916 1352; baseline -0.003 -7"><span class='ocrx_word' id='word_1_171' title='bbox 184 1318 228 1345; x_wconf 79' lang='lat' dir='ltr'>Ait</span> <span class='ocrx_word' id='word_1_172' title='bbox 240 1326 309 1352; x_wconf 80' lang='lat' dir='ltr'>ergo</span> <span class='ocrx_word' id='word_1_173' title='bbox 327 1327 332 1344; x_wconf 74' lang='grc' dir='ltr'><em>ι</em></span> <span class='ocrx_word' id='word_1_174' title='bbox 352 1319 498 1345; x_wconf 68' lang='lat' dir='ltr'>Veritatem</span> <span class='ocrx_word' id='word_1_175' title='bbox 512 1318 581 1344; x_wconf 66' lang='lat' dir='ltr'>dico.</span> <span class='ocrx_word' id='word_1_176' title='bbox 594 1319 634 1345; x_wconf 85' lang='lat' dir='ltr'>lta</span> <span class='ocrx_word' id='word_1_177' title='bbox 645 1317 755 1344; x_wconf 85' lang='lat' dir='ltr'>dictum</span> <span class='ocrx_word' id='word_1_178' title='bbox 766 1319 817 1350; x_wconf 85' lang='lat' dir='ltr'>est,</span> <span class='ocrx_word' id='word_1_179' title='bbox 834 1317 916 1352; x_wconf 89' lang='lat' dir='ltr'>quod</span> 
     </span>
     <span class='ocr_line' id='line_1_25' title="bbox 150 1363 917 1398; baseline -0.003 -7"><span class='ocrx_word' id='word_1_180' title='bbox 150 1364 287 1391; x_wconf 85' lang='lat' dir='ltr'>diabolus</span> <span class='ocrx_word' id='word_1_181' title='bbox 308 1366 349 1391; x_wconf 87' lang='lat' dir='ltr'>est</span> <span class='ocrx_word' id='word_1_182' title='bbox 369 1365 451 1398; x_wconf 82' lang='lat' dir='ltr'>pater</span> <span class='ocrx_word' id='word_1_183' title='bbox 465 1363 622 1390; x_wconf 86' lang='lat' dir='ltr'>mendacii.</span> <span class='ocrx_word' id='word_1_184' title='bbox 638 1363 695 1390; x_wconf 87' lang='lat' dir='ltr'>Sed</span> <span class='ocrx_word' id='word_1_185' title='bbox 710 1371 764 1397; x_wconf 76' lang='lat' dir='ltr'>ego</span> <span class='ocrx_word' id='word_1_186' title='bbox 786 1363 836 1398; x_wconf 87' lang='lat' dir='ltr'>qui</span> <span class='ocrx_word' id='word_1_187' title='bbox 852 1371 917 1389; x_wconf 89' lang='lat' dir='ltr'>sum</span> 
     </span>
     <span class='ocr_line' id='line_1_26' title="bbox 150 1409 916 1445; baseline -0.003 -8"><span class='ocrx_word' id='word_1_188' title='bbox 150 1410 270 1443; x_wconf 87' lang='lat' dir='ltr'>veritas,</span> <span class='ocrx_word' id='word_1_189' title='bbox 294 1409 368 1437; x_wconf 80' lang='lat' dir='ltr'>infra</span> <span class='ocrx_word' id='word_1_190' title='bbox 383 1410 403 1443; x_wconf 72' lang='lat'>¹³,</span> <span class='ocrx_word' id='word_1_191' title='bbox 419 1410 528 1445; x_wconf 88' lang='lat' dir='ltr'>loquor</span> <span class='ocrx_word' id='word_1_192' title='bbox 547 1409 708 1442; x_wconf 71' lang='lat' dir='ltr'>veritatem,</span> <span class='ocrx_word' id='word_1_193' title='bbox 726 1411 753 1436; x_wconf 88' lang='lat' dir='ltr'>et</span> <span class='ocrx_word' id='word_1_194' title='bbox 769 1409 916 1443; x_wconf 84' lang='lat' dir='ltr'>docendo,</span> 
     </span>
     <span class='ocr_line' id='line_1_27' title="bbox 151 1455 918 1490; baseline -0.003 -7"><span class='ocrx_word' id='word_1_195' title='bbox 151 1458 178 1483; x_wconf 89' lang='lat' dir='ltr'>et</span> <span class='ocrx_word' id='word_1_196' title='bbox 193 1455 356 1490; x_wconf 84' lang='lat' dir='ltr'>arguendo,</span> <span class='ocrx_word' id='word_1_197' title='bbox 373 1457 400 1482; x_wconf 88' lang='lat' dir='ltr'>et</span> <span class='ocrx_word' id='word_1_198' title='bbox 410 1455 579 1488; x_wconf 84' lang='lat' dir='ltr'>suadendo,</span> <span class='ocrx_word' id='word_1_199' title='bbox 594 1457 621 1481; x_wconf 87' lang='lat' dir='ltr'>et</span> <span class='ocrx_word' id='word_1_200' title='bbox 633 1455 840 1489; x_wconf 88' lang='lat' dir='ltr'>promittendo.</span> <span class='ocrx_word' id='word_1_201' title='bbox 856 1457 918 1481; x_wconf 85' lang='lat' dir='ltr'>Non</span> 
     </span>
     <span class='ocr_line' id='line_1_28' title="bbox 151 1500 917 1536; baseline -0.004 -7"><span class='ocrx_word' id='word_1_202' title='bbox 151 1502 228 1529; x_wconf 87' lang='lat' dir='ltr'>enim</span> <span class='ocrx_word' id='word_1_203' title='bbox 247 1504 341 1536; x_wconf 74' lang='lat' dir='ltr'>pote&#39;st</span> <span class='ocrx_word' id='word_1_204' title='bbox 360 1509 479 1527; x_wconf 86' lang='lat' dir='ltr'>manare</span> <span class='ocrx_word' id='word_1_205' title='bbox 498 1509 515 1528; x_wconf 87' lang='lat' dir='ltr'>a</span> <span class='ocrx_word' id='word_1_206' title='bbox 539 1500 635 1535; x_wconf 85' lang='lat' dir='ltr'>prima</span> <span class='ocrx_word' id='word_1_207' title='bbox 663 1501 793 1534; x_wconf 70' lang='lat' dir='ltr'>veritate,</span> <span class='ocrx_word' id='word_1_208' title='bbox 810 1501 865 1527; x_wconf 86' lang='lat' dir='ltr'>nisi</span> <span class='ocrx_word' id='word_1_209' title='bbox 882 1501 917 1535; x_wconf 82' lang='lat' dir='ltr'>(a)</span> 
     </span>
     <span class='ocr_line' id='line_1_29' title="bbox 151 1546 918 1581; baseline -0.003 -7"><span class='ocrx_word' id='word_1_210' title='bbox 151 1547 266 1574; x_wconf 82' lang='lat' dir='ltr'>veritas.</span> <span class='ocrx_word' id='word_1_211' title='bbox 292 1548 301 1563; x_wconf 67' lang='lat'>‘³</span> <span class='ocrx_word' id='word_1_212' title='bbox 318 1556 332 1571; x_wconf 86' lang='lat'>«</span> <span class='ocrx_word' id='word_1_213' title='bbox 346 1546 515 1579; x_wconf 85' lang='lat' dir='ltr'>Hominem,</span> <span class='ocrx_word' id='word_1_214' title='bbox 539 1546 589 1581; x_wconf 87' lang='lat' dir='ltr'>qui</span> <span class='ocrx_word' id='word_1_215' title='bbox 603 1546 753 1573; x_wconf 85' lang='lat' dir='ltr'>veritatem</span> <span class='ocrx_word' id='word_1_216' title='bbox 774 1546 860 1573; x_wconf 83' lang='lat' dir='ltr'>vobis</span> <span class='ocrx_word' id='word_1_217' title='bbox 875 1546 918 1573; x_wconf 94' lang='lat' dir='ltr'>lo-</span> 
     </span>
     <span class='ocr_line' id='line_1_30' title="bbox 152 1592 919 1627; baseline -0.001 -7"><span class='ocrx_word' id='word_1_218' title='bbox 152 1596 234 1620; x_wconf 90' lang='lat' dir='ltr'>cutus</span> <span class='ocrx_word' id='word_1_219' title='bbox 248 1601 323 1620; x_wconf 87' lang='lat' dir='ltr'>sum.</span> <span class='ocrx_word' id='word_1_220' title='bbox 340 1602 352 1618; x_wconf 88' lang='lat'>»</span> <span class='ocrx_word' id='word_1_221' title='bbox 369 1595 403 1619; x_wconf 82' lang='lat' dir='ltr'>Et</span> <span class='ocrx_word' id='word_1_222' title='bbox 415 1595 499 1619; x_wconf 79' lang='lat' dir='ltr'>tamen</span> <span class='ocrx_word' id='word_1_223' title='bbox 513 1592 684 1619; x_wconf 77' lang='lat' dir='ltr'>noncreclz&#39;tt&#39;s</span> <span class='ocrx_word' id='word_1_224' title='bbox 698 1593 774 1626; x_wconf 68' lang='lat' dir='ltr'>mihi,</span> <span class='ocrx_word' id='word_1_225' title='bbox 788 1600 822 1619; x_wconf 89' lang='lat' dir='ltr'>eo</span> <span class='ocrx_word' id='word_1_226' title='bbox 838 1593 919 1627; x_wconf 86' lang='lat' dir='ltr'>quod</span> 
     </span>
     <span class='ocr_line' id='line_1_31' title="bbox 152 1638 920 1674; baseline -0.003 -7"><span class='ocrx_word' id='word_1_227' title='bbox 152 1640 218 1667; x_wconf 83' lang='lat' dir='ltr'>estis</span> <span class='ocrx_word' id='word_1_228' title='bbox 236 1647 272 1667; x_wconf 74' lang='lat' dir='ltr'>ex</span> <span class='ocrx_word' id='word_1_229' title='bbox 289 1640 370 1674; x_wconf 87' lang='lat' dir='ltr'>patre</span> <span class='ocrx_word' id='word_1_230' title='bbox 392 1638 549 1666; x_wconf 87' lang='lat' dir='ltr'>mendacii.</span> <span class='ocrx_word' id='word_1_231' title='bbox 571 1640 591 1654; x_wconf 77' lang='lat'><strong>¹⁰</strong></span> <span class='ocrx_word' id='word_1_232' title='bbox 608 1648 620 1663; x_wconf 74' lang='grc'>1(</span> <span class='ocrx_word' id='word_1_233' title='bbox 635 1638 795 1673; x_wconf 84' lang='lat' dir='ltr'>Loquelam</span> <span class='ocrx_word' id='word_1_234' title='bbox 823 1646 920 1665; x_wconf 86' lang='lat' dir='ltr'>meam</span> 
     </span>
     <span class='ocr_line' id='line_1_32' title="bbox 153 1684 921 1720; baseline -0.004 -7"><span class='ocrx_word' id='word_1_235' title='bbox 153 1694 213 1713; x_wconf 90' lang='lat' dir='ltr'>non</span> <span class='ocrx_word' id='word_1_236' title='bbox 226 1685 410 1720; x_wconf 76' lang='lat' dir='ltr'>cognoscitis,</span> <span class='ocrx_word' id='word_1_237' title='bbox 426 1695 439 1710; x_wconf 90' lang='lat'>»</span> <span class='ocrx_word' id='word_1_238' title='bbox 458 1684 509 1711; x_wconf 87' lang='lat' dir='ltr'>sed</span> <span class='ocrx_word' id='word_1_239' title='bbox 533 1684 630 1719; x_wconf 85' lang='lat' dir='ltr'>potius</span> <span class='ocrx_word' id='word_1_240' title='bbox 651 1684 818 1718; x_wconf 76' lang='lat' dir='ltr'>increpatis,</span> <span class='ocrx_word' id='word_1_241' title='bbox 835 1685 863 1710; x_wconf 90' lang='lat' dir='ltr'>et</span> <span class='ocrx_word' id='word_1_242' title='bbox 877 1691 921 1710; x_wconf 86' lang='lat' dir='ltr'>ar-</span> 
     </span>
     <span class='ocr_line' id='line_1_33' title="bbox 153 1730 922 1766; baseline -0.004 -7"><span class='ocrx_word' id='word_1_243' title='bbox 153 1732 239 1766; x_wconf 82' lang='lat' dir='ltr'>guitis</span> <span class='ocrx_word' id='word_1_244' title='bbox 253 1739 312 1765; x_wconf 83' lang='lat' dir='ltr'>me,</span> <span class='ocrx_word' id='word_1_245' title='bbox 326 1731 433 1758; x_wconf 82' lang='lat' dir='ltr'>scilicet</span> <span class='ocrx_word' id='word_1_246' title='bbox 460 1730 617 1757; x_wconf 77' lang='lat' dir='ltr'>mendaces</span> <span class='ocrx_word' id='word_1_247' title='bbox 643 1730 790 1756; x_wconf 82' lang='lat' dir='ltr'>veritatem</span> <span class='ocrx_word' id='word_1_248' title='bbox 802 1750 810 1763; x_wconf 87' lang='lat'><strong><em>,</em></strong></span> <span class='ocrx_word' id='word_1_249' title='bbox 840 1730 922 1764; x_wconf 86' lang='lat' dir='ltr'>quod</span> 
     </span>
     <span class='ocr_line' id='line_1_34' title="bbox 154 1775 679 1805; baseline -0.004 -2"><span class='ocrx_word' id='word_1_250' title='bbox 154 1780 195 1805; x_wconf 78' lang='lat' dir='ltr'>est</span> <span class='ocrx_word' id='word_1_251' title='bbox 209 1777 414 1804; x_wconf 86' lang='lat' dir='ltr'>inconveniens</span> <span class='ocrx_word' id='word_1_252' title='bbox 428 1777 456 1803; x_wconf 86' lang='lat' dir='ltr'>et</span> <span class='ocrx_word' id='word_1_253' title='bbox 469 1775 679 1802; x_wconf 79' lang='lat' dir='ltr'>irrationabile.</span> 
     </span>
    </p>

    <p class='ocr_par' dir='ltr' id='par_1_5' title="bbox 156 1820 929 2359">
     <span class='ocr_line' id='line_1_35' title="bbox 190 1820 923 1856; baseline -0.004 -5"><span class='ocrx_word' id='word_1_254' title='bbox 190 1825 234 1851; x_wconf 71' lang='lat'>46.</span> <span class='ocrx_word' id='word_1_255' title='bbox 251 1825 317 1856; x_wconf 78' lang='lat' dir='ltr'>Quis</span> <span class='ocrx_word' id='word_1_256' title='bbox 332 1831 364 1850; x_wconf 71' lang='lat' dir='ltr'>ex</span> <span class='ocrx_word' id='word_1_257' title='bbox 378 1823 462 1855; x_wconf 71' lang='lat' dir='ltr'>vobis,</span> <span class='ocrx_word' id='word_1_258' title='bbox 478 1821 586 1847; x_wconf 88' lang='lat' dir='ltr'>scilicet</span> <span class='ocrx_word' id='word_1_259' title='bbox 605 1820 798 1847; x_wconf 79' lang='lat' dir='ltr'>mendacibus</span> <span class='ocrx_word' id='word_1_260' title='bbox 815 1822 843 1847; x_wconf 89' lang='lat' dir='ltr'>et</span> <span class='ocrx_word' id='word_1_261' title='bbox 856 1828 923 1855; x_wconf 84' lang='lat' dir='ltr'>pec-</span> 
     </span>
     <span class='ocr_line' id='line_1_36' title="bbox 157 1866 923 1902; baseline -0.004 -6"><span class='ocrx_word' id='word_1_262' title='bbox 157 1869 320 1902; x_wconf 74' lang='lat' dir='ltr'>catoribus,</span> <span class='ocrx_word' id='word_1_263' title='bbox 336 1870 428 1901; x_wconf 64' lang='lat' dir='ltr'>affluet</span> <span class='ocrx_word' id='word_1_264' title='bbox 445 1867 480 1901; x_wconf 82' lang='lat' dir='ltr'>(b)</span> <span class='ocrx_word' id='word_1_265' title='bbox 495 1875 534 1893; x_wconf 79' lang='lat' dir='ltr'>me</span> <span class='ocrx_word' id='word_1_266' title='bbox 553 1867 584 1893; x_wconf 72' lang='lat' dir='ltr'>cle</span> <span class='ocrx_word' id='word_1_267' title='bbox 600 1868 728 1900; x_wconf 68' lang='lat' dir='ltr'>peccato?</span> <span class='ocrx_word' id='word_1_268' title='bbox 744 1866 853 1893; x_wconf 84' lang='lat' dir='ltr'>scilicet</span> <span class='ocrx_word' id='word_1_269' title='bbox 872 1866 923 1901; x_wconf 89' lang='lat' dir='ltr'>qui</span> 
     </span>
     <span class='ocr_line' id='line_1_37' title="bbox 156 1911 924 1948; baseline -0.004 -7"><span class='ocrx_word' id='word_1_270' title='bbox 156 1922 221 1941; x_wconf 89' lang='lat' dir='ltr'>sum</span> <span class='ocrx_word' id='word_1_271' title='bbox 248 1914 309 1940; x_wconf 85' lang='lat' dir='ltr'>siue</span> <span class='ocrx_word' id='word_1_272' title='bbox 340 1915 469 1948; x_wconf 82' lang='lat' dir='ltr'>peccato.</span> <span class='ocrx_word' id='word_1_273' title='bbox 497 1914 516 1929; x_wconf 89' lang='lat'>¹¹</span> <span class='ocrx_word' id='word_1_274' title='bbox 546 1923 558 1935; x_wconf 69' lang='lat' dir='ltr'>n</span> <span class='ocrx_word' id='word_1_275' title='bbox 583 1913 644 1947; x_wconf 89' lang='lat' dir='ltr'>lpse</span> <span class='ocrx_word' id='word_1_276' title='bbox 668 1911 746 1939; x_wconf 86' lang='lat' dir='ltr'>enim</span> <span class='ocrx_word' id='word_1_277' title='bbox 773 1914 924 1947; x_wconf 82' lang='lat' dir='ltr'>peccatum</span> 
     </span>
     <span class='ocr_line' id='line_1_38' title="bbox 157 1957 924 1993; baseline -0.003 -6"><span class='ocrx_word' id='word_1_278' title='bbox 157 1968 216 1987; x_wconf 92' lang='lat' dir='ltr'>non</span> <span class='ocrx_word' id='word_1_279' title='bbox 231 1959 297 1986; x_wconf 82' lang='lat' dir='ltr'>fecit</span> <span class='ocrx_word' id='word_1_280' title='bbox 314 1968 319 1985; x_wconf 88' lang='lat'>:</span> <span class='ocrx_word' id='word_1_281' title='bbox 337 1969 349 1984; x_wconf 88' lang='lat'>»</span> <span class='ocrx_word' id='word_1_282' title='bbox 371 1958 430 1985; x_wconf 88' lang='lat' dir='ltr'>imo</span> <span class='ocrx_word' id='word_1_283' title='bbox 446 1967 452 1985; x_wconf 76' lang='grc' dir='ltr'><strong><em>ε</em></strong></span> <span class='ocrx_word' id='word_1_284' title='bbox 471 1968 483 1983; x_wconf 86' lang='lat'>«</span> <span class='ocrx_word' id='word_1_285' title='bbox 499 1960 595 1992; x_wconf 78' lang='lat' dir='ltr'>Agnus</span> <span class='ocrx_word' id='word_1_286' title='bbox 619 1957 667 1984; x_wconf 85' lang='lat' dir='ltr'>Dei</span> <span class='ocrx_word' id='word_1_287' title='bbox 683 1958 734 1992; x_wconf 87' lang='lat' dir='ltr'>qui</span> <span class='ocrx_word' id='word_1_288' title='bbox 759 1957 833 1984; x_wconf 89' lang='lat' dir='ltr'>tollit</span> <span class='ocrx_word' id='word_1_289' title='bbox 854 1966 924 1993; x_wconf 87' lang='lat' dir='ltr'>pec-</span> 
     </span>
     <span class='ocr_line' id='line_1_39' title="bbox 157 2003 924 2039; baseline -0.004 -6"><span class='ocrx_word' id='word_1_290' title='bbox 157 2008 221 2033; x_wconf 86' lang='lat' dir='ltr'>cata</span> <span class='ocrx_word' id='word_1_291' title='bbox 234 2005 354 2038; x_wconf 79' lang='lat' dir='ltr'>mundi,</span> <span class='ocrx_word' id='word_1_292' title='bbox 379 2016 391 2028; x_wconf 86' lang='lat'>»</span> <span class='ocrx_word' id='word_1_293' title='bbox 410 2012 498 2039; x_wconf 83' lang='lat' dir='ltr'>supra</span> <span class='ocrx_word' id='word_1_294' title='bbox 513 2004 543 2029; x_wconf 76' lang='lat'>¹2.</span> <span class='ocrx_word' id='word_1_295' title='bbox 561 2005 593 2030; x_wconf 89' lang='lat' dir='ltr'>Et</span> <span class='ocrx_word' id='word_1_296' title='bbox 607 2003 637 2030; x_wconf 90' lang='lat' dir='ltr'>in</span> <span class='ocrx_word' id='word_1_297' title='bbox 652 2003 708 2030; x_wconf 87' lang='lat' dir='ltr'>hoc</span> <span class='ocrx_word' id='word_1_298' title='bbox 728 2006 807 2038; x_wconf 84' lang='lat' dir='ltr'>patet</span> <span class='ocrx_word' id='word_1_299' title='bbox 825 2003 924 2031; x_wconf 86' lang='lat' dir='ltr'>Salva-</span> 
     </span>
     <span class='ocr_line' id='line_1_40' title="bbox 158 2049 925 2084; baseline -0.003 -6"><span class='ocrx_word' id='word_1_300' title='bbox 158 2052 227 2078; x_wconf 87' lang='lat' dir='ltr'>toris</span> <span class='ocrx_word' id='word_1_301' title='bbox 254 2050 403 2077; x_wconf 87' lang='lat' dir='ltr'>humilitas</span> <span class='ocrx_word' id='word_1_302' title='bbox 428 2052 455 2076; x_wconf 87' lang='lat' dir='ltr'>et</span> <span class='ocrx_word' id='word_1_303' title='bbox 478 2049 683 2076; x_wconf 86' lang='lat' dir='ltr'>mansuetudo.</span> <span class='ocrx_word' id='word_1_304' title='bbox 711 2050 790 2076; x_wconf 83' lang='lat' dir='ltr'>Unde</span> <span class='ocrx_word' id='word_1_305' title='bbox 820 2051 925 2084; x_wconf 82' lang='lat' dir='ltr'>Grego-</span> 
     </span>
     <span class='ocr_line' id='line_1_41' title="bbox 157 2094 925 2129; baseline -0.003 -5"><span class='ocrx_word' id='word_1_306' title='bbox 157 2098 217 2124; x_wconf 85' lang='lat' dir='ltr'>rius</span> <span class='ocrx_word' id='word_1_307' title='bbox 233 2098 254 2113; x_wconf 64' lang='grc'><strong>13</strong></span> <span class='ocrx_word' id='word_1_308' title='bbox 271 2105 278 2123; x_wconf 89' lang='lat'>:</span> <span class='ocrx_word' id='word_1_309' title='bbox 297 2106 310 2121; x_wconf 81' lang='lat'>«</span> <span class='ocrx_word' id='word_1_310' title='bbox 325 2098 388 2123; x_wconf 67' lang='lat' dir='ltr'>Non</span> <span class='ocrx_word' id='word_1_311' title='bbox 404 2095 580 2129; x_wconf 84' lang='lat' dir='ltr'>dedignatur</span> <span class='ocrx_word' id='word_1_312' title='bbox 594 2103 630 2122; x_wconf 73' lang='lat' dir='ltr'>ex</span> <span class='ocrx_word' id='word_1_313' title='bbox 645 2094 757 2122; x_wconf 90' lang='lat' dir='ltr'>ratione</span> <span class='ocrx_word' id='word_1_314' title='bbox 772 2095 925 2122; x_wconf 84' lang='lat' dir='ltr'>ostendere</span> 
     </span>
     <span class='ocr_line' id='line_1_42' title="bbox 158 2140 926 2178; baseline -0.004 -8"><span class='ocrx_word' id='word_1_315' title='bbox 158 2151 187 2169; x_wconf 81' lang='lat' dir='ltr'>se</span> <span class='ocrx_word' id='word_1_316' title='bbox 202 2144 387 2178; x_wconf 82' lang='lat' dir='ltr'>peccatorem</span> <span class='ocrx_word' id='word_1_317' title='bbox 404 2149 464 2168; x_wconf 91' lang='lat' dir='ltr'>non</span> <span class='ocrx_word' id='word_1_318' title='bbox 483 2149 559 2173; x_wconf 83' lang='lat' dir='ltr'>esse,</span> <span class='ocrx_word' id='word_1_319' title='bbox 587 2140 638 2175; x_wconf 86' lang='lat' dir='ltr'>qui</span> <span class='ocrx_word' id='word_1_320' title='bbox 653 2148 687 2167; x_wconf 83' lang='lat' dir='ltr'>ex</span> <span class='ocrx_word' id='word_1_321' title='bbox 703 2140 806 2167; x_wconf 83' lang='lat' dir='ltr'>virtute</span> <span class='ocrx_word' id='word_1_322' title='bbox 822 2140 926 2167; x_wconf 88' lang='lat' dir='ltr'>divini-</span> 
     </span>
     <span class='ocr_line' id='line_1_43' title="bbox 159 2186 926 2223; baseline -0.005 -7"><span class='ocrx_word' id='word_1_323' title='bbox 159 2189 222 2216; x_wconf 80' lang='lat' dir='ltr'>tatis</span> <span class='ocrx_word' id='word_1_324' title='bbox 241 2189 356 2223; x_wconf 86' lang='lat' dir='ltr'>poterat</span> <span class='ocrx_word' id='word_1_325' title='bbox 373 2189 539 2222; x_wconf 81' lang='lat' dir='ltr'>peccatores</span> <span class='ocrx_word' id='word_1_326' title='bbox 561 2186 729 2221; x_wconf 83' lang='lat' dir='ltr'>justificare.</span> <span class='ocrx_word' id='word_1_327' title='bbox 750 2188 781 2213; x_wconf 88' lang='lat' dir='ltr'>Et</span> <span class='ocrx_word' id='word_1_328' title='bbox 795 2186 861 2213; x_wconf 86' lang='lat' dir='ltr'>licet</span> <span class='ocrx_word' id='word_1_329' title='bbox 883 2193 926 2213; x_wconf 85' lang='lat' dir='ltr'>es-</span> 
     </span>
     <span class='ocr_line' id='line_1_44' title="bbox 158 2232 925 2267; baseline -0.001 -6"><span class='ocrx_word' id='word_1_330' title='bbox 158 2237 201 2261; x_wconf 72' lang='lat' dir='ltr'>set</span> <span class='ocrx_word' id='word_1_331' title='bbox 214 2234 292 2267; x_wconf 87' lang='lat' dir='ltr'>talis,</span> <span class='ocrx_word' id='word_1_332' title='bbox 307 2236 404 2261; x_wconf 86' lang='lat' dir='ltr'>tamen</span> <span class='ocrx_word' id='word_1_333' title='bbox 429 2241 497 2260; x_wconf 84' lang='lat' dir='ltr'>cum</span> <span class='ocrx_word' id='word_1_334' title='bbox 523 2240 584 2259; x_wconf 92' lang='lat' dir='ltr'>non</span> <span class='ocrx_word' id='word_1_335' title='bbox 611 2232 779 2259; x_wconf 83' lang='lat' dir='ltr'>audiebant.</span> <span class='ocrx_word' id='word_1_336' title='bbox 796 2242 809 2257; x_wconf 90' lang='lat'>»</span> <span class='ocrx_word' id='word_1_337' title='bbox 836 2233 925 2260; x_wconf 79' lang='lat' dir='ltr'>Idem.</span> 
     </span>
     <span class='ocr_line' id='line_1_45' title="bbox 159 2279 929 2315; baseline -0.001 -8"><span class='ocrx_word' id='word_1_338' title='bbox 159 2280 292 2315; x_wconf 85' lang='lat' dir='ltr'>Sequitur</span> <span class='ocrx_word' id='word_1_339' title='bbox 309 2288 315 2305; x_wconf 73' lang='grc' dir='ltr'>ε</span> <span class='ocrx_word' id='word_1_340' title='bbox 335 2280 365 2306; x_wconf 75' lang='grc' dir='ltr'>δι’</span> <span class='ocrx_word' id='word_1_341' title='bbox 380 2281 518 2305; x_wconf 79' lang='lat' dir='ltr'>veritatem</span> <span class='ocrx_word' id='word_1_342' title='bbox 542 2279 616 2309; x_wconf 79' lang='lat' dir='ltr'>dico,</span> <span class='ocrx_word' id='word_1_343' title='bbox 644 2286 725 2311; x_wconf 78' lang='lat' dir='ltr'>quare</span> <span class='ocrx_word' id='word_1_344' title='bbox 744 2286 795 2304; x_wconf 82' lang='lat' dir='ltr'>non</span> <span class='ocrx_word' id='word_1_345' title='bbox 818 2279 929 2306; x_wconf 72' lang='lat' dir='ltr'>creditis</span> 
     </span>
     <span class='ocr_line' id='line_1_46' title="bbox 160 2324 929 2359; baseline -0.003 -6"><span class='ocrx_word' id='word_1_346' title='bbox 160 2326 247 2353; x_wconf 71' lang='lat' dir='ltr'>mihi?</span> <span class='ocrx_word' id='word_1_347' title='bbox 262 2327 293 2353; x_wconf 90' lang='lat' dir='ltr'>Et</span> <span class='ocrx_word' id='word_1_348' title='bbox 310 2324 409 2352; x_wconf 81' lang='lat' dir='ltr'>subdit</span> <span class='ocrx_word' id='word_1_349' title='bbox 422 2332 542 2352; x_wconf 84' lang='lat' dir='ltr'>causam</span> <span class='ocrx_word' id='word_1_350' title='bbox 557 2325 595 2358; x_wconf 77' lang='lat' dir='ltr'>(v,</span> <span class='ocrx_word' id='word_1_351' title='bbox 616 2324 672 2358; x_wconf 74' lang='lat'>47),</span> <span class='ocrx_word' id='word_1_352' title='bbox 688 2324 757 2359; x_wconf 82' lang='lat' dir='ltr'>quia</span> <span class='ocrx_word' id='word_1_353' title='bbox 774 2331 833 2351; x_wconf 86' lang='lat' dir='ltr'>non</span> <span class='ocrx_word' id='word_1_354' title='bbox 848 2326 929 2351; x_wconf 85' lang='lat' dir='ltr'>erant</span> 
     </span>
    </p>
   </div>
   <div class='ocr_carea' id='block_1_3' title="bbox 194 2404 928 2435">
    <p class='ocr_par' dir='ltr' id='par_1_6' title="bbox 194 2404 928 2435">
     <span class='ocr_line' id='line_1_47' title="bbox 194 2404 928 2435; baseline -0.003 -4"><span class='ocrx_word' id='word_1_355' title='bbox 194 2409 201 2424; x_wconf 88' lang='lat'><strong>¹</strong></span> <span class='ocrx_word' id='word_1_356' title='bbox 216 2408 268 2431; x_wconf 88' lang='lat' dir='ltr'>lmo</span> <span class='ocrx_word' id='word_1_357' title='bbox 283 2408 379 2435; x_wconf 81' lang='lat' dir='ltr'>auctor,</span> <span class='ocrx_word' id='word_1_358' title='bbox 395 2404 507 2435; x_wconf 79' lang='lat' dir='ltr'>quisquis</span> <span class='ocrx_word' id='word_1_359' title='bbox 518 2405 558 2428; x_wconf 84' lang='lat' dir='ltr'>ille</span> <span class='ocrx_word' id='word_1_360' title='bbox 574 2405 605 2428; x_wconf 83' lang='lat' dir='ltr'>sit</span> <span class='ocrx_word' id='word_1_361' title='bbox 620 2411 696 2428; x_wconf 82' lang='lat' dir='ltr'>serm.</span> <span class='ocrx_word' id='word_1_362' title='bbox 711 2410 780 2434; x_wconf 63' lang='grc' dir='ltr'>κων,</span> <span class='ocrx_word' id='word_1_363' title='bbox 795 2404 824 2427; x_wconf 80' lang='lat' dir='ltr'>de</span> <span class='ocrx_word' id='word_1_364' title='bbox 839 2405 928 2435; x_wconf 65' lang='lat' dir='ltr'>Temp„</span> 
     </span>
    </p>
   </div>
   <div class='ocr_carea' id='block_1_4' title="bbox 163 2440 929 2725">
    <p class='ocr_par' dir='ltr' id='par_1_7' title="bbox 163 2440 929 2725">
     <span class='ocr_line' id='line_1_48' title="bbox 163 2440 929 2473; baseline -0.005 -6"><span class='ocrx_word' id='word_1_365' title='bbox 163 2444 227 2467; x_wconf 80' lang='lat' dir='ltr'>iuter</span> <span class='ocrx_word' id='word_1_366' title='bbox 242 2444 317 2473; x_wconf 89' lang='lat' dir='ltr'>Oper.</span> <span class='ocrx_word' id='word_1_367' title='bbox 337 2441 456 2465; x_wconf 81' lang='lat' dir='ltr'>Ambros.</span> <span class='ocrx_word' id='word_1_368' title='bbox 472 2454 500 2457; x_wconf 98' lang='lat'><strong>—</strong></span> <span class='ocrx_word' id='word_1_369' title='bbox 521 2442 530 2456; x_wconf 81' lang='lat'><em>²</em></span> <span class='ocrx_word' id='word_1_370' title='bbox 552 2441 558 2463; x_wconf 94' lang='grc'>1</span> <span class='ocrx_word' id='word_1_371' title='bbox 583 2441 652 2465; x_wconf 73' lang='lat' dir='ltr'>Tim..</span> <span class='ocrx_word' id='word_1_372' title='bbox 675 2446 709 2469; x_wconf 78' lang='grc' dir='ltr'>ιν,</span> <span class='ocrx_word' id='word_1_373' title='bbox 728 2441 751 2463; x_wconf 75' lang='grc'>2.</span> <span class='ocrx_word' id='word_1_374' title='bbox 766 2452 795 2456; x_wconf 93' lang='lat'>—-</span> <span class='ocrx_word' id='word_1_375' title='bbox 814 2440 822 2453; x_wconf 76' lang='lat'><strong>³</strong></span> <span class='ocrx_word' id='word_1_376' title='bbox 842 2440 929 2471; x_wconf 78' lang='lat' dir='ltr'>Eccli.‚</span> 
     </span>
     <span class='ocr_line' id='line_1_49' title="bbox 164 2474 929 2508; baseline -0.003 -7"><span class='ocrx_word' id='word_1_377' title='bbox 164 2485 209 2508; x_wconf 81' lang='lat' dir='ltr'>vu,</span> <span class='ocrx_word' id='word_1_378' title='bbox 226 2480 262 2502; x_wconf 81' lang='lat'>14.</span> <span class='ocrx_word' id='word_1_379' title='bbox 279 2491 309 2495; x_wconf 97' lang='lat'>—</span> <span class='ocrx_word' id='word_1_380' title='bbox 323 2478 333 2493; x_wconf 59' lang='lat'><strong>⁴</strong></span> <span class='ocrx_word' id='word_1_381' title='bbox 344 2477 445 2505; x_wconf 59' lang='lat' dir='ltr'>levem„</span> <span class='ocrx_word' id='word_1_382' title='bbox 464 2482 537 2505; x_wconf 75' lang='lat' dir='ltr'>xxm,</span> <span class='ocrx_word' id='word_1_383' title='bbox 556 2477 593 2498; x_wconf 68' lang='lat' dir='ltr'>lsi.</span> <span class='ocrx_word' id='word_1_384' title='bbox 609 2488 638 2492; x_wconf 95' lang='lat'>—</span> <span class='ocrx_word' id='word_1_385' title='bbox 653 2475 662 2491; x_wconf 81' lang='lat'><strong>⁶</strong></span> <span class='ocrx_word' id='word_1_386' title='bbox 678 2476 731 2505; x_wconf 75' lang='lat' dir='ltr'>Aug</span> <span class='ocrx_word' id='word_1_387' title='bbox 745 2492 751 2503; x_wconf 86' lang='lat'>,</span> <span class='ocrx_word' id='word_1_388' title='bbox 766 2474 794 2497; x_wconf 80' lang='lat' dir='ltr'>(le</span> <span class='ocrx_word' id='word_1_389' title='bbox 809 2475 929 2505; x_wconf 57' lang='lat' dir='ltr'>Merulae„</span> 
     </span>
     <span class='ocr_line' id='line_1_50' title="bbox 165 2510 929 2541; baseline -0.004 -4"><span class='ocrx_word' id='word_1_390' title='bbox 165 2516 190 2537; x_wconf 84' lang='lat' dir='ltr'>et</span> <span class='ocrx_word' id='word_1_391' title='bbox 207 2514 269 2536; x_wconf 79' lang='lat' dir='ltr'>cont.</span> <span class='ocrx_word' id='word_1_392' title='bbox 284 2513 393 2536; x_wconf 70' lang='lat' dir='ltr'>Merulae,</span> <span class='ocrx_word' id='word_1_393' title='bbox 410 2525 438 2528; x_wconf 97' lang='lat'><strong>—</strong></span> <span class='ocrx_word' id='word_1_394' title='bbox 454 2512 462 2524; x_wconf 72' lang='lat'>⁴¹</span> <span class='ocrx_word' id='word_1_395' title='bbox 478 2511 535 2540; x_wconf 57' lang='lat' dir='ltr'>lus„</span> <span class='ocrx_word' id='word_1_396' title='bbox 550 2512 589 2534; x_wconf 75' lang='lat'>48.</span> <span class='ocrx_word' id='word_1_397' title='bbox 604 2523 633 2527; x_wconf 89' lang='lat'>—</span> <span class='ocrx_word' id='word_1_398' title='bbox 647 2510 656 2526; x_wconf 84' lang='lat'><em>⁷</em></span> <span class='ocrx_word' id='word_1_399' title='bbox 672 2510 729 2539; x_wconf 64' lang='lat'>1115„</span> <span class='ocrx_word' id='word_1_400' title='bbox 745 2511 783 2533; x_wconf 75' lang='lat'>49.</span> <span class='ocrx_word' id='word_1_401' title='bbox 804 2523 834 2527; x_wconf 89' lang='lat'>—</span> <span class='ocrx_word' id='word_1_402' title='bbox 849 2511 857 2523; x_wconf 74' lang='lat'>¹⁵</span> <span class='ocrx_word' id='word_1_403' title='bbox 872 2510 929 2541; x_wconf 85' lang='lat' dir='ltr'>lns.‚</span> 
     </span>
     <span class='ocr_line' id='line_1_51' title="bbox 166 2545 929 2578; baseline -0.004 -6"><span class='ocrx_word' id='word_1_404' title='bbox 166 2554 218 2578; x_wconf 79' lang='lat' dir='ltr'>xiv,</span> <span class='ocrx_word' id='word_1_405' title='bbox 237 2548 414 2577; x_wconf 69' lang='lat' dir='ltr'>6.—1*Sup.,</span> <span class='ocrx_word' id='word_1_406' title='bbox 431 2548 468 2570; x_wconf 69' lang='grc'>10.</span> <span class='ocrx_word' id='word_1_407' title='bbox 483 2559 514 2564; x_wconf 97' lang='lat'>—</span> <span class='ocrx_word' id='word_1_408' title='bbox 529 2546 549 2562; x_wconf 80' lang='lat'><strong>¹⁰</strong></span> <span class='ocrx_word' id='word_1_409' title='bbox 565 2546 636 2575; x_wconf 77' lang='lat' dir='ltr'>Sup.,</span> <span class='ocrx_word' id='word_1_410' title='bbox 651 2546 688 2568; x_wconf 75' lang='lat'>43.</span> <span class='ocrx_word' id='word_1_411' title='bbox 705 2558 735 2562; x_wconf 85' lang='lat'>—-</span> <span class='ocrx_word' id='word_1_412' title='bbox 750 2545 768 2561; x_wconf 85' lang='lat'>¹¹</span> <span class='ocrx_word' id='word_1_413' title='bbox 784 2545 790 2568; x_wconf 89' lang='lat' dir='ltr'>l</span> <span class='ocrx_word' id='word_1_414' title='bbox 808 2545 885 2574; x_wconf 65' lang='lat' dir='ltr'>Patr„</span> <span class='ocrx_word' id='word_1_415' title='bbox 902 2552 929 2576; x_wconf 85' lang='lat'>11,</span> 
     </span>
     <span class='ocr_line' id='line_1_52' title="bbox 167 2580 929 2613; baseline -0.004 -6"><span class='ocrx_word' id='word_1_416' title='bbox 167 2585 206 2607; x_wconf 73' lang='lat'>22³..</span> <span class='ocrx_word' id='word_1_417' title='bbox 232 2595 262 2600; x_wconf 92' lang='lat'>--</span> <span class='ocrx_word' id='word_1_418' title='bbox 289 2582 307 2597; x_wconf 84' lang='lat'><strong>¹²</strong></span> <span class='ocrx_word' id='word_1_419' title='bbox 337 2583 409 2613; x_wconf 85' lang='lat' dir='ltr'>Sup.,</span> <span class='ocrx_word' id='word_1_420' title='bbox 436 2588 461 2611; x_wconf 85' lang='lat'>1,</span> <span class='ocrx_word' id='word_1_421' title='bbox 493 2583 531 2605; x_wconf 69' lang='grc'>29,</span> <span class='ocrx_word' id='word_1_422' title='bbox 555 2593 585 2597; x_wconf 95' lang='grc'>-</span> <span class='ocrx_word' id='word_1_423' title='bbox 611 2580 631 2596; x_wconf 78' lang='lat'><strong>¹³</strong></span> <span class='ocrx_word' id='word_1_424' title='bbox 656 2580 742 2610; x_wconf 84' lang='lat' dir='ltr'>Greg.,</span> <span class='ocrx_word' id='word_1_425' title='bbox 772 2581 797 2603; x_wconf 85' lang='lat' dir='ltr'>in</span> <span class='ocrx_word' id='word_1_426' title='bbox 825 2581 929 2612; x_wconf 74' lang='lat' dir='ltr'>Evany.‚</span> 
     </span>
     <span class='ocr_line' id='line_1_53' title="bbox 167 2615 929 2646; baseline -0.003 -5"><span class='ocrx_word' id='word_1_427' title='bbox 167 2619 236 2641; x_wconf 77' lang='lat' dir='ltr'>hom.</span> <span class='ocrx_word' id='word_1_428' title='bbox 252 2622 332 2646; x_wconf 74' lang='lat' dir='ltr'>xviii,</span> <span class='ocrx_word' id='word_1_429' title='bbox 348 2624 373 2640; x_wconf 81' lang='lat' dir='ltr'>n.</span> <span class='ocrx_word' id='word_1_430' title='bbox 391 2619 411 2641; x_wconf 88' lang='lat'>1.</span> <span class='ocrx_word' id='word_1_431' title='bbox 426 2629 455 2634; x_wconf 90' lang='lat'>—</span> <span class='ocrx_word' id='word_1_432' title='bbox 473 2616 558 2645; x_wconf 75' lang='lat' dir='ltr'>¹⁴11=f.,</span> <span class='ocrx_word' id='word_1_433' title='bbox 577 2621 655 2644; x_wconf 72' lang='lat' dir='ltr'>xviii,</span> <span class='ocrx_word' id='word_1_434' title='bbox 672 2615 708 2637; x_wconf 62' lang='lat'>³7.</span> <span class='ocrx_word' id='word_1_435' title='bbox 724 2628 754 2632; x_wconf 97' lang='lat'>—</span> <span class='ocrx_word' id='word_1_436' title='bbox 770 2615 788 2631; x_wconf 80' lang='lat'><strong>¹⁵</strong></span> <span class='ocrx_word' id='word_1_437' title='bbox 804 2616 875 2645; x_wconf 77' lang='lat' dir='ltr'>Sup.,</span> <span class='ocrx_word' id='word_1_438' title='bbox 892 2622 929 2645; x_wconf 80' lang='grc'><strong>111,</strong></span> 
     </span>
     <span class='ocr_line' id='line_1_54' title="bbox 170 2651 929 2682; baseline -0.005 -5"><span class='ocrx_word' id='word_1_439' title='bbox 170 2656 206 2677; x_wconf 70' lang='lat'>29.</span> <span class='ocrx_word' id='word_1_440' title='bbox 222 2666 250 2670; x_wconf 96' lang='lat'><strong>—</strong></span> <span class='ocrx_word' id='word_1_441' title='bbox 265 2653 285 2667; x_wconf 74' lang='lat'><strong>¹⁰</strong></span> <span class='ocrx_word' id='word_1_442' title='bbox 303 2651 391 2682; x_wconf 62' lang='lat' dir='ltr'>licon„</span> <span class='ocrx_word' id='word_1_443' title='bbox 403 2658 443 2680; x_wconf 85' lang='lat'>111,</span> <span class='ocrx_word' id='word_1_444' title='bbox 458 2653 495 2675; x_wconf 84' lang='lat'>31.</span> <span class='ocrx_word' id='word_1_445' title='bbox 511 2664 540 2669; x_wconf 92' lang='grc'>-</span> <span class='ocrx_word' id='word_1_446' title='bbox 555 2652 572 2667; x_wconf 89' lang='lat'>¹⁷</span> <span class='ocrx_word' id='word_1_447' title='bbox 589 2652 659 2680; x_wconf 67' lang='lat' dir='ltr'>Sup.,</span> <span class='ocrx_word' id='word_1_448' title='bbox 676 2656 714 2680; x_wconf 86' lang='lat'>111,</span> <span class='ocrx_word' id='word_1_449' title='bbox 730 2652 768 2673; x_wconf 79' lang='lat'>20.</span> <span class='ocrx_word' id='word_1_450' title='bbox 785 2663 813 2667; x_wconf 97' lang='lat'><strong>—</strong></span> <span class='ocrx_word' id='word_1_451' title='bbox 828 2651 848 2666; x_wconf 70' lang='lat'><strong>¹²¹</strong></span> <span class='ocrx_word' id='word_1_452' title='bbox 861 2652 929 2681; x_wconf 71' lang='lat' dir='ltr'>Sap,</span> 
     </span>
     <span class='ocr_line' id='line_1_55' title="bbox 328 2704 451 2725; baseline 0 -1"><span class='ocrx_word' id='word_1_453' title='bbox 328 2705 388 2725; x_wconf 65' lang='lat' dir='ltr'>TUM</span> <span class='ocrx_word' id='word_1_454' title='bbox 411 2704 451 2724; x_wconf 87' lang='grc' dir='ltr'>ΧΙ.</span> 
     </span>
    </p>
   </div>
   <div class='ocr_carea' id='block_1_5' title="bbox 1663 245 1722 274">
    <p class='ocr_par' dir='ltr' id='par_1_8' title="bbox 1663 245 1722 274">
     <span class='ocr_line' id='line_1_56' title="bbox 1663 245 1722 274; baseline 0 0"><span class='ocrx_word' id='word_1_455' title='bbox 1663 245 1722 274; x_wconf 81' lang='grc'>385</span> 
     </span>
    </p>
   </div>
   <div class='ocr_carea' id='block_1_6' title="bbox 956 306 1753 2408">
    <p class='ocr_par' dir='ltr' id='par_1_9' title="bbox 956 306 1736 979">
     <span class='ocr_line' id='line_1_57' title="bbox 957 306 1723 340; baseline 0.004 -8"><span class='ocrx_word' id='word_1_456' title='bbox 957 313 991 332; x_wconf 76' lang='lat' dir='ltr'>ex</span> <span class='ocrx_word' id='word_1_457' title='bbox 1008 307 1076 333; x_wconf 86' lang='lat' dir='ltr'>Deo.</span> <span class='ocrx_word' id='word_1_458' title='bbox 1093 306 1180 340; x_wconf 80' lang='lat' dir='ltr'>Quasi</span> <span class='ocrx_word' id='word_1_459' title='bbox 1195 307 1272 334; x_wconf 87' lang='lat' dir='ltr'>enim</span> <span class='ocrx_word' id='word_1_460' title='bbox 1291 306 1424 334; x_wconf 85' lang='lat' dir='ltr'>naturale</span> <span class='ocrx_word' id='word_1_461' title='bbox 1438 307 1480 334; x_wconf 86' lang='lat' dir='ltr'>est</span> <span class='ocrx_word' id='word_1_462' title='bbox 1502 307 1530 335; x_wconf 87' lang='lat' dir='ltr'>et</span> <span class='ocrx_word' id='word_1_463' title='bbox 1549 307 1723 336; x_wconf 86' lang='lat' dir='ltr'>delectabile</span> 
     </span>
     <span class='ocr_line' id='line_1_58' title="bbox 956 351 1725 389; baseline 0.004 -11"><span class='ocrx_word' id='word_1_464' title='bbox 956 351 1075 379; x_wconf 86' lang='lat' dir='ltr'>cuilibet</span> <span class='ocrx_word' id='word_1_465' title='bbox 1093 352 1195 380; x_wconf 89' lang='lat' dir='ltr'>audire</span> <span class='ocrx_word' id='word_1_466' title='bbox 1213 353 1305 380; x_wconf 87' lang='lat' dir='ltr'>verba</span> <span class='ocrx_word' id='word_1_467' title='bbox 1326 354 1458 388; x_wconf 84' lang='lat' dir='ltr'>paterna.</span> <span class='ocrx_word' id='word_1_468' title='bbox 1485 355 1516 380; x_wconf 89' lang='lat' dir='ltr'>Et</span> <span class='ocrx_word' id='word_1_469' title='bbox 1533 353 1602 380; x_wconf 88' lang='lat' dir='ltr'>ideo</span> <span class='ocrx_word' id='word_1_470' title='bbox 1618 354 1668 389; x_wconf 88' lang='lat' dir='ltr'>qui</span> <span class='ocrx_word' id='word_1_471' title='bbox 1683 356 1725 381; x_wconf 87' lang='lat' dir='ltr'>est</span> 
     </span>
     <span class='ocr_line' id='line_1_59' title="bbox 958 398 1723 431; baseline 0.004 -7"><span class='ocrx_word' id='word_1_472' title='bbox 958 405 991 424; x_wconf 77' lang='lat' dir='ltr'>ex</span> <span class='ocrx_word' id='word_1_473' title='bbox 1006 398 1074 431; x_wconf 79' lang='lat' dir='ltr'>Deo,</span> <span class='ocrx_word' id='word_1_474' title='bbox 1089 398 1301 426; x_wconf 85' lang='lat' dir='ltr'>delectabiliter</span> <span class='ocrx_word' id='word_1_475' title='bbox 1311 399 1393 426; x_wconf 84' lang='lat' dir='ltr'>audit</span> <span class='ocrx_word' id='word_1_476' title='bbox 1406 399 1498 426; x_wconf 85' lang='lat' dir='ltr'>verba</span> <span class='ocrx_word' id='word_1_477' title='bbox 1513 399 1572 426; x_wconf 87' lang='lat' dir='ltr'>Dei.</span> <span class='ocrx_word' id='word_1_478' title='bbox 1588 399 1664 426; x_wconf 86' lang='lat' dir='ltr'>Infra</span> <span class='ocrx_word' id='word_1_479' title='bbox 1681 400 1700 417; x_wconf 74' lang='lat'>¹⁴</span> <span class='ocrx_word' id='word_1_480' title='bbox 1717 409 1723 427; x_wconf 74' lang='grc' dir='ltr'><strong><em>ε</em></strong></span> 
     </span>
     <span class='ocr_line' id='line_1_60' title="bbox 959 443 1723 479; baseline 0.001 -10"><span class='ocrx_word' id='word_1_481' title='bbox 959 453 973 468; x_wconf 86' lang='lat'>«</span> <span class='ocrx_word' id='word_1_482' title='bbox 985 443 1084 470; x_wconf 89' lang='lat' dir='ltr'>Omnis</span> <span class='ocrx_word' id='word_1_483' title='bbox 1095 444 1145 479; x_wconf 87' lang='lat' dir='ltr'>qui</span> <span class='ocrx_word' id='word_1_484' title='bbox 1155 452 1190 471; x_wconf 78' lang='lat' dir='ltr'>ex</span> <span class='ocrx_word' id='word_1_485' title='bbox 1197 445 1317 471; x_wconf 75' lang='lat' dir='ltr'>veritate</span> <span class='ocrx_word' id='word_1_486' title='bbox 1326 447 1377 477; x_wconf 88' lang='lat' dir='ltr'>est,</span> <span class='ocrx_word' id='word_1_487' title='bbox 1385 444 1467 472; x_wconf 83' lang='lat' dir='ltr'>audit</span> <span class='ocrx_word' id='word_1_488' title='bbox 1481 453 1585 472; x_wconf 85' lang='lat' dir='ltr'>vocem</span> <span class='ocrx_word' id='word_1_489' title='bbox 1599 453 1723 473; x_wconf 84' lang='lat' dir='ltr'>meam.»</span> 
     </span>
     <span class='ocr_line' id='line_1_61' title="bbox 958 490 1726 526; baseline 0.004 -10"><span class='ocrx_word' id='word_1_490' title='bbox 958 490 1050 524; x_wconf 87' lang='lat' dir='ltr'>Supra</span> <span class='ocrx_word' id='word_1_491' title='bbox 1061 490 1080 506; x_wconf 73' lang='lat'><strong>¹⁵</strong></span> <span class='ocrx_word' id='word_1_492' title='bbox 1096 491 1246 517; x_wconf 70' lang='lat' dir='ltr'>:uAmicus</span> <span class='ocrx_word' id='word_1_493' title='bbox 1254 491 1426 526; x_wconf 83' lang='lat' dir='ltr'>sponsistat,</span> <span class='ocrx_word' id='word_1_494' title='bbox 1439 491 1555 519; x_wconf 86' lang='lat' dir='ltr'>etaudit</span> <span class='ocrx_word' id='word_1_495' title='bbox 1568 501 1596 518; x_wconf 71' lang='lat' dir='ltr'>:n</span> <span class='ocrx_word' id='word_1_496' title='bbox 1612 491 1726 519; x_wconf 70' lang='grc' dir='ltr'>16«Αυ-</span> 
     </span>
     <span class='ocr_line' id='line_1_62' title="bbox 957 535 1728 573; baseline 0.004 -11"><span class='ocrx_word' id='word_1_497' title='bbox 957 535 996 562; x_wconf 84' lang='lat' dir='ltr'>ris</span> <span class='ocrx_word' id='word_1_498' title='bbox 1011 536 1090 562; x_wconf 88' lang='lat' dir='ltr'>enim</span> <span class='ocrx_word' id='word_1_499' title='bbox 1118 536 1198 564; x_wconf 85' lang='lat' dir='ltr'>bona</span> <span class='ocrx_word' id='word_1_500' title='bbox 1222 537 1304 564; x_wconf 85' lang='lat' dir='ltr'>audit</span> <span class='ocrx_word' id='word_1_501' title='bbox 1328 545 1395 564; x_wconf 92' lang='lat' dir='ltr'>cum</span> <span class='ocrx_word' id='word_1_502' title='bbox 1417 537 1498 564; x_wconf 93' lang='lat' dir='ltr'>omni</span> <span class='ocrx_word' id='word_1_503' title='bbox 1521 538 1728 573; x_wconf 86' lang='lat' dir='ltr'>concupiscen-</span> 
     </span>
     <span class='ocr_line' id='line_1_63' title="bbox 959 581 1727 619; baseline 0.004 -11"><span class='ocrx_word' id='word_1_504' title='bbox 959 581 1031 608; x_wconf 80' lang='lat' dir='ltr'>tia.»</span> <span class='ocrx_word' id='word_1_505' title='bbox 1046 583 1078 608; x_wconf 87' lang='lat' dir='ltr'>Et</span> <span class='ocrx_word' id='word_1_506' title='bbox 1091 590 1106 609; x_wconf 90' lang='lat' dir='ltr'>e</span> <span class='ocrx_word' id='word_1_507' title='bbox 1122 583 1280 614; x_wconf 88' lang='lat' dir='ltr'>contrario,</span> <span class='ocrx_word' id='word_1_508' title='bbox 1296 583 1347 618; x_wconf 87' lang='lat' dir='ltr'>qui</span> <span class='ocrx_word' id='word_1_509' title='bbox 1361 585 1427 610; x_wconf 90' lang='lat' dir='ltr'>sunt</span> <span class='ocrx_word' id='word_1_510' title='bbox 1441 591 1475 610; x_wconf 81' lang='lat' dir='ltr'>ex</span> <span class='ocrx_word' id='word_1_511' title='bbox 1497 585 1579 619; x_wconf 85' lang='lat' dir='ltr'>patre</span> <span class='ocrx_word' id='word_1_512' title='bbox 1594 583 1727 618; x_wconf 88' lang='lat' dir='ltr'>diabolo,</span> 
     </span>
     <span class='ocr_line' id='line_1_64' title="bbox 960 627 1729 663; baseline 0.004 -9"><span class='ocrx_word' id='word_1_513' title='bbox 960 627 1085 654; x_wconf 86' lang='lat' dir='ltr'>audiunt</span> <span class='ocrx_word' id='word_1_514' title='bbox 1098 628 1187 655; x_wconf 85' lang='lat' dir='ltr'>verba</span> <span class='ocrx_word' id='word_1_515' title='bbox 1201 637 1263 663; x_wconf 85' lang='lat' dir='ltr'>sua,</span> <span class='ocrx_word' id='word_1_516' title='bbox 1284 630 1311 655; x_wconf 90' lang='lat' dir='ltr'>et</span> <span class='ocrx_word' id='word_1_517' title='bbox 1327 629 1505 656; x_wconf 84' lang='lat' dir='ltr'>detestantur</span> <span class='ocrx_word' id='word_1_518' title='bbox 1521 629 1623 657; x_wconf 86' lang='lat' dir='ltr'>audire</span> <span class='ocrx_word' id='word_1_519' title='bbox 1637 630 1729 657; x_wconf 85' lang='lat' dir='ltr'>verba</span> 
     </span>
     <span class='ocr_line' id='line_1_65' title="bbox 960 674 1729 710; baseline 0.003 -10"><span class='ocrx_word' id='word_1_520' title='bbox 960 674 1026 707; x_wconf 82' lang='lat' dir='ltr'>Dei,</span> <span class='ocrx_word' id='word_1_521' title='bbox 1056 675 1124 709; x_wconf 87' lang='lat' dir='ltr'>quia</span> <span class='ocrx_word' id='word_1_522' title='bbox 1153 675 1257 702; x_wconf 87' lang='lat' dir='ltr'>odiunt</span> <span class='ocrx_word' id='word_1_523' title='bbox 1279 675 1440 702; x_wconf 82' lang='lat' dir='ltr'>veritatem.</span> <span class='ocrx_word' id='word_1_524' title='bbox 1463 676 1556 710; x_wconf 85' lang='lat' dir='ltr'>Supra</span> <span class='ocrx_word' id='word_1_525' title='bbox 1575 676 1597 693; x_wconf 84' lang='lat'>²⁷</span> <span class='ocrx_word' id='word_1_526' title='bbox 1621 685 1628 703; x_wconf 77' lang='lat'>2</span> <span class='ocrx_word' id='word_1_527' title='bbox 1646 675 1729 708; x_wconf 81' lang='lat' dir='ltr'>«Qui</span> 
     </span>
     <span class='ocr_line' id='line_1_66' title="bbox 960 722 1731 758; baseline 0.003 -9"><span class='ocrx_word' id='word_1_528' title='bbox 960 722 1037 749; x_wconf 90' lang='lat' dir='ltr'>male</span> <span class='ocrx_word' id='word_1_529' title='bbox 1051 723 1120 757; x_wconf 84' lang='lat' dir='ltr'>agit,</span> <span class='ocrx_word' id='word_1_530' title='bbox 1136 722 1198 749; x_wconf 90' lang='lat' dir='ltr'>odit</span> <span class='ocrx_word' id='word_1_531' title='bbox 1212 722 1308 749; x_wconf 89' lang='lat' dir='ltr'>lucem</span> <span class='ocrx_word' id='word_1_532' title='bbox 1324 732 1330 749; x_wconf 70' lang='grc' dir='ltr'>ι</span> <span class='ocrx_word' id='word_1_533' title='bbox 1345 733 1357 747; x_wconf 70' lang='lat' dir='ltr'>n</span> <span class='ocrx_word' id='word_1_534' title='bbox 1374 724 1435 750; x_wconf 87' lang='lat' dir='ltr'>tum</span> <span class='ocrx_word' id='word_1_535' title='bbox 1458 723 1528 758; x_wconf 88' lang='lat' dir='ltr'>quia</span> <span class='ocrx_word' id='word_1_536' title='bbox 1556 724 1682 758; x_wconf 85' lang='lat' dir='ltr'>diligunt</span> <span class='ocrx_word' id='word_1_537' title='bbox 1697 731 1731 751; x_wconf 84' lang='lat' dir='ltr'>ea</span> 
     </span>
     <span class='ocr_line' id='line_1_67' title="bbox 962 768 1732 803; baseline 0.003 -9"><span class='ocrx_word' id='word_1_538' title='bbox 962 776 1027 803; x_wconf 72' lang='lat' dir='ltr'>quae</span> <span class='ocrx_word' id='word_1_539' title='bbox 1039 771 1165 802; x_wconf 85' lang='lat' dir='ltr'>arguunt</span> <span class='ocrx_word' id='word_1_540' title='bbox 1180 768 1291 802; x_wconf 88' lang='lat' dir='ltr'>divina,</span> <span class='ocrx_word' id='word_1_541' title='bbox 1307 771 1368 795; x_wconf 92' lang='lat' dir='ltr'>tum</span> <span class='ocrx_word' id='word_1_542' title='bbox 1391 769 1461 803; x_wconf 88' lang='lat' dir='ltr'>quia</span> <span class='ocrx_word' id='word_1_543' title='bbox 1484 769 1594 797; x_wconf 87' lang='lat' dir='ltr'>faciunt</span> <span class='ocrx_word' id='word_1_544' title='bbox 1620 769 1732 796; x_wconf 85' lang='lat' dir='ltr'>deside—</span> 
     </span>
     <span class='ocr_line' id='line_1_68' title="bbox 961 814 1733 849; baseline 0.003 -9"><span class='ocrx_word' id='word_1_545' title='bbox 961 814 1005 841; x_wconf 83' lang='lat' dir='ltr'>ria</span> <span class='ocrx_word' id='word_1_546' title='bbox 1017 814 1107 849; x_wconf 87' lang='lat' dir='ltr'>patris</span> <span class='ocrx_word' id='word_1_547' title='bbox 1122 814 1163 841; x_wconf 90' lang='lat' dir='ltr'>sui</span> <span class='ocrx_word' id='word_1_548' title='bbox 1182 823 1188 840; x_wconf 79' lang='lat' dir='ltr'>z</span> <span class='ocrx_word' id='word_1_549' title='bbox 1209 815 1228 830; x_wconf 64' lang='lat'><strong>¹⁸</strong></span> <span class='ocrx_word' id='word_1_550' title='bbox 1246 814 1370 841; x_wconf 80' lang='lat' dir='ltr'>«Gravis</span> <span class='ocrx_word' id='word_1_551' title='bbox 1397 817 1438 841; x_wconf 91' lang='lat' dir='ltr'>est</span> <span class='ocrx_word' id='word_1_552' title='bbox 1461 815 1547 842; x_wconf 88' lang='lat' dir='ltr'>nobis</span> <span class='ocrx_word' id='word_1_553' title='bbox 1568 815 1606 842; x_wconf 87' lang='lat' dir='ltr'>ad</span> <span class='ocrx_word' id='word_1_554' title='bbox 1633 815 1733 842; x_wconf 86' lang='lat' dir='ltr'>viden-</span> 
     </span>
     <span class='ocr_line' id='line_1_69' title="bbox 964 860 1734 895; baseline 0 -8"><span class='ocrx_word' id='word_1_555' title='bbox 964 860 1045 894; x_wconf 82' lang='lat' dir='ltr'>dum,</span> <span class='ocrx_word' id='word_1_556' title='bbox 1062 871 1074 884; x_wconf 90' lang='lat'>»</span> <span class='ocrx_word' id='word_1_557' title='bbox 1087 862 1114 887; x_wconf 89' lang='lat' dir='ltr'>et</span> <span class='ocrx_word' id='word_1_558' title='bbox 1128 860 1274 895; x_wconf 84' lang='lat' dir='ltr'>sequitur:</span> <span class='ocrx_word' id='word_1_559' title='bbox 1295 870 1307 885; x_wconf 90' lang='lat'>«</span> <span class='ocrx_word' id='word_1_560' title='bbox 1323 860 1464 888; x_wconf 89' lang='lat' dir='ltr'>Promittit</span> <span class='ocrx_word' id='word_1_561' title='bbox 1478 869 1508 888; x_wconf 90' lang='lat' dir='ltr'>se</span> <span class='ocrx_word' id='word_1_562' title='bbox 1519 860 1669 888; x_wconf 87' lang='lat' dir='ltr'>scientiam</span> <span class='ocrx_word' id='word_1_563' title='bbox 1684 861 1734 887; x_wconf 91' lang='lat' dir='ltr'>Dei</span> 
     </span>
     <span class='ocr_line' id='line_1_70' title="bbox 963 906 1736 941; baseline 0 -8"><span class='ocrx_word' id='word_1_564' title='bbox 963 906 1084 933; x_wconf 87' lang='lat' dir='ltr'>habere.</span> <span class='ocrx_word' id='word_1_565' title='bbox 1102 916 1114 931; x_wconf 73' lang='lat' dir='ltr'>n</span> <span class='ocrx_word' id='word_1_566' title='bbox 1131 907 1224 941; x_wconf 80' lang='lat' dir='ltr'>Supra</span> <span class='ocrx_word' id='word_1_567' title='bbox 1244 907 1265 923; x_wconf 69' lang='lat'><strong>¹⁹</strong></span> <span class='ocrx_word' id='word_1_568' title='bbox 1281 915 1287 933; x_wconf 86' lang='lat'>:</span> <span class='ocrx_word' id='word_1_569' title='bbox 1309 915 1322 931; x_wconf 88' lang='lat'>«</span> <span class='ocrx_word' id='word_1_570' title='bbox 1337 906 1473 933; x_wconf 81' lang='lat' dir='ltr'>Dixerunt</span> <span class='ocrx_word' id='word_1_571' title='bbox 1490 915 1496 934; x_wconf 80' lang='lat'>2</span> <span class='ocrx_word' id='word_1_572' title='bbox 1513 908 1606 934; x_wconf 90' lang='lat' dir='ltr'>Durus</span> <span class='ocrx_word' id='word_1_573' title='bbox 1622 908 1663 934; x_wconf 88' lang='lat' dir='ltr'>est</span> <span class='ocrx_word' id='word_1_574' title='bbox 1687 906 1736 933; x_wconf 86' lang='lat' dir='ltr'>hic</span> 
     </span>
     <span class='ocr_line' id='line_1_71' title="bbox 965 959 1102 979; baseline -0.022 0"><span class='ocrx_word' id='word_1_575' title='bbox 965 959 1071 979; x_wconf 73' lang='lat' dir='ltr'>Sermo.</span> <span class='ocrx_word' id='word_1_576' title='bbox 1088 962 1102 976; x_wconf 85' lang='lat'>)›</span> 
     </span>
    </p>

    <p class='ocr_par' dir='ltr' id='par_1_10' title="bbox 967 997 1753 2178">
     <span class='ocr_line' id='line_1_72' title="bbox 1001 997 1735 1033; baseline 0.001 -9"><span class='ocrx_word' id='word_1_577' title='bbox 1001 999 1046 1025; x_wconf 80' lang='grc'>48.</span> <span class='ocrx_word' id='word_1_578' title='bbox 1061 998 1093 1024; x_wconf 88' lang='lat' dir='ltr'>Et</span> <span class='ocrx_word' id='word_1_579' title='bbox 1107 998 1237 1033; x_wconf 82' lang='lat' dir='ltr'>sequitur</span> <span class='ocrx_word' id='word_1_580' title='bbox 1248 998 1415 1026; x_wconf 79' lang='lat' dir='ltr'>Judaeorum</span> <span class='ocrx_word' id='word_1_581' title='bbox 1430 997 1657 1033; x_wconf 86' lang='lat' dir='ltr'>blasphematio,</span> <span class='ocrx_word' id='word_1_582' title='bbox 1673 998 1715 1025; x_wconf 89' lang='lat' dir='ltr'>ibi</span> <span class='ocrx_word' id='word_1_583' title='bbox 1728 1006 1735 1025; x_wconf 77' lang='lat' dir='ltr'><em>z</em></span> 
     </span>
     <span class='ocr_line' id='line_1_73' title="bbox 967 1044 1737 1078; baseline 0.001 -8"><span class='ocrx_word' id='word_1_584' title='bbox 967 1044 1168 1078; x_wconf 75' lang='lat' dir='ltr'>Responderunt</span> <span class='ocrx_word' id='word_1_585' title='bbox 1181 1053 1190 1071; x_wconf 91' lang='grc'>.·</span> <span class='ocrx_word' id='word_1_586' title='bbox 1203 1046 1229 1072; x_wconf 88' lang='lat' dir='ltr'><strong><em>N</em></strong></span> <span class='ocrx_word' id='word_1_587' title='bbox 1231 1053 1296 1071; x_wconf 75' lang='lat' dir='ltr'>onue</span> <span class='ocrx_word' id='word_1_588' title='bbox 1311 1045 1371 1071; x_wconf 81' lang='lat' dir='ltr'>bene</span> <span class='ocrx_word' id='word_1_589' title='bbox 1382 1045 1504 1078; x_wconf 77' lang='lat' dir='ltr'>dicimus&gt;</span> <span class='ocrx_word' id='word_1_590' title='bbox 1520 1046 1574 1076; x_wconf 84' lang='lat' dir='ltr'>etc.</span> <span class='ocrx_word' id='word_1_591' title='bbox 1590 1045 1622 1071; x_wconf 88' lang='lat' dir='ltr'>Et</span> <span class='ocrx_word' id='word_1_592' title='bbox 1635 1044 1666 1071; x_wconf 87' lang='lat' dir='ltr'>in</span> <span class='ocrx_word' id='word_1_593' title='bbox 1680 1045 1737 1071; x_wconf 86' lang='lat' dir='ltr'>hoc</span> 
     </span>
     <span class='ocr_line' id='line_1_74' title="bbox 968 1089 1733 1125; baseline 0 -9"><span class='ocrx_word' id='word_1_594' title='bbox 968 1098 1070 1117; x_wconf 87' lang='lat' dir='ltr'>eorum</span> <span class='ocrx_word' id='word_1_595' title='bbox 1083 1090 1272 1125; x_wconf 80' lang='lat' dir='ltr'>praesumptio</span> <span class='ocrx_word' id='word_1_596' title='bbox 1288 1090 1460 1117; x_wconf 87' lang='lat' dir='ltr'>temeraria:</span> <span class='ocrx_word' id='word_1_597' title='bbox 1476 1089 1733 1125; x_wconf 83' lang='lat' dir='ltr'>blasphemabant,</span> 
     </span>
     <span class='ocr_line' id='line_1_75' title="bbox 969 1127 1739 1163; baseline 0 -1"><span class='ocrx_word' id='word_1_598' title='bbox 969 1138 995 1162; x_wconf 91' lang='lat' dir='ltr'>et</span> <span class='ocrx_word' id='word_1_599' title='bbox 1008 1138 1105 1162; x_wconf 86' lang='lat' dir='ltr'>tamen</span> <span class='ocrx_word' id='word_1_600' title='bbox 1120 1144 1150 1162; x_wconf 86' lang='lat' dir='ltr'>se</span> <span class='ocrx_word' id='word_1_601' title='bbox 1165 1136 1241 1163; x_wconf 87' lang='lat' dir='ltr'>bene</span> <span class='ocrx_word' id='word_1_602' title='bbox 1256 1127 1353 1162; x_wconf 75' lang='lat' dir='ltr'>dicere</span> <span class='ocrx_word' id='word_1_603' title='bbox 1367 1135 1546 1162; x_wconf 85' lang='lat' dir='ltr'>asserebant.</span> <span class='ocrx_word' id='word_1_604' title='bbox 1570 1135 1645 1162; x_wconf 87' lang='lat' dir='ltr'>Talis</span> <span class='ocrx_word' id='word_1_605' title='bbox 1660 1135 1739 1162; x_wconf 88' lang='lat' dir='ltr'>enim</span> 
     </span>
     <span class='ocr_line' id='line_1_76' title="bbox 969 1181 1739 1216; baseline 0 -8"><span class='ocrx_word' id='word_1_606' title='bbox 969 1184 1011 1208; x_wconf 86' lang='lat' dir='ltr'>est</span> <span class='ocrx_word' id='word_1_607' title='bbox 1025 1181 1139 1208; x_wconf 84' lang='lat' dir='ltr'>fatuitas</span> <span class='ocrx_word' id='word_1_608' title='bbox 1161 1181 1317 1208; x_wconf 85' lang='lat' dir='ltr'>stultorum</span> <span class='ocrx_word' id='word_1_609' title='bbox 1341 1183 1368 1208; x_wconf 87' lang='lat' dir='ltr'>et</span> <span class='ocrx_word' id='word_1_610' title='bbox 1382 1181 1598 1215; x_wconf 87' lang='lat' dir='ltr'>arrogantium,</span> <span class='ocrx_word' id='word_1_611' title='bbox 1620 1181 1672 1216; x_wconf 89' lang='lat' dir='ltr'>qui</span> <span class='ocrx_word' id='word_1_612' title='bbox 1695 1181 1739 1208; x_wconf 83' lang='lat' dir='ltr'>vi-</span> 
     </span>
     <span class='ocr_line' id='line_1_77' title="bbox 970 1228 1738 1264; baseline 0.003 -10"><span class='ocrx_word' id='word_1_613' title='bbox 970 1228 1075 1255; x_wconf 89' lang='lat' dir='ltr'>dentur</span> <span class='ocrx_word' id='word_1_614' title='bbox 1089 1228 1145 1254; x_wconf 88' lang='lat' dir='ltr'>sibi</span> <span class='ocrx_word' id='word_1_615' title='bbox 1161 1229 1315 1263; x_wconf 88' lang='lat' dir='ltr'>sapientes.</span> <span class='ocrx_word' id='word_1_616' title='bbox 1333 1230 1452 1264; x_wconf 89' lang='lat' dir='ltr'>Propter</span> <span class='ocrx_word' id='word_1_617' title='bbox 1466 1228 1549 1264; x_wconf 85' lang='lat' dir='ltr'>quod</span> <span class='ocrx_word' id='word_1_618' title='bbox 1559 1230 1581 1245; x_wconf 76' lang='lat'>²⁰</span> <span class='ocrx_word' id='word_1_619' title='bbox 1598 1238 1604 1255; x_wconf 91' lang='lat'>:</span> <span class='ocrx_word' id='word_1_620' title='bbox 1623 1238 1636 1254; x_wconf 70' lang='grc' dir='ltr'>κ</span> <span class='ocrx_word' id='word_1_621' title='bbox 1647 1230 1692 1256; x_wconf 81' lang='lat' dir='ltr'>Vae</span> <span class='ocrx_word' id='word_1_622' title='bbox 1708 1230 1738 1264; x_wconf 89' lang='lat' dir='ltr'>(c)</span> 
     </span>
     <span class='ocr_line' id='line_1_78' title="bbox 971 1274 1739 1309; baseline 0.001 -9"><span class='ocrx_word' id='word_1_623' title='bbox 971 1274 1022 1309; x_wconf 83' lang='lat' dir='ltr'>qui</span> <span class='ocrx_word' id='word_1_624' title='bbox 1037 1274 1181 1308; x_wconf 84' lang='lat' dir='ltr'>sapientes</span> <span class='ocrx_word' id='word_1_625' title='bbox 1196 1274 1262 1300; x_wconf 87' lang='lat' dir='ltr'>estis</span> <span class='ocrx_word' id='word_1_626' title='bbox 1276 1274 1306 1300; x_wconf 92' lang='lat' dir='ltr'>in</span> <span class='ocrx_word' id='word_1_627' title='bbox 1321 1274 1413 1301; x_wconf 82' lang='lat' dir='ltr'>oculis</span> <span class='ocrx_word' id='word_1_628' title='bbox 1432 1274 1546 1301; x_wconf 87' lang='lat' dir='ltr'>vestris.</span> <span class='ocrx_word' id='word_1_629' title='bbox 1564 1284 1577 1299; x_wconf 85' lang='lat'>»</span> <span class='ocrx_word' id='word_1_630' title='bbox 1598 1275 1669 1307; x_wconf 79' lang='lat' dir='ltr'>Quia</span> <span class='ocrx_word' id='word_1_631' title='bbox 1687 1275 1739 1301; x_wconf 85' lang='lat' dir='ltr'>Sa-</span> 
     </span>
     <span class='ocr_line' id='line_1_79' title="bbox 971 1319 1742 1353; baseline 0.003 -7"><span class='ocrx_word' id='word_1_632' title='bbox 971 1322 1122 1346; x_wconf 75' lang='lat' dir='ltr'>maritanus</span> <span class='ocrx_word' id='word_1_633' title='bbox 1137 1328 1176 1353; x_wconf 76' lang='lat' dir='ltr'>es,</span> <span class='ocrx_word' id='word_1_634' title='bbox 1192 1322 1219 1346; x_wconf 89' lang='lat' dir='ltr'>et</span> <span class='ocrx_word' id='word_1_635' title='bbox 1235 1328 1296 1346; x_wconf 92' lang='lat' dir='ltr'>non</span> <span class='ocrx_word' id='word_1_636' title='bbox 1311 1328 1397 1347; x_wconf 86' lang='lat' dir='ltr'>verus</span> <span class='ocrx_word' id='word_1_637' title='bbox 1415 1319 1541 1346; x_wconf 79' lang='lat' dir='ltr'>Judaeus.</span> <span class='ocrx_word' id='word_1_638' title='bbox 1562 1321 1649 1347; x_wconf 83' lang='lat' dir='ltr'>Erant</span> <span class='ocrx_word' id='word_1_639' title='bbox 1663 1320 1742 1348; x_wconf 87' lang='lat' dir='ltr'>enim</span> 
     </span>
     <span class='ocr_line' id='line_1_80' title="bbox 972 1365 1743 1401; baseline 0.001 -9"><span class='ocrx_word' id='word_1_640' title='bbox 972 1365 1144 1392; x_wconf 84' lang='lat' dir='ltr'>Samaritani</span> <span class='ocrx_word' id='word_1_641' title='bbox 1174 1365 1407 1401; x_wconf 87' lang='lat' dir='ltr'>contemptibiles</span> <span class='ocrx_word' id='word_1_642' title='bbox 1432 1365 1514 1401; x_wconf 85' lang='lat' dir='ltr'>apud</span> <span class='ocrx_word' id='word_1_643' title='bbox 1540 1366 1675 1400; x_wconf 78' lang='lat' dir='ltr'>Judaeos3</span> <span class='ocrx_word' id='word_1_644' title='bbox 1706 1366 1743 1393; x_wconf 86' lang='lat' dir='ltr'>de</span> 
     </span>
     <span class='ocr_line' id='line_1_81' title="bbox 973 1411 1742 1447; baseline 0.003 -10"><span class='ocrx_word' id='word_1_645' title='bbox 973 1411 1081 1446; x_wconf 90' lang='lat' dir='ltr'>quibus</span> <span class='ocrx_word' id='word_1_646' title='bbox 1096 1419 1184 1446; x_wconf 89' lang='lat' dir='ltr'>supra</span> <span class='ocrx_word' id='word_1_647' title='bbox 1196 1413 1227 1438; x_wconf 62' lang='lat'>⁸2¹.</span> <span class='ocrx_word' id='word_1_648' title='bbox 1245 1411 1325 1438; x_wconf 88' lang='lat' dir='ltr'>Unde</span> <span class='ocrx_word' id='word_1_649' title='bbox 1340 1411 1492 1438; x_wconf 86' lang='lat' dir='ltr'>Anselmus</span> <span class='ocrx_word' id='word_1_650' title='bbox 1504 1420 1510 1438; x_wconf 91' lang='lat'>:</span> <span class='ocrx_word' id='word_1_651' title='bbox 1523 1421 1537 1437; x_wconf 89' lang='lat'>«</span> <span class='ocrx_word' id='word_1_652' title='bbox 1552 1412 1742 1447; x_wconf 86' lang='lat' dir='ltr'>Samaritani,</span> 
     </span>
     <span class='ocr_line' id='line_1_82' title="bbox 974 1456 1744 1492; baseline 0.003 -9"><span class='ocrx_word' id='word_1_653' title='bbox 974 1465 1044 1491; x_wconf 83' lang='lat' dir='ltr'>gens</span> <span class='ocrx_word' id='word_1_654' title='bbox 1068 1456 1172 1484; x_wconf 86' lang='lat' dir='ltr'>odiosa</span> <span class='ocrx_word' id='word_1_655' title='bbox 1195 1457 1307 1492; x_wconf 89' lang='lat' dir='ltr'>populo</span> <span class='ocrx_word' id='word_1_656' title='bbox 1328 1456 1499 1491; x_wconf 76' lang='lat' dir='ltr'>israelitico,</span> <span class='ocrx_word' id='word_1_657' title='bbox 1520 1457 1680 1484; x_wconf 86' lang='lat' dir='ltr'>duodecim</span> <span class='ocrx_word' id='word_1_658' title='bbox 1695 1458 1744 1485; x_wconf 81' lang='lat' dir='ltr'>tri-</span> 
     </span>
     <span class='ocr_line' id='line_1_83' title="bbox 974 1502 1746 1537; baseline 0.001 -8"><span class='ocrx_word' id='word_1_659' title='bbox 974 1502 1072 1529; x_wconf 88' lang='lat' dir='ltr'>bubus</span> <span class='ocrx_word' id='word_1_660' title='bbox 1101 1502 1194 1529; x_wconf 88' lang='lat' dir='ltr'>ductis</span> <span class='ocrx_word' id='word_1_661' title='bbox 1219 1503 1248 1529; x_wconf 91' lang='lat' dir='ltr'>in</span> <span class='ocrx_word' id='word_1_662' title='bbox 1273 1503 1486 1537; x_wconf 84' lang='lat' dir='ltr'>captivitatem,</span> <span class='ocrx_word' id='word_1_663' title='bbox 1510 1505 1617 1530; x_wconf 85' lang='lat' dir='ltr'>terram</span> <span class='ocrx_word' id='word_1_664' title='bbox 1641 1511 1746 1530; x_wconf 83' lang='lat' dir='ltr'>eorum</span> 
     </span>
     <span class='ocr_line' id='line_1_84' title="bbox 974 1548 1747 1585; baseline 0.003 -11"><span class='ocrx_word' id='word_1_665' title='bbox 974 1548 1184 1583; x_wconf 84' lang='lat' dir='ltr'>possidebant:</span> <span class='ocrx_word' id='word_1_666' title='bbox 1201 1548 1252 1583; x_wconf 86' lang='lat' dir='ltr'>qui</span> <span class='ocrx_word' id='word_1_667' title='bbox 1268 1548 1452 1576; x_wconf 72' lang='lat' dir='ltr'>vocabantur</span> <span class='ocrx_word' id='word_1_668' title='bbox 1473 1549 1659 1583; x_wconf 87' lang='lat' dir='ltr'>Samaritani,</span> <span class='ocrx_word' id='word_1_669' title='bbox 1676 1549 1747 1585; x_wconf 88' lang='lat' dir='ltr'>quia</span> 
     </span>
     <span class='ocr_line' id='line_1_85' title="bbox 974 1594 1747 1631; baseline 0.001 -10"><span class='ocrx_word' id='word_1_670' title='bbox 974 1596 1095 1629; x_wconf 88' lang='lat' dir='ltr'>propter</span> <span class='ocrx_word' id='word_1_671' title='bbox 1118 1596 1224 1621; x_wconf 83' lang='lat' dir='ltr'>terram</span> <span class='ocrx_word' id='word_1_672' title='bbox 1245 1594 1469 1621; x_wconf 83' lang='lat' dir='ltr'>custodiendam</span> <span class='ocrx_word' id='word_1_673' title='bbox 1491 1603 1508 1622; x_wconf 90' lang='lat' dir='ltr'>a</span> <span class='ocrx_word' id='word_1_674' title='bbox 1526 1603 1595 1630; x_wconf 84' lang='lat' dir='ltr'>rege</span> <span class='ocrx_word' id='word_1_675' title='bbox 1615 1595 1747 1631; x_wconf 78' lang='lat' dir='ltr'>Assyrio-</span> 
     </span>
     <span class='ocr_line' id='line_1_86' title="bbox 975 1640 1746 1669; baseline 0.004 -3"><span class='ocrx_word' id='word_1_676' title='bbox 975 1648 1043 1667; x_wconf 90' lang='lat' dir='ltr'>rum</span> <span class='ocrx_word' id='word_1_677' title='bbox 1068 1640 1128 1667; x_wconf 91' lang='lat' dir='ltr'>illic</span> <span class='ocrx_word' id='word_1_678' title='bbox 1146 1642 1227 1667; x_wconf 86' lang='lat' dir='ltr'>erant</span> <span class='ocrx_word' id='word_1_679' title='bbox 1250 1640 1405 1668; x_wconf 86' lang='lat' dir='ltr'>constituti.</span> <span class='ocrx_word' id='word_1_680' title='bbox 1426 1641 1615 1668; x_wconf 75' lang='lat' dir='ltr'>Samaritanus</span> <span class='ocrx_word' id='word_1_681' title='bbox 1630 1642 1651 1657; x_wconf 73' lang='lat'>&#39;²2</span> <span class='ocrx_word' id='word_1_682' title='bbox 1668 1641 1746 1669; x_wconf 89' lang='lat' dir='ltr'>enim</span> 
     </span>
     <span class='ocr_line' id='line_1_87' title="bbox 977 1685 1749 1721; baseline 0.001 -8"><span class='ocrx_word' id='word_1_683' title='bbox 977 1688 1074 1713; x_wconf 88' lang='lat' dir='ltr'>custos</span> <span class='ocrx_word' id='word_1_684' title='bbox 1093 1686 1337 1721; x_wconf 83' lang='lat' dir='ltr'>interpretatur.»</span> <span class='ocrx_word' id='word_1_685' title='bbox 1362 1687 1424 1713; x_wconf 77' lang='lat' dir='ltr'>Haec</span> <span class='ocrx_word' id='word_1_686' title='bbox 1447 1685 1507 1713; x_wconf 87' lang='lat' dir='ltr'>ille.</span> <span class='ocrx_word' id='word_1_687' title='bbox 1532 1688 1566 1713; x_wconf 78' lang='lat' dir='ltr'>Et</span> <span class='ocrx_word' id='word_1_688' title='bbox 1591 1687 1749 1714; x_wconf 77' lang='lat' dir='ltr'>daemonium</span> 
     </span>
     <span class='ocr_line' id='line_1_88' title="bbox 977 1731 1750 1766; baseline 0.004 -9"><span class='ocrx_word' id='word_1_689' title='bbox 977 1732 1066 1758; x_wconf 78' lang='lat' dir='ltr'>habes.</span> <span class='ocrx_word' id='word_1_690' title='bbox 1081 1733 1113 1758; x_wconf 86' lang='lat' dir='ltr'>Et</span> <span class='ocrx_word' id='word_1_691' title='bbox 1127 1731 1157 1757; x_wconf 88' lang='lat' dir='ltr'>in</span> <span class='ocrx_word' id='word_1_692' title='bbox 1171 1731 1228 1758; x_wconf 88' lang='lat' dir='ltr'>hoc</span> <span class='ocrx_word' id='word_1_693' title='bbox 1244 1739 1346 1758; x_wconf 85' lang='lat' dir='ltr'>eorum</span> <span class='ocrx_word' id='word_1_694' title='bbox 1361 1731 1546 1766; x_wconf 86' lang='lat' dir='ltr'>blasphemia</span> <span class='ocrx_word' id='word_1_695' title='bbox 1561 1741 1567 1759; x_wconf 95' lang='lat'>:</span> <span class='ocrx_word' id='word_1_696' title='bbox 1585 1741 1652 1760; x_wconf 90' lang='lat' dir='ltr'>cum</span> <span class='ocrx_word' id='word_1_697' title='bbox 1671 1733 1750 1760; x_wconf 89' lang='lat' dir='ltr'>enim</span> 
     </span>
     <span class='ocr_line' id='line_1_89' title="bbox 978 1777 1748 1813; baseline 0.004 -10"><span class='ocrx_word' id='word_1_698' title='bbox 978 1777 1032 1812; x_wconf 90' lang='lat' dir='ltr'>ipsi</span> <span class='ocrx_word' id='word_1_699' title='bbox 1042 1777 1185 1804; x_wconf 85' lang='lat' dir='ltr'>haberent</span> <span class='ocrx_word' id='word_1_700' title='bbox 1195 1777 1385 1804; x_wconf 79' lang='lat' dir='ltr'>daemonium.</span> <span class='ocrx_word' id='word_1_701' title='bbox 1394 1777 1473 1805; x_wconf 89' lang='lat' dir='ltr'>Unde</span> <span class='ocrx_word' id='word_1_702' title='bbox 1482 1778 1704 1813; x_wconf 81' lang='lat' dir='ltr'>chrysostomus</span> <span class='ocrx_word' id='word_1_703' title='bbox 1711 1780 1748 1806; x_wconf 75' lang='lat'>2³:</span> 
     </span>
     <span class='ocr_line' id='line_1_90' title="bbox 982 1823 1751 1860; baseline 0.005 -13"><span class='ocrx_word' id='word_1_704' title='bbox 982 1833 995 1847; x_wconf 79' lang='lat'>«</span> <span class='ocrx_word' id='word_1_705' title='bbox 1010 1823 1077 1855; x_wconf 86' lang='lat' dir='ltr'>Quis</span> <span class='ocrx_word' id='word_1_706' title='bbox 1093 1824 1135 1850; x_wconf 88' lang='lat' dir='ltr'>est</span> <span class='ocrx_word' id='word_1_707' title='bbox 1149 1824 1184 1857; x_wconf 79' lang='lat' dir='ltr'>(cl)</span> <span class='ocrx_word' id='word_1_708' title='bbox 1202 1823 1253 1858; x_wconf 87' lang='lat' dir='ltr'>qui</span> <span class='ocrx_word' id='word_1_709' title='bbox 1268 1823 1447 1850; x_wconf 60' lang='lat' dir='ltr'>daemonium</span> <span class='ocrx_word' id='word_1_710' title='bbox 1458 1824 1565 1851; x_wconf 78' lang='lat' dir='ltr'>habet?</span> <span class='ocrx_word' id='word_1_711' title='bbox 1578 1824 1626 1851; x_wconf 86' lang='lat' dir='ltr'>vel</span> <span class='ocrx_word' id='word_1_712' title='bbox 1639 1825 1690 1860; x_wconf 89' lang='lat' dir='ltr'>qui</span> <span class='ocrx_word' id='word_1_713' title='bbox 1700 1825 1751 1852; x_wconf 88' lang='lat' dir='ltr'>ho-</span> 
     </span>
     <span class='ocr_line' id='line_1_91' title="bbox 978 1868 1753 1904; baseline 0.004 -9"><span class='ocrx_word' id='word_1_714' title='bbox 978 1871 1063 1896; x_wconf 84' lang='lat' dir='ltr'>norat</span> <span class='ocrx_word' id='word_1_715' title='bbox 1080 1870 1185 1902; x_wconf 87' lang='lat' dir='ltr'>Deum,</span> <span class='ocrx_word' id='word_1_716' title='bbox 1196 1868 1244 1895; x_wconf 80' lang='lat' dir='ltr'>vel</span> <span class='ocrx_word' id='word_1_717' title='bbox 1259 1869 1310 1904; x_wconf 86' lang='lat' dir='ltr'>qui</span> <span class='ocrx_word' id='word_1_718' title='bbox 1325 1869 1478 1903; x_wconf 86' lang='lat' dir='ltr'>injuriatur</span> <span class='ocrx_word' id='word_1_719' title='bbox 1492 1870 1579 1896; x_wconf 75' lang='lat' dir='ltr'>eum?</span> <span class='ocrx_word' id='word_1_720' title='bbox 1592 1870 1645 1903; x_wconf 85' lang='lat' dir='ltr'>Qui</span> <span class='ocrx_word' id='word_1_721' title='bbox 1659 1870 1753 1898; x_wconf 88' lang='lat' dir='ltr'>hono-</span> 
     </span>
     <span class='ocr_line' id='line_1_92' title="bbox 979 1914 1752 1950; baseline 0.003 -9"><span class='ocrx_word' id='word_1_722' title='bbox 979 1916 1045 1942; x_wconf 73' lang='lat' dir='ltr'>rat?</span> <span class='ocrx_word' id='word_1_723' title='bbox 1061 1924 1073 1940; x_wconf 84' lang='lat'>»</span> <span class='ocrx_word' id='word_1_724' title='bbox 1092 1914 1177 1949; x_wconf 90' lang='lat' dir='ltr'>quasi</span> <span class='ocrx_word' id='word_1_725' title='bbox 1192 1914 1270 1941; x_wconf 86' lang='lat' dir='ltr'>dicat</span> <span class='ocrx_word' id='word_1_726' title='bbox 1287 1923 1294 1941; x_wconf 78' lang='lat' dir='ltr'><em>z</em></span> <span class='ocrx_word' id='word_1_727' title='bbox 1317 1914 1365 1942; x_wconf 88' lang='lat' dir='ltr'>llle</span> <span class='ocrx_word' id='word_1_728' title='bbox 1387 1915 1438 1950; x_wconf 88' lang='lat' dir='ltr'>qui</span> <span class='ocrx_word' id='word_1_729' title='bbox 1459 1915 1621 1950; x_wconf 86' lang='lat' dir='ltr'>injuriatur.</span> <span class='ocrx_word' id='word_1_730' title='bbox 1645 1917 1677 1943; x_wconf 89' lang='lat' dir='ltr'>Et</span> <span class='ocrx_word' id='word_1_731' title='bbox 1694 1916 1752 1943; x_wconf 85' lang='lat' dir='ltr'>hoc</span> 
     </span>
     <span class='ocr_line' id='line_1_93' title="bbox 979 1960 1752 1996; baseline 0.004 -10"><span class='ocrx_word' id='word_1_732' title='bbox 979 1960 1052 1987; x_wconf 81' lang='lat' dir='ltr'>forte</span> <span class='ocrx_word' id='word_1_733' title='bbox 1068 1960 1219 1993; x_wconf 79' lang='lat' dir='ltr'>dixerunt,</span> <span class='ocrx_word' id='word_1_734' title='bbox 1229 1960 1277 1987; x_wconf 86' lang='lat' dir='ltr'>vel</span> <span class='ocrx_word' id='word_1_735' title='bbox 1286 1962 1406 1995; x_wconf 87' lang='lat' dir='ltr'>propter</span> <span class='ocrx_word' id='word_1_736' title='bbox 1418 1961 1629 1989; x_wconf 86' lang='lat' dir='ltr'>miraculorum</span> <span class='ocrx_word' id='word_1_737' title='bbox 1639 1962 1752 1996; x_wconf 83' lang='lat' dir='ltr'>magni-</span> 
     </span>
     <span class='ocr_line' id='line_1_94' title="bbox 979 2005 1750 2043; baseline 0.004 -11"><span class='ocrx_word' id='word_1_738' title='bbox 979 2005 1128 2039; x_wconf 87' lang='lat' dir='ltr'>tudinem,</span> <span class='ocrx_word' id='word_1_739' title='bbox 1145 2006 1192 2033; x_wconf 90' lang='lat' dir='ltr'>vel</span> <span class='ocrx_word' id='word_1_740' title='bbox 1213 2006 1284 2041; x_wconf 81' lang='lat' dir='ltr'>quia</span> <span class='ocrx_word' id='word_1_741' title='bbox 1307 2009 1415 2034; x_wconf 86' lang='lat' dir='ltr'>secreta</span> <span class='ocrx_word' id='word_1_742' title='bbox 1430 2007 1565 2034; x_wconf 88' lang='lat' dir='ltr'>cordium</span> <span class='ocrx_word' id='word_1_743' title='bbox 1583 2007 1750 2043; x_wconf 84' lang='lat' dir='ltr'>revelabat,</span> 
     </span>
     <span class='ocr_line' id='line_1_95' title="bbox 980 2051 1748 2087; baseline 0.004 -9"><span class='ocrx_word' id='word_1_744' title='bbox 980 2051 1027 2079; x_wconf 88' lang='lat' dir='ltr'>vel</span> <span class='ocrx_word' id='word_1_745' title='bbox 1040 2051 1138 2087; x_wconf 90' lang='lat' dir='ltr'>potius</span> <span class='ocrx_word' id='word_1_746' title='bbox 1153 2054 1184 2078; x_wconf 85' lang='lat' dir='ltr'>ut</span> <span class='ocrx_word' id='word_1_747' title='bbox 1197 2051 1372 2079; x_wconf 88' lang='lat' dir='ltr'>damnarent</span> <span class='ocrx_word' id='word_1_748' title='bbox 1387 2060 1440 2080; x_wconf 90' lang='lat' dir='ltr'>sua</span> <span class='ocrx_word' id='word_1_749' title='bbox 1453 2053 1596 2081; x_wconf 86' lang='lat' dir='ltr'>miracula</span> <span class='ocrx_word' id='word_1_750' title='bbox 1610 2055 1638 2081; x_wconf 92' lang='lat' dir='ltr'>et</span> <span class='ocrx_word' id='word_1_751' title='bbox 1656 2054 1748 2081; x_wconf 81' lang='lat' dir='ltr'>docu-</span> 
     </span>
     <span class='ocr_line' id='line_1_96' title="bbox 981 2098 1748 2134; baseline 0.005 -10"><span class='ocrx_word' id='word_1_752' title='bbox 981 2099 1079 2124; x_wconf 88' lang='lat' dir='ltr'>menta</span> <span class='ocrx_word' id='word_1_753' title='bbox 1098 2098 1120 2114; x_wconf 59' lang='lat'>2⁵</span> <span class='ocrx_word' id='word_1_754' title='bbox 1137 2106 1142 2124; x_wconf 95' lang='lat'>:</span> <span class='ocrx_word' id='word_1_755' title='bbox 1163 2108 1176 2123; x_wconf 86' lang='lat'>«</span> <span class='ocrx_word' id='word_1_756' title='bbox 1190 2099 1221 2125; x_wconf 90' lang='lat' dir='ltr'>ln</span> <span class='ocrx_word' id='word_1_757' title='bbox 1235 2098 1411 2133; x_wconf 83' lang='lat' dir='ltr'>Beelzebub,</span> <span class='ocrx_word' id='word_1_758' title='bbox 1433 2098 1566 2134; x_wconf 87' lang='lat' dir='ltr'>principe</span> <span class='ocrx_word' id='word_1_759' title='bbox 1587 2099 1748 2128; x_wconf 77' lang='lat' dir='ltr'>daemonio-</span> 
     </span>
     <span class='ocr_line' id='line_1_97' title="bbox 981 2143 1350 2178; baseline -0.003 -8"><span class='ocrx_word' id='word_1_760' title='bbox 981 2151 1062 2177; x_wconf 82' lang='lat' dir='ltr'>rum,</span> <span class='ocrx_word' id='word_1_761' title='bbox 1075 2143 1152 2178; x_wconf 86' lang='lat' dir='ltr'>ejicit</span> <span class='ocrx_word' id='word_1_762' title='bbox 1166 2143 1321 2170; x_wconf 81' lang='lat' dir='ltr'>daemonia.</span> <span class='ocrx_word' id='word_1_763' title='bbox 1338 2154 1350 2169; x_wconf 87' lang='lat'>»</span> 
     </span>
    </p>

    <p class='ocr_par' dir='ltr' id='par_1_11' title="bbox 983 2190 1753 2408">
     <span class='ocr_line' id='line_1_98' title="bbox 1017 2190 1751 2227; baseline 0.005 -11"><span class='ocrx_word' id='word_1_764' title='bbox 1017 2191 1061 2217; x_wconf 75' lang='lat'>49.</span> <span class='ocrx_word' id='word_1_765' title='bbox 1077 2192 1108 2217; x_wconf 92' lang='lat' dir='ltr'>Et</span> <span class='ocrx_word' id='word_1_766' title='bbox 1123 2190 1253 2225; x_wconf 81' lang='lat' dir='ltr'>sequitur</span> <span class='ocrx_word' id='word_1_767' title='bbox 1267 2190 1419 2225; x_wconf 86' lang='lat' dir='ltr'>responsio</span> <span class='ocrx_word' id='word_1_768' title='bbox 1434 2190 1591 2218; x_wconf 78' lang='lat' dir='ltr'>salvatoris</span> <span class='ocrx_word' id='word_1_769' title='bbox 1607 2201 1614 2219; x_wconf 93' lang='lat'>:</span> <span class='ocrx_word' id='word_1_770' title='bbox 1634 2193 1751 2227; x_wconf 82' lang='lat' dir='ltr'>Respon-</span> 
     </span>
     <span class='ocr_line' id='line_1_99' title="bbox 983 2236 1753 2274; baseline 0.006 -12"><span class='ocrx_word' id='word_1_771' title='bbox 983 2236 1025 2262; x_wconf 69' lang='lat' dir='ltr'>dit</span> <span class='ocrx_word' id='word_1_772' title='bbox 1038 2244 1048 2263; x_wconf 91' lang='lat'>.·</span> <span class='ocrx_word' id='word_1_773' title='bbox 1062 2237 1117 2269; x_wconf 71' lang='grc' dir='ltr'>Εῃο</span> <span class='ocrx_word' id='word_1_774' title='bbox 1133 2236 1292 2262; x_wconf 65' lang='lat' dir='ltr'>daemonium</span> <span class='ocrx_word' id='word_1_775' title='bbox 1305 2244 1357 2263; x_wconf 78' lang='grc' dir='ltr'>71οη</span> <span class='ocrx_word' id='word_1_776' title='bbox 1371 2236 1461 2263; x_wconf 81' lang='lat' dir='ltr'>habeo.</span> <span class='ocrx_word' id='word_1_777' title='bbox 1486 2245 1500 2262; x_wconf 89' lang='lat'>«</span> <span class='ocrx_word' id='word_1_778' title='bbox 1514 2238 1546 2264; x_wconf 87' lang='lat' dir='ltr'>Et</span> <span class='ocrx_word' id='word_1_779' title='bbox 1560 2237 1588 2264; x_wconf 87' lang='lat' dir='ltr'>in</span> <span class='ocrx_word' id='word_1_780' title='bbox 1604 2237 1660 2265; x_wconf 87' lang='lat' dir='ltr'>hoc</span> <span class='ocrx_word' id='word_1_781' title='bbox 1674 2240 1753 2274; x_wconf 84' lang='lat' dir='ltr'>patet</span> 
     </span>
     <span class='ocr_line' id='line_1_100' title="bbox 983 2281 1753 2317; baseline 0.004 -9"><span class='ocrx_word' id='word_1_782' title='bbox 983 2281 1178 2308; x_wconf 87' lang='lat' dir='ltr'>mansuetudo</span> <span class='ocrx_word' id='word_1_783' title='bbox 1205 2283 1232 2308; x_wconf 88' lang='lat' dir='ltr'>et</span> <span class='ocrx_word' id='word_1_784' title='bbox 1255 2281 1404 2308; x_wconf 87' lang='lat' dir='ltr'>humilitas</span> <span class='ocrx_word' id='word_1_785' title='bbox 1425 2282 1598 2317; x_wconf 86' lang='lat' dir='ltr'>Salvatoris,</span> <span class='ocrx_word' id='word_1_786' title='bbox 1621 2293 1634 2309; x_wconf 86' lang='lat'>»</span> <span class='ocrx_word' id='word_1_787' title='bbox 1659 2286 1691 2312; x_wconf 87' lang='lat' dir='ltr'>ut</span> <span class='ocrx_word' id='word_1_788' title='bbox 1713 2285 1753 2312; x_wconf 87' lang='lat' dir='ltr'>ait</span> 
     </span>
     <span class='ocr_line' id='line_1_101' title="bbox 985 2327 1752 2362; baseline 0.005 -7"><span class='ocrx_word' id='word_1_789' title='bbox 985 2328 1210 2362; x_wconf 83' lang='lat' dir='ltr'>Chrysostomus</span> <span class='ocrx_word' id='word_1_790' title='bbox 1226 2328 1256 2354; x_wconf 63' lang='lat'>²¹5.</span> <span class='ocrx_word' id='word_1_791' title='bbox 1272 2327 1328 2355; x_wconf 87' lang='lat' dir='ltr'>Sed</span> <span class='ocrx_word' id='word_1_792' title='bbox 1340 2327 1489 2362; x_wconf 79' lang='lat' dir='ltr'>quaeritur,</span> <span class='ocrx_word' id='word_1_793' title='bbox 1504 2336 1572 2355; x_wconf 88' lang='lat' dir='ltr'>cum</span> <span class='ocrx_word' id='word_1_794' title='bbox 1587 2332 1681 2358; x_wconf 86' lang='lat' dir='ltr'>essent</span> <span class='ocrx_word' id='word_1_795' title='bbox 1691 2330 1752 2359; x_wconf 90' lang='lat' dir='ltr'>duo</span> 
     </span>
     <span class='ocr_line' id='line_1_102' title="bbox 984 2373 1753 2408; baseline 0.007 -8"><span class='ocrx_word' id='word_1_796' title='bbox 984 2373 1136 2408; x_wconf 87' lang='lat' dir='ltr'>imposita,</span> <span class='ocrx_word' id='word_1_797' title='bbox 1162 2381 1252 2408; x_wconf 83' lang='lat' dir='ltr'>quare</span> <span class='ocrx_word' id='word_1_798' title='bbox 1276 2381 1369 2400; x_wconf 89' lang='lat' dir='ltr'>unum</span> <span class='ocrx_word' id='word_1_799' title='bbox 1393 2373 1552 2402; x_wconf 74' lang='lat' dir='ltr'>subticuit?</span> <span class='ocrx_word' id='word_1_800' title='bbox 1577 2377 1609 2403; x_wconf 88' lang='lat' dir='ltr'>Et</span> <span class='ocrx_word' id='word_1_801' title='bbox 1632 2376 1671 2404; x_wconf 87' lang='lat' dir='ltr'>ad</span> <span class='ocrx_word' id='word_1_802' title='bbox 1696 2377 1753 2405; x_wconf 84' lang='lat' dir='ltr'>hoc</span> 
     </span>
    </p>
   </div>
   <div class='ocr_carea' id='block_1_7' title="bbox 986 2462 1755 2596">
    <p class='ocr_par' dir='ltr' id='par_1_12' title="bbox 986 2462 1755 2596">
     <span class='ocr_line' id='line_1_103' title="bbox 986 2462 1755 2493; baseline 0.005 -9"><span class='ocrx_word' id='word_1_803' title='bbox 986 2462 1184 2491; x_wconf 72' lang='lat'>11,15‚13.—</span> <span class='ocrx_word' id='word_1_804' title='bbox 1208 2462 1224 2474; x_wconf 64' lang='lat'>¹⁵¹</span> <span class='ocrx_word' id='word_1_805' title='bbox 1243 2462 1315 2491; x_wconf 74' lang='lat' dir='ltr'>Sup.,</span> <span class='ocrx_word' id='word_1_806' title='bbox 1338 2466 1378 2491; x_wconf 89' lang='lat' dir='ltr'>v1,</span> <span class='ocrx_word' id='word_1_807' title='bbox 1399 2464 1437 2485; x_wconf 81' lang='lat'>61.</span> <span class='ocrx_word' id='word_1_808' title='bbox 1458 2475 1487 2480; x_wconf 91' lang='lat'><em>-</em></span> <span class='ocrx_word' id='word_1_809' title='bbox 1507 2462 1526 2479; x_wconf 77' lang='lat'>²⁰</span> <span class='ocrx_word' id='word_1_810' title='bbox 1545 2463 1603 2493; x_wconf 75' lang='lat' dir='ltr'>1sa.,</span> <span class='ocrx_word' id='word_1_811' title='bbox 1624 2471 1650 2493; x_wconf 86' lang='lat' dir='ltr'>v,</span> <span class='ocrx_word' id='word_1_812' title='bbox 1667 2465 1706 2488; x_wconf 78' lang='lat'>21.</span> <span class='ocrx_word' id='word_1_813' title='bbox 1725 2478 1755 2482; x_wconf 94' lang='lat'><strong>—</strong></span> 
     </span>
     <span class='ocr_line' id='line_1_104' title="bbox 986 2496 1754 2530; baseline 0.007 -12"><span class='ocrx_word' id='word_1_814' title='bbox 986 2497 1002 2512; x_wconf 73' lang='lat'><strong>²¹</strong></span> <span class='ocrx_word' id='word_1_815' title='bbox 1020 2497 1092 2526; x_wconf 77' lang='lat' dir='ltr'>Sup.,</span> <span class='ocrx_word' id='word_1_816' title='bbox 1108 2502 1142 2524; x_wconf 78' lang='lat' dir='ltr'>lv,</span> <span class='ocrx_word' id='word_1_817' title='bbox 1158 2498 1180 2519; x_wconf 72' lang='grc' dir='ltr'>ε).</span> <span class='ocrx_word' id='word_1_818' title='bbox 1195 2508 1225 2512; x_wconf 96' lang='grc'>-</span> <span class='ocrx_word' id='word_1_819' title='bbox 1240 2496 1261 2512; x_wconf 74' lang='lat'>²²</span> <span class='ocrx_word' id='word_1_820' title='bbox 1277 2496 1356 2525; x_wconf 70' lang='lat' dir='ltr'>‘&#39;lmv,</span> <span class='ocrx_word' id='word_1_821' title='bbox 1372 2497 1517 2521; x_wconf 89' lang='lat' dir='ltr'>custodivit.</span> <span class='ocrx_word' id='word_1_822' title='bbox 1535 2511 1567 2524; x_wconf 66' lang='lat'>—-,</span> <span class='ocrx_word' id='word_1_823' title='bbox 1579 2498 1600 2515; x_wconf 77' lang='lat'>²³</span> <span class='ocrx_word' id='word_1_824' title='bbox 1614 2499 1754 2530; x_wconf 84' lang='lat' dir='ltr'>Chrysost.‚</span> 
     </span>
     <span class='ocr_line' id='line_1_105' title="bbox 987 2530 1755 2564; baseline 0.007 -11"><span class='ocrx_word' id='word_1_825' title='bbox 987 2531 1012 2554; x_wconf 78' lang='lat' dir='ltr'>in</span> <span class='ocrx_word' id='word_1_826' title='bbox 1029 2532 1111 2558; x_wconf 62' lang='lat' dir='ltr'>Jowz„</span> <span class='ocrx_word' id='word_1_827' title='bbox 1130 2530 1198 2554; x_wconf 85' lang='lat' dir='ltr'>hom.</span> <span class='ocrx_word' id='word_1_828' title='bbox 1218 2536 1269 2561; x_wconf 71' lang='grc' dir='ltr'>ων,</span> <span class='ocrx_word' id='word_1_829' title='bbox 1285 2531 1316 2554; x_wconf 82' lang='lat' dir='ltr'>al.</span> <span class='ocrx_word' id='word_1_830' title='bbox 1332 2536 1372 2560; x_wconf 80' lang='lat' dir='ltr'>LV,</span> <span class='ocrx_word' id='word_1_831' title='bbox 1387 2538 1413 2555; x_wconf 89' lang='lat' dir='ltr'>n.</span> <span class='ocrx_word' id='word_1_832' title='bbox 1431 2534 1452 2555; x_wconf 81' lang='lat'>1.</span> <span class='ocrx_word' id='word_1_833' title='bbox 1463 2545 1496 2550; x_wconf 91' lang='lat'>—</span> <span class='ocrx_word' id='word_1_834' title='bbox 1510 2532 1528 2548; x_wconf 71' lang='lat'>²⁸</span> <span class='ocrx_word' id='word_1_835' title='bbox 1539 2533 1642 2564; x_wconf 60' lang='lat' dir='ltr'>Mattlz„</span> <span class='ocrx_word' id='word_1_836' title='bbox 1654 2540 1700 2564; x_wconf 81' lang='grc' dir='ltr'>ΧΠ,</span> <span class='ocrx_word' id='word_1_837' title='bbox 1715 2536 1755 2558; x_wconf 78' lang='grc'>24.</span> 
     </span>
     <span class='ocr_line' id='line_1_106' title="bbox 987 2565 1420 2596; baseline 0.002 -8"><span class='ocrx_word' id='word_1_838' title='bbox 987 2578 1016 2582; x_wconf 93' lang='lat'>—-</span> <span class='ocrx_word' id='word_1_839' title='bbox 1030 2566 1050 2581; x_wconf 61' lang='grc' dir='ltr'>’ὅ</span> <span class='ocrx_word' id='word_1_840' title='bbox 1066 2565 1204 2596; x_wconf 62' lang='grc' dir='ltr'><strong>(1111“)·ευεῑ.,</strong></span> <span class='ocrx_word' id='word_1_841' title='bbox 1221 2565 1263 2588; x_wconf 85' lang='lat' dir='ltr'>ubi</span> <span class='ocrx_word' id='word_1_842' title='bbox 1276 2572 1332 2596; x_wconf 87' lang='lat' dir='ltr'>sup.</span> <span class='ocrx_word' id='word_1_843' title='bbox 1346 2572 1420 2596; x_wconf 81' lang='lat' dir='ltr'>prox.</span> 
     </span>
    </p>
   </div>
   <div class='ocr_carea' id='block_1_8' title="bbox 989 2617 1758 2682">
    <p class='ocr_par' dir='ltr' id='par_1_13' title="bbox 989 2617 1758 2682">
     <span class='ocr_line' id='line_1_107' title="bbox 1020 2617 1758 2652; baseline 0.008 -12"><span class='ocrx_word' id='word_1_844' title='bbox 1020 2617 1053 2646; x_wconf 78' lang='lat' dir='ltr'>(a)</span> <span class='ocrx_word' id='word_1_845' title='bbox 1078 2618 1137 2641; x_wconf 69' lang='lat' dir='ltr'>Cret.</span> <span class='ocrx_word' id='word_1_846' title='bbox 1166 2618 1226 2640; x_wconf 77' lang='lat' dir='ltr'>edit.</span> <span class='ocrx_word' id='word_1_847' title='bbox 1251 2617 1302 2642; x_wconf 89' lang='lat' dir='ltr'>ubi.</span> <span class='ocrx_word' id='word_1_848' title='bbox 1327 2631 1357 2636; x_wconf 85' lang='lat'><em>-</em></span> <span class='ocrx_word' id='word_1_849' title='bbox 1383 2618 1414 2649; x_wconf 71' lang='lat' dir='ltr'>(la)</span> <span class='ocrx_word' id='word_1_850' title='bbox 1440 2619 1501 2643; x_wconf 83' lang='lat' dir='ltr'>Coet.</span> <span class='ocrx_word' id='word_1_851' title='bbox 1524 2620 1584 2645; x_wconf 75' lang='lat' dir='ltr'>edit.</span> <span class='ocrx_word' id='word_1_852' title='bbox 1612 2621 1704 2652; x_wconf 79' lang='lat' dir='ltr'>arguit.</span> <span class='ocrx_word' id='word_1_853' title='bbox 1726 2635 1758 2640; x_wconf 96' lang='lat'><strong>—</strong></span> 
     </span>
     <span class='ocr_line' id='line_1_108' title="bbox 989 2652 1478 2682; baseline 0.006 -8"><span class='ocrx_word' id='word_1_854' title='bbox 989 2652 1019 2682; x_wconf 67' lang='lat' dir='ltr'>(r)</span> <span class='ocrx_word' id='word_1_855' title='bbox 1040 2652 1099 2675; x_wconf 81' lang='lat' dir='ltr'>Coet.</span> <span class='ocrx_word' id='word_1_856' title='bbox 1117 2652 1176 2676; x_wconf 77' lang='lat' dir='ltr'>edit.</span> <span class='ocrx_word' id='word_1_857' title='bbox 1193 2659 1248 2676; x_wconf 82' lang='lat' dir='ltr'>vos.</span> <span class='ocrx_word' id='word_1_858' title='bbox 1267 2665 1296 2670; x_wconf 89' lang='lat'>—</span> <span class='ocrx_word' id='word_1_859' title='bbox 1311 2652 1348 2682; x_wconf 80' lang='lat' dir='ltr'>(d)</span> <span class='ocrx_word' id='word_1_860' title='bbox 1367 2654 1428 2676; x_wconf 80' lang='lat' dir='ltr'>Item</span> <span class='ocrx_word' id='word_1_861' title='bbox 1444 2656 1478 2678; x_wconf 85' lang='lat' dir='ltr'>ct.</span> 
     </span>
    </p>
   </div>
   <div class='ocr_carea' id='block_1_9' title="bbox 1559 2701 1597 2729">
    <p class='ocr_par' dir='ltr' id='par_1_14' title="bbox 1559 2701 1597 2729">
     <span class='ocr_line' id='line_1_109' title="bbox 1559 2701 1597 2729; baseline 0.026 -1"><span class='ocrx_word' id='word_1_862' title='bbox 1559 2701 1597 2729; x_wconf 73' lang='lat'>25</span> 
     </span>
    </p>
   </div>
   <div class='ocr_carea' id='block_1_10' title="bbox 1759 1187 1855 1271">
    <p class='ocr_par' dir='ltr' id='par_1_15' title="bbox 1759 1187 1855 1271">
     <span class='ocr_line' id='line_1_110' title="bbox 1759 1187 1855 1210; baseline -0.031 0"><span class='ocrx_word' id='word_1_863' title='bbox 1759 1187 1855 1210; x_wconf 74' lang='lat' dir='ltr'>Fatuitus</span> 
     </span>
     <span class='ocr_line' id='line_1_111' title="bbox 1766 1219 1841 1240; baseline -0.013 0"><span class='ocrx_word' id='word_1_864' title='bbox 1766 1219 1841 1240; x_wconf 83' lang='lat' dir='ltr'>stulto-</span> 
     </span>
     <span class='ocr_line' id='line_1_112' title="bbox 1767 1256 1826 1271; baseline 0.017 -1"><span class='ocrx_word' id='word_1_865' title='bbox 1767 1256 1814 1271; x_wconf 83' lang='lat' dir='ltr'>rum</span> <span class='ocrx_word' id='word_1_866' title='bbox 1820 1264 1826 1271; x_wconf 87' lang='lat'>.</span> 
     </span>
    </p>
   </div>
  </div>
 </body>
</html>
