1987 3032
736 212 941 246 EXPOSITIO
963 212 1002 244 IN
1025 209 1112 246 CAP'.
1135 214 1212 246 XVI.
1730 220 1768 248 45

176 281 328 311 ancobus'
348 291 354 310 :
376 279 522 320 «Siquis
540 280 575 310 in
596 280 694 311 verbo
713 290 777 312 non
800 281 940 312 offende-

177 333 216 363 rit
229 334 279 373 (a),
290 333 342 363 hic
354 333 509 373 perfectus
519 334 565 363 est
580 333 640 363 vir.
655 344 670 361 1)
684 333 771 364 Unde
785 334 900 364 dicitur
911 337 940 363 ²:

181 397 195 413 α
204 385 348 415 Hominis
361 388 406 416 est
421 386 560 416 animam
575 395 764 426 praeparare,
777 388 807 417 et
817 386 942 416 Domini

174 438 354 477 gubernare
379 439 536 478 linguam.
557 450 571 467 »
600 438 731 478 Propter
754 439 837 478 quod
864 438 940 469 dici-

174 493 228 522 tur
242 492 252 508 3
268 501 276 522 :
297 503 312 521 <t
327 492 410 522 Mors
424 495 454 522 et
473 493 538 522 vita
556 492 589 521 in
610 492 755 522 manibus
772 491 906 530 linguae.
923 502 937 519 »

173 544 211 575 Et
226 545 296 575 ideo
310 545 419 576 orabat
438 545 678 577 Ecclesiasticus
689 548 699 564 δ
712 556 718 576 :
740 556 753 574 c(
767 545 843 582 Quis
857 545 943 576 dabit

174 597 220 627 ori
235 607 306 628 meo
320 598 510 636 custodiam,
527 600 557 628 et
577 607 671 638 super
686 598 769 628 labia
787 607 858 628 mea
874 598 939 636 sig-

173 651 324 681 naculum
339 652 476 687 cerium,
494 654 529 682 ut
544 661 608 681 non
622 651 731 681 cadam
747 651 781 680 in
802 651 893 690 ipsis,
910 652 941 680 et

172 703 284 742 lingua
297 713 367 734 mea
382 704 489 743 perdat
510 707 583 735 me?
599 716 613 732 1)
634 704 764 743 Propter
784 704 843 734 hoc
863 712 940 742 ergo

172 756 260 787 dives
273 756 325 786 hic
339 757 372 786 in
391 757 514 788 interno
528 757 649 796 positus
670 757 744 787 dicit
762 768 769 786 ι
802 768 816 785 «
832 756 871 788 Ut
889 765 938 787 re-

170 809 300 847 frigeret
314 809 461 848 linguam
476 819 578 840 meam
588 834 595 848 ‚
611 810 686 849 quia
700 810 823 840 crucior
833 810 867 840 in
881 810 940 840 hac

170 861 310 892 flamma.
325 873 339 890 »

210 917 259 945 ⁶25.
276 916 321 947 Ec
335 915 418 945 dixit
431 916 480 945 ille·
493 916 676 953 Abraham,
693 918 752 946 etc.
769 916 939 955 Postquam

170 968 333 1008 descripsit
346 977 474 1007 poenam
489 970 644 1008 quantum
660 969 699 998 ad
719 969 879 998 miseriam
895 968 941 998 in·

169 1020 300 1059 fficiam,
315 1021 366 1052 hic
378 1021 524 1052 describit
539 1031 608 1051 eam
624 1023 781 1061 quantum
796 1021 835 1051 ad
851 1021 939 1051 mise-

169 1073 335 1104 ricordiam
351 1074 550 1112 denegatam.
569 1074 606 1105 Et
619 1074 688 1104 haec
702 1083 774 1113 pars
785 1074 939 1105 dividitur

168 1125 201 1155 in
214 1126 301 1163 duas,
316 1126 348 1156 in
363 1136 499 1165 quarum
515 1128 617 1166 prima
632 1127 825 1166 exprimitur
842 1127 936 1157 dene-

167 1179 254 1217 gatio
277 1179 499 1209 misericordiae
523 1181 668 1218 respectu
693 1188 837 1218 personae
862 1188 935 1220 pro·

166 1231 260 1270 priae;
287 1231 320 1261 in
342 1232 497 1269 secunda,
527 1234 669 1271 respectu
694 1241 837 1271 persona}r
862 1242 935 1262 con-

163 1284 296 1322 junctae,
319 1284 362 1314 ibi
377 1285 386 1300 ⁵
409 1295 415 1314 :
439 1285 485 1316 Et
505 1285 551 1314 ait
571 1294 578 1314 ε
602 1285 689 1323 Roqo
711 1293 785 1324 erqo
810 1289 854 1322 te,
876 1294 936 1324 pa-

168 1339 224 1374 ter,
251 1339 308 1367 etc.
337 1337 423 1367 Circa
444 1337 689 1376 denegationem
714 1338 937 1368 misericordiae

167 1392 309 1429 respectu
338 1399 482 1429 personae
512 1390 647 1429 propriae
661 1414 667 1427 ,
692 1390 938 1420 introducuntur

166 1443 237 1480 tria,
253 1443 369 1474 scilicet
383 1443 606 1473 dissimilitudo
622 1443 808 1473 meritorum
819 1467 826 1480 ‚
843 1452 937 1482 oppo-

166 1495 236 1526 sitio
260 1491 490 1535 stipendiorum
518 1497 548 1525 et
575 1495 729 1526 rectitudo
754 1495 936 1526 divinorum

163 1549 369 1587 Judiciorum.

206 1602 314 1632 Primo
328 1602 439 1641 igitur,
463 1604 618 1641 quantum
643 1602 682 1631 ad
706 1601 934 1632 dissimilitudi-

165 1664 238 1684 nem
254 1655 456 1692 meritorum,
475 1655 547 1684 dicit
564 1665 569 1684 :
588 1655 634 1686 Et
655 1654 738 1685 decit
761 1654 809 1683 illi·
833 1654 935 1685 Abra-

165 1707 239 1737 ham
251 1717 261 1738 .·
276 1708 303 1739 F
304 1708 348 1745 ili,
365 1708 542 1745 recordare,
560 1708 637 1747 quiec
651 1707 796 1746 recepisle'
807 1707 889 1736 bona
903 1707 935 1737 [n

164 1760 230 1790 vila
239 1765 305 1790 tua.
316 1760 430 1790 Filium
445 1764 537 1790 vocat
549 1769 614 1790 non
630 1768 669 1789 ex
680 1759 867 1796 imitatione,
882 1759 935 1788 sed

165 1822 205 1843 ex
218 1813 354 1843 naturali
367 1813 572 1851 generatione
584 1816 593 1831 ὃ
608 1823 613 1842 :
632 1823 645 1839 1(
658 1811 727 1841 Filii
743 1811 835 1841 alieni
850 1820 936 1841 men-

164 1866 213 1895 titi
233 1868 308 1896 sunt
324 1866 420 1903 mihi,
439 1866 495 1895 filii
514 1865 607 1895 alieni
632 1865 795 1894 inveterati
817 1866 902 1894 sunt.
917 1875 931 1892 1>

165 1917 252 1948 Unde
277 1918 350 1948 dicit
374 1918 485 1948 Petrus
509 1917 697 1947 Ravennas⁷
715 1927 721 1946 t
743 1916 821 1946 «Tu
841 1924 935 1946 vocas

164 1978 215 2000 me
230 1972 369 2009 patrem,
387 1973 417 2000 et
431 1979 493 2008 ego
510 1972 538 1999 te
559 1969 676 2006 filium,
694 1971 729 1999 ut
746 1971 774 1999 te
793 1969 935 2008 graviter

164 2022 269 2052 doleas
287 2022 458 2061 perdidisse
477 2022 561 2061 quod
580 2024 674 2051 natus
693 2031 744 2059 es,
769 2022 855 2060 quod
878 2021 934 2050 tibi

164 2075 268 2114 gratia
286 2075 412 2106 dederat
436 2078 466 2105 et
488 2078 638 2105 natura.»
660 2074 739 2104 Huic
754 2075 819 2104 filio
835 2074 931 2111 dicit,

163 2128 247 2167 quod
263 2129 445 2159 recordetur
460 2129 633 2165 bonorum,
647 2137 710 2157 nou
721 2127 758 2157 ad
771 2127 930 2164 solatium,

164 2181 218 2212 sed
243 2182 347 2221 potius
366 2182 405 2212 ad
429 2184 633 2212 tormentum.
664 2180 750 2211 Unde
774 2180 900 2210 Boetius
924 2191 930 2210 :

169 2244 182 2261 α
198 2233 449 2265 Infelicissimum
473 2244 574 2273 genus
596 2235 729 2264 fortunae
750 2235 813 2268 est,
838 2234 934 2264 fuisse

164 2286 295 2316 felicem.
311 2298 325 2315 n
345 2286 382 2317 Et
396 2287 456 2317 hoc
472 2287 582 2326 recipit
596 2289 627 2317 in
644 2287 932 2317 remunerationem

163 2338 321 2370 bonorum
355 2349 498 2370 suorum.
538 2340 623 2371 Unde
657 2340 859 2378 Augustinus
885 2343 895 2358 ⁸
923 2350 929 2369 2

167 2392 273 2423 «Nota
292 2393 375 2432 quod
398 2394 485 2424 dives
506 2394 563 2423 iste
579 2393 697 2432 aliquid
712 2393 785 2423 boni
800 2393 930 2431 babuit,

163 2454 203 2476 ex
217 2455 279 2485 quo
295 2446 414 2476 bonum
432 2446 646 2476 transitorium
663 2446 695 2476 in
711 2445 770 2476 hac
794 2446 860 2477 vita
881 2456 932 2477 re-

196 2527 201 2539 ¹
219 2526 280 2555 lac„
303 2531 345 2552 ιιι,
363 2527 386 2548 2.
406 2537 436 2542 —
450 2526 460 2541 ²
478 2526 562 2555 prov„
581 2531 632 2555 xvi,
649 2529 670 2550 ¹.
691 2539 717 2543 —
740 2526 749 2541 ³
765 2526 837 2557 lbid.‚
858 2532 932 2556 xvin,

164 2561 203 2583 21.
218 2574 247 2578 —-
267 2561 275 2574 ⁴
292 2561 376 2590 Ecclt„
394 2567 464 2591 xxix,
480 2563 517 2584 ³3.
539 2574 563 2577 —
586 2561 595 2577 ⁵
611 2561 667 2590 int,
687 2568 711 2585 v.
731 2562 770 2584 27.
788 2574 817 2579 —
835 2562 843 2575 ὓ
863 2561 930 2585 I'sal.

166 2601 234 2626 xvii,
253 2597 291 2620 46.
314 2609 344 2614 —
366 2597 372 2610 7
393 2598 459 2620 Petr.
484 2596 610 2627 Chrysol„
632 2603 708 2620 serm.
729 2602 825 2626 cxxui,
845 2602 931 2620 versus

166 2630 273 2655 initium.
289 2644 318 2649 —
336 2631 346 2647 Β
368 2632 442 2662 Aug„
462 2631 490 2654 (le
511 2632 602 2661 Temp.‚
617 2639 692 2655 serm.
714 2638 742 2655 11.
758 2645 788 2649 —
808 2633 817 2645 ⁹
832 2632 930 2659 Manli„

167 2670 207 2695 vi,
226 2668 248 2689 2.
263 2678 293 2684 -
313 2667 332 2683 ¹·
352 2667 436 2697 Greg.‚
455 2668 481 2690 in
502 2667 607 2697 Many„
629 2667 699 2691 hom.
719 2673 761 2691 xz..
778 2680 808 2685 —
829 2668 844 2681 ¹¹
864 2668 930 2697 Act„

1000 282 1119 321 cepit.»
1143 281 1217 312 Erat
1239 281 1324 312 enim
1346 282 1384 313 de
1408 291 1542 314 numero
1564 283 1708 322 illorum,
1730 285 1769 316 de

999 334 1115 373 quibus
1131 335 1267 365 dieitur⁹
1284 345 1291 366 :
1313 336 1444 366 «Amen
1463 336 1533 367 dico
1551 337 1658 375 vobis,
1683 346 1768 368 rece-

998 390 1113 425 perunt
1134 388 1311 418 mercedem
1332 397 1433 419 suam.
1447 400 1460 417 n
1488 389 1552 419 Hoc
1573 399 1652 428 ergo
1673 391 1770 420 meri-

998 440 1068 469 tum
1089 440 1147 469 fuit
1167 441 1404 478 transitorium,
1425 443 1455 471 et
1474 442 1708 481 praeambulum
1730 443 1769 472 ad

998 491 1200 530 supplicium.
1228 492 1289 523 Sed
1313 494 1507 524 contrarium
1531 495 1591 525 t'uit
1616 495 1768 525 meritum

999 542 1117 574 Lazari.
1134 544 1221 575 Unde
1238 545 1343 576 subdit
1363 554 1370 575 :
1392 547 1438 577 Et
1459 547 1602 578 Lazarus
1623 547 1768 577 simililer

998 596 1096 627 mala.
1113 597 1178 628 Hoc
1195 600 1240 628 est
1258 599 1360 629 simile
1381 599 1415 629 in
1434 600 1591 630 contrario
1606 611 1612 630 :
1634 600 1769 631 Lazarus

997 650 1083 680 enim
1094 651 1209 690 recepit
1219 651 1302 682 mala
1313 652 1352 682 ad
1365 654 1500 692 tempus,
1512 653 1551 683 ad
1562 653 1769 692 purgandum

998 703 1079 732 mala
1094 703 1196 742 culpae
1207 727 1214 740 ‚
1231 706 1261 734 et
1275 705 1313 734 ad
1328 705 1553 743 inquirendum
1572 706 1655 735 bona
1669 705 1768 736 felici-

996 755 1068 784 tatis
1083 758 1221 786 aeternre.
1240 756 1328 787 Unde
1344 756 1427 787 Beda
1441 766 1448 787 :
1470 768 1485 785 «
1500 756 1637 788 Lazarus
1651 758 1768 797 aliquid

997 808 1072 837 mali
1096 809 1224 846 habuit,
1248 809 1300 839 sed
1325 810 1410 848 ignis
1434 810 1549 849 inopiae
1571 811 1733 850 purgavit.
1749 822 1763 839 1)

996 860 1033 890 Et
1050 861 1220 899 Gregorius
1234 865 1256 881 ¹⁰
1277 873 1283 892 :
1304 873 1318 890 (ι
1339 862 1372 893 Si
1387 872 1451 902 qua
1472 864 1713 902 reprehesibilia
1735 865 1768 895 in

996 914 1187 952 pauperibus
1213 915 1358 945 videmus
1374 939 1381 952 ‚
1404 925 1469 946 non
1492 916 1642 947 debemus
1664 917 1766 956 despi-

995 975 1082 1002 cere,
1107 967 1183 1006 quia
1206 968 1337 998 fortasse
1352 977 1431 1007 quos
1453 978 1579 999 morum
1601 970 1768 1000 infirmitas

995 1019 1158 1056 vulnerat,
1175 1021 1234 1050 hos
1250 1021 1407 1051 medicina
1424 1022 1617 1061 paupertatis
1632 1025 1733 1053 sanat.
1749 1034 1763 1051 ι)

994 1071 1032 1102 Et
1051 1072 1119 1102 haec
1139 1075 1186 1102 est
1210 1073 1261 1102 via
1278 1073 1482 1112 perveniendi
1506 1074 1545 1104 ad
1568 1083 1708 1113 regnum
1722 1076 1741 1092 ¹¹
1758 1086 1764 1105 :

999 1135 1013 1153 (1
1031 1124 1089 1155 Per
1111 1125 1227 1155 multas
1250 1126 1470 1157 tribulationes
1494 1130 1615 1167 oportet
1636 1137 1693 1158 nos
1716 1129 1767 1158 iu-

993 1179 1078 1208 trare
1093 1178 1125 1207 in
1140 1187 1279 1216 regnum
1296 1179 1359 1209 Dei.
1374 1190 1387 1208 1)
1413 1179 1501 1211 Unde
1523 1181 1556 1210 in
1578 1181 1639 1211 hoc
1658 1182 1765 1212 verifi-

993 1234 1097 1261 catum
1115 1233 1161 1261 est
1175 1232 1253 1262 illud
1270 1233 1290 1249 ¹²
1310 1243 1338 1263 z«
1354 1233 1435 1263 Sunt
1447 1234 1526 1272 justi
1545 1234 1662 1273 quibus
1685 1236 1767 1266 mala

992 1284 1202 1322 proveniunt,
1231 1285 1322 1324 quasi
1353 1295 1449 1324 opera
1486 1287 1612 1324 egerint
1650 1287 1766 1327 impio-

993 1344 1099 1366 rum.»
1114 1336 1175 1366 Nee
1188 1337 1349 1367 immerito
1361 1338 1474 1368 dicitur
1487 1339 1508 1355 ¹⁸
1521 1350 1551 1368 z«
1564 1339 1643 1376 Quia
1654 1349 1763 1380 aceep-

993 1389 1044 1417 tus
1055 1397 1124 1418 eras
1140 1389 1212 1426 Deo,
1233 1399 1357 1420 necesse
1373 1390 1432 1420 fuit
1450 1392 1485 1420 ut
1504 1393 1634 1422 tentatio
1649 1393 1763 1432 proba-

992 1442 1040 1470 ret
1062 1445 1103 1471 te.
1118 1452 1132 1468 1)

1032 1493 1196 1531 Secundo,
1212 1496 1369 1534 quantum
1393 1496 1431 1526 ad
1456 1497 1685 1536 oppositionem
1708 1498 1762 1528 sti-

991 1546 1190 1585 pendiorum,
1207 1547 1313 1578 subdit
1330 1557 1338 1578 :
1355 1548 1450 1581 Nunc
1465 1553 1572 1580 autem
1590 1549 1640 1580 lzz’c
1654 1560 1763 1581 conso-

992 1598 1089 1636 latur,
1107 1604 1140 1629 tic
1156 1609 1230 1631 vero
1249 1602 1414 1632 cruciaris.
1431 1601 1502 1640 Hic,
1519 1603 1668 1642 inquam,
1686 1613 1761 1634 con-

991 1653 1110 1683 solatur
1124 1663 1181 1692 pro
1194 1654 1395 1685 tribulatione
1406 1655 1428 1674 ¹⁶
1444 1666 1473 1685 2«
1484 1655 1623 1687 Mundus
1638 1656 1761 1695 gaude-

991 1706 1053 1744 bit⁷
1070 1716 1128 1738 vos
1141 1710 1249 1738 autem
1264 1708 1542 1747 contristabimini;
1562 1710 1615 1740 sed
1635 1710 1763 1741 tristitia

990 1761 1096 1789 vestra
1109 1762 1251 1791 vertetur
1267 1761 1299 1790 in
1315 1762 1482 1799 gaudium.
1497 1772 1511 1790 ι)
1532 1762 1619 1793 Unde
1632 1762 1665 1792 in
1681 1763 1762 1793 Μαί-

991 1813 1120 1852 tl1oe0(b)
1135 1814 1154 1829 ¹⁵
1173 1823 1203 1844 :a
1218 1813 1304 1844 Beati
1319 1814 1374 1853 qui
1390 1814 1514 1854 lugent,
1530 1815 1684 1854 quoniam
1700 1816 1761 1856 ipsi

990 1867 1248 1897 consolabuntur.
1261 1878 1274 1895 1>
1295 1867 1383 1897 Sicut
1398 1869 1484 1898 enim
1501 1869 1618 1900 dicitur
1633 1869 1655 1886 ¹⁸
1673 1878 1680 1900 :
1700 1881 1714 1897 «
1728 1869 1761 1900 Id

989 1920 1072 1958 quod
1087 1920 1120 1949 in
1135 1920 1283 1959 praesenti
1298 1922 1345 1950 est
1360 1924 1620 1953 momentaneum
1641 1924 1671 1952 et
1691 1922 1761 1953 leve

989 1972 1199 2002 tribulationis
1221 1975 1356 2011 nostrae,
1378 1983 1474 2013 supra
1495 1975 1644 2013 modum,
1663 1986 1678 2003 1)
1700 1977 1759 2006 etc.

990 2024 1027 2054 Et
1043 2024 1111 2054 ideo
1125 2025 1259 2054 Jacobus
1276 2025 1297 2044 ¹⁷
1317 2036 1323 2056 :
1339 2037 1352 2053 «
1367 2025 1466 2056 Omne
1484 2027 1640 2065 gaudium
1657 2028 1761 2058 existi-

989 2080 1090 2115 mate,
1106 2078 1216 2107 fratres
1231 2078 1311 2115 mei,
1327 2087 1399 2108 cum
1412 2079 1444 2108 in
1455 2080 1642 2110 tentationes
1655 2081 1760 2111 varias

988 2130 1170 2160 inciderilis.
1183 2141 1197 2158 »
1217 2129 1253 2160 Et
1267 2132 1354 2169 post:
1373 2142 1386 2159 «
1398 2130 1512 2162 Beatus
1522 2133 1571 2163 vir
1582 2133 1635 2172 qui
1650 2133 1761 2163 suffert

988 2183 1193 2213 tentationem
1207 2207 1216 2220 ‚
1245 2194 1259 2211 1)
1286 2185 1345 2214 etc.
1377 2183 1464 2214 Unde
1491 2184 1733 2224 Chrysostomus
1750 2196 1756 2215 :

993 2247 1006 2263 (1
1020 2236 1051 2265 Si
1071 2237 1286 2274 aegrotamus,
1303 2236 1329 2265 si
1350 2245 1504 2275 pauperes
1528 2246 1655 2275 summ,
1674 2247 1759 2277 gau-

988 2289 1133 2325 deamus,
1151 2288 1342 2327 accipiamus
1358 2289 1440 2319 mala
1455 2289 1486 2319 in
1502 2290 1568 2320 vita
1584 2293 1706 2329 nostra,
1724 2294 1760 2322 ut

987 2343 1056 2379 post
1072 2341 1260 2380 recipiamus
1281 2341 1374 2371 bona.
1392 2352 1406 2369 »
1424 2341 1503 2372 Nam
1525 2343 1568 2372 sic
1587 2343 1660 2373 dicit
1682 2343 1758 2374 Pro-

987 2393 1082 2432 pheta
1093 2393 1112 2410 ¹⁸
1127 2404 1156 2422 1«
1166 2392 1385 2424 Transivimus
1400 2403 1456 2434 per
1469 2395 1578 2434 Ignem
1589 2398 1619 2426 et
1628 2405 1757 2436 aquam,

988 2449 1018 2476 et
1031 2445 1168 2475 eduxisti
1183 2454 1240 2475 nos
1255 2446 1287 2476 in
1300 2447 1519 2486 refrigerium.
1534 2459 1548 2477 »
1565 2447 1603 2479 Et
1615 2449 1647 2479 in
1661 2449 1758 2488 hujus

988 2549 1040 2572 xiv,
1059 2545 1097 2566 2¹.
1115 2555 1145 2560 —-
1167 2543 1186 2559 ¹²
1201 2543 1291 2569 Eccle..
1309 2549 1368 2574 vni,
1389 2545 1426 2568 14.
1441 2557 1472 2562 —-
1488 2546 1507 2562 ¹³
1524 2545 1589 2576 Pola„
1605 2552 1655 2577 xn,
1675 2548 1712 2572 13.
1727 2559 1757 2565 -

989 2579 1006 2594 ¹⁸
1017 2581 1099 2607 doun„
1115 2584 1171 2609 XVI,
1187 2580 1225 2603 20.
1240 2592 1270 2596 —
1290 2579 1309 2595 ¹⁶
1325 2579 1424 2604 Matth..
1439 2585 1463 2610 v,
1480 2582 1503 2604 5.
1518 2593 1548 2599 ·—
1568 2582 1586 2598 ¹⁶
1602 2583 1621 2606 ll
1637 2582 1756 2613 Cor.,1v‚

989 2615 1024 2638 17.
1041 2626 1071 2630 —
1087 2613 1107 2629 ¹⁷
1122 2614 1186 2642 dac„
1200 2620 1219 2644 ι,
1233 2615 1255 2644 2,
1276 2615 1312 2637 12.
1323 2627 1353 2632 —
1371 2615 1386 2627 ¹²³
1401 2615 1466 2638 l’sul.
1482 2622 1542 2645 ων,
1559 2618 1595 2640 12.

1019 2667 1052 2697 (α)
1062 2667 1122 2691 Coet.
1130 2667 1189 2692 edit.
1197 2667 1343 2691 offendit.·-
1354 2667 1385 2698 (b)
1397 2668 1456 2693 Coet.
1466 2668 1526 2694 edit.
1536 2669 1606 2694 Unde
1614 2669 1755 2695 Matthaeus.
