1987 3032
670 219 874 250 EXPOSITIO
897 219 936 250 IN
958 219 1042 251 CAP.
1063 220 1156 252 XVII.
1672 227 1710 256 53

118 296 132 313 «
162 284 274 315 Positis
300 285 406 314 autem
436 283 573 322 genibus
588 308 595 322 ,
628 285 776 316 clamavit
806 294 884 316 voce

113 346 232 376 magna
246 349 252 367 :
269 336 398 367 Domine
409 360 416 373 ,
433 346 473 366 ne
489 339 610 367 statuas
624 337 686 367 illis
702 338 760 368 hoc
775 347 882 377 pecca-

112 392 191 420 tum.
205 389 243 420 Et
256 399 329 419 cum
342 389 401 419 hoc
416 389 558 428 dixisset,
574 390 766 421 obdormivit
781 391 815 421 in
828 391 884 422 Do-

111 443 208 472 mino.
222 453 237 470 2>

149 497 178 525 5.
202 495 248 526 Et
273 495 425 525 dixerunt
445 496 589 535 Apostoli
614 497 763 527 Domino.
790 498 882 529 Post-

109 558 206 589 quam
230 549 412 579 informavit
432 549 599 588 discipulos
623 550 662 579 ad
685 550 880 589 spiritualem

108 603 255 641 pietatem
269 601 417 631 rationali
439 601 628 632 documento
642 626 649 638 ‚
673 602 724 632 hic
744 603 880 633 secundo

107 654 291 685 manuducit
304 654 469 693 exemplo:
486 657 516 684 et
534 655 686 693 quoniam
702 655 819 695 duplex
834 657 880 685 est

105 707 199 738 radix
217 706 340 746 pietatis
365 706 536 745 spiritualis
551 730 558 742 ‚
580 707 695 736 scilicet
717 708 794 737 fides
816 708 879 738 fer-

104 760 194 796 vida,
217 761 248 789 et
267 759 430 789 humilitas
450 759 613 797 timorata,
638 759 813 790 secundum
837 760 878 790 il·-

103 813 157 842 lud
176 816 183 831 ¹
202 822 208 842 :
237 823 252 839 <t
266 811 372 842 Timor
388 811 442 841 Dei
457 811 584 841 initium
600 812 774 842 dilectionis
788 815 878 852 ejsss:

104 865 176 895 fidei
191 866 297 895 autem
312 864 437 894 initium
451 864 722 902 agglutinandum
738 867 784 896 est
793 867 821 896 ei
836 876 844 897 :
858 878 872 894 1)

104 918 174 948 ideo
195 918 247 947 hic
272 917 377 957 primo
404 918 552 956 proponit
580 919 763 957 exemplum
791 921 876 958 quod

104 970 288 1000 manuducit
303 970 341 1000 ad
352 970 503 1000 fervidam
514 970 625 1007 fidem;
640 972 777 1002 secundo
788 981 874 1010 vero,

104 1024 190 1064 quod
204 1023 387 1053 manuducit
403 1023 438 1053 ad
454 1023 635 1053 tImoratam
647 1024 874 1063 humilitatem,

104 1077 147 1106 ibi
171 1077 182 1092 ²
208 1087 214 1106 ε
243 1076 320 1114 Quis
350 1079 456 1105 aulem
489 1079 629 1105 vestrum
663 1076 780 1107 liabens
809 1087 874 1107 ser-

104 1138 190 1166 vum,
208 1130 266 1159 etc.
283 1128 369 1158 Circa
392 1128 494 1166 igitur
511 1129 694 1167 exemplum
714 1131 874 1161 manudu-

104 1190 178 1211 cens
192 1181 231 1211 ad
245 1180 351 1217 fidem,
368 1181 428 1210 tria
442 1181 655 1218 insinuantur,
673 1191 745 1221 quae
755 1183 793 1212 ad
810 1193 876 1222 per-

103 1234 270 1264 fectionem
291 1233 364 1263 fidei
379 1236 590 1270 concurrunt,
608 1234 723 1264 scilicet
739 1235 811 1265 fidei
827 1245 876 1266 or-

104 1288 167 1323 tus,
182 1286 349 1324 profectus,
364 1287 394 1316 et
405 1285 517 1315 virtus.
531 1285 617 1315 Fidei
630 1289 720 1316 ortus
734 1287 876 1317 consistit

105 1339 139 1368 in
154 1338 349 1377 susceptione
364 1338 436 1368 doni
447 1338 564 1375 divini;
578 1338 748 1376 profectus,
762 1339 796 1368 in
808 1348 876 1370 coo-

105 1391 267 1431 peratione
278 1391 368 1421 liberi
382 1391 504 1420 arbitrii
513 1402 520 1427 ;
536 1391 639 1421 virtus
652 1400 739 1429 vero,
757 1392 790 1421 in
801 1401 874 1422 exe-

105 1446 229 1476 cutione
243 1445 379 1475 mirandi
396 1445 533 1484 imperii.

145 1498 251 1529 Primo
265 1507 354 1537 ergo⁷
371 1490 526 1537 quantum
541 1498 581 1528 ad
594 1498 667 1528 fidei
681 1500 787 1528 ortum
802 1508 875 1529 con—

103 1553 264 1582 sistentem
279 1551 311 1581 in
332 1551 529 1589 susceptione
553 1550 627 1580 doni
653 1551 770 1589 divini,
791 1561 875 1591 prae-

104 1605 213 1636 mittit:
224 1605 269 1636 Et
282 1604 433 1634 dixerunt
442 1604 585 1643 Apostoli
597 1604 734 1634 Domino
748 1614 758 1635 .·
769 1605 876 1636 Atlan-

103 1668 141 1698 qe
166 1658 254 1688 nobis
268 1657 375 1696 fidem.
399 1657 546 1688 Videntes
568 1657 653 1687 enim
676 1658 826 1696 apostoli,
844 1668 876 1688 se

103 1721 167 1742 non
183 1712 326 1742 sufficere
342 1711 381 1741 ad
399 1711 452 1740 illa
467 1710 614 1741 sublimia
629 1719 725 1750 opera
740 1711 873 1750 pietatis,

103 1774 177 1804 quae
192 1763 364 1794 consistunt
379 1763 412 1793 in
427 1763 580 1793 scandalis
598 1763 734 1793 vitandis
749 1766 780 1793 et
795 1764 876 1803 111111-

102 1817 157 1847 riis
171 1816 378 1852 remittendis,
399 1816 465 1845 sine
479 1815 704 1853 magnitudine
720 1816 803 1853 fidei,
822 1825 874 1855 pe-

102 1872 173 1899 tunt
190 1869 249 1899 sibi
270 1869 365 1898 fidem
380 1868 492 1907 augeri
510 1877 565 1907 per
578 1869 698 1898 donum
715 1868 873 1907 divinum,

103 1932 121 1952 a
146 1931 209 1961 quo
235 1921 311 1952 fides
331 1922 426 1951 habet
445 1921 622 1959 originem,
647 1930 720 1960 quae
740 1931 804 1952 non
829 1924 876 1952 est

102 1974 223 2004 homini
239 1983 258 2004 a
272 1974 389 2013 seipso,
406 1974 459 2004 sed
479 1983 519 2004 ex
534 1974 616 2004 dono
632 1976 661 2004 et
677 1983 811 2005 munere
826 1975 875 2005 di-

103 2027 189 2057 vino.
207 2026 295 2057 Unde
309 2027 424 2056 dicitur
438 2027 448 2042 ⁸
466 2037 472 2056 :
490 2038 503 2055 «
517 2026 578 2056 Alii
590 2027 718 2066 quidem
734 2036 788 2066 per
804 2026 874 2066 Spi-

103 2080 199 2110 rItum
224 2079 317 2109 datur
342 2088 446 2109 sermo
474 2079 637 2118 sapientiae
648 2104 657 2117 ,
687 2080 740 2110 alii
769 2090 875 2111 sermo

103 2132 240 2163 scientiae
254 2132 428 2162 secundum
440 2132 589 2162 eumdem
601 2132 770 2171 Spiritum,
786 2133 875 2163 alteri

103 2185 180 2216 fides
195 2185 228 2215 in
248 2185 358 2215 eodem
377 2185 501 2224 spiritu.
518 2196 531 2212 1)
561 2185 678 2215 Petunt
699 2195 718 2215 a
741 2186 875 2216 Domino

103 2238 196 2268 fidem
213 2237 272 2267 sibi
294 2237 426 2275 augeri,
448 2239 602 2276 tanquam
619 2237 738 2268 donum
755 2239 873 2277 prima-

103 2291 188 2320 rium
203 2290 213 2306 ⁶
233 2300 239 2320 :
263 2289 380 2319 «Fides
393 2291 440 2319 est
456 2290 685 2328 sperandarum
701 2291 875 2322 substantia

103 2352 223 2381 rerum,
232 2343 460 2381 argumentum
472 2350 534 2371 non
544 2343 776 2382 apparentium,
786 2354 799 2371 »
814 2346 872 2375 etc.

104 2396 142 2427 Et
156 2397 227 2435 post
249 2405 256 2425 ε
278 2406 292 2423 ει
306 2394 380 2424 Sine
400 2394 461 2424 fide
480 2394 673 2434 impossibile
693 2398 739 2425 est
753 2398 874 2435 placere

104 2449 177 2479 Deo.
190 2448 321 2479 Credere
332 2448 416 2478 enim
428 2449 551 2487 oportet
561 2449 771 2487 accedentem,
784 2460 798 2477 1)
813 2453 871 2480 etc.

105 2500 219 2532 Petunt
243 2500 387 2531 similiter
412 2503 565 2540 tanquam
593 2501 713 2531 donum
738 2502 874 2533 aliorum

137 2562 248 2592 ¹Eceli.,
266 2568 327 2591 ΧΧν,
349 2564 387 2586 16.
402 2575 431 2579 -
452 2562 532 2591 21111”.,
553 2569 577 2586 v,
597 2564 620 2586 7.
635 2576 665 2580 —-
680 2564 688 2577 ³
710 2564 716 2586 1
737 2564 804 2592 Corn,
825 2569 873 2594 ΧΗ,

105 2598 154 2621 8-9.
168 2610 199 2614 —-
212 2598 222 2613 ”
237 2597 321 2626 Helen,
342 2603 378 2627 XI,
397 2603 417 2627 1,
436 2599 459 2621 5.
477 2610 503 2613 —
524 2598 531 2611 ⁵
543 2600 606 2627 lacn,
628 2603 650 2627 1,
665 2600 687 2622 6.
702 2611 733 2616 -
749 2599 758 2612 '⁵
772 2599 875 2630 Mami„

105 2637 159 2661 xxi,
175 2633 214 2656 22.
230 2645 261 2650 —
275 2633 285 2649 '¹
302 2632 375 2663 ibid„
390 2638 434 2662 xv,
450 2633 487 2656 28.
503 2646 533 2650 -
549 2634 556 2645 ³
571 2633 671 2662 Ephes.,
686 2639 724 2663 111,
741 2635 778 2663 14,
795 2635 873 2658 16-17.

104 2679 134 2684 —
148 2667 230 2698 ⁸1nf.‚
250 2673 319 2698 xxxi,
335 2668 374 2691 32.
389 2680 419 2686 -
435 2668 456 2684 ¹⁰
472 2667 571 2699 Malta„
586 2674 641 2697 xvi,
659 2670 697 2692 18.
712 2682 742 2687 —
759 2670 774 2683 ¹¹
793 2668 873 2693 Gloss.

939 286 1095 317 donorum
1111 286 1337 326 imperativum
1351 286 1362 304 ¹⁵
1379 297 1386 318 :
1407 298 1421 316 «
1435 287 1574 319 Postulet
1588 289 1621 320 in
1635 291 1708 330 fide,

938 339 1017 368 nihil
1034 339 1196 369 haesitans.
1213 351 1227 367 n
1246 339 1283 369 Et
1295 340 1304 356 ⁶
1318 351 1324 370 :
1342 351 1356 368 (ι
1370 340 1484 371 Omnia
1497 351 1710 382 quaecumque

937 392 1089 430 petieritis
1104 393 1136 422 in
1151 392 1292 422 oratioue
1307 393 1479 432 credentes,
1503 395 1669 434 accipietis.
1694 407 1708 424 n

936 443 974 473 Et
990 445 1000 460 ⁷
1018 455 1024 474 :
1047 456 1060 471 (t
1076 444 1098 475 Ο
1123 445 1248 480 mulier⁷
1267 455 1385 484 magna
1400 448 1446 476 est
1468 447 1545 477 fides
1562 449 1628 484 tua,
1654 449 1710 479 fiat

936 495 991 525 tibi
1008 497 1088 527 sicut
1109 498 1168 534 vis,
1186 508 1200 525 n
1219 499 1277 528 etc.
1302 498 1418 528 Petunt
1438 499 1534 529 etiam
1556 503 1709 539 tanquam

935 548 1056 578 donum
1076 551 1302 580 custoditivum
1319 551 1328 567 ⁸
1349 563 1355 580 :
1384 551 1516 590 «Hujus
1536 553 1582 583 rei
1604 554 1709 591 gratIa

935 601 1024 631 flecto
1039 611 1146 640 genua
1166 612 1236 633 mea
1257 603 1296 633 ad
1318 605 1440 643 patrem
1464 604 1587 635 Domini
1608 607 1708 636 nostri

933 652 1007 683 Jesu
1022 654 1145 692 Christi,
1160 667 1173 682 n
1193 658 1265 693 etc.,
1287 667 1301 684 «
1315 658 1351 686 ut
1362 656 1413 686 det
1427 657 1518 687 vobis
1530 659 1707 689 secundum

934 706 1058 736 divitias
1082 707 1193 745 gloriae
1221 717 1303 744 suae,
1330 709 1482 739 virtutem
1508 711 1706 742 corroborari

932 767 989 797 per
1003 759 1150 797 spiritum
1166 761 1236 798 ejus
1246 760 1278 789 in
1290 760 1439 791 interiore
1449 761 1589 800 homine,
1604 763 1706 794 Chris-

932 812 1002 841 tum
1018 811 1161 842 habitare
1172 821 1228 851 per
1239 813 1333 843 fidem
1342 813 1376 843 in
1391 814 1539 844 cordibus
1549 816 1673 846 vestris.
1686 827 1701 844 »

932 863 969 893 Et
984 864 1053 894 ideo
1067 864 1220 895 Dominus
1234 865 1355 896 dicebat
1374 866 1466 897 Petro
1482 869 1492 884 ⁹
1510 879 1515 898 z
1538 879 1552 895 «
1567 867 1636 907 Ego
1652 878 1703 899 ro-

932 917 1007 955 gavi
1023 926 1080 956 pro
1096 919 1136 954 te,
1155 920 1191 947 ut
1205 927 1269 948 non
1293 918 1416 948 deficiat
1438 919 1516 949 fides
1531 921 1586 950 tua
1596 931 1604 957 ;
1621 923 1651 951 et
1669 923 1706 952 tu

931 969 1101 1008 aliquando
1115 978 1297 1008 conversus,
1307 971 1462 1001 confirma
1470 972 1580 1003 fratres
1590 975 1673 1004 tuos.
1687 985 1702 1003 11

932 1022 976 1052 Ob
991 1022 1052 1052 hoc
1065 1022 1158 1052 etiam
1175 1022 1295 1052 dictum
1317 1025 1362 1052 est
1378 1024 1436 1062 ipsi
1451 1024 1544 1055 Petro
1558 1025 1581 1044 ¹⁰
1599 1035 1606 1056 z
1627 1037 1641 1054 «
1656 1026 1704 1057 Tu

930 1086 963 1107 es
980 1076 1106 1113 Petrus,
1123 1079 1152 1106 et
1173 1086 1269 1116 super
1292 1077 1375 1107 hane
1395 1079 1518 1117 petram
1540 1079 1702 1110 aedificabo

930 1129 1099 1159 Ecclesiam
1116 1139 1231 1167 meam,
1249 1140 1263 1157 ›)
1283 1132 1340 1160 etc.

971 1183 1127 1219 Secundo,
1138 1186 1296 1222 quantum
1310 1184 1348 1214 ad
1360 1185 1431 1215 fidei
1442 1186 1620 1224 profectum
1633 1195 1704 1216 con-

931 1237 1091 1267 sistentem
1103 1237 1134 1266 in
1147 1237 1363 1275 cooperatione
1376 1237 1467 1267 liberi
1483 1239 1617 1276 arbitrii⁷
1632 1240 1703 1269 snb-

930 1289 976 1319 dit
991 1291 1033 1326 (v.
1050 1290 1077 1327 (i)
1095 1300 1101 1319 z
1116 1289 1207 1319 Dixit
1221 1293 1329 1318 autem
1344 1290 1500 1320 Dominus
1514 1300 1524 1320 .·
1538 1292 1564 1322 S
1567 1292 1578 1320 ι’
1591 1291 1704 1322 habue-

931 1343 999 1372 ritis
1006 1342 1101 1380 fidem
1111 1343 1193 1371 sicut
1201 1351 1342 1381 qramcm
1352 1343 1484 1382 sinapis.
1497 1343 1556 1374 Per
1563 1353 1704 1382 granum

931 1395 1058 1433 sinapis,
1076 1395 1161 1433 quod
1182 1395 1215 1424 in
1239 1404 1271 1424 se
1294 1397 1341 1424 est
1357 1396 1532 1434 quantitate
1552 1406 1701 1436 parvum,

930 1448 1077 1477 acumine
1092 1447 1262 1484 fervidum,
1278 1449 1308 1477 et
1320 1447 1514 1478 incremento
1532 1457 1702 1488 magnum,

931 1501 1141 1539 intelligimus
1176 1501 1267 1530 liberi
1295 1501 1418 1530 arbitrii
1449 1503 1704 1540 cooperationem

931 1556 1087 1593 quantum
1111 1554 1150 1583 ad
1171 1553 1416 1592 captivationem
1439 1553 1632 1592 intellectuS‚
1654 1556 1703 1586 in-

932 1607 1180 1636 ssammationem
1191 1606 1332 1644 affectus,
1343 1608 1372 1636 et
1381 1606 1617 1637 multitudinem
1629 1608 1704 1638 boni

932 1660 1073 1690 effectus.
1085 1659 1171 1689 Unde
1182 1659 1395 1689 Interlinearis
1406 1660 1425 1677 ¹¹
1438 1659 1587 1697 declarat,
1602 1662 1705 1700 cujus-

932 1713 1017 1742 modi
1034 1712 1127 1741 fidem
1144 1712 1277 1742 debeant
1292 1720 1447 1750 quaerere,
1464 1712 1580 1742 scilicet
1594 1713 1703 1743 humi-

933 1766 994 1795 lem
1006 1767 1035 1795 et
1044 1766 1228 1802 ferventem,
1240 1764 1290 1794 cui
1300 1773 1466 1803 nunquam
1476 1765 1611 1794 sufficiat
1619 1766 1704 1804 quod

932 1817 1014 1847 bene
1029 1817 1137 1855 gessit.
1156 1817 1190 1846 ln
1206 1826 1308 1856 grano
1322 1826 1462 1856 namque
1477 1818 1594 1857 sinapis
1607 1827 1703 1857 prop-

932 1871 980 1899 ter
995 1870 1183 1908 parvitatem
1205 1869 1394 1908 intelligItur
1409 1870 1503 1908 fides,
1520 1870 1553 1900 in
1575 1880 1639 1910 qua
1658 1873 1705 1901 est

933 1922 1100 1961 captivatio
1120 1923 1157 1961 (a)
1182 1922 1359 1952 intellectus
1374 1923 1394 1939 ¹²
1413 1932 1420 1952 :
1442 1922 1573 1953 «Simile
1592 1925 1638 1953 est
1652 1932 1703 1954 re-

931 1983 1035 2013 gnum
1051 1974 1205 2004 coelorum
1221 1983 1323 2013 grano
1336 1975 1463 2014 sinapis,
1479 1986 1494 2003 »
1509 1979 1584 2013 etc.;
1602 1975 1706 2006 subdi-

932 2031 985 2058 tur
1001 2039 1007 2057 :
1029 2039 1042 2056 α
1059 2028 1148 2064 Quod
1164 2028 1337 2057 minimum
1353 2030 1399 2058 est
1413 2029 1561 2059 omnibus
1576 2028 1704 2059 semini-

932 2081 1002 2110 bus.
1019 2091 1032 2108 »
1048 2080 1141 2110 Nulla
1153 2080 1237 2110 enim
1251 2080 1354 2111 virtus
1368 2081 1445 2111 adeo
1461 2081 1598 2121 captivat
1613 2080 1707 2110 intel-

933 2133 1049 2163 lectum
1065 2133 1256 2169 humanum⁷
1276 2133 1358 2163 sicut
1373 2133 1449 2163 fides
1464 2136 1486 2152 ¹³
1505 2145 1511 2164 :
1532 2145 1546 2162 α
1563 2133 1597 2163 In
1608 2133 1705 2172 capti-

932 2187 1063 2216 vitatem
1092 2185 1273 2224 redigentes
1297 2194 1426 2216 omnem
1451 2185 1645 2216 intellectum
1672 2185 1707 2215 in

934 2239 1121 2278 obsequium
1136 2238 1259 2276 Christi,
1273 2250 1287 2266 »
1303 2241 1361 2269 etc.
1379 2239 1438 2269 Per
1449 2247 1584 2269 acumen
1599 2239 1706 2268 autem

933 2292 1123 2330 intelligitur
1139 2291 1347 2321 inflammatio
1359 2292 1490 2322 affectus
1499 2302 1506 2329 ;
1520 2291 1603 2322 unde
1618 2291 1704 2322 Glos-

933 2354 966 2375 sa
981 2353 988 2375 :
1007 2356 1020 2373 a
1035 2344 1143 2374 Fidem
1158 2344 1327 2383 perfectam
1338 2353 1439 2382 grano
1451 2345 1569 2384 sinapis
1580 2354 1705 2383 compa-

932 2399 996 2435 rat,
1014 2397 1098 2437 quod
1120 2397 1155 2441 in·
1168 2397 1243 2426 facie
1268 2399 1313 2427 est
1332 2397 1473 2436 humile,
1493 2399 1524 2428 et
1543 2397 1705 2427 nullarum

933 2450 1051 2480 virium
1060 2458 1215 2489 apparens
1226 2449 1296 2480 :sed
1304 2451 1460 2489 pressuris
1470 2451 1594 2488 tritum,
1605 2459 1704 2489 quau-

932 2504 1001 2533 tum
1028 2503 1113 2532 intus
1136 2503 1270 2540 ferveat,
1295 2504 1481 2534 ostenditur.
1505 2514 1520 2532 n
1552 2503 1640 2534 Unde
1665 2504 1704 2534 de

932 2585 1042 2644 interlicn.
1058 2584 1083 2607 iu
1099 2584 1166 2608 hunc
1180 2585 1274 2609 locum.
1292 2599 1318 2604 —
1338 2587 1356 2603 ¹²
1367 2587 1471 2617 Manli„
1486 2593 1549 2617 xm,
1565 2588 1603 2617 31,
1620 2588 1658 2610 32.
1672 2598 1703 2604 —

934 2621 951 2637 ¹³
969 2621 987 2643 ll
1020 2622 1073 2650 ¹01¹.¹
1092 2626 1117 2650 x,
1134 2621 1156 2644 ὅ.

964 2669 997 2699 (a)
1014 2670 1074 2693 Coet.
1092 2668 1150 2692 edit.
1166 2669 1314 2700 purificatio.
