<?xml version="1.0" encoding="UTF-8"?>
<!DOCTYPE html PUBLIC "-//W3C//DTD XHTML 1.0 Transitional//EN"
    "http://www.w3.org/TR/xhtml1/DTD/xhtml1-transitional.dtd">
<html xmlns="http://www.w3.org/1999/xhtml" xml:lang="en" lang="en">
 <head>
  <title>
</title>
<meta http-equiv="Content-Type" content="text/html;charset=utf-8" />
  <meta name='ocr-system' content='tesseract 3.04.00' />
  <meta name='ocr-capabilities' content='ocr_page ocr_carea ocr_par ocr_line ocrx_word'/>
</head>
<body>
  <div class='ocr_page' id='page_1' title='image "./operaomniasixtiv11bonauoft/operaomniasixtiv11bonauoft_0347.png"; bbox 0 0 1987 3032; ppageno 0'>
   <div class='ocr_carea' id='block_1_1' title="bbox 720 232 1154 265">
    <p class='ocr_par' dir='ltr' id='par_1_1' title="bbox 720 232 1154 265">
     <span class='ocr_line' id='line_1_1' title="bbox 720 232 1154 265; baseline -0.002 0"><span class='ocrx_word' id='word_1_1' title='bbox 720 232 925 265; x_wconf 82' lang='lat' dir='ltr'>EXPOSITIO</span> <span class='ocrx_word' id='word_1_2' title='bbox 947 233 987 264; x_wconf 94' lang='lat' dir='ltr'>IN</span> <span class='ocrx_word' id='word_1_3' title='bbox 1009 233 1094 264; x_wconf 89' lang='lat' dir='ltr'>CAP.</span> <span class='ocrx_word' id='word_1_4' title='bbox 1117 234 1154 265; x_wconf 89' lang='lat' dir='ltr'>V.</span> 
     </span>
    </p>
   </div>
   <div class='ocr_carea' id='block_1_2' title="bbox 141 299 918 2454">
    <p class='ocr_par' dir='ltr' id='par_1_2' title="bbox 141 299 912 927">
     <span class='ocr_line' id='line_1_2' title="bbox 142 299 909 336; baseline -0.004 -7"><span class='ocrx_word' id='word_1_5' title='bbox 142 301 170 329; x_wconf 91' lang='lat' dir='ltr'>iu</span> <span class='ocrx_word' id='word_1_6' title='bbox 179 302 349 336; x_wconf 87' lang='lat' dir='ltr'>seminibus,</span> <span class='ocrx_word' id='word_1_7' title='bbox 357 304 384 330; x_wconf 88' lang='lat' dir='ltr'>et</span> <span class='ocrx_word' id='word_1_8' title='bbox 392 302 590 330; x_wconf 81' lang='lat' dir='ltr'><strong>habitantibus</strong></span> <span class='ocrx_word' id='word_1_9' title='bbox 601 302 632 328; x_wconf 91' lang='lat' dir='ltr'>in</span> <span class='ocrx_word' id='word_1_10' title='bbox 642 303 727 335; x_wconf 85' lang='lat' dir='ltr'>terra,</span> <span class='ocrx_word' id='word_1_11' title='bbox 736 308 801 336; x_wconf 82' lang='lat' dir='ltr'>quae</span> <span class='ocrx_word' id='word_1_12' title='bbox 810 299 909 332; x_wconf 83' lang='lat' dir='ltr'>nutrit,</span> 
     </span>
     <span class='ocr_line' id='line_1_3' title="bbox 141 347 909 382; baseline -0.004 -7"><span class='ocrx_word' id='word_1_13' title='bbox 141 347 264 375; x_wconf 83' lang='lat' dir='ltr'>flumina</span> <span class='ocrx_word' id='word_1_14' title='bbox 287 349 388 382; x_wconf 83' lang='lat' dir='ltr'>fluunt,</span> <span class='ocrx_word' id='word_1_15' title='bbox 410 350 437 375; x_wconf 90' lang='lat' dir='ltr'>et</span> <span class='ocrx_word' id='word_1_16' title='bbox 457 348 497 375; x_wconf 87' lang='lat' dir='ltr'>sic</span> <span class='ocrx_word' id='word_1_17' title='bbox 521 348 557 375; x_wconf 88' lang='lat' dir='ltr'>de</span> <span class='ocrx_word' id='word_1_18' title='bbox 577 347 650 375; x_wconf 78' lang='lat' dir='ltr'>aliis.</span> <span class='ocrx_word' id='word_1_19' title='bbox 678 349 709 374; x_wconf 84' lang='lat' dir='ltr'>Et</span> <span class='ocrx_word' id='word_1_20' title='bbox 728 349 825 374; x_wconf 86' lang='lat' dir='ltr'>tamen</span> <span class='ocrx_word' id='word_1_21' title='bbox 848 352 909 372; x_wconf 91' lang='lat' dir='ltr'>non</span> 
     </span>
     <span class='ocr_line' id='line_1_4' title="bbox 142 391 908 428; baseline -0.005 -7"><span class='ocrx_word' id='word_1_22' title='bbox 142 394 228 421; x_wconf 85' lang='lat' dir='ltr'>solvit</span> <span class='ocrx_word' id='word_1_23' title='bbox 242 394 397 421; x_wconf 87' lang='lat' dir='ltr'>sabbatum</span> <span class='ocrx_word' id='word_1_24' title='bbox 415 393 668 428; x_wconf 82' lang='lat' dir='ltr'>transgrediendo.</span> <span class='ocrx_word' id='word_1_25' title='bbox 686 394 758 420; x_wconf 84' lang='lat' dir='ltr'>Cum</span> <span class='ocrx_word' id='word_1_26' title='bbox 778 399 848 426; x_wconf 85' lang='lat' dir='ltr'>ergo</span> <span class='ocrx_word' id='word_1_27' title='bbox 864 391 908 418; x_wconf 85' lang='lat' dir='ltr'>Fi-</span> 
     </span>
     <span class='ocr_line' id='line_1_5' title="bbox 142 437 908 474; baseline -0.004 -8"><span class='ocrx_word' id='word_1_28' title='bbox 142 439 198 466; x_wconf 90' lang='lat' dir='ltr'>lius</span> <span class='ocrx_word' id='word_1_29' title='bbox 214 447 248 466; x_wconf 89' lang='lat' dir='ltr'>ea</span> <span class='ocrx_word' id='word_1_30' title='bbox 257 439 319 466; x_wconf 80' lang='lat' dir='ltr'>lem</span> <span class='ocrx_word' id='word_1_31' title='bbox 333 442 477 474; x_wconf 84' lang='lat' dir='ltr'>operetur,</span> <span class='ocrx_word' id='word_1_32' title='bbox 493 448 545 467; x_wconf 85' lang='lat' dir='ltr'>nec</span> <span class='ocrx_word' id='word_1_33' title='bbox 560 440 620 474; x_wconf 88' lang='lat' dir='ltr'>ipse</span> <span class='ocrx_word' id='word_1_34' title='bbox 635 439 722 466; x_wconf 85' lang='lat' dir='ltr'>solvit</span> <span class='ocrx_word' id='word_1_35' title='bbox 739 437 908 470; x_wconf 86' lang='lat' dir='ltr'>sabbatum,</span> 
     </span>
     <span class='ocr_line' id='line_1_6' title="bbox 144 483 911 521; baseline -0.004 -9"><span class='ocrx_word' id='word_1_36' title='bbox 144 487 171 512; x_wconf 93' lang='lat' dir='ltr'>et</span> <span class='ocrx_word' id='word_1_37' title='bbox 190 485 317 512; x_wconf 78' lang='lat' dir='ltr'><strong>maxime</strong></span> <span class='ocrx_word' id='word_1_38' title='bbox 341 485 392 512; x_wconf 89' lang='lat' dir='ltr'>ubi</span> <span class='ocrx_word' id='word_1_39' title='bbox 409 486 493 520; x_wconf 87' lang='lat' dir='ltr'>jussit</span> <span class='ocrx_word' id='word_1_40' title='bbox 515 494 589 521; x_wconf 88' lang='lat' dir='ltr'>opus</span> <span class='ocrx_word' id='word_1_41' title='bbox 609 485 671 512; x_wconf 87' lang='lat' dir='ltr'>fieri</span> <span class='ocrx_word' id='word_1_42' title='bbox 688 484 812 520; x_wconf 84' lang='lat' dir='ltr'>pietatis,</span> <span class='ocrx_word' id='word_1_43' title='bbox 830 485 861 510; x_wconf 91' lang='lat' dir='ltr'>ut</span> <span class='ocrx_word' id='word_1_44' title='bbox 881 483 911 509; x_wconf 91' lang='lat' dir='ltr'>in</span> 
     </span>
     <span class='ocr_line' id='line_1_7' title="bbox 143 529 911 566; baseline -0.003 -8"><span class='ocrx_word' id='word_1_45' title='bbox 143 531 291 558; x_wconf 75' lang='lat' dir='ltr'><strong>curatione</strong></span> <span class='ocrx_word' id='word_1_46' title='bbox 309 531 445 558; x_wconf 88' lang='lat' dir='ltr'>videlicet</span> <span class='ocrx_word' id='word_1_47' title='bbox 462 531 624 566; x_wconf 66' lang='lat' dir='ltr'>paralytici.</span> <span class='ocrx_word' id='word_1_48' title='bbox 648 533 679 558; x_wconf 89' lang='lat' dir='ltr'>Et</span> <span class='ocrx_word' id='word_1_49' title='bbox 697 531 753 558; x_wconf 84' lang='lat' dir='ltr'>hoc</span> <span class='ocrx_word' id='word_1_50' title='bbox 773 531 814 557; x_wconf 88' lang='lat' dir='ltr'>est</span> <span class='ocrx_word' id='word_1_51' title='bbox 829 529 911 564; x_wconf 87' lang='lat' dir='ltr'>quod</span> 
     </span>
     <span class='ocr_line' id='line_1_8' title="bbox 142 576 908 612; baseline -0.003 -8"><span class='ocrx_word' id='word_1_52' title='bbox 142 577 181 604; x_wconf 88' lang='lat' dir='ltr'>ait</span> <span class='ocrx_word' id='word_1_53' title='bbox 201 586 206 604; x_wconf 95' lang='lat'><strong>:</strong></span> <span class='ocrx_word' id='word_1_54' title='bbox 232 579 311 604; x_wconf 81' lang='lat' dir='ltr'>Pater</span> <span class='ocrx_word' id='word_1_55' title='bbox 331 586 400 604; x_wconf 83' lang='lat' dir='ltr'>meus</span> <span class='ocrx_word' id='word_1_56' title='bbox 415 581 551 612; x_wconf 79' lang='lat' dir='ltr'><em>operatur,</em></span> <span class='ocrx_word' id='word_1_57' title='bbox 565 586 631 604; x_wconf 86' lang='lat' dir='ltr'>oum</span> <span class='ocrx_word' id='word_1_58' title='bbox 651 577 717 604; x_wconf 87' lang='lat' dir='ltr'>fecit</span> <span class='ocrx_word' id='word_1_59' title='bbox 740 576 885 603; x_wconf 90' lang='lat' dir='ltr'>mundum</span> <span class='ocrx_word' id='word_1_60' title='bbox 902 585 908 602; x_wconf 91' lang='lat'>:</span> 
     </span>
     <span class='ocr_line' id='line_1_9' title="bbox 148 623 910 659; baseline 0 -10"><span class='ocrx_word' id='word_1_61' title='bbox 148 633 160 648; x_wconf 73' lang='lat' dir='ltr'><em>u</em></span> <span class='ocrx_word' id='word_1_62' title='bbox 175 625 226 650; x_wconf 90' lang='lat' dir='ltr'>Per</span> <span class='ocrx_word' id='word_1_63' title='bbox 241 631 287 650; x_wconf 90' lang='lat' dir='ltr'>me</span> <span class='ocrx_word' id='word_1_64' title='bbox 303 624 381 650; x_wconf 89' lang='lat' dir='ltr'>enim</span> <span class='ocrx_word' id='word_1_65' title='bbox 403 623 480 657; x_wconf 83' lang='lat' dir='ltr'>fecit,</span> <span class='ocrx_word' id='word_1_66' title='bbox 496 624 545 659; x_wconf 85' lang='lat' dir='ltr'>qui</span> <span class='ocrx_word' id='word_1_67' title='bbox 568 632 632 650; x_wconf 88' lang='lat' dir='ltr'>sum</span> <span class='ocrx_word' id='word_1_68' title='bbox 654 623 790 657; x_wconf 83' lang='lat' dir='ltr'><strong>Verbum,</strong></span> <span class='ocrx_word' id='word_1_69' title='bbox 808 624 835 650; x_wconf 86' lang='lat' dir='ltr'>et</span> <span class='ocrx_word' id='word_1_70' title='bbox 858 630 910 658; x_wconf 87' lang='lat' dir='ltr'>per</span> 
     </span>
     <span class='ocr_line' id='line_1_10' title="bbox 142 669 911 704; baseline 0 -8"><span class='ocrx_word' id='word_1_71' title='bbox 142 677 188 696; x_wconf 90' lang='lat' dir='ltr'>me</span> <span class='ocrx_word' id='word_1_72' title='bbox 203 670 285 704; x_wconf 86' lang='lat' dir='ltr'>regit,</span> <span class='ocrx_word' id='word_1_73' title='bbox 301 679 314 695; x_wconf 86' lang='lat'>»</span> <span class='ocrx_word' id='word_1_74' title='bbox 337 669 376 696; x_wconf 86' lang='lat' dir='ltr'>ait</span> <span class='ocrx_word' id='word_1_75' title='bbox 390 669 564 704; x_wconf 75' lang='lat' dir='ltr'>Augustinus</span> <span class='ocrx_word' id='word_1_76' title='bbox 579 670 596 696; x_wconf 82' lang='lat'>¹.</span> <span class='ocrx_word' id='word_1_77' title='bbox 613 671 706 704; x_wconf 87' lang='lat' dir='ltr'>Supra</span> <span class='ocrx_word' id='word_1_78' title='bbox 720 671 730 686; x_wconf 79' lang='lat'>2</span> <span class='ocrx_word' id='word_1_79' title='bbox 752 679 758 696; x_wconf 86' lang='lat'><strong>:</strong></span> <span class='ocrx_word' id='word_1_80' title='bbox 780 678 793 694; x_wconf 85' lang='lat'>«</span> <span class='ocrx_word' id='word_1_81' title='bbox 808 669 911 696; x_wconf 87' lang='lat' dir='ltr'>Omnia</span> 
     </span>
     <span class='ocr_line' id='line_1_11' title="bbox 142 714 912 751; baseline 0 -9"><span class='ocrx_word' id='word_1_82' title='bbox 142 723 195 750; x_wconf 89' lang='lat' dir='ltr'>per</span> <span class='ocrx_word' id='word_1_83' title='bbox 212 715 307 751; x_wconf 83' lang='lat' dir='ltr'>ipsum</span> <span class='ocrx_word' id='word_1_84' title='bbox 326 715 402 743; x_wconf 86' lang='lat' dir='ltr'>facta</span> <span class='ocrx_word' id='word_1_85' title='bbox 419 717 495 742; x_wconf 89' lang='lat' dir='ltr'>sunt.</span> <span class='ocrx_word' id='word_1_86' title='bbox 512 726 524 741; x_wconf 89' lang='lat'>»</span> <span class='ocrx_word' id='word_1_87' title='bbox 548 717 578 743; x_wconf 88' lang='lat' dir='ltr'>Et</span> <span class='ocrx_word' id='word_1_88' title='bbox 599 716 739 751; x_wconf 87' lang='lat' dir='ltr'>quoniam</span> <span class='ocrx_word' id='word_1_89' title='bbox 759 715 819 742; x_wconf 65' lang='lat' dir='ltr'>haec</span> <span class='ocrx_word' id='word_1_90' title='bbox 839 714 912 742; x_wconf 73' lang='lat' dir='ltr'>dixit</span> 
     </span>
     <span class='ocr_line' id='line_1_12' title="bbox 145 761 911 796; baseline -0.001 -8"><span class='ocrx_word' id='word_1_91' title='bbox 145 770 158 785; x_wconf 87' lang='lat'>«</span> <span class='ocrx_word' id='word_1_92' title='bbox 178 761 270 795; x_wconf 81' lang='lat' dir='ltr'>caecis,</span> <span class='ocrx_word' id='word_1_93' title='bbox 290 762 539 789; x_wconf 81' lang='lat' dir='ltr'>medicamentum</span> <span class='ocrx_word' id='word_1_94' title='bbox 558 762 772 796; x_wconf 89' lang='lat' dir='ltr'>ignorantibus,</span> <span class='ocrx_word' id='word_1_95' title='bbox 797 763 824 788; x_wconf 90' lang='lat' dir='ltr'>et</span> <span class='ocrx_word' id='word_1_96' title='bbox 849 762 911 788; x_wconf 86' lang='lat' dir='ltr'>tan-</span> 
     </span>
     <span class='ocr_line' id='line_1_13' title="bbox 143 807 912 843; baseline -0.001 -9"><span class='ocrx_word' id='word_1_97' title='bbox 143 815 233 842; x_wconf 85' lang='lat' dir='ltr'>quam</span> <span class='ocrx_word' id='word_1_98' title='bbox 247 807 277 834; x_wconf 92' lang='lat' dir='ltr'>in</span> <span class='ocrx_word' id='word_1_99' title='bbox 295 808 430 843; x_wconf 83' lang='lat' dir='ltr'>phrenesi</span> <span class='ocrx_word' id='word_1_100' title='bbox 445 808 578 835; x_wconf 81' lang='lat' dir='ltr'>occidere</span> <span class='ocrx_word' id='word_1_101' title='bbox 593 807 769 841; x_wconf 78' lang='lat' dir='ltr'>volentibus,</span> <span class='ocrx_word' id='word_1_102' title='bbox 786 818 799 833; x_wconf 85' lang='lat'>»</span> <span class='ocrx_word' id='word_1_103' title='bbox 817 807 912 841; x_wconf 87' lang='lat' dir='ltr'>magis</span> 
     </span>
     <span class='ocr_line' id='line_1_14' title="bbox 141 853 912 889; baseline 0 -9"><span class='ocrx_word' id='word_1_104' title='bbox 141 854 394 889; x_wconf 74' lang='lat' dir='ltr'>persequebantur</span> <span class='ocrx_word' id='word_1_105' title='bbox 416 862 492 888; x_wconf 90' lang='lat' dir='ltr'>eum,</span> <span class='ocrx_word' id='word_1_106' title='bbox 517 854 556 881; x_wconf 85' lang='lat' dir='ltr'>ait</span> <span class='ocrx_word' id='word_1_107' title='bbox 581 854 768 888; x_wconf 76' lang='lat' dir='ltr'>Augustinus,</span> <span class='ocrx_word' id='word_1_108' title='bbox 788 853 912 880; x_wconf 84' lang='lat' dir='ltr'>homilia</span> 
     </span>
     <span class='ocr_line' id='line_1_15' title="bbox 143 899 255 927; baseline 0 0"><span class='ocrx_word' id='word_1_109' title='bbox 143 899 219 927; x_wconf 87' lang='lat' dir='ltr'>dicta</span> <span class='ocrx_word' id='word_1_110' title='bbox 235 901 255 927; x_wconf 84' lang='lat'>³.</span> 
     </span>
    </p>

    <p class='ocr_par' dir='ltr' id='par_1_3' title="bbox 143 946 915 1710">
     <span class='ocr_line' id='line_1_16' title="bbox 178 946 913 982; baseline -0.003 -8"><span class='ocrx_word' id='word_1_111' title='bbox 178 948 222 974; x_wconf 77' lang='lat'>18.</span> <span class='ocrx_word' id='word_1_112' title='bbox 235 948 266 974; x_wconf 85' lang='lat' dir='ltr'>Et</span> <span class='ocrx_word' id='word_1_113' title='bbox 274 947 341 974; x_wconf 90' lang='lat' dir='ltr'>ideo</span> <span class='ocrx_word' id='word_1_114' title='bbox 355 947 484 982; x_wconf 84' lang='lat' dir='ltr'>sequitur</span> <span class='ocrx_word' id='word_1_115' title='bbox 496 956 502 974; x_wconf 78' lang='lat' dir='ltr'>t</span> <span class='ocrx_word' id='word_1_116' title='bbox 517 949 659 981; x_wconf 76' lang='lat' dir='ltr'><em>Propterea</em></span> <span class='ocrx_word' id='word_1_117' title='bbox 668 948 754 980; x_wconf 70' lang='lat' dir='ltr'>maqis</span> <span class='ocrx_word' id='word_1_118' title='bbox 763 946 913 981; x_wconf 81' lang='lat' dir='ltr'>quaerebcmt</span> 
     </span>
     <span class='ocr_line' id='line_1_17' title="bbox 145 992 912 1029; baseline -0.001 -9"><span class='ocrx_word' id='word_1_119' title='bbox 145 995 306 1027; x_wconf 77' lang='lat' dir='ltr'>interficere,</span> <span class='ocrx_word' id='word_1_120' title='bbox 326 996 396 1028; x_wconf 87' lang='lat' dir='ltr'>etc.,</span> <span class='ocrx_word' id='word_1_121' title='bbox 414 994 483 1029; x_wconf 84' lang='lat' dir='ltr'>quia</span> <span class='ocrx_word' id='word_1_122' title='bbox 498 993 660 1020; x_wconf 86' lang='lat' dir='ltr'>secundum</span> <span class='ocrx_word' id='word_1_123' title='bbox 676 992 846 1028; x_wconf 87' lang='lat' dir='ltr'>opinionem</span> <span class='ocrx_word' id='word_1_124' title='bbox 863 1000 912 1019; x_wconf 88' lang='lat' dir='ltr'>eo-</span> 
     </span>
     <span class='ocr_line' id='line_1_18' title="bbox 144 1039 911 1075; baseline -0.001 -9"><span class='ocrx_word' id='word_1_125' title='bbox 144 1047 210 1066; x_wconf 91' lang='lat' dir='ltr'>rum</span> <span class='ocrx_word' id='word_1_126' title='bbox 228 1048 279 1066; x_wconf 75' lang='lat' dir='ltr'>non</span> <span class='ocrx_word' id='word_1_127' title='bbox 300 1042 383 1067; x_wconf 80' lang='lat' dir='ltr'>solum</span> <span class='ocrx_word' id='word_1_128' title='bbox 400 1040 435 1075; x_wconf 80' lang='lat' dir='ltr'>(a)</span> <span class='ocrx_word' id='word_1_129' title='bbox 458 1041 575 1067; x_wconf 76' lang='lat' dir='ltr'>solvebat</span> <span class='ocrx_word' id='word_1_130' title='bbox 592 1040 745 1072; x_wconf 72' lang='lat' dir='ltr'>sabbatum,</span> <span class='ocrx_word' id='word_1_131' title='bbox 763 1039 809 1066; x_wconf 79' lang='lat' dir='ltr'>secl</span> <span class='ocrx_word' id='word_1_132' title='bbox 823 1042 847 1065; x_wconf 78' lang='lat' dir='ltr'>et</span> <span class='ocrx_word' id='word_1_133' title='bbox 861 1047 911 1072; x_wconf 80' lang='lat' dir='ltr'>pa-</span> 
     </span>
     <span class='ocr_line' id='line_1_19' title="bbox 144 1085 912 1118; baseline -0.001 -6"><span class='ocrx_word' id='word_1_134' title='bbox 144 1088 209 1112; x_wconf 85' lang='lat' dir='ltr'>trem</span> <span class='ocrx_word' id='word_1_135' title='bbox 225 1093 302 1112; x_wconf 83' lang='lat' dir='ltr'>suum</span> <span class='ocrx_word' id='word_1_136' title='bbox 318 1086 422 1113; x_wconf 68' lang='lat' dir='ltr'>dicebat</span> <span class='ocrx_word' id='word_1_137' title='bbox 441 1088 536 1118; x_wconf 82' lang='lat' dir='ltr'>Deum,</span> <span class='ocrx_word' id='word_1_138' title='bbox 551 1093 612 1113; x_wconf 89' lang='lat' dir='ltr'>non</span> <span class='ocrx_word' id='word_1_139' title='bbox 627 1086 700 1112; x_wconf 87' lang='lat' dir='ltr'>sicut</span> <span class='ocrx_word' id='word_1_140' title='bbox 714 1093 783 1118; x_wconf 89' lang='lat' dir='ltr'>nos,</span> <span class='ocrx_word' id='word_1_141' title='bbox 800 1085 850 1112; x_wconf 89' lang='lat' dir='ltr'>sed</span> <span class='ocrx_word' id='word_1_142' title='bbox 866 1087 912 1117; x_wconf 80' lang='lat' dir='ltr'>fa-</span> 
     </span>
     <span class='ocr_line' id='line_1_20' title="bbox 144 1132 912 1167; baseline -0.001 -9"><span class='ocrx_word' id='word_1_143' title='bbox 144 1133 214 1158; x_wconf 67' lang='lat' dir='ltr'>ciens</span> <span class='ocrx_word' id='word_1_144' title='bbox 228 1139 254 1158; x_wconf 81' lang='lat' dir='ltr'>se</span> <span class='ocrx_word' id='word_1_145' title='bbox 269 1133 396 1165; x_wconf 67' lang='lat' dir='ltr'>[equalem</span> <span class='ocrx_word' id='word_1_146' title='bbox 413 1133 472 1158; x_wconf 88' lang='lat' dir='ltr'>Deo.</span> <span class='ocrx_word' id='word_1_147' title='bbox 494 1132 550 1159; x_wconf 90' lang='lat' dir='ltr'>Sed</span> <span class='ocrx_word' id='word_1_148' title='bbox 570 1132 718 1167; x_wconf 78' lang='lat' dir='ltr'>quaeritur,</span> <span class='ocrx_word' id='word_1_149' title='bbox 736 1139 826 1166; x_wconf 88' lang='lat' dir='ltr'>quare</span> <span class='ocrx_word' id='word_1_150' title='bbox 841 1138 912 1165; x_wconf 90' lang='lat' dir='ltr'>pro-</span> 
     </span>
     <span class='ocr_line' id='line_1_21' title="bbox 143 1177 911 1212; baseline -0.001 -8"><span class='ocrx_word' id='word_1_151' title='bbox 143 1177 240 1212; x_wconf 86' lang='lat' dir='ltr'>posuit</span> <span class='ocrx_word' id='word_1_152' title='bbox 253 1177 308 1204; x_wconf 87' lang='lat' dir='ltr'>ista</span> <span class='ocrx_word' id='word_1_153' title='bbox 323 1177 460 1205; x_wconf 90' lang='lat' dir='ltr'>sublimia</span> <span class='ocrx_word' id='word_1_154' title='bbox 475 1180 502 1204; x_wconf 89' lang='lat' dir='ltr'>et</span> <span class='ocrx_word' id='word_1_155' title='bbox 521 1185 628 1204; x_wconf 85' lang='lat' dir='ltr'>arcana</span> <span class='ocrx_word' id='word_1_156' title='bbox 643 1178 679 1204; x_wconf 90' lang='lat' dir='ltr'>de</span> <span class='ocrx_word' id='word_1_157' title='bbox 695 1185 748 1204; x_wconf 87' lang='lat' dir='ltr'>sua</span> <span class='ocrx_word' id='word_1_158' title='bbox 762 1177 911 1203; x_wconf 83' lang='lat' dir='ltr'>divinitate</span> 
     </span>
     <span class='ocr_line' id='line_1_22' title="bbox 144 1222 910 1258; baseline -0.001 -8"><span class='ocrx_word' id='word_1_159' title='bbox 144 1225 171 1250; x_wconf 86' lang='lat' dir='ltr'>et</span> <span class='ocrx_word' id='word_1_160' title='bbox 185 1223 347 1258; x_wconf 73' lang='lat' dir='ltr'>aequalitate</span> <span class='ocrx_word' id='word_1_161' title='bbox 362 1231 428 1250; x_wconf 83' lang='lat' dir='ltr'>eum</span> <span class='ocrx_word' id='word_1_162' title='bbox 443 1225 535 1257; x_wconf 85' lang='lat' dir='ltr'>Patre,</span> <span class='ocrx_word' id='word_1_163' title='bbox 550 1232 615 1250; x_wconf 86' lang='lat' dir='ltr'>cum</span> <span class='ocrx_word' id='word_1_164' title='bbox 626 1226 720 1250; x_wconf 86' lang='lat' dir='ltr'>essent</span> <span class='ocrx_word' id='word_1_165' title='bbox 734 1223 776 1250; x_wconf 88' lang='lat' dir='ltr'>illi</span> <span class='ocrx_word' id='word_1_166' title='bbox 792 1222 910 1254; x_wconf 83' lang='lat' dir='ltr'>infirmi,</span> 
     </span>
     <span class='ocr_line' id='line_1_23' title="bbox 145 1269 914 1304; baseline 0 -9"><span class='ocrx_word' id='word_1_167' title='bbox 145 1271 172 1296; x_wconf 84' lang='lat' dir='ltr'>et</span> <span class='ocrx_word' id='word_1_168' title='bbox 192 1269 232 1296; x_wconf 87' lang='lat' dir='ltr'>sic</span> <span class='ocrx_word' id='word_1_169' title='bbox 253 1270 474 1297; x_wconf 81' lang='lat' dir='ltr'>manuducendi</span> <span class='ocrx_word' id='word_1_170' title='bbox 496 1270 573 1297; x_wconf 84' lang='lat' dir='ltr'>facili</span> <span class='ocrx_word' id='word_1_171' title='bbox 596 1269 743 1303; x_wconf 84' lang='lat' dir='ltr'>doctrina,</span> <span class='ocrx_word' id='word_1_172' title='bbox 767 1272 855 1304; x_wconf 85' lang='lat' dir='ltr'>prout</span> <span class='ocrx_word' id='word_1_173' title='bbox 874 1269 914 1295; x_wconf 89' lang='lat' dir='ltr'>ait</span> 
     </span>
     <span class='ocr_line' id='line_1_24' title="bbox 145 1315 913 1351; baseline -0.001 -9"><span class='ocrx_word' id='word_1_174' title='bbox 145 1315 249 1342; x_wconf 82' lang='lat' dir='ltr'>Paulus</span> <span class='ocrx_word' id='word_1_175' title='bbox 260 1317 285 1342; x_wconf 66' lang='lat'>¹0:</span> <span class='ocrx_word' id='word_1_176' title='bbox 304 1326 316 1340; x_wconf 87' lang='lat'>«</span> <span class='ocrx_word' id='word_1_177' title='bbox 330 1315 407 1343; x_wconf 87' lang='lat' dir='ltr'>Sicut</span> <span class='ocrx_word' id='word_1_178' title='bbox 421 1316 551 1351; x_wconf 83' lang='lat' dir='ltr'>parvulis</span> <span class='ocrx_word' id='word_1_179' title='bbox 566 1316 611 1343; x_wconf 86' lang='lat' dir='ltr'>lac</span> <span class='ocrx_word' id='word_1_180' title='bbox 624 1315 709 1342; x_wconf 90' lang='lat' dir='ltr'>vobis</span> <span class='ocrx_word' id='word_1_181' title='bbox 725 1316 837 1349; x_wconf 81' lang='lat' dir='ltr'>potum,</span> <span class='ocrx_word' id='word_1_182' title='bbox 853 1322 913 1341; x_wconf 92' lang='lat' dir='ltr'>non</span> 
     </span>
     <span class='ocr_line' id='line_1_25' title="bbox 146 1361 915 1396; baseline -0.001 -8"><span class='ocrx_word' id='word_1_183' title='bbox 146 1369 243 1388; x_wconf 86' lang='lat' dir='ltr'>escam</span> <span class='ocrx_word' id='word_1_184' title='bbox 255 1361 343 1388; x_wconf 73' lang='lat' dir='ltr'>dedi?</span> <span class='ocrx_word' id='word_1_185' title='bbox 355 1372 366 1387; x_wconf 85' lang='lat'>»</span> <span class='ocrx_word' id='word_1_186' title='bbox 383 1363 413 1389; x_wconf 86' lang='lat' dir='ltr'>Et</span> <span class='ocrx_word' id='word_1_187' title='bbox 428 1362 466 1388; x_wconf 84' lang='lat' dir='ltr'>ad</span> <span class='ocrx_word' id='word_1_188' title='bbox 481 1362 559 1388; x_wconf 85' lang='lat' dir='ltr'>istud</span> <span class='ocrx_word' id='word_1_189' title='bbox 574 1361 733 1396; x_wconf 81' lang='lat' dir='ltr'>respondet</span> <span class='ocrx_word' id='word_1_190' title='bbox 746 1361 915 1396; x_wconf 80' lang='lat' dir='ltr'>Chrysosto-</span> 
     </span>
     <span class='ocr_line' id='line_1_26' title="bbox 146 1406 912 1443; baseline -0.001 -9"><span class='ocrx_word' id='word_1_191' title='bbox 146 1415 211 1434; x_wconf 88' lang='lat' dir='ltr'>mus</span> <span class='ocrx_word' id='word_1_192' title='bbox 221 1409 241 1441; x_wconf 67' lang='lat'>³,</span> <span class='ocrx_word' id='word_1_193' title='bbox 259 1407 340 1443; x_wconf 90' lang='lat' dir='ltr'>quod</span> <span class='ocrx_word' id='word_1_194' title='bbox 355 1407 443 1434; x_wconf 89' lang='lat' dir='ltr'>Filius</span> <span class='ocrx_word' id='word_1_195' title='bbox 457 1407 504 1434; x_wconf 89' lang='lat' dir='ltr'>Dei</span> <span class='ocrx_word' id='word_1_196' title='bbox 519 1407 638 1434; x_wconf 85' lang='lat' dir='ltr'>volebat</span> <span class='ocrx_word' id='word_1_197' title='bbox 650 1409 806 1441; x_wconf 86' lang='lat' dir='ltr'>utrumque</span> <span class='ocrx_word' id='word_1_198' title='bbox 822 1406 912 1440; x_wconf 87' lang='lat' dir='ltr'>credi,</span> 
     </span>
     <span class='ocr_line' id='line_1_27' title="bbox 146 1452 913 1488; baseline -0.001 -8"><span class='ocrx_word' id='word_1_199' title='bbox 146 1454 255 1480; x_wconf 86' lang='lat' dir='ltr'>seilicet</span> <span class='ocrx_word' id='word_1_200' title='bbox 275 1453 310 1480; x_wconf 88' lang='lat' dir='ltr'>de</span> <span class='ocrx_word' id='word_1_201' title='bbox 329 1461 373 1487; x_wconf 85' lang='lat' dir='ltr'>se,</span> <span class='ocrx_word' id='word_1_202' title='bbox 394 1457 420 1480; x_wconf 86' lang='lat' dir='ltr'>ct</span> <span class='ocrx_word' id='word_1_203' title='bbox 441 1453 696 1480; x_wconf 80' lang='lat' dir='ltr'>condescensionis</span> <span class='ocrx_word' id='word_1_204' title='bbox 718 1452 913 1488; x_wconf 84' lang='lat' dir='ltr'>dispensatio--</span> 
     </span>
     <span class='ocr_line' id='line_1_28' title="bbox 146 1491 914 1533; baseline -0.001 -7"><span class='ocrx_word' id='word_1_205' title='bbox 146 1507 228 1533; x_wconf 88' lang='lat' dir='ltr'>nem,</span> <span class='ocrx_word' id='word_1_206' title='bbox 244 1502 271 1527; x_wconf 87' lang='lat' dir='ltr'>et</span> <span class='ocrx_word' id='word_1_207' title='bbox 292 1491 405 1526; x_wconf 74' lang='lat' dir='ltr'>deitatis</span> <span class='ocrx_word' id='word_1_208' title='bbox 420 1499 601 1533; x_wconf 87' lang='lat' dir='ltr'>dignitatem.</span> <span class='ocrx_word' id='word_1_209' title='bbox 618 1500 649 1525; x_wconf 89' lang='lat' dir='ltr'>Et</span> <span class='ocrx_word' id='word_1_210' title='bbox 668 1498 734 1525; x_wconf 91' lang='lat' dir='ltr'>ideo</span> <span class='ocrx_word' id='word_1_211' title='bbox 755 1498 856 1525; x_wconf 89' lang='lat' dir='ltr'>volens</span> <span class='ocrx_word' id='word_1_212' title='bbox 876 1499 914 1525; x_wconf 88' lang='lat' dir='ltr'>ad</span> 
     </span>
     <span class='ocr_line' id='line_1_29' title="bbox 146 1544 914 1580; baseline -0.003 -8"><span class='ocrx_word' id='word_1_213' title='bbox 146 1546 240 1580; x_wconf 88' lang='lat' dir='ltr'>majus</span> <span class='ocrx_word' id='word_1_214' title='bbox 258 1553 306 1572; x_wconf 89' lang='lat' dir='ltr'>eos</span> <span class='ocrx_word' id='word_1_215' title='bbox 326 1545 481 1578; x_wconf 80' lang='lat' dir='ltr'>reducere,</span> <span class='ocrx_word' id='word_1_216' title='bbox 499 1546 525 1571; x_wconf 89' lang='lat' dir='ltr'>et</span> <span class='ocrx_word' id='word_1_217' title='bbox 540 1544 699 1577; x_wconf 76' lang='lat' dir='ltr'>excelsiuS,</span> <span class='ocrx_word' id='word_1_218' title='bbox 716 1544 752 1571; x_wconf 89' lang='lat' dir='ltr'>de</span> <span class='ocrx_word' id='word_1_219' title='bbox 768 1544 856 1571; x_wconf 74' lang='lat' dir='ltr'>Patris</span> <span class='ocrx_word' id='word_1_220' title='bbox 871 1544 914 1571; x_wconf 89' lang='lat' dir='ltr'>di-</span> 
     </span>
     <span class='ocr_line' id='line_1_30' title="bbox 145 1590 913 1626; baseline -0.001 -8"><span class='ocrx_word' id='word_1_221' title='bbox 145 1592 251 1626; x_wconf 80' lang='lat' dir='ltr'>gnitate</span> <span class='ocrx_word' id='word_1_222' title='bbox 264 1591 378 1618; x_wconf 90' lang='lat' dir='ltr'>locutus</span> <span class='ocrx_word' id='word_1_223' title='bbox 393 1593 443 1618; x_wconf 90' lang='lat' dir='ltr'>est.</span> <span class='ocrx_word' id='word_1_224' title='bbox 458 1591 485 1617; x_wconf 89' lang='lat' dir='ltr'>Si</span> <span class='ocrx_word' id='word_1_225' title='bbox 500 1591 579 1617; x_wconf 91' lang='lat' dir='ltr'>enim</span> <span class='ocrx_word' id='word_1_226' title='bbox 592 1590 711 1617; x_wconf 83' lang='lat' dir='ltr'>deberet</span> <span class='ocrx_word' id='word_1_227' title='bbox 726 1590 762 1617; x_wconf 88' lang='lat' dir='ltr'>de</span> <span class='ocrx_word' id='word_1_228' title='bbox 777 1590 913 1617; x_wconf 87' lang='lat' dir='ltr'>humanis</span> 
     </span>
     <span class='ocr_line' id='line_1_31' title="bbox 146 1636 914 1672; baseline -0.004 -7"><span class='ocrx_word' id='word_1_229' title='bbox 146 1645 261 1672; x_wconf 84' lang='lat' dir='ltr'>semper</span> <span class='ocrx_word' id='word_1_230' title='bbox 280 1637 379 1672; x_wconf 86' lang='lat' dir='ltr'>loqui,</span> <span class='ocrx_word' id='word_1_231' title='bbox 400 1645 501 1664; x_wconf 89' lang='lat' dir='ltr'>omnes</span> <span class='ocrx_word' id='word_1_232' title='bbox 519 1636 672 1663; x_wconf 80' lang='lat' dir='ltr'>crederent</span> <span class='ocrx_word' id='word_1_233' title='bbox 686 1636 770 1662; x_wconf 89' lang='lat' dir='ltr'>illum</span> <span class='ocrx_word' id='word_1_234' title='bbox 786 1643 847 1662; x_wconf 85' lang='lat' dir='ltr'>esse</span> <span class='ocrx_word' id='word_1_235' title='bbox 862 1636 914 1663; x_wconf 91' lang='lat' dir='ltr'>ho-</span> 
     </span>
     <span class='ocr_line' id='line_1_32' title="bbox 145 1683 377 1710; baseline 0 0"><span class='ocrx_word' id='word_1_236' title='bbox 145 1683 256 1710; x_wconf 87' lang='lat' dir='ltr'>miuem</span> <span class='ocrx_word' id='word_1_237' title='bbox 271 1683 377 1710; x_wconf 83' lang='lat' dir='ltr'>solum.</span> 
     </span>
    </p>

    <p class='ocr_par' dir='ltr' id='par_1_4' title="bbox 143 1728 918 2454">
     <span class='ocr_line' id='line_1_33' title="bbox 183 1728 918 1764; baseline -0.003 -8"><span class='ocrx_word' id='word_1_238' title='bbox 183 1731 226 1756; x_wconf 85' lang='grc'>19.</span> <span class='ocrx_word' id='word_1_239' title='bbox 243 1730 273 1756; x_wconf 88' lang='lat' dir='ltr'>Et</span> <span class='ocrx_word' id='word_1_240' title='bbox 286 1729 417 1764; x_wconf 88' lang='lat' dir='ltr'>sequitur</span> <span class='ocrx_word' id='word_1_241' title='bbox 429 1728 559 1756; x_wconf 86' lang='lat' dir='ltr'>secunda</span> <span class='ocrx_word' id='word_1_242' title='bbox 572 1728 726 1763; x_wconf 87' lang='lat' dir='ltr'>particula,</span> <span class='ocrx_word' id='word_1_243' title='bbox 742 1728 771 1754; x_wconf 91' lang='lat' dir='ltr'>in</span> <span class='ocrx_word' id='word_1_244' title='bbox 787 1736 846 1763; x_wconf 87' lang='lat' dir='ltr'>qua</span> <span class='ocrx_word' id='word_1_245' title='bbox 861 1728 918 1754; x_wconf 88' lang='lat' dir='ltr'>hu-</span> 
     </span>
     <span class='ocr_line' id='line_1_34' title="bbox 143 1775 916 1810; baseline -0.004 -7"><span class='ocrx_word' id='word_1_246' title='bbox 143 1776 191 1810; x_wconf 86' lang='lat' dir='ltr'>jus</span> <span class='ocrx_word' id='word_1_247' title='bbox 209 1775 382 1803; x_wconf 83' lang='lat' dir='ltr'>declaratio:</span> <span class='ocrx_word' id='word_1_248' title='bbox 402 1776 490 1802; x_wconf 83' lang='lat' dir='ltr'>Amen</span> <span class='ocrx_word' id='word_1_249' title='bbox 509 1775 568 1801; x_wconf 77' lang='lat' dir='ltr'>diro</span> <span class='ocrx_word' id='word_1_250' title='bbox 589 1775 680 1808; x_wconf 73' lang='lat' dir='ltr'>vobis,</span> <span class='ocrx_word' id='word_1_251' title='bbox 696 1782 747 1800; x_wconf 77' lang='lat' dir='ltr'>non</span> <span class='ocrx_word' id='word_1_252' title='bbox 761 1776 848 1808; x_wconf 74' lang='lat' dir='ltr'>potest</span> <span class='ocrx_word' id='word_1_253' title='bbox 868 1775 916 1800; x_wconf 82' lang='lat' dir='ltr'>Fi-</span> 
     </span>
     <span class='ocr_line' id='line_1_35' title="bbox 147 1819 915 1856; baseline -0.004 -7"><span class='ocrx_word' id='word_1_254' title='bbox 147 1824 214 1856; x_wconf 71' lang='lat' dir='ltr'>lius,</span> <span class='ocrx_word' id='word_1_255' title='bbox 230 1824 283 1849; x_wconf 88' lang='lat' dir='ltr'>etc.</span> <span class='ocrx_word' id='word_1_256' title='bbox 303 1821 379 1848; x_wconf 86' lang='lat' dir='ltr'>Infra</span> <span class='ocrx_word' id='word_1_257' title='bbox 393 1821 420 1847; x_wconf 77' lang='lat'>⁵:</span> <span class='ocrx_word' id='word_1_258' title='bbox 439 1830 451 1845; x_wconf 87' lang='lat'>«</span> <span class='ocrx_word' id='word_1_259' title='bbox 470 1823 491 1847; x_wconf 84' lang='grc' dir='ltr'><strong>Α</strong></span> <span class='ocrx_word' id='word_1_260' title='bbox 509 1828 556 1847; x_wconf 89' lang='lat' dir='ltr'>me</span> <span class='ocrx_word' id='word_1_261' title='bbox 574 1820 638 1855; x_wconf 90' lang='lat' dir='ltr'>ipso</span> <span class='ocrx_word' id='word_1_262' title='bbox 660 1819 734 1847; x_wconf 88' lang='lat' dir='ltr'>l&#39;acio</span> <span class='ocrx_word' id='word_1_263' title='bbox 755 1819 844 1853; x_wconf 87' lang='lat' dir='ltr'>nihil,</span> <span class='ocrx_word' id='word_1_264' title='bbox 859 1819 915 1846; x_wconf 88' lang='lat' dir='ltr'>nisi</span> 
     </span>
     <span class='ocr_line' id='line_1_36' title="bbox 147 1865 915 1903; baseline -0.004 -8"><span class='ocrx_word' id='word_1_265' title='bbox 147 1868 229 1903; x_wconf 89' lang='lat' dir='ltr'>quod</span> <span class='ocrx_word' id='word_1_266' title='bbox 249 1867 348 1894; x_wconf 83' lang='lat' dir='ltr'>fecerit</span> <span class='ocrx_word' id='word_1_267' title='bbox 367 1868 457 1894; x_wconf 83' lang='lat' dir='ltr'>Pater.</span> <span class='ocrx_word' id='word_1_268' title='bbox 475 1876 487 1891; x_wconf 70' lang='grc' dir='ltr'>ι)</span> <span class='ocrx_word' id='word_1_269' title='bbox 505 1866 581 1893; x_wconf 85' lang='lat' dir='ltr'>Infra</span> <span class='ocrx_word' id='word_1_270' title='bbox 593 1867 622 1893; x_wconf 86' lang='lat'>⁷:</span> <span class='ocrx_word' id='word_1_271' title='bbox 642 1875 655 1891; x_wconf 73' lang='grc' dir='ltr'>ιι</span> <span class='ocrx_word' id='word_1_272' title='bbox 671 1866 738 1898; x_wconf 81' lang='lat' dir='ltr'>Quae</span> <span class='ocrx_word' id='word_1_273' title='bbox 757 1865 817 1892; x_wconf 88' lang='lat' dir='ltr'>vidi</span> <span class='ocrx_word' id='word_1_274' title='bbox 835 1866 915 1901; x_wconf 87' lang='lat' dir='ltr'>apud</span> 
     </span>
     <span class='ocr_line' id='line_1_37' title="bbox 147 1912 915 1948; baseline -0.003 -7"><span class='ocrx_word' id='word_1_275' title='bbox 147 1916 276 1947; x_wconf 85' lang='lat' dir='ltr'>Patrem,</span> <span class='ocrx_word' id='word_1_276' title='bbox 292 1913 353 1940; x_wconf 78' lang='lat' dir='ltr'>haec</span> <span class='ocrx_word' id='word_1_277' title='bbox 367 1913 483 1948; x_wconf 78' lang='lat' dir='ltr'>loquor.</span> <span class='ocrx_word' id='word_1_278' title='bbox 500 1921 512 1936; x_wconf 85' lang='lat'>»</span> <span class='ocrx_word' id='word_1_279' title='bbox 528 1913 560 1939; x_wconf 88' lang='lat' dir='ltr'>Et</span> <span class='ocrx_word' id='word_1_280' title='bbox 574 1919 609 1938; x_wconf 89' lang='lat' dir='ltr'>ne</span> <span class='ocrx_word' id='word_1_281' title='bbox 629 1912 794 1938; x_wconf 82' lang='lat' dir='ltr'>crederetur</span> <span class='ocrx_word' id='word_1_282' title='bbox 809 1920 844 1939; x_wconf 80' lang='lat' dir='ltr'>ex</span> <span class='ocrx_word' id='word_1_283' title='bbox 859 1912 915 1939; x_wconf 89' lang='lat' dir='ltr'>hoc</span> 
     </span>
     <span class='ocr_line' id='line_1_38' title="bbox 147 1958 915 1994; baseline -0.004 -7"><span class='ocrx_word' id='word_1_284' title='bbox 147 1967 207 1987; x_wconf 91' lang='lat' dir='ltr'>non</span> <span class='ocrx_word' id='word_1_285' title='bbox 222 1959 331 1986; x_wconf 87' lang='lat' dir='ltr'>habere</span> <span class='ocrx_word' id='word_1_286' title='bbox 345 1966 430 1994; x_wconf 82' lang='lat' dir='ltr'>posse</span> <span class='ocrx_word' id='word_1_287' title='bbox 446 1960 487 1985; x_wconf 89' lang='lat' dir='ltr'>tot</span> <span class='ocrx_word' id='word_1_288' title='bbox 501 1965 534 1985; x_wconf 88' lang='lat' dir='ltr'>ac</span> <span class='ocrx_word' id='word_1_289' title='bbox 549 1959 638 1991; x_wconf 85' lang='lat' dir='ltr'>tanta,</span> <span class='ocrx_word' id='word_1_290' title='bbox 654 1958 728 1985; x_wconf 89' lang='lat' dir='ltr'>sicut</span> <span class='ocrx_word' id='word_1_291' title='bbox 742 1959 832 1992; x_wconf 84' lang='lat' dir='ltr'>Pater,</span> <span class='ocrx_word' id='word_1_292' title='bbox 849 1958 915 1985; x_wconf 88' lang='lat' dir='ltr'>sub-</span> 
     </span>
     <span class='ocr_line' id='line_1_39' title="bbox 148 2005 915 2038; baseline -0.004 -5"><span class='ocrx_word' id='word_1_293' title='bbox 148 2006 226 2033; x_wconf 84' lang='lat' dir='ltr'>ditur</span> <span class='ocrx_word' id='word_1_294' title='bbox 240 2005 371 2032; x_wconf 85' lang='lat' dir='ltr'>tertium:</span> <span class='ocrx_word' id='word_1_295' title='bbox 389 2005 563 2038; x_wconf 77' lang='lat' dir='ltr'>Quoecumque</span> <span class='ocrx_word' id='word_1_296' title='bbox 581 2005 627 2031; x_wconf 77' lang='lat' dir='ltr'>ille</span> <span class='ocrx_word' id='word_1_297' title='bbox 641 2005 747 2038; x_wconf 75' lang='lat' dir='ltr'>fecerit,</span> <span class='ocrx_word' id='word_1_298' title='bbox 764 2005 817 2031; x_wconf 82' lang='lat' dir='ltr'>haec</span> <span class='ocrx_word' id='word_1_299' title='bbox 832 2008 856 2031; x_wconf 84' lang='lat' dir='ltr'>et</span> <span class='ocrx_word' id='word_1_300' title='bbox 872 2006 915 2031; x_wconf 69' lang='lat' dir='ltr'>Fi-</span> 
     </span>
     <span class='ocr_line' id='line_1_40' title="bbox 149 2050 912 2086; baseline -0.004 -7"><span class='ocrx_word' id='word_1_301' title='bbox 149 2054 210 2079; x_wconf 69' lang='lat' dir='ltr'>lius.</span> <span class='ocrx_word' id='word_1_302' title='bbox 226 2053 318 2086; x_wconf 85' lang='lat' dir='ltr'>Supra</span> <span class='ocrx_word' id='word_1_303' title='bbox 332 2052 360 2078; x_wconf 76' lang='lat'>⁸:</span> <span class='ocrx_word' id='word_1_304' title='bbox 380 2061 393 2075; x_wconf 58' lang='lat' dir='ltr'>&lt;a</span> <span class='ocrx_word' id='word_1_305' title='bbox 405 2050 510 2077; x_wconf 86' lang='lat' dir='ltr'>Omnia</span> <span class='ocrx_word' id='word_1_306' title='bbox 530 2058 583 2085; x_wconf 87' lang='lat' dir='ltr'>per</span> <span class='ocrx_word' id='word_1_307' title='bbox 602 2050 697 2085; x_wconf 83' lang='lat' dir='ltr'>ipsum</span> <span class='ocrx_word' id='word_1_308' title='bbox 714 2050 790 2077; x_wconf 75' lang='lat' dir='ltr'>faeta</span> <span class='ocrx_word' id='word_1_309' title='bbox 809 2053 882 2078; x_wconf 86' lang='lat' dir='ltr'>sunt.</span> <span class='ocrx_word' id='word_1_310' title='bbox 899 2061 912 2077; x_wconf 90' lang='lat'>»</span> 
     </span>
     <span class='ocr_line' id='line_1_41' title="bbox 148 2096 912 2132; baseline -0.004 -7"><span class='ocrx_word' id='word_1_311' title='bbox 148 2100 179 2126; x_wconf 81' lang='lat' dir='ltr'>Et</span> <span class='ocrx_word' id='word_1_312' title='bbox 189 2099 213 2125; x_wconf 71' lang='lat'>⁹:</span> <span class='ocrx_word' id='word_1_313' title='bbox 229 2109 241 2123; x_wconf 86' lang='lat'>«</span> <span class='ocrx_word' id='word_1_314' title='bbox 253 2098 357 2125; x_wconf 88' lang='lat' dir='ltr'>Omnia</span> <span class='ocrx_word' id='word_1_315' title='bbox 370 2105 422 2132; x_wconf 87' lang='lat' dir='ltr'>per</span> <span class='ocrx_word' id='word_1_316' title='bbox 436 2097 533 2131; x_wconf 90' lang='lat' dir='ltr'>ipsum</span> <span class='ocrx_word' id='word_1_317' title='bbox 544 2096 611 2123; x_wconf 90' lang='lat' dir='ltr'>etin</span> <span class='ocrx_word' id='word_1_318' title='bbox 623 2096 687 2131; x_wconf 84' lang='lat' dir='ltr'>ipso</span> <span class='ocrx_word' id='word_1_319' title='bbox 703 2098 798 2123; x_wconf 86' lang='lat' dir='ltr'>creata</span> <span class='ocrx_word' id='word_1_320' title='bbox 812 2099 886 2124; x_wconf 93' lang='lat' dir='ltr'>sunt.</span> <span class='ocrx_word' id='word_1_321' title='bbox 899 2107 912 2122; x_wconf 69' lang='lat'>&gt;1</span> 
     </span>
     <span class='ocr_line' id='line_1_42' title="bbox 149 2142 916 2178; baseline -0.003 -6"><span class='ocrx_word' id='word_1_322' title='bbox 149 2144 242 2177; x_wconf 85' lang='lat' dir='ltr'>Ethis,</span> <span class='ocrx_word' id='word_1_323' title='bbox 257 2146 287 2171; x_wconf 89' lang='lat' dir='ltr'>ut</span> <span class='ocrx_word' id='word_1_324' title='bbox 302 2143 341 2170; x_wconf 86' lang='lat' dir='ltr'>ait</span> <span class='ocrx_word' id='word_1_325' title='bbox 356 2142 531 2177; x_wconf 75' lang='lat' dir='ltr'>Augustinus</span> <span class='ocrx_word' id='word_1_326' title='bbox 544 2143 571 2176; x_wconf 87' lang='lat'>¹⁰,</span> <span class='ocrx_word' id='word_1_327' title='bbox 583 2142 673 2169; x_wconf 82' lang='lat' dir='ltr'>Judoei</span> <span class='ocrx_word' id='word_1_328' title='bbox 685 2142 835 2176; x_wconf 86' lang='lat' dir='ltr'>commoti,</span> <span class='ocrx_word' id='word_1_329' title='bbox 846 2143 916 2178; x_wconf 87' lang='lat' dir='ltr'>quia</span> 
     </span>
     <span class='ocr_line' id='line_1_43' title="bbox 151 2188 916 2223; baseline 0.001 -8"><span class='ocrx_word' id='word_1_330' title='bbox 151 2200 164 2215; x_wconf 76' lang='grc' dir='ltr'>ιι</span> <span class='ocrx_word' id='word_1_331' title='bbox 179 2191 208 2217; x_wconf 89' lang='lat' dir='ltr'>in</span> <span class='ocrx_word' id='word_1_332' title='bbox 227 2190 346 2217; x_wconf 88' lang='lat' dir='ltr'>homine</span> <span class='ocrx_word' id='word_1_333' title='bbox 364 2197 425 2216; x_wconf 91' lang='lat' dir='ltr'>non</span> <span class='ocrx_word' id='word_1_334' title='bbox 444 2188 644 2223; x_wconf 82' lang='lat' dir='ltr'>intelligebant</span> <span class='ocrx_word' id='word_1_335' title='bbox 667 2189 776 2215; x_wconf 86' lang='lat' dir='ltr'>Deum:</span> <span class='ocrx_word' id='word_1_336' title='bbox 799 2196 916 2216; x_wconf 91' lang='lat' dir='ltr'>carnem</span> 
     </span>
     <span class='ocr_line' id='line_1_44' title="bbox 148 2234 916 2269; baseline -0.001 -6"><span class='ocrx_word' id='word_1_337' title='bbox 148 2236 302 2269; x_wconf 82' lang='lat' dir='ltr'>videbant,</span> <span class='ocrx_word' id='word_1_338' title='bbox 324 2237 414 2262; x_wconf 88' lang='lat' dir='ltr'>Deum</span> <span class='ocrx_word' id='word_1_339' title='bbox 434 2235 618 2262; x_wconf 79' lang='lat' dir='ltr'>nesciebant:</span> <span class='ocrx_word' id='word_1_340' title='bbox 638 2234 838 2261; x_wconf 83' lang='lat' dir='ltr'>habitaculum</span> <span class='ocrx_word' id='word_1_341' title='bbox 854 2243 916 2262; x_wconf 89' lang='lat' dir='ltr'>cer-</span> 
     </span>
     <span class='ocr_line' id='line_1_45' title="bbox 148 2281 916 2315; baseline -0.001 -6"><span class='ocrx_word' id='word_1_342' title='bbox 148 2282 273 2314; x_wconf 78' lang='lat' dir='ltr'>nebant,</span> <span class='ocrx_word' id='word_1_343' title='bbox 302 2281 496 2308; x_wconf 86' lang='lat' dir='ltr'>habitatorem</span> <span class='ocrx_word' id='word_1_344' title='bbox 521 2281 698 2315; x_wconf 83' lang='lat' dir='ltr'>ignorabant</span> <span class='ocrx_word' id='word_1_345' title='bbox 714 2290 720 2308; x_wconf 91' lang='lat'>:</span> <span class='ocrx_word' id='word_1_346' title='bbox 750 2289 811 2308; x_wconf 92' lang='lat' dir='ltr'>non</span> <span class='ocrx_word' id='word_1_347' title='bbox 839 2281 916 2308; x_wconf 90' lang='lat' dir='ltr'>enim</span> 
     </span>
     <span class='ocr_line' id='line_1_46' title="bbox 148 2327 917 2363; baseline -0.001 -7"><span class='ocrx_word' id='word_1_348' title='bbox 148 2328 274 2356; x_wconf 88' lang='lat' dir='ltr'>formam</span> <span class='ocrx_word' id='word_1_349' title='bbox 290 2328 320 2361; x_wconf 74' lang='lat' dir='ltr'>(b)</span> <span class='ocrx_word' id='word_1_350' title='bbox 342 2327 417 2353; x_wconf 87' lang='lat' dir='ltr'>servi</span> <span class='ocrx_word' id='word_1_351' title='bbox 440 2327 577 2362; x_wconf 67' lang='lat' dir='ltr'>aequabat</span> <span class='ocrx_word' id='word_1_352' title='bbox 598 2328 690 2360; x_wconf 84' lang='lat' dir='ltr'>Patri,</span> <span class='ocrx_word' id='word_1_353' title='bbox 711 2335 765 2354; x_wconf 84' lang='lat' dir='ltr'>nec</span> <span class='ocrx_word' id='word_1_354' title='bbox 784 2327 815 2354; x_wconf 89' lang='lat' dir='ltr'>id</span> <span class='ocrx_word' id='word_1_355' title='bbox 835 2328 917 2363; x_wconf 86' lang='lat' dir='ltr'>quod</span> 
     </span>
     <span class='ocr_line' id='line_1_47' title="bbox 148 2372 916 2408; baseline 0.003 -8"><span class='ocrx_word' id='word_1_356' title='bbox 148 2374 257 2402; x_wconf 82' lang='lat' dir='ltr'>factum</span> <span class='ocrx_word' id='word_1_357' title='bbox 273 2374 314 2399; x_wconf 88' lang='lat' dir='ltr'>est</span> <span class='ocrx_word' id='word_1_358' title='bbox 326 2374 445 2407; x_wconf 87' lang='lat' dir='ltr'>propter</span> <span class='ocrx_word' id='word_1_359' title='bbox 462 2380 530 2406; x_wconf 76' lang='lat' dir='ltr'>BOS,</span> <span class='ocrx_word' id='word_1_360' title='bbox 546 2372 598 2399; x_wconf 87' lang='lat' dir='ltr'>scd</span> <span class='ocrx_word' id='word_1_361' title='bbox 613 2373 695 2408; x_wconf 89' lang='lat' dir='ltr'>quod</span> <span class='ocrx_word' id='word_1_362' title='bbox 710 2376 780 2407; x_wconf 87' lang='lat' dir='ltr'>erat,</span> <span class='ocrx_word' id='word_1_363' title='bbox 797 2374 916 2408; x_wconf 87' lang='lat' dir='ltr'>quando</span> 
     </span>
     <span class='ocr_line' id='line_1_48' title="bbox 150 2419 917 2454; baseline -0.003 -5"><span class='ocrx_word' id='word_1_364' title='bbox 150 2421 216 2449; x_wconf 85' lang='lat' dir='ltr'>fecit</span> <span class='ocrx_word' id='word_1_365' title='bbox 231 2428 295 2448; x_wconf 88' lang='lat' dir='ltr'>nos.</span> <span class='ocrx_word' id='word_1_366' title='bbox 310 2430 323 2445; x_wconf 87' lang='lat'>»</span> <span class='ocrx_word' id='word_1_367' title='bbox 344 2419 361 2437; x_wconf 92' lang='lat'>¹¹</span> <span class='ocrx_word' id='word_1_368' title='bbox 383 2429 396 2445; x_wconf 90' lang='lat'>«</span> <span class='ocrx_word' id='word_1_369' title='bbox 410 2420 472 2447; x_wconf 73' lang='lat' dir='ltr'>Non</span> <span class='ocrx_word' id='word_1_370' title='bbox 487 2419 622 2454; x_wconf 84' lang='lat' dir='ltr'>rapinam</span> <span class='ocrx_word' id='word_1_371' title='bbox 637 2419 792 2447; x_wconf 76' lang='lat' dir='ltr'>arbitratus</span> <span class='ocrx_word' id='word_1_372' title='bbox 812 2422 871 2454; x_wconf 87' lang='lat' dir='ltr'>est,</span> <span class='ocrx_word' id='word_1_373' title='bbox 887 2428 917 2447; x_wconf 89' lang='lat' dir='ltr'>se</span> 
     </span>
    </p>
   </div>
   <div class='ocr_carea' id='block_1_3' title="bbox 151 2515 917 2689">
    <p class='ocr_par' dir='ltr' id='par_1_5' title="bbox 151 2515 917 2689">
     <span class='ocr_line' id='line_1_49' title="bbox 182 2515 917 2547; baseline 0 -7"><span class='ocrx_word' id='word_1_374' title='bbox 182 2517 188 2532; x_wconf 95' lang='lat'>¹</span> <span class='ocrx_word' id='word_1_375' title='bbox 205 2517 278 2547; x_wconf 61' lang='lat' dir='ltr'>Aug„</span> <span class='ocrx_word' id='word_1_376' title='bbox 297 2515 338 2539; x_wconf 88' lang='lat' dir='ltr'>ubi</span> <span class='ocrx_word' id='word_1_377' title='bbox 354 2522 420 2546; x_wconf 67' lang='lat' dir='ltr'>sup„</span> <span class='ocrx_word' id='word_1_378' title='bbox 437 2516 543 2539; x_wconf 78' lang='lat' dir='ltr'>n.15.—</span> <span class='ocrx_word' id='word_1_379' title='bbox 559 2516 567 2529; x_wconf 79' lang='lat'>2</span> <span class='ocrx_word' id='word_1_380' title='bbox 585 2516 687 2546; x_wconf 85' lang='lat' dir='ltr'>Sup.,1‚</span> <span class='ocrx_word' id='word_1_381' title='bbox 700 2518 753 2539; x_wconf 76' lang='grc'>3.-</span> <span class='ocrx_word' id='word_1_382' title='bbox 766 2515 776 2531; x_wconf 78' lang='lat'>³</span> <span class='ocrx_word' id='word_1_383' title='bbox 789 2517 862 2546; x_wconf 57' lang='lat' dir='ltr'>Aug„</span> <span class='ocrx_word' id='word_1_384' title='bbox 875 2516 917 2540; x_wconf 90' lang='lat' dir='ltr'>ubi</span> 
     </span>
     <span class='ocr_line' id='line_1_50' title="bbox 151 2550 916 2582; baseline 0.003 -9"><span class='ocrx_word' id='word_1_385' title='bbox 151 2557 207 2581; x_wconf 80' lang='lat' dir='ltr'>sup.</span> <span class='ocrx_word' id='word_1_386' title='bbox 220 2563 249 2568; x_wconf 94' lang='lat'>—</span> <span class='ocrx_word' id='word_1_387' title='bbox 264 2551 274 2565; x_wconf 70' lang='lat'>⁸</span> <span class='ocrx_word' id='word_1_388' title='bbox 289 2551 295 2574; x_wconf 87' lang='lat'>1</span> <span class='ocrx_word' id='word_1_389' title='bbox 313 2550 380 2579; x_wconf 52' lang='lat' dir='ltr'>Cor„</span> <span class='ocrx_word' id='word_1_390' title='bbox 399 2556 437 2579; x_wconf 80' lang='lat'>111,</span> <span class='ocrx_word' id='word_1_391' title='bbox 451 2553 474 2573; x_wconf 69' lang='lat'>2.</span> <span class='ocrx_word' id='word_1_392' title='bbox 488 2563 516 2567; x_wconf 96' lang='lat'><em>-</em></span> <span class='ocrx_word' id='word_1_393' title='bbox 532 2551 541 2566; x_wconf 73' lang='lat'><strong>5</strong></span> <span class='ocrx_word' id='word_1_394' title='bbox 556 2550 696 2581; x_wconf 73' lang='lat' dir='ltr'>chrysost..</span> <span class='ocrx_word' id='word_1_395' title='bbox 712 2551 753 2574; x_wconf 85' lang='lat' dir='ltr'>ubi</span> <span class='ocrx_word' id='word_1_396' title='bbox 770 2558 837 2582; x_wconf 82' lang='lat' dir='ltr'>sup.‚</span> <span class='ocrx_word' id='word_1_397' title='bbox 852 2558 877 2575; x_wconf 85' lang='lat' dir='ltr'>u.</span> <span class='ocrx_word' id='word_1_398' title='bbox 894 2554 916 2575; x_wconf 80' lang='lat'>3.</span> 
     </span>
     <span class='ocr_line' id='line_1_51' title="bbox 151 2586 916 2617; baseline 0.003 -8"><span class='ocrx_word' id='word_1_399' title='bbox 151 2600 181 2605; x_wconf 85' lang='lat'><em>—</em></span> <span class='ocrx_word' id='word_1_400' title='bbox 199 2586 279 2617; x_wconf 65' lang='grc' dir='ltr'>ὃ1ῖῖῖ·.,</span> <span class='ocrx_word' id='word_1_401' title='bbox 298 2592 357 2615; x_wconf 76' lang='lat' dir='ltr'>vui,</span> <span class='ocrx_word' id='word_1_402' title='bbox 378 2588 416 2610; x_wconf 77' lang='lat'>28.</span> <span class='ocrx_word' id='word_1_403' title='bbox 432 2599 461 2603; x_wconf 97' lang='lat'><strong>—</strong></span> <span class='ocrx_word' id='word_1_404' title='bbox 481 2586 489 2601; x_wconf 89' lang='lat'><strong><em>⁷</em></strong></span> <span class='ocrx_word' id='word_1_405' title='bbox 507 2586 579 2616; x_wconf 60' lang='lat' dir='ltr'>thid„</span> <span class='ocrx_word' id='word_1_406' title='bbox 597 2588 633 2610; x_wconf 75' lang='lat'>38.</span> <span class='ocrx_word' id='word_1_407' title='bbox 651 2599 680 2604; x_wconf 91' lang='lat'>—</span> <span class='ocrx_word' id='word_1_408' title='bbox 698 2588 706 2600; x_wconf 75' lang='lat'>⁸</span> <span class='ocrx_word' id='word_1_409' title='bbox 723 2589 795 2617; x_wconf 64' lang='lat' dir='ltr'>sup„</span> <span class='ocrx_word' id='word_1_410' title='bbox 811 2593 833 2617; x_wconf 88' lang='lat'>1,</span> <span class='ocrx_word' id='word_1_411' title='bbox 850 2590 872 2611; x_wconf 80' lang='lat'>3.</span> <span class='ocrx_word' id='word_1_412' title='bbox 890 2600 916 2604; x_wconf 86' lang='lat'><em>-</em></span> 
     </span>
     <span class='ocr_line' id='line_1_52' title="bbox 152 2621 916 2653; baseline 0.003 -9"><span class='ocrx_word' id='word_1_413' title='bbox 152 2623 160 2635; x_wconf 65' lang='grc'><em>“</em></span> <span class='ocrx_word' id='word_1_414' title='bbox 175 2621 277 2650; x_wconf 73' lang='grc' dir='ltr'>σοίοςε.,</span> <span class='ocrx_word' id='word_1_415' title='bbox 292 2622 358 2649; x_wconf 77' lang='lat'>1,16.</span> <span class='ocrx_word' id='word_1_416' title='bbox 374 2633 403 2639; x_wconf 91' lang='lat'>-—</span> <span class='ocrx_word' id='word_1_417' title='bbox 418 2622 436 2638; x_wconf 87' lang='lat'>¹⁰</span> <span class='ocrx_word' id='word_1_418' title='bbox 450 2622 525 2652; x_wconf 66' lang='lat' dir='ltr'>Aug„</span> <span class='ocrx_word' id='word_1_419' title='bbox 541 2622 584 2645; x_wconf 82' lang='lat' dir='ltr'>ubi</span> <span class='ocrx_word' id='word_1_420' title='bbox 597 2629 663 2652; x_wconf 65' lang='lat' dir='ltr'>sup„</span> <span class='ocrx_word' id='word_1_421' title='bbox 678 2623 749 2645; x_wconf 81' lang='lat' dir='ltr'>tract.</span> <span class='ocrx_word' id='word_1_422' title='bbox 763 2628 837 2653; x_wconf 81' lang='lat' dir='ltr'>xvm,</span> <span class='ocrx_word' id='word_1_423' title='bbox 853 2629 878 2646; x_wconf 92' lang='lat' dir='ltr'>n.</span> <span class='ocrx_word' id='word_1_424' title='bbox 893 2624 916 2646; x_wconf 82' lang='lat'>2.</span> 
     </span>
     <span class='ocr_line' id='line_1_53' title="bbox 154 2655 917 2689; baseline 0.004 -10"><span class='ocrx_word' id='word_1_425' title='bbox 154 2671 178 2675; x_wconf 83' lang='lat'><em>-</em></span> <span class='ocrx_word' id='word_1_426' title='bbox 200 2657 217 2673; x_wconf 88' lang='lat'>¹¹</span> <span class='ocrx_word' id='word_1_427' title='bbox 240 2655 345 2687; x_wconf 59' lang='lat' dir='ltr'>Philip„</span> <span class='ocrx_word' id='word_1_428' title='bbox 366 2662 397 2688; x_wconf 83' lang='lat'>11,</span> <span class='ocrx_word' id='word_1_429' title='bbox 418 2658 439 2680; x_wconf 82' lang='lat'>6.</span> <span class='ocrx_word' id='word_1_430' title='bbox 461 2671 490 2675; x_wconf 89' lang='lat'>—</span> <span class='ocrx_word' id='word_1_431' title='bbox 513 2658 530 2673; x_wconf 84' lang='lat'>¹²</span> <span class='ocrx_word' id='word_1_432' title='bbox 549 2658 624 2688; x_wconf 67' lang='lat' dir='ltr'>Aug,</span> <span class='ocrx_word' id='word_1_433' title='bbox 649 2657 690 2681; x_wconf 90' lang='lat' dir='ltr'>ubi</span> <span class='ocrx_word' id='word_1_434' title='bbox 711 2664 778 2689; x_wconf 63' lang='lat' dir='ltr'>sup„</span> <span class='ocrx_word' id='word_1_435' title='bbox 797 2664 822 2681; x_wconf 90' lang='lat' dir='ltr'>n.</span> <span class='ocrx_word' id='word_1_436' title='bbox 845 2660 868 2682; x_wconf 91' lang='grc'>3.</span> <span class='ocrx_word' id='word_1_437' title='bbox 887 2671 917 2676; x_wconf 91' lang='grc'>-</span> 
     </span>
    </p>
   </div>
   <div class='ocr_carea' id='block_1_4' title="bbox 1674 234 1731 263">
    <p class='ocr_par' dir='ltr' id='par_1_6' title="bbox 1674 234 1731 263">
     <span class='ocr_line' id='line_1_54' title="bbox 1674 234 1731 263; baseline -0.018 0"><span class='ocrx_word' id='word_1_438' title='bbox 1674 234 1731 263; x_wconf 70' lang='lat'>329</span> 
     </span>
    </p>
   </div>
   <div class='ocr_carea' id='block_1_5' title="bbox 965 297 1741 2453">
    <p class='ocr_par' dir='ltr' id='par_1_7' title="bbox 965 297 1738 1670">
     <span class='ocr_line' id='line_1_55' title="bbox 968 297 1730 335; baseline -0.004 -8"><span class='ocrx_word' id='word_1_439' title='bbox 968 307 1028 327; x_wconf 86' lang='lat' dir='ltr'>esse</span> <span class='ocrx_word' id='word_1_440' title='bbox 1043 300 1188 335; x_wconf 86' lang='lat' dir='ltr'>aequalem</span> <span class='ocrx_word' id='word_1_441' title='bbox 1207 301 1280 333; x_wconf 86' lang='lat' dir='ltr'>Deo,</span> <span class='ocrx_word' id='word_1_442' title='bbox 1296 309 1309 325; x_wconf 83' lang='lat'>»</span> <span class='ocrx_word' id='word_1_443' title='bbox 1334 300 1386 326; x_wconf 84' lang='lat' dir='ltr'>ete.</span> <span class='ocrx_word' id='word_1_444' title='bbox 1403 299 1435 326; x_wconf 87' lang='lat' dir='ltr'>Et</span> <span class='ocrx_word' id='word_1_445' title='bbox 1452 298 1494 326; x_wconf 88' lang='lat' dir='ltr'>ibi</span> <span class='ocrx_word' id='word_1_446' title='bbox 1515 298 1590 325; x_wconf 86' lang='lat' dir='ltr'>bene</span> <span class='ocrx_word' id='word_1_447' title='bbox 1608 298 1644 325; x_wconf 88' lang='lat' dir='ltr'>de</span> <span class='ocrx_word' id='word_1_448' title='bbox 1663 297 1730 324; x_wconf 86' lang='lat' dir='ltr'>hoe.</span> 
     </span>
     <span class='ocr_line' id='line_1_56' title="bbox 967 343 1733 379; baseline -0.004 -6"><span class='ocrx_word' id='word_1_449' title='bbox 967 345 1022 373; x_wconf 88' lang='lat' dir='ltr'>Sed</span> <span class='ocrx_word' id='word_1_450' title='bbox 1038 346 1138 373; x_wconf 87' lang='lat' dir='ltr'>dicunt</span> <span class='ocrx_word' id='word_1_451' title='bbox 1160 345 1301 379; x_wconf 81' lang='lat' dir='ltr'>haeretici,</span> <span class='ocrx_word' id='word_1_452' title='bbox 1316 345 1423 372; x_wconf 85' lang='lat' dir='ltr'>scilicet</span> <span class='ocrx_word' id='word_1_453' title='bbox 1439 344 1553 377; x_wconf 84' lang='lat' dir='ltr'>Ariani,</span> <span class='ocrx_word' id='word_1_454' title='bbox 1572 345 1603 371; x_wconf 89' lang='lat' dir='ltr'>ut</span> <span class='ocrx_word' id='word_1_455' title='bbox 1625 343 1664 370; x_wconf 88' lang='lat' dir='ltr'>ait</span> <span class='ocrx_word' id='word_1_456' title='bbox 1681 343 1733 370; x_wconf 87' lang='lat' dir='ltr'>ibi-</span> 
     </span>
     <span class='ocr_line' id='line_1_57' title="bbox 967 390 1733 427; baseline -0.003 -9"><span class='ocrx_word' id='word_1_457' title='bbox 967 391 1035 418; x_wconf 88' lang='lat' dir='ltr'>dem</span> <span class='ocrx_word' id='word_1_458' title='bbox 1050 394 1080 426; x_wconf 72' lang='lat'>12,</span> <span class='ocrx_word' id='word_1_459' title='bbox 1098 393 1179 427; x_wconf 88' lang='lat' dir='ltr'>quod</span> <span class='ocrx_word' id='word_1_460' title='bbox 1196 401 1229 420; x_wconf 81' lang='lat' dir='ltr'>ex</span> <span class='ocrx_word' id='word_1_461' title='bbox 1249 392 1305 419; x_wconf 87' lang='lat' dir='ltr'>hoc</span> <span class='ocrx_word' id='word_1_462' title='bbox 1323 391 1449 424; x_wconf 84' lang='lat' dir='ltr'>videtur,</span> <span class='ocrx_word' id='word_1_463' title='bbox 1469 390 1551 426; x_wconf 88' lang='lat' dir='ltr'>quod</span> <span class='ocrx_word' id='word_1_464' title='bbox 1566 390 1653 417; x_wconf 89' lang='lat' dir='ltr'>Filius</span> <span class='ocrx_word' id='word_1_465' title='bbox 1672 397 1733 416; x_wconf 89' lang='lat' dir='ltr'>non</span> 
     </span>
     <span class='ocr_line' id='line_1_58' title="bbox 967 435 1733 472; baseline -0.001 -9"><span class='ocrx_word' id='word_1_466' title='bbox 967 437 1002 464; x_wconf 91' lang='lat' dir='ltr'>sit</span> <span class='ocrx_word' id='word_1_467' title='bbox 1019 438 1141 472; x_wconf 73' lang='lat' dir='ltr'>aequalis</span> <span class='ocrx_word' id='word_1_468' title='bbox 1160 438 1249 469; x_wconf 82' lang='lat' dir='ltr'>Patri,</span> <span class='ocrx_word' id='word_1_469' title='bbox 1269 437 1340 472; x_wconf 87' lang='lat' dir='ltr'>quia</span> <span class='ocrx_word' id='word_1_470' title='bbox 1361 437 1412 472; x_wconf 92' lang='lat' dir='ltr'>qui</span> <span class='ocrx_word' id='word_1_471' title='bbox 1430 444 1491 463; x_wconf 92' lang='lat' dir='ltr'>non</span> <span class='ocrx_word' id='word_1_472' title='bbox 1511 437 1605 471; x_wconf 88' lang='lat' dir='ltr'>potest</span> <span class='ocrx_word' id='word_1_473' title='bbox 1622 435 1733 469; x_wconf 84' lang='lat' dir='ltr'>facere,</span> 
     </span>
     <span class='ocr_line' id='line_1_59' title="bbox 966 482 1733 518; baseline -0.003 -8"><span class='ocrx_word' id='word_1_474' title='bbox 966 483 1021 510; x_wconf 86' lang='lat' dir='ltr'>nisi</span> <span class='ocrx_word' id='word_1_475' title='bbox 1044 484 1125 518; x_wconf 89' lang='lat' dir='ltr'>quod</span> <span class='ocrx_word' id='word_1_476' title='bbox 1150 484 1254 510; x_wconf 85' lang='lat' dir='ltr'>viderit</span> <span class='ocrx_word' id='word_1_477' title='bbox 1283 483 1373 511; x_wconf 84' lang='lat' dir='ltr'>alium</span> <span class='ocrx_word' id='word_1_478' title='bbox 1397 482 1508 515; x_wconf 85' lang='lat' dir='ltr'>facere,</span> <span class='ocrx_word' id='word_1_479' title='bbox 1532 482 1646 509; x_wconf 89' lang='lat' dir='ltr'>videtur</span> <span class='ocrx_word' id='word_1_480' title='bbox 1672 489 1733 508; x_wconf 79' lang='lat' dir='ltr'>esse</span> 
     </span>
     <span class='ocr_line' id='line_1_60' title="bbox 965 526 1732 556; baseline -0.004 0"><span class='ocrx_word' id='word_1_481' title='bbox 965 528 1062 556; x_wconf 89' lang='lat' dir='ltr'>minor</span> <span class='ocrx_word' id='word_1_482' title='bbox 1076 529 1137 556; x_wconf 90' lang='lat' dir='ltr'>illo.</span> <span class='ocrx_word' id='word_1_483' title='bbox 1155 531 1223 556; x_wconf 87' lang='lat' dir='ltr'>ltem</span> <span class='ocrx_word' id='word_1_484' title='bbox 1237 529 1353 556; x_wconf 75' lang='lat' dir='ltr'>videtur</span> <span class='ocrx_word' id='word_1_485' title='bbox 1367 529 1415 555; x_wconf 89' lang='lat' dir='ltr'>ille</span> <span class='ocrx_word' id='word_1_486' title='bbox 1428 527 1567 555; x_wconf 87' lang='lat' dir='ltr'>nobiliori</span> <span class='ocrx_word' id='word_1_487' title='bbox 1582 527 1672 554; x_wconf 89' lang='lat' dir='ltr'>modo</span> <span class='ocrx_word' id='word_1_488' title='bbox 1688 526 1732 554; x_wconf 86' lang='lat' dir='ltr'>fa-</span> 
     </span>
     <span class='ocr_line' id='line_1_61' title="bbox 967 572 1734 610; baseline -0.003 -9"><span class='ocrx_word' id='word_1_489' title='bbox 967 582 1046 608; x_wconf 84' lang='lat' dir='ltr'>cere,</span> <span class='ocrx_word' id='word_1_490' title='bbox 1064 583 1154 610; x_wconf 85' lang='lat' dir='ltr'>quam</span> <span class='ocrx_word' id='word_1_491' title='bbox 1168 575 1232 608; x_wconf 89' lang='lat' dir='ltr'>ille,</span> <span class='ocrx_word' id='word_1_492' title='bbox 1248 575 1298 610; x_wconf 90' lang='lat' dir='ltr'>qui</span> <span class='ocrx_word' id='word_1_493' title='bbox 1312 583 1373 602; x_wconf 92' lang='lat' dir='ltr'>non</span> <span class='ocrx_word' id='word_1_494' title='bbox 1386 576 1481 610; x_wconf 88' lang='lat' dir='ltr'>potest</span> <span class='ocrx_word' id='word_1_495' title='bbox 1494 574 1604 607; x_wconf 81' lang='lat' dir='ltr'>facere,</span> <span class='ocrx_word' id='word_1_496' title='bbox 1620 573 1675 600; x_wconf 90' lang='lat' dir='ltr'>nisi</span> <span class='ocrx_word' id='word_1_497' title='bbox 1690 572 1734 599; x_wconf 87' lang='lat' dir='ltr'>vi-</span> 
     </span>
     <span class='ocr_line' id='line_1_62' title="bbox 967 618 1730 656; baseline -0.005 -8"><span class='ocrx_word' id='word_1_498' title='bbox 967 621 1033 648; x_wconf 82' lang='lat' dir='ltr'>deat</span> <span class='ocrx_word' id='word_1_499' title='bbox 1054 621 1145 648; x_wconf 83' lang='lat' dir='ltr'>alium</span> <span class='ocrx_word' id='word_1_500' title='bbox 1163 621 1268 648; x_wconf 86' lang='lat' dir='ltr'>facere.</span> <span class='ocrx_word' id='word_1_501' title='bbox 1284 623 1353 648; x_wconf 88' lang='lat' dir='ltr'>ltem</span> <span class='ocrx_word' id='word_1_502' title='bbox 1372 620 1508 656; x_wconf 84' lang='lat' dir='ltr'>quaeritur</span> <span class='ocrx_word' id='word_1_503' title='bbox 1527 618 1651 654; x_wconf 87' lang='lat' dir='ltr'>qualiter</span> <span class='ocrx_word' id='word_1_504' title='bbox 1672 618 1730 645; x_wconf 84' lang='lat' dir='ltr'>ait:</span> 
     </span>
     <span class='ocr_line' id='line_1_63' title="bbox 967 665 1735 701; baseline -0.004 -8"><span class='ocrx_word' id='word_1_505' title='bbox 967 667 1139 701; x_wconf 81' lang='lat' dir='ltr'>Quoecumque</span> <span class='ocrx_word' id='word_1_506' title='bbox 1161 669 1255 700; x_wconf 76' lang='lat' dir='ltr'>fecerit</span> <span class='ocrx_word' id='word_1_507' title='bbox 1276 669 1364 697; x_wconf 79' lang='lat' dir='ltr'>Pater,</span> <span class='ocrx_word' id='word_1_508' title='bbox 1382 667 1434 693; x_wconf 83' lang='lat' dir='ltr'>hoec</span> <span class='ocrx_word' id='word_1_509' title='bbox 1455 669 1480 693; x_wconf 81' lang='lat' dir='ltr'>et</span> <span class='ocrx_word' id='word_1_510' title='bbox 1500 667 1588 692; x_wconf 67' lang='lat' dir='ltr'>Filius</span> <span class='ocrx_word' id='word_1_511' title='bbox 1607 665 1735 692; x_wconf 76' lang='lat' dir='ltr'>similiter</span> 
     </span>
     <span class='ocr_line' id='line_1_64' title="bbox 966 709 1733 747; baseline -0.004 -8"><span class='ocrx_word' id='word_1_512' title='bbox 966 714 1042 745; x_wconf 78' lang='lat' dir='ltr'>facit.</span> <span class='ocrx_word' id='word_1_513' title='bbox 1059 714 1129 740; x_wconf 88' lang='lat' dir='ltr'>Cum</span> <span class='ocrx_word' id='word_1_514' title='bbox 1150 713 1186 740; x_wconf 86' lang='lat' dir='ltr'>sit</span> <span class='ocrx_word' id='word_1_515' title='bbox 1204 713 1390 740; x_wconf 82' lang='lat' dir='ltr'>manifestum</span> <span class='ocrx_word' id='word_1_516' title='bbox 1411 720 1444 739; x_wconf 81' lang='lat' dir='ltr'>ex</span> <span class='ocrx_word' id='word_1_517' title='bbox 1466 711 1626 747; x_wconf 56' lang='lat' dir='ltr'>praedictis,</span> <span class='ocrx_word' id='word_1_518' title='bbox 1651 709 1733 745; x_wconf 89' lang='lat' dir='ltr'>quod</span> 
     </span>
     <span class='ocr_line' id='line_1_65' title="bbox 967 755 1735 794; baseline -0.005 -8"><span class='ocrx_word' id='word_1_519' title='bbox 967 759 1071 786; x_wconf 87' lang='lat' dir='ltr'>eadem</span> <span class='ocrx_word' id='word_1_520' title='bbox 1093 759 1214 793; x_wconf 83' lang='lat' dir='ltr'>faciunt,</span> <span class='ocrx_word' id='word_1_521' title='bbox 1231 767 1322 794; x_wconf 84' lang='lat' dir='ltr'>quare</span> <span class='ocrx_word' id='word_1_522' title='bbox 1341 758 1462 794; x_wconf 85' lang='lat' dir='ltr'>apponit</span> <span class='ocrx_word' id='word_1_523' title='bbox 1479 759 1625 784; x_wconf 71' lang='lat' dir='ltr'>similiter?</span> <span class='ocrx_word' id='word_1_524' title='bbox 1646 758 1677 783; x_wconf 90' lang='lat' dir='ltr'>Et</span> <span class='ocrx_word' id='word_1_525' title='bbox 1697 755 1735 783; x_wconf 83' lang='lat' dir='ltr'>ad</span> 
     </span>
     <span class='ocr_line' id='line_1_66' title="bbox 966 803 1733 840; baseline -0.005 -8"><span class='ocrx_word' id='word_1_526' title='bbox 966 805 1095 840; x_wconf 87' lang='lat' dir='ltr'>primum</span> <span class='ocrx_word' id='word_1_527' title='bbox 1109 805 1350 840; x_wconf 88' lang='lat' dir='ltr'>respondendum</span> <span class='ocrx_word' id='word_1_528' title='bbox 1365 806 1407 831; x_wconf 87' lang='lat' dir='ltr'>est</span> <span class='ocrx_word' id='word_1_529' title='bbox 1417 803 1578 830; x_wconf 86' lang='lat' dir='ltr'>secundum</span> <span class='ocrx_word' id='word_1_530' title='bbox 1591 803 1733 836; x_wconf 78' lang='lat' dir='ltr'>Glossam,</span> 
     </span>
     <span class='ocr_line' id='line_1_67' title="bbox 967 848 1733 887; baseline -0.005 -9"><span class='ocrx_word' id='word_1_531' title='bbox 967 851 1050 887; x_wconf 89' lang='lat' dir='ltr'>quod</span> <span class='ocrx_word' id='word_1_532' title='bbox 1065 851 1144 878; x_wconf 91' lang='lat' dir='ltr'>idem</span> <span class='ocrx_word' id='word_1_533' title='bbox 1160 853 1201 878; x_wconf 89' lang='lat' dir='ltr'>est</span> <span class='ocrx_word' id='word_1_534' title='bbox 1216 851 1286 878; x_wconf 88' lang='lat' dir='ltr'>Filio</span> <span class='ocrx_word' id='word_1_535' title='bbox 1299 851 1398 878; x_wconf 82' lang='lat' dir='ltr'>videre</span> <span class='ocrx_word' id='word_1_536' title='bbox 1413 852 1541 883; x_wconf 87' lang='lat' dir='ltr'>Patrem,</span> <span class='ocrx_word' id='word_1_537' title='bbox 1557 849 1606 875; x_wconf 92' lang='lat' dir='ltr'>vel</span> <span class='ocrx_word' id='word_1_538' title='bbox 1620 848 1733 882; x_wconf 82' lang='lat' dir='ltr'>audire,</span> 
     </span>
     <span class='ocr_line' id='line_1_68' title="bbox 968 894 1735 933; baseline -0.007 -8"><span class='ocrx_word' id='word_1_539' title='bbox 968 898 1050 933; x_wconf 91' lang='lat' dir='ltr'>quod</span> <span class='ocrx_word' id='word_1_540' title='bbox 1068 906 1128 925; x_wconf 87' lang='lat' dir='ltr'>esse</span> <span class='ocrx_word' id='word_1_541' title='bbox 1144 906 1161 925; x_wconf 87' lang='lat' dir='ltr'>a</span> <span class='ocrx_word' id='word_1_542' title='bbox 1175 899 1266 925; x_wconf 86' lang='lat' dir='ltr'>Patre.</span> <span class='ocrx_word' id='word_1_543' title='bbox 1283 899 1344 924; x_wconf 74' lang='lat' dir='ltr'>Non</span> <span class='ocrx_word' id='word_1_544' title='bbox 1363 905 1432 931; x_wconf 85' lang='lat' dir='ltr'>ergo</span> <span class='ocrx_word' id='word_1_545' title='bbox 1447 895 1529 923; x_wconf 88' lang='lat' dir='ltr'>aliud</span> <span class='ocrx_word' id='word_1_546' title='bbox 1548 895 1620 922; x_wconf 85' lang='lat' dir='ltr'>Filio</span> <span class='ocrx_word' id='word_1_547' title='bbox 1634 894 1735 921; x_wconf 90' lang='lat' dir='ltr'>videre</span> 
     </span>
     <span class='ocr_line' id='line_1_69' title="bbox 967 939 1735 979; baseline -0.007 -8"><span class='ocrx_word' id='word_1_548' title='bbox 967 946 1079 971; x_wconf 88' lang='lat' dir='ltr'>Patrem</span> <span class='ocrx_word' id='word_1_549' title='bbox 1094 944 1259 977; x_wconf 82' lang='lat' dir='ltr'>facientem,</span> <span class='ocrx_word' id='word_1_550' title='bbox 1272 943 1354 979; x_wconf 88' lang='lat' dir='ltr'>quod</span> <span class='ocrx_word' id='word_1_551' title='bbox 1368 951 1429 970; x_wconf 87' lang='lat' dir='ltr'>esse</span> <span class='ocrx_word' id='word_1_552' title='bbox 1443 950 1460 970; x_wconf 87' lang='lat' dir='ltr'>a</span> <span class='ocrx_word' id='word_1_553' title='bbox 1473 944 1564 975; x_wconf 87' lang='lat' dir='ltr'>Patre,</span> <span class='ocrx_word' id='word_1_554' title='bbox 1578 943 1605 968; x_wconf 89' lang='lat' dir='ltr'>et</span> <span class='ocrx_word' id='word_1_555' title='bbox 1619 939 1735 976; x_wconf 86' lang='lat' dir='ltr'>operari</span> 
     </span>
     <span class='ocr_line' id='line_1_70' title="bbox 968 986 1736 1026; baseline -0.007 -9"><span class='ocrx_word' id='word_1_556' title='bbox 968 999 1033 1026; x_wconf 60' lang='lat' dir='ltr'>quse</span> <span class='ocrx_word' id='word_1_557' title='bbox 1048 992 1130 1017; x_wconf 84' lang='lat' dir='ltr'>Pater</span> <span class='ocrx_word' id='word_1_558' title='bbox 1145 992 1292 1025; x_wconf 84' lang='lat' dir='ltr'>operatur.</span> <span class='ocrx_word' id='word_1_559' title='bbox 1307 989 1387 1016; x_wconf 91' lang='lat' dir='ltr'>Unde</span> <span class='ocrx_word' id='word_1_560' title='bbox 1402 989 1432 1016; x_wconf 91' lang='lat' dir='ltr'>in</span> <span class='ocrx_word' id='word_1_561' title='bbox 1447 987 1636 1024; x_wconf 84' lang='lat' dir='ltr'>operantibus</span> <span class='ocrx_word' id='word_1_562' title='bbox 1651 986 1736 1013; x_wconf 85' lang='lat' dir='ltr'>diffe-</span> 
     </span>
     <span class='ocr_line' id='line_1_71' title="bbox 968 1032 1735 1069; baseline -0.005 -6"><span class='ocrx_word' id='word_1_563' title='bbox 968 1037 1099 1064; x_wconf 89' lang='lat' dir='ltr'>rentibus</span> <span class='ocrx_word' id='word_1_564' title='bbox 1118 1036 1280 1063; x_wconf 83' lang='lat' dir='ltr'>secundum</span> <span class='ocrx_word' id='word_1_565' title='bbox 1299 1036 1453 1062; x_wconf 80' lang='lat' dir='ltr'>essentiam</span> <span class='ocrx_word' id='word_1_566' title='bbox 1470 1035 1569 1069; x_wconf 89' lang='lat' dir='ltr'>posset</span> <span class='ocrx_word' id='word_1_567' title='bbox 1588 1032 1676 1067; x_wconf 85' lang='lat' dir='ltr'>objici</span> <span class='ocrx_word' id='word_1_568' title='bbox 1700 1039 1735 1059; x_wconf 89' lang='lat' dir='ltr'>eo</span> 
     </span>
     <span class='ocr_line' id='line_1_72' title="bbox 968 1078 1737 1118; baseline -0.008 -8"><span class='ocrx_word' id='word_1_569' title='bbox 968 1083 1069 1113; x_wconf 84' lang='lat' dir='ltr'>modo,</span> <span class='ocrx_word' id='word_1_570' title='bbox 1091 1090 1151 1118; x_wconf 86' lang='lat' dir='ltr'>quo</span> <span class='ocrx_word' id='word_1_571' title='bbox 1172 1082 1313 1116; x_wconf 88' lang='lat' dir='ltr'>objiciunt</span> <span class='ocrx_word' id='word_1_572' title='bbox 1334 1080 1449 1108; x_wconf 88' lang='lat' dir='ltr'>Ariani:</span> <span class='ocrx_word' id='word_1_573' title='bbox 1475 1080 1547 1106; x_wconf 88' lang='lat' dir='ltr'>sicut</span> <span class='ocrx_word' id='word_1_574' title='bbox 1567 1079 1597 1105; x_wconf 89' lang='lat' dir='ltr'>in</span> <span class='ocrx_word' id='word_1_575' title='bbox 1619 1078 1737 1105; x_wconf 87' lang='lat' dir='ltr'>duobus</span> 
     </span>
     <span class='ocr_line' id='line_1_73' title="bbox 968 1124 1736 1164; baseline -0.008 -8"><span class='ocrx_word' id='word_1_576' title='bbox 968 1128 1067 1163; x_wconf 82' lang='lat' dir='ltr'>fabris,</span> <span class='ocrx_word' id='word_1_577' title='bbox 1080 1136 1208 1164; x_wconf 85' lang='lat' dir='ltr'>quorum</span> <span class='ocrx_word' id='word_1_578' title='bbox 1219 1136 1293 1154; x_wconf 91' lang='lat' dir='ltr'>unus</span> <span class='ocrx_word' id='word_1_579' title='bbox 1303 1129 1450 1162; x_wconf 86' lang='lat' dir='ltr'>operatur,</span> <span class='ocrx_word' id='word_1_580' title='bbox 1463 1125 1545 1161; x_wconf 89' lang='lat' dir='ltr'>quod</span> <span class='ocrx_word' id='word_1_581' title='bbox 1556 1125 1635 1151; x_wconf 90' lang='lat' dir='ltr'>videt</span> <span class='ocrx_word' id='word_1_582' title='bbox 1645 1124 1736 1151; x_wconf 84' lang='lat' dir='ltr'>alium</span> 
     </span>
     <span class='ocr_line' id='line_1_74' title="bbox 969 1170 1737 1212; baseline -0.009 -8"><span class='ocrx_word' id='word_1_583' title='bbox 969 1176 1101 1212; x_wconf 85' lang='lat' dir='ltr'>operari,</span> <span class='ocrx_word' id='word_1_584' title='bbox 1118 1176 1190 1203; x_wconf 84' lang='lat' dir='ltr'>sicut</span> <span class='ocrx_word' id='word_1_585' title='bbox 1213 1173 1410 1209; x_wconf 79' lang='lat' dir='ltr'>exemplificat</span> <span class='ocrx_word' id='word_1_586' title='bbox 1433 1172 1608 1208; x_wconf 82' lang='lat' dir='ltr'>Augustinus</span> <span class='ocrx_word' id='word_1_587' title='bbox 1631 1172 1662 1198; x_wconf 79' lang='lat'>¹³.</span> <span class='ocrx_word' id='word_1_588' title='bbox 1681 1170 1737 1198; x_wconf 89' lang='lat' dir='ltr'>Sed</span> 
     </span>
     <span class='ocr_line' id='line_1_75' title="bbox 970 1216 1737 1257; baseline -0.01 -7"><span class='ocrx_word' id='word_1_589' title='bbox 970 1223 1069 1250; x_wconf 86' lang='lat' dir='ltr'>omnia</span> <span class='ocrx_word' id='word_1_590' title='bbox 1081 1230 1133 1257; x_wconf 86' lang='lat' dir='ltr'>per</span> <span class='ocrx_word' id='word_1_591' title='bbox 1147 1222 1275 1249; x_wconf 87' lang='lat' dir='ltr'>Verbum</span> <span class='ocrx_word' id='word_1_592' title='bbox 1290 1220 1366 1248; x_wconf 83' lang='lat' dir='ltr'>facta</span> <span class='ocrx_word' id='word_1_593' title='bbox 1384 1221 1464 1253; x_wconf 81' lang='lat' dir='ltr'>sunt3</span> <span class='ocrx_word' id='word_1_594' title='bbox 1482 1220 1509 1246; x_wconf 88' lang='lat' dir='ltr'>et</span> <span class='ocrx_word' id='word_1_595' title='bbox 1523 1218 1590 1244; x_wconf 89' lang='lat' dir='ltr'>ideo</span> <span class='ocrx_word' id='word_1_596' title='bbox 1606 1216 1737 1252; x_wconf 90' lang='lat' dir='ltr'>sequitur</span> 
     </span>
     <span class='ocr_line' id='line_1_76' title="bbox 969 1263 1735 1302; baseline -0.009 -7"><span class='ocrx_word' id='word_1_597' title='bbox 969 1269 1015 1296; x_wconf 89' lang='lat' dir='ltr'>hic</span> <span class='ocrx_word' id='word_1_598' title='bbox 1031 1277 1036 1294; x_wconf 92' lang='lat'>:</span> <span class='ocrx_word' id='word_1_599' title='bbox 1051 1271 1224 1302; x_wconf 64' lang='lat' dir='ltr'>Quaecumque</span> <span class='ocrx_word' id='word_1_600' title='bbox 1236 1268 1329 1299; x_wconf 73' lang='lat' dir='ltr'>fecerit</span> <span class='ocrx_word' id='word_1_601' title='bbox 1347 1267 1438 1299; x_wconf 73' lang='lat' dir='ltr'>Pater,</span> <span class='ocrx_word' id='word_1_602' title='bbox 1456 1267 1479 1291; x_wconf 81' lang='lat' dir='ltr'>et</span> <span class='ocrx_word' id='word_1_603' title='bbox 1498 1265 1583 1291; x_wconf 73' lang='lat' dir='ltr'>Filius</span> <span class='ocrx_word' id='word_1_604' title='bbox 1598 1263 1735 1289; x_wconf 66' lang='lat' dir='ltr'>sim-iliter.</span> 
     </span>
     <span class='ocr_line' id='line_1_77' title="bbox 969 1307 1737 1342; baseline -0.01 -1"><span class='ocrx_word' id='word_1_605' title='bbox 969 1316 1031 1342; x_wconf 86' lang='lat' dir='ltr'>Non</span> <span class='ocrx_word' id='word_1_606' title='bbox 1051 1314 1091 1340; x_wconf 83' lang='lat' dir='ltr'>sic</span> <span class='ocrx_word' id='word_1_607' title='bbox 1107 1314 1138 1340; x_wconf 91' lang='lat' dir='ltr'>in</span> <span class='ocrx_word' id='word_1_608' title='bbox 1157 1313 1312 1340; x_wconf 85' lang='lat' dir='ltr'>humanis:</span> <span class='ocrx_word' id='word_1_609' title='bbox 1334 1319 1402 1338; x_wconf 88' lang='lat' dir='ltr'>nam</span> <span class='ocrx_word' id='word_1_610' title='bbox 1417 1319 1468 1338; x_wconf 90' lang='lat' dir='ltr'>cor</span> <span class='ocrx_word' id='word_1_611' title='bbox 1484 1309 1552 1336; x_wconf 84' lang='lat' dir='ltr'>facit</span> <span class='ocrx_word' id='word_1_612' title='bbox 1570 1309 1678 1335; x_wconf 87' lang='lat' dir='ltr'>litteras</span> <span class='ocrx_word' id='word_1_613' title='bbox 1692 1307 1737 1334; x_wconf 91' lang='lat' dir='ltr'>in-</span> 
     </span>
     <span class='ocr_line' id='line_1_78' title="bbox 970 1354 1737 1395; baseline -0.009 -8"><span class='ocrx_word' id='word_1_614' title='bbox 970 1360 1281 1395; x_wconf 85' lang='lat' dir='ltr'>telligibiliter,manus</span> <span class='ocrx_word' id='word_1_615' title='bbox 1292 1358 1410 1386; x_wconf 81' lang='lat' dir='ltr'>easdem</span> <span class='ocrx_word' id='word_1_616' title='bbox 1419 1356 1580 1384; x_wconf 86' lang='lat' dir='ltr'>visibiliter.</span> <span class='ocrx_word' id='word_1_617' title='bbox 1588 1354 1643 1382; x_wconf 83' lang='lat' dir='ltr'>Sed</span> <span class='ocrx_word' id='word_1_618' title='bbox 1656 1355 1737 1381; x_wconf 86' lang='lat' dir='ltr'>Pater</span> 
     </span>
     <span class='ocr_line' id='line_1_79' title="bbox 970 1400 1736 1435; baseline -0.009 -2"><span class='ocrx_word' id='word_1_619' title='bbox 970 1409 997 1434; x_wconf 88' lang='lat' dir='ltr'>et</span> <span class='ocrx_word' id='word_1_620' title='bbox 1012 1406 1099 1433; x_wconf 84' lang='lat' dir='ltr'>Filius</span> <span class='ocrx_word' id='word_1_621' title='bbox 1114 1406 1218 1433; x_wconf 80' lang='lat' dir='ltr'>eadem</span> <span class='ocrx_word' id='word_1_622' title='bbox 1234 1406 1261 1432; x_wconf 91' lang='lat' dir='ltr'>et</span> <span class='ocrx_word' id='word_1_623' title='bbox 1275 1404 1405 1431; x_wconf 85' lang='lat' dir='ltr'>similiter</span> <span class='ocrx_word' id='word_1_624' title='bbox 1419 1403 1542 1435; x_wconf 81' lang='lat' dir='ltr'>faciunt,</span> <span class='ocrx_word' id='word_1_625' title='bbox 1559 1401 1631 1428; x_wconf 90' lang='lat' dir='ltr'>sicut</span> <span class='ocrx_word' id='word_1_626' title='bbox 1643 1400 1736 1427; x_wconf 88' lang='lat' dir='ltr'>mani-</span> 
     </span>
     <span class='ocr_line' id='line_1_80' title="bbox 969 1447 1737 1487; baseline -0.009 -7"><span class='ocrx_word' id='word_1_627' title='bbox 969 1453 1051 1480; x_wconf 79' lang='lat' dir='ltr'>festat</span> <span class='ocrx_word' id='word_1_628' title='bbox 1068 1452 1245 1487; x_wconf 77' lang='lat' dir='ltr'>Augustinus</span> <span class='ocrx_word' id='word_1_629' title='bbox 1260 1451 1289 1477; x_wconf 53' lang='grc' dir='ltr'>Η.</span> <span class='ocrx_word' id='word_1_630' title='bbox 1308 1453 1348 1478; x_wconf 83' lang='lat' dir='ltr'>Ex</span> <span class='ocrx_word' id='word_1_631' title='bbox 1362 1450 1407 1476; x_wconf 89' lang='lat' dir='ltr'>his</span> <span class='ocrx_word' id='word_1_632' title='bbox 1422 1456 1492 1483; x_wconf 90' lang='lat' dir='ltr'>ergo</span> <span class='ocrx_word' id='word_1_633' title='bbox 1507 1449 1585 1483; x_wconf 86' lang='lat' dir='ltr'>patet</span> <span class='ocrx_word' id='word_1_634' title='bbox 1600 1447 1737 1482; x_wconf 90' lang='lat' dir='ltr'>omnipo-</span> 
     </span>
     <span class='ocr_line' id='line_1_81' title="bbox 969 1492 1738 1529; baseline -0.009 -3"><span class='ocrx_word' id='word_1_635' title='bbox 969 1499 1063 1526; x_wconf 67' lang='lat' dir='ltr'>tentiae</span> <span class='ocrx_word' id='word_1_636' title='bbox 1078 1498 1108 1525; x_wconf 93' lang='lat' dir='ltr'>in</span> <span class='ocrx_word' id='word_1_637' title='bbox 1124 1500 1181 1525; x_wconf 86' lang='lat' dir='ltr'>Deo</span> <span class='ocrx_word' id='word_1_638' title='bbox 1201 1496 1431 1529; x_wconf 80' lang='lat' dir='ltr'>indivisibilitas,</span> <span class='ocrx_word' id='word_1_639' title='bbox 1451 1497 1478 1522; x_wconf 89' lang='lat' dir='ltr'>et</span> <span class='ocrx_word' id='word_1_640' title='bbox 1498 1495 1632 1529; x_wconf 88' lang='lat' dir='ltr'>respectu</span> <span class='ocrx_word' id='word_1_641' title='bbox 1653 1492 1738 1520; x_wconf 80' lang='lat' dir='ltr'>effec-</span> 
     </span>
     <span class='ocr_line' id='line_1_82' title="bbox 970 1539 1735 1580; baseline -0.009 -8"><span class='ocrx_word' id='word_1_642' title='bbox 970 1548 1052 1573; x_wconf 91' lang='lat' dir='ltr'>tuum</span> <span class='ocrx_word' id='word_1_643' title='bbox 1069 1544 1234 1580; x_wconf 82' lang='lat' dir='ltr'>aequalitas,</span> <span class='ocrx_word' id='word_1_644' title='bbox 1250 1545 1277 1570; x_wconf 87' lang='lat' dir='ltr'>et</span> <span class='ocrx_word' id='word_1_645' title='bbox 1291 1543 1321 1569; x_wconf 92' lang='lat' dir='ltr'>in</span> <span class='ocrx_word' id='word_1_646' title='bbox 1335 1541 1426 1569; x_wconf 90' lang='lat' dir='ltr'>modo</span> <span class='ocrx_word' id='word_1_647' title='bbox 1442 1540 1567 1568; x_wconf 84' lang='lat' dir='ltr'>faciendi</span> <span class='ocrx_word' id='word_1_648' title='bbox 1590 1539 1735 1566; x_wconf 85' lang='lat' dir='ltr'>identitas.</span> 
     </span>
     <span class='ocr_line' id='line_1_83' title="bbox 969 1585 1738 1626; baseline -0.009 -8"><span class='ocrx_word' id='word_1_649' title='bbox 969 1591 1049 1618; x_wconf 84' lang='lat' dir='ltr'>Unde</span> <span class='ocrx_word' id='word_1_650' title='bbox 1065 1591 1287 1626; x_wconf 85' lang='lat' dir='ltr'>Chrysostomus</span> <span class='ocrx_word' id='word_1_651' title='bbox 1304 1589 1323 1605; x_wconf 82' lang='lat'>¹⁵</span> <span class='ocrx_word' id='word_1_652' title='bbox 1336 1597 1342 1615; x_wconf 73' lang='grc' dir='ltr'>ς</span> <span class='ocrx_word' id='word_1_653' title='bbox 1362 1598 1375 1613; x_wconf 86' lang='lat'>«</span> <span class='ocrx_word' id='word_1_654' title='bbox 1389 1587 1538 1615; x_wconf 87' lang='lat' dir='ltr'>Potestatis</span> <span class='ocrx_word' id='word_1_655' title='bbox 1554 1585 1681 1613; x_wconf 89' lang='lat' dir='ltr'>ostendit</span> <span class='ocrx_word' id='word_1_656' title='bbox 1695 1585 1738 1612; x_wconf 91' lang='lat' dir='ltr'>in-</span> 
     </span>
     <span class='ocr_line' id='line_1_84' title="bbox 969 1633 1605 1670; baseline -0.011 -5"><span class='ocrx_word' id='word_1_657' title='bbox 969 1637 1251 1670; x_wconf 81' lang='lat' dir='ltr'>dissimilitudinem,</span> <span class='ocrx_word' id='word_1_658' title='bbox 1267 1637 1294 1663; x_wconf 92' lang='lat' dir='ltr'>et</span> <span class='ocrx_word' id='word_1_659' title='bbox 1308 1635 1395 1662; x_wconf 88' lang='lat' dir='ltr'>etiam</span> <span class='ocrx_word' id='word_1_660' title='bbox 1409 1633 1575 1661; x_wconf 82' lang='lat' dir='ltr'>voluntatis.</span> <span class='ocrx_word' id='word_1_661' title='bbox 1592 1642 1605 1658; x_wconf 88' lang='lat'>»</span> 
     </span>
    </p>

    <p class='ocr_par' dir='ltr' id='par_1_8' title="bbox 970 1679 1740 1948">
     <span class='ocr_line' id='line_1_85' title="bbox 1005 1679 1738 1718; baseline -0.01 -7"><span class='ocrx_word' id='word_1_662' title='bbox 1005 1686 1037 1711; x_wconf 88' lang='lat' dir='ltr'>Et</span> <span class='ocrx_word' id='word_1_663' title='bbox 1048 1684 1178 1718; x_wconf 83' lang='lat' dir='ltr'>sequitur</span> <span class='ocrx_word' id='word_1_664' title='bbox 1193 1684 1344 1718; x_wconf 83' lang='lat' dir='ltr'>quartum:</span> <span class='ocrx_word' id='word_1_665' title='bbox 1361 1682 1441 1708; x_wconf 78' lang='lat' dir='ltr'>Pater</span> <span class='ocrx_word' id='word_1_666' title='bbox 1452 1681 1522 1706; x_wconf 73' lang='lat' dir='ltr'>enim</span> <span class='ocrx_word' id='word_1_667' title='bbox 1531 1679 1624 1712; x_wconf 73' lang='lat' dir='ltr'>cliliqz&#39;t</span> <span class='ocrx_word' id='word_1_668' title='bbox 1639 1679 1738 1712; x_wconf 79' lang='lat' dir='ltr'>filium.</span> 
     </span>
     <span class='ocr_line' id='line_1_86' title="bbox 970 1723 1739 1763; baseline -0.008 -7"><span class='ocrx_word' id='word_1_669' title='bbox 970 1731 1002 1757; x_wconf 90' lang='lat' dir='ltr'>Et</span> <span class='ocrx_word' id='word_1_670' title='bbox 1015 1729 1056 1756; x_wconf 90' lang='lat' dir='ltr'>ibi</span> <span class='ocrx_word' id='word_1_671' title='bbox 1072 1729 1149 1756; x_wconf 86' lang='lat' dir='ltr'>duo:</span> <span class='ocrx_word' id='word_1_672' title='bbox 1164 1728 1261 1763; x_wconf 89' lang='lat' dir='ltr'>primo</span> <span class='ocrx_word' id='word_1_673' title='bbox 1271 1748 1278 1761; x_wconf 85' lang='lat'>,</span> <span class='ocrx_word' id='word_1_674' title='bbox 1294 1726 1461 1762; x_wconf 76' lang='lat' dir='ltr'>explanatio</span> <span class='ocrx_word' id='word_1_675' title='bbox 1477 1725 1637 1758; x_wconf 87' lang='lat' dir='ltr'>dictorum,</span> <span class='ocrx_word' id='word_1_676' title='bbox 1654 1723 1739 1759; x_wconf 86' lang='lat' dir='ltr'>quasi</span> 
     </span>
     <span class='ocr_line' id='line_1_87' title="bbox 970 1769 1739 1808; baseline -0.009 -6"><span class='ocrx_word' id='word_1_677' title='bbox 970 1776 1000 1802; x_wconf 92' lang='lat' dir='ltr'>in</span> <span class='ocrx_word' id='word_1_678' title='bbox 1023 1775 1121 1808; x_wconf 81' lang='lat' dir='ltr'>terris3</span> <span class='ocrx_word' id='word_1_679' title='bbox 1144 1773 1291 1807; x_wconf 86' lang='lat' dir='ltr'>secundo,</span> <span class='ocrx_word' id='word_1_680' title='bbox 1316 1772 1386 1808; x_wconf 83' lang='lat' dir='ltr'>quia</span> <span class='ocrx_word' id='word_1_681' title='bbox 1410 1771 1520 1798; x_wconf 89' lang='lat' dir='ltr'>mentio</span> <span class='ocrx_word' id='word_1_682' title='bbox 1543 1770 1617 1797; x_wconf 88' lang='lat' dir='ltr'>facta</span> <span class='ocrx_word' id='word_1_683' title='bbox 1638 1772 1679 1796; x_wconf 86' lang='lat' dir='ltr'>est</span> <span class='ocrx_word' id='word_1_684' title='bbox 1702 1769 1739 1796; x_wconf 89' lang='lat' dir='ltr'>de</span> 
     </span>
     <span class='ocr_line' id='line_1_88' title="bbox 970 1815 1740 1853; baseline -0.009 -5"><span class='ocrx_word' id='word_1_685' title='bbox 970 1821 1092 1848; x_wconf 88' lang='lat' dir='ltr'>mortuis</span> <span class='ocrx_word' id='word_1_686' title='bbox 1111 1819 1310 1853; x_wconf 66' lang='lat' dir='ltr'>vivificandis,</span> <span class='ocrx_word' id='word_1_687' title='bbox 1332 1817 1466 1845; x_wconf 85' lang='lat' dir='ltr'>subditur</span> <span class='ocrx_word' id='word_1_688' title='bbox 1486 1818 1613 1852; x_wconf 84' lang='lat' dir='ltr'>potestas</span> <span class='ocrx_word' id='word_1_689' title='bbox 1633 1815 1740 1842; x_wconf 86' lang='lat' dir='ltr'>collata</span> 
     </span>
     <span class='ocr_line' id='line_1_89' title="bbox 971 1862 1739 1901; baseline -0.01 -6"><span class='ocrx_word' id='word_1_690' title='bbox 971 1868 1042 1895; x_wconf 88' lang='lat' dir='ltr'>Filio</span> <span class='ocrx_word' id='word_1_691' title='bbox 1057 1867 1086 1894; x_wconf 91' lang='lat' dir='ltr'>in</span> <span class='ocrx_word' id='word_1_692' title='bbox 1104 1866 1231 1901; x_wconf 84' lang='lat' dir='ltr'>judicio,</span> <span class='ocrx_word' id='word_1_693' title='bbox 1247 1865 1288 1892; x_wconf 91' lang='lat' dir='ltr'>ibi</span> <span class='ocrx_word' id='word_1_694' title='bbox 1302 1873 1307 1891; x_wconf 95' lang='lat'><strong>:</strong></span> <span class='ocrx_word' id='word_1_695' title='bbox 1332 1865 1422 1898; x_wconf 80' lang='lat' dir='ltr'>Neque</span> <span class='ocrx_word' id='word_1_696' title='bbox 1435 1865 1515 1890; x_wconf 82' lang='lat' dir='ltr'>Pater</span> <span class='ocrx_word' id='word_1_697' title='bbox 1526 1862 1634 1896; x_wconf 73' lang='lat' dir='ltr'>judicat</span> <span class='ocrx_word' id='word_1_698' title='bbox 1649 1869 1739 1896; x_wconf 82' lang='lat' dir='ltr'>quem-</span> 
     </span>
     <span class='ocr_line' id='line_1_90' title="bbox 970 1915 1135 1948; baseline -0.006 -8"><span class='ocrx_word' id='word_1_699' title='bbox 970 1922 1065 1948; x_wconf 75' lang='lat' dir='ltr'>quam,</span> <span class='ocrx_word' id='word_1_700' title='bbox 1082 1915 1135 1940; x_wconf 85' lang='lat' dir='ltr'>etc.</span> 
     </span>
    </p>

    <p class='ocr_par' dir='ltr' id='par_1_9' title="bbox 971 1953 1741 2453">
     <span class='ocr_line' id='line_1_91' title="bbox 1006 1953 1740 1993; baseline -0.01 -6"><span class='ocrx_word' id='word_1_701' title='bbox 1006 1961 1050 1987; x_wconf 68' lang='lat'>20.</span> <span class='ocrx_word' id='word_1_702' title='bbox 1060 1959 1104 1986; x_wconf 88' lang='lat' dir='ltr'>Ait</span> <span class='ocrx_word' id='word_1_703' title='bbox 1112 1966 1195 1993; x_wconf 88' lang='lat' dir='ltr'>ergo:</span> <span class='ocrx_word' id='word_1_704' title='bbox 1207 1959 1287 1985; x_wconf 78' lang='lat' dir='ltr'>Pater</span> <span class='ocrx_word' id='word_1_705' title='bbox 1296 1957 1390 1990; x_wconf 72' lang='lat' dir='ltr'>diliqz&#39;t</span> <span class='ocrx_word' id='word_1_706' title='bbox 1398 1956 1509 1989; x_wconf 68' lang='lat' dir='ltr'>Filium,</span> <span class='ocrx_word' id='word_1_707' title='bbox 1516 1954 1547 1981; x_wconf 90' lang='lat' dir='ltr'>id</span> <span class='ocrx_word' id='word_1_708' title='bbox 1556 1955 1607 1988; x_wconf 91' lang='lat' dir='ltr'>est,</span> <span class='ocrx_word' id='word_1_709' title='bbox 1615 1953 1740 1988; x_wconf 88' lang='lat' dir='ltr'>diligens</span> 
     </span>
     <span class='ocr_line' id='line_1_92' title="bbox 971 2001 1741 2042; baseline -0.009 -8"><span class='ocrx_word' id='word_1_710' title='bbox 971 2008 1091 2042; x_wconf 84' lang='lat' dir='ltr'>generat</span> <span class='ocrx_word' id='word_1_711' title='bbox 1104 2005 1208 2033; x_wconf 84' lang='lat' dir='ltr'>Filium</span> <span class='ocrx_word' id='word_1_712' title='bbox 1223 2005 1279 2032; x_wconf 88' lang='lat' dir='ltr'>sibi</span> <span class='ocrx_word' id='word_1_713' title='bbox 1295 2001 1590 2031; x_wconf 86' lang='lat' dir='ltr'>consubstantialem:</span> <span class='ocrx_word' id='word_1_714' title='bbox 1606 2002 1641 2028; x_wconf 82' lang='lat' dir='ltr'>Et</span> <span class='ocrx_word' id='word_1_715' title='bbox 1651 2002 1741 2028; x_wconf 77' lang='lat' dir='ltr'>omnia</span> 
     </span>
     <span class='ocr_line' id='line_1_93' title="bbox 971 2048 1741 2085; baseline -0.009 -5"><span class='ocrx_word' id='word_1_716' title='bbox 971 2054 1132 2080; x_wconf 70' lang='lat' dir='ltr'>dertzonstrat</span> <span class='ocrx_word' id='word_1_717' title='bbox 1142 2073 1149 2085; x_wconf 89' lang='lat'>,</span> <span class='ocrx_word' id='word_1_718' title='bbox 1165 2051 1269 2078; x_wconf 87' lang='lat' dir='ltr'>Filium</span> <span class='ocrx_word' id='word_1_719' title='bbox 1280 2049 1459 2085; x_wconf 83' lang='lat' dir='ltr'>generando.</span> <span class='ocrx_word' id='word_1_720' title='bbox 1475 2049 1569 2083; x_wconf 87' lang='lat' dir='ltr'>Supra</span> <span class='ocrx_word' id='word_1_721' title='bbox 1585 2048 1606 2064; x_wconf 82' lang='lat'>¹⁶</span> <span class='ocrx_word' id='word_1_722' title='bbox 1618 2056 1643 2074; x_wconf 74' lang='grc' dir='ltr'>ια</span> <span class='ocrx_word' id='word_1_723' title='bbox 1659 2048 1741 2074; x_wconf 86' lang='lat' dir='ltr'>Pater</span> 
     </span>
     <span class='ocr_line' id='line_1_94' title="bbox 972 2093 1738 2133; baseline -0.01 -7"><span class='ocrx_word' id='word_1_724' title='bbox 972 2099 1067 2133; x_wconf 81' lang='lat' dir='ltr'>diligit</span> <span class='ocrx_word' id='word_1_725' title='bbox 1082 2098 1195 2131; x_wconf 85' lang='lat' dir='ltr'>Filium,</span> <span class='ocrx_word' id='word_1_726' title='bbox 1217 2099 1244 2124; x_wconf 91' lang='lat' dir='ltr'>et</span> <span class='ocrx_word' id='word_1_727' title='bbox 1267 2096 1366 2123; x_wconf 88' lang='lat' dir='ltr'>omnia</span> <span class='ocrx_word' id='word_1_728' title='bbox 1386 2095 1467 2122; x_wconf 85' lang='lat' dir='ltr'>dedit</span> <span class='ocrx_word' id='word_1_729' title='bbox 1481 2095 1511 2121; x_wconf 91' lang='lat' dir='ltr'>in</span> <span class='ocrx_word' id='word_1_730' title='bbox 1525 2101 1616 2121; x_wconf 88' lang='lat' dir='ltr'>manu</span> <span class='ocrx_word' id='word_1_731' title='bbox 1635 2093 1707 2127; x_wconf 87' lang='lat' dir='ltr'>ejus.</span> <span class='ocrx_word' id='word_1_732' title='bbox 1724 2103 1738 2118; x_wconf 87' lang='lat'>»</span> 
     </span>
     <span class='ocr_line' id='line_1_95' title="bbox 972 2139 1740 2179; baseline -0.009 -7"><span class='ocrx_word' id='word_1_733' title='bbox 972 2147 1003 2173; x_wconf 88' lang='lat' dir='ltr'>Et</span> <span class='ocrx_word' id='word_1_734' title='bbox 1016 2146 1046 2172; x_wconf 85' lang='lat' dir='ltr'>in</span> <span class='ocrx_word' id='word_1_735' title='bbox 1063 2145 1190 2171; x_wconf 83' lang='lat' dir='ltr'>Matthaeo</span> <span class='ocrx_word' id='word_1_736' title='bbox 1205 2143 1236 2179; x_wconf 78' lang='lat' dir='ltr'>(c)</span> <span class='ocrx_word' id='word_1_737' title='bbox 1253 2143 1273 2159; x_wconf 90' lang='lat'>¹⁷</span> <span class='ocrx_word' id='word_1_738' title='bbox 1286 2152 1292 2169; x_wconf 90' lang='lat'>:</span> <span class='ocrx_word' id='word_1_739' title='bbox 1313 2151 1325 2167; x_wconf 87' lang='lat'>«</span> <span class='ocrx_word' id='word_1_740' title='bbox 1340 2141 1389 2169; x_wconf 87' lang='lat' dir='ltr'>Hic</span> <span class='ocrx_word' id='word_1_741' title='bbox 1404 2142 1445 2168; x_wconf 86' lang='lat' dir='ltr'>est</span> <span class='ocrx_word' id='word_1_742' title='bbox 1462 2140 1540 2167; x_wconf 89' lang='lat' dir='ltr'>filius</span> <span class='ocrx_word' id='word_1_743' title='bbox 1554 2148 1637 2166; x_wconf 87' lang='lat' dir='ltr'>meus</span> <span class='ocrx_word' id='word_1_744' title='bbox 1651 2139 1740 2166; x_wconf 91' lang='lat' dir='ltr'>dilec-</span> 
     </span>
     <span class='ocr_line' id='line_1_96' title="bbox 972 2187 1741 2224; baseline -0.009 -6"><span class='ocrx_word' id='word_1_745' title='bbox 972 2191 1103 2218; x_wconf 88' lang='lat' dir='ltr'>dilectus.</span> <span class='ocrx_word' id='word_1_746' title='bbox 1120 2200 1133 2215; x_wconf 78' lang='lat'>»</span> <span class='ocrx_word' id='word_1_747' title='bbox 1151 2189 1231 2216; x_wconf 88' lang='lat' dir='ltr'>Unde</span> <span class='ocrx_word' id='word_1_748' title='bbox 1247 2189 1488 2224; x_wconf 82' lang='lat' dir='ltr'>Chrysostomus:</span> <span class='ocrx_word' id='word_1_749' title='bbox 1507 2195 1521 2211; x_wconf 89' lang='lat'>«</span> <span class='ocrx_word' id='word_1_750' title='bbox 1537 2187 1569 2213; x_wconf 91' lang='lat' dir='ltr'>Ut</span> <span class='ocrx_word' id='word_1_751' title='bbox 1581 2192 1741 2220; x_wconf 86' lang='lat' dir='ltr'>cognoscas</span> 
     </span>
     <span class='ocr_line' id='line_1_97' title="bbox 972 2232 1738 2271; baseline -0.01 -6"><span class='ocrx_word' id='word_1_752' title='bbox 972 2238 1075 2265; x_wconf 86' lang='lat' dir='ltr'>Filium</span> <span class='ocrx_word' id='word_1_753' title='bbox 1091 2244 1150 2264; x_wconf 91' lang='lat' dir='ltr'>non</span> <span class='ocrx_word' id='word_1_754' title='bbox 1166 2235 1329 2271; x_wconf 87' lang='lat' dir='ltr'>ingenitum</span> <span class='ocrx_word' id='word_1_755' title='bbox 1344 2242 1420 2267; x_wconf 85' lang='lat' dir='ltr'>esse,</span> <span class='ocrx_word' id='word_1_756' title='bbox 1438 2233 1496 2261; x_wconf 86' lang='lat' dir='ltr'>ait:</span> <span class='ocrx_word' id='word_1_757' title='bbox 1512 2234 1611 2266; x_wconf 69' lang='lat' dir='ltr'>Diligit</span> <span class='ocrx_word' id='word_1_758' title='bbox 1624 2232 1738 2264; x_wconf 78' lang='lat' dir='ltr'>Filium,</span> 
     </span>
     <span class='ocr_line' id='line_1_98' title="bbox 971 2277 1737 2315; baseline -0.009 -5"><span class='ocrx_word' id='word_1_759' title='bbox 971 2287 995 2311; x_wconf 74' lang='lat' dir='ltr'>et</span> <span class='ocrx_word' id='word_1_760' title='bbox 1012 2284 1087 2310; x_wconf 81' lang='lat' dir='ltr'>dedit</span> <span class='ocrx_word' id='word_1_761' title='bbox 1101 2284 1201 2315; x_wconf 76' lang='lat' dir='ltr'>omnia,</span> <span class='ocrx_word' id='word_1_762' title='bbox 1217 2281 1278 2308; x_wconf 88' lang='lat' dir='ltr'>sive</span> <span class='ocrx_word' id='word_1_763' title='bbox 1296 2281 1475 2313; x_wconf 79' lang='lat' dir='ltr'>demonstrat,</span> <span class='ocrx_word' id='word_1_764' title='bbox 1491 2278 1521 2305; x_wconf 88' lang='lat' dir='ltr'>id</span> <span class='ocrx_word' id='word_1_765' title='bbox 1536 2280 1587 2312; x_wconf 83' lang='lat' dir='ltr'>est,</span> <span class='ocrx_word' id='word_1_766' title='bbox 1604 2277 1711 2312; x_wconf 85' lang='lat' dir='ltr'>genuit.</span> <span class='ocrx_word' id='word_1_767' title='bbox 1725 2287 1737 2302; x_wconf 76' lang='lat' dir='ltr'>n</span> 
     </span>
     <span class='ocr_line' id='line_1_99' title="bbox 971 2323 1740 2363; baseline -0.008 -7"><span class='ocrx_word' id='word_1_768' title='bbox 971 2332 1005 2357; x_wconf 79' lang='lat' dir='ltr'>Ee</span> <span class='ocrx_word' id='word_1_769' title='bbox 1019 2331 1121 2363; x_wconf 80' lang='lat' dir='ltr'>majora</span> <span class='ocrx_word' id='word_1_770' title='bbox 1138 2329 1179 2355; x_wconf 82' lang='lat' dir='ltr'>his</span> <span class='ocrx_word' id='word_1_771' title='bbox 1195 2327 1400 2359; x_wconf 80' lang='lat' dir='ltr'>demonstrabit,</span> <span class='ocrx_word' id='word_1_772' title='bbox 1417 2324 1526 2352; x_wconf 84' lang='lat' dir='ltr'>scilieet</span> <span class='ocrx_word' id='word_1_773' title='bbox 1540 2323 1740 2351; x_wconf 86' lang='lat' dir='ltr'>curationibus</span> 
     </span>
     <span class='ocr_line' id='line_1_100' title="bbox 972 2369 1738 2410; baseline -0.009 -7"><span class='ocrx_word' id='word_1_774' title='bbox 972 2375 1198 2410; x_wconf 84' lang='lat' dir='ltr'>languidorum,</span> <span class='ocrx_word' id='word_1_775' title='bbox 1220 2374 1259 2400; x_wconf 87' lang='lat' dir='ltr'>ait</span> <span class='ocrx_word' id='word_1_776' title='bbox 1284 2371 1458 2406; x_wconf 78' lang='lat' dir='ltr'>Augustinus</span> <span class='ocrx_word' id='word_1_777' title='bbox 1480 2371 1519 2404; x_wconf 80' lang='lat'>¹⁸,</span> <span class='ocrx_word' id='word_1_778' title='bbox 1539 2370 1591 2397; x_wconf 89' lang='lat' dir='ltr'>ubi</span> <span class='ocrx_word' id='word_1_779' title='bbox 1611 2369 1711 2404; x_wconf 85' lang='lat' dir='ltr'>objicit</span> <span class='ocrx_word' id='word_1_780' title='bbox 1732 2378 1738 2396; x_wconf 72' lang='grc' dir='ltr'>ε</span> 
     </span>
     <span class='ocr_line' id='line_1_101' title="bbox 975 2417 1741 2453; baseline -0.008 -4"><span class='ocrx_word' id='word_1_781' title='bbox 975 2432 988 2447; x_wconf 91' lang='lat'>«</span> <span class='ocrx_word' id='word_1_782' title='bbox 1009 2422 1065 2449; x_wconf 89' lang='lat' dir='ltr'>Sed</span> <span class='ocrx_word' id='word_1_783' title='bbox 1089 2421 1279 2448; x_wconf 74' lang='lat' dir='ltr'>demonstrabit</span> <span class='ocrx_word' id='word_1_784' title='bbox 1297 2428 1303 2445; x_wconf 74' lang='grc' dir='ltr'><strong><em>ε</em></strong></span> <span class='ocrx_word' id='word_1_785' title='bbox 1328 2426 1397 2453; x_wconf 85' lang='lat' dir='ltr'>ergo</span> <span class='ocrx_word' id='word_1_786' title='bbox 1422 2425 1482 2445; x_wconf 89' lang='lat' dir='ltr'>non</span> <span class='ocrx_word' id='word_1_787' title='bbox 1507 2417 1741 2445; x_wconf 88' lang='lat' dir='ltr'>demonstratum</span> 
     </span>
    </p>
   </div>
   <div class='ocr_carea' id='block_1_6' title="bbox 971 2499 1740 2602">
    <p class='ocr_par' dir='ltr' id='par_1_10' title="bbox 971 2499 1740 2602">
     <span class='ocr_line' id='line_1_102' title="bbox 973 2499 1739 2531; baseline -0.004 -5"><span class='ocrx_word' id='word_1_788' title='bbox 973 2503 993 2520; x_wconf 80' lang='lat'>¹³</span> <span class='ocrx_word' id='word_1_789' title='bbox 1009 2503 1081 2531; x_wconf 62' lang='lat' dir='ltr'>ibid„</span> <span class='ocrx_word' id='word_1_790' title='bbox 1093 2510 1119 2526; x_wconf 90' lang='lat' dir='ltr'>u.</span> <span class='ocrx_word' id='word_1_791' title='bbox 1135 2504 1157 2526; x_wconf 84' lang='lat'>5.</span> <span class='ocrx_word' id='word_1_792' title='bbox 1168 2514 1198 2519; x_wconf 89' lang='lat'><strong>—</strong></span> <span class='ocrx_word' id='word_1_793' title='bbox 1213 2502 1230 2517; x_wconf 84' lang='lat'>¹¹</span> <span class='ocrx_word' id='word_1_794' title='bbox 1249 2501 1308 2525; x_wconf 81' lang='lat' dir='ltr'>ibid.</span> <span class='ocrx_word' id='word_1_795' title='bbox 1318 2513 1348 2518; x_wconf 91' lang='lat'>—</span> <span class='ocrx_word' id='word_1_796' title='bbox 1362 2501 1382 2517; x_wconf 77' lang='lat'>¹⁵</span> <span class='ocrx_word' id='word_1_797' title='bbox 1392 2499 1587 2531; x_wconf 86' lang='lat' dir='ltr'>Chrysost.,uhi</span> <span class='ocrx_word' id='word_1_798' title='bbox 1599 2507 1665 2530; x_wconf 56' lang='lat' dir='ltr'>sup„</span> <span class='ocrx_word' id='word_1_799' title='bbox 1677 2506 1703 2523; x_wconf 83' lang='lat' dir='ltr'>n.</span> <span class='ocrx_word' id='word_1_800' title='bbox 1716 2500 1739 2523; x_wconf 87' lang='grc'>3.</span> 
     </span>
     <span class='ocr_line' id='line_1_103' title="bbox 972 2535 1740 2567; baseline -0.007 -5"><span class='ocrx_word' id='word_1_801' title='bbox 972 2552 1002 2556; x_wconf 89' lang='grc'><strong>-</strong></span> <span class='ocrx_word' id='word_1_802' title='bbox 1018 2539 1036 2554; x_wconf 75' lang='lat'>¹¹⁵</span> <span class='ocrx_word' id='word_1_803' title='bbox 1051 2540 1123 2567; x_wconf 71' lang='lat' dir='ltr'>Sup..</span> <span class='ocrx_word' id='word_1_804' title='bbox 1141 2543 1179 2566; x_wconf 86' lang='lat'>111,</span> <span class='ocrx_word' id='word_1_805' title='bbox 1194 2538 1231 2560; x_wconf 80' lang='lat'>35.</span> <span class='ocrx_word' id='word_1_806' title='bbox 1244 2549 1274 2554; x_wconf 91' lang='lat'><strong>—</strong></span> <span class='ocrx_word' id='word_1_807' title='bbox 1291 2537 1306 2551; x_wconf 72' lang='lat'>¹7</span> <span class='ocrx_word' id='word_1_808' title='bbox 1321 2535 1423 2566; x_wconf 64' lang='lat' dir='ltr'>Matth„</span> <span class='ocrx_word' id='word_1_809' title='bbox 1437 2542 1477 2566; x_wconf 77' lang='lat'>111,</span> <span class='ocrx_word' id='word_1_810' title='bbox 1495 2538 1574 2561; x_wconf 80' lang='lat'>17.—</span> <span class='ocrx_word' id='word_1_811' title='bbox 1591 2535 1609 2552; x_wconf 82' lang='lat'>¹⁸</span> <span class='ocrx_word' id='word_1_812' title='bbox 1625 2536 1699 2566; x_wconf 64' lang='lat' dir='ltr'>Aug„</span> <span class='ocrx_word' id='word_1_813' title='bbox 1715 2535 1740 2558; x_wconf 81' lang='lat' dir='ltr'>in</span> 
     </span>
     <span class='ocr_line' id='line_1_104' title="bbox 971 2573 1249 2602; baseline -0.011 -5"><span class='ocrx_word' id='word_1_814' title='bbox 971 2575 1052 2602; x_wconf 64' lang='lat' dir='ltr'>Joan„</span> <span class='ocrx_word' id='word_1_815' title='bbox 1068 2575 1098 2596; x_wconf 84' lang='lat' dir='ltr'>tr.</span> <span class='ocrx_word' id='word_1_816' title='bbox 1116 2578 1171 2602; x_wconf 76' lang='lat' dir='ltr'>xix,</span> <span class='ocrx_word' id='word_1_817' title='bbox 1185 2579 1210 2595; x_wconf 89' lang='lat' dir='ltr'>n.</span> <span class='ocrx_word' id='word_1_818' title='bbox 1226 2573 1249 2595; x_wconf 80' lang='lat'>4.</span> 
     </span>
    </p>
   </div>
   <div class='ocr_carea' id='block_1_7' title="bbox 972 2618 1738 2685">
    <p class='ocr_par' dir='ltr' id='par_1_11' title="bbox 972 2618 1738 2685">
     <span class='ocr_line' id='line_1_105' title="bbox 1006 2618 1738 2651; baseline -0.005 -6"><span class='ocrx_word' id='word_1_819' title='bbox 1006 2623 1037 2651; x_wconf 79' lang='grc' dir='ltr'>((ι)</span> <span class='ocrx_word' id='word_1_820' title='bbox 1057 2622 1116 2645; x_wconf 83' lang='lat' dir='ltr'>Caet.</span> <span class='ocrx_word' id='word_1_821' title='bbox 1138 2620 1197 2644; x_wconf 77' lang='lat' dir='ltr'>edit.</span> <span class='ocrx_word' id='word_1_822' title='bbox 1221 2620 1286 2644; x_wconf 73' lang='lat' dir='ltr'>deest</span> <span class='ocrx_word' id='word_1_823' title='bbox 1307 2627 1359 2644; x_wconf 89' lang='lat' dir='ltr'>non</span> <span class='ocrx_word' id='word_1_824' title='bbox 1381 2620 1471 2645; x_wconf 84' lang='lat' dir='ltr'>solum.</span> <span class='ocrx_word' id='word_1_825' title='bbox 1490 2633 1519 2638; x_wconf 86' lang='lat'>—-</span> <span class='ocrx_word' id='word_1_826' title='bbox 1544 2619 1574 2650; x_wconf 75' lang='grc' dir='ltr'>(ὁ)</span> <span class='ocrx_word' id='word_1_827' title='bbox 1597 2619 1657 2643; x_wconf 82' lang='lat' dir='ltr'>Coel.</span> <span class='ocrx_word' id='word_1_828' title='bbox 1679 2618 1738 2642; x_wconf 77' lang='lat' dir='ltr'>edit.</span> 
     </span>
     <span class='ocr_line' id='line_1_106' title="bbox 972 2655 1431 2685; baseline -0.004 -4"><span class='ocrx_word' id='word_1_829' title='bbox 972 2657 1062 2681; x_wconf 77' lang='lat' dir='ltr'>forma.</span> <span class='ocrx_word' id='word_1_830' title='bbox 1077 2670 1103 2674; x_wconf 87' lang='lat'><em>-</em></span> <span class='ocrx_word' id='word_1_831' title='bbox 1122 2656 1150 2685; x_wconf 82' lang='lat' dir='ltr'>(c)</span> <span class='ocrx_word' id='word_1_832' title='bbox 1169 2655 1231 2679; x_wconf 79' lang='lat' dir='ltr'>Item</span> <span class='ocrx_word' id='word_1_833' title='bbox 1248 2657 1277 2680; x_wconf 76' lang='lat' dir='ltr'>Et</span> <span class='ocrx_word' id='word_1_834' title='bbox 1290 2656 1431 2680; x_wconf 75' lang='lat' dir='ltr'>Matthaeus.</span> 
     </span>
    </p>
   </div>
   <div class='ocr_carea' id='block_1_8' title="bbox 1756 345 1845 424">
    <p class='ocr_par' dir='ltr' id='par_1_12' title="bbox 1756 345 1845 424">
     <span class='ocr_line' id='line_1_107' title="bbox 1769 345 1834 364; baseline -0.015 0"><span class='ocrx_word' id='word_1_835' title='bbox 1769 345 1834 364; x_wconf 81' lang='lat' dir='ltr'>Error</span> 
     </span>
     <span class='ocr_line' id='line_1_108' title="bbox 1756 375 1845 395; baseline -0.011 0"><span class='ocrx_word' id='word_1_836' title='bbox 1756 375 1845 395; x_wconf 83' lang='lat' dir='ltr'>Ariano-</span> 
     </span>
     <span class='ocr_line' id='line_1_109' title="bbox 1770 410 1827 424; baseline 0 0"><span class='ocrx_word' id='word_1_837' title='bbox 1770 410 1827 424; x_wconf 82' lang='lat' dir='ltr'>rum.</span> 
     </span>
    </p>
   </div>
  </div>
 </body>
</html>
