1987 3032
223 200 279 228 186

221 264 309 295 Sicut
326 265 434 294 autem
452 271 527 292 cum
551 261 707 291 cribratur
727 258 886 296 triticum,
907 256 988 287 nihil

220 317 362 348 remanet
378 315 410 345 in
424 323 477 352 eo,
492 314 555 344 nisi
570 312 689 352 pulvis3
706 311 750 341 sic
765 310 908 341 diabolus
922 319 988 341 non

221 370 319 409 capit,
335 368 394 399 nisi
410 367 587 407 perversos¹
602 376 608 394 :
627 376 640 392 «
656 364 742 395 Sicut
757 364 988 403 in'percussnra

221 422 316 454 cribri
331 420 507 452 remanebit
522 421 642 449 stercus
651 417 703 456 (a),
712 417 756 446 sic
771 416 879 456 aporia
889 416 989 446 homi-

221 476 271 506 nis
279 476 311 505 in
322 474 463 513 cogitatu
473 472 566 502 illius.
577 481 590 499 n
603 470 637 501 ln
647 469 908 500 hocenimcribro
917 468 989 498 mali

223 537 285 558 non
308 527 529 557 cribrantur²t
551 535 564 552 (1
582 522 765 553 Goncutiam
787 522 817 552 in
843 522 990 552 omnibus

225 580 374 620 gentibus
389 579 519 609 domum
532 575 636 613 lsrael,
652 575 733 605 sicut
745 575 924 605 concutitur
940 574 991 604 tri-

223 635 320 665 ticum
336 634 369 663 in
386 632 491 662 cribro
505 639 513 661 :
529 633 560 661 et
575 639 641 661 non
656 629 744 660 cadet
758 628 882 668 lapillus
897 637 992 668 super

223 689 351 718 terram.
371 697 385 714 »

264 739 426 777 Secundo,
443 740 599 778 quantum
613 737 650 767 ad
663 736 874 767 ostensionem
890 735 992 766 defen-

224 794 321 824 sionis
332 818 341 831 ,
357 792 506 832 adiungit
523 793 563 832 (v.
581 792 628 830 32)
646 799 654 820 :
671 791 742 830 Eyo
760 794 866 820 autem
881 789 995 828 roqavz'

219 855 282 887 pro
299 851 338 884 te,
354 849 390 876 ut
403 854 467 876 non
482 844 607 883 deficiat
620 844 699 883 fides
713 847 779 873 tua.
794 842 850 872 Hic
866 841 994 879 rogavit

229 900 397 937 Dominus,
418 907 482 929 non
502 900 537 928 ut
561 897 671 928 Petrus
687 905 750 926 non
775 895 912 931 caderet,
940 894 992 924 sed

225 955 260 983 ut
280 961 344 982 non
365 952 533 988 deficeret3
559 950 634 990 quia
655 948 804 988 quamvis
827 947 990 985 ceciderit,

225 1005 416 1043 resurrexit,
443 1004 619 1035 secundnm
643 1002 720 1033 illud
736 1002 746 1018 ⁸
763 1012 769 1032 ε
789 1000 995 1032 «Conversus

228 1059 379 1090 Dominus
394 1057 531 1097 respexit
546 1056 686 1086 Petrum.
701 1066 715 1084 1)
730 1054 786 1086 Vel
803 1056 903 1093 potest
918 1053 993 1083 illud

229 1111 340 1142 referri
359 1111 397 1142 ad
422 1110 585 1141 ecclesiam
611 1108 693 1139 Petri
711 1116 791 1147 :pro
813 1107 910 1146 hujus
933 1106 994 1136 fido

227 1164 353 1203 rogavit
376 1164 542 1198 Dominus,
559 1161 732 1192 secundum
748 1160 827 1190 illud
842 1159 852 1176 ⁴
873 1169 879 1190 :
904 1159 995 1190 «Non

227 1227 284 1257 pro
307 1217 351 1247 eis
374 1218 498 1247 tantum
524 1223 627 1253 rogo3
654 1214 706 1244 sed
728 1216 758 1243 et
781 1222 838 1252 pro
855 1213 918 1248 eis,
940 1212 995 1252 qui

227 1270 376 1300 credituri
392 1271 465 1299 sunt
483 1277 539 1308 per
554 1262 689 1298 verbum
707 1274 819 1296 eorum
843 1266 876 1295 in
900 1274 961 1295 me.
978 1276 990 1292 1)

229 1323 266 1353 Et
281 1323 350 1353 haec
370 1321 505 1352 Ecclesia
516 1344 525 1358 ,
542 1329 615 1359 quae
633 1319 818 1358 designatur
843 1327 897 1357 per
913 1318 996 1348 Petri

227 1375 406 1406 naviculam
422 1397 432 1409 ,
456 1375 529 1404 licet
554 1372 763 1409 concutiatur,
792 1374 899 1402 tamen
932 1379 995 1400 non

228 1428 448 1467 naufragatur.
465 1427 530 1457 Hoc
541 1427 625 1457 enim
637 1425 741 1465 posuit
753 1425 834 1455 Deus
850 1424 881 1453 in
898 1423 997 1454 Eccle-

229 1482 275 1512 sia
289 1481 327 1512 ad
344 1480 616 1511 confirmationem
634 1479 788 1515 aliarum3
809 1477 877 1507 ideo
892 1476 994 1506 addit:

229 1535 273 1566 Ec
288 1538 321 1564 tu
335 1533 509 1574 ale'quando
520 1541 698 1569 conversus,
712 1530 867 1568 confirma
878 1530 998 1568 fratres

231 1592 299 1618 taos
314 1596 324 1618 .·
341 1587 433 1627 quia,
453 1587 532 1616 sicut
551 1585 665 1616 dicitur
680 1584 689 1600 ⁵
708 1595 714 1614 :
741 1595 754 1612 a
770 1583 926 1614 Debemus
941 1591 998 1612 nos

231 1640 402 1677 firmiores,
428 1638 656 1669 imbecillitates
677 1637 878 1668 infirmorum
902 1634 997 1665 susti-

231 1701 325 1731 nere,
343 1704 357 1721 1)
376 1694 434 1723 etc.
459 1691 496 1722 Et
512 1691 570 1721 hoc
592 1692 639 1720 est
660 1690 842 1720 ordinatum
857 1712 864 1726 ‚
886 1696 998 1717 secunt-

231 1746 307 1776 dum
322 1745 399 1776 illud
411 1748 432 1775 ⁶:
453 1756 467 1774 α
481 1743 591 1774 Frater
605 1743 660 1782 qui
673 1743 843 1781 adjuvatur
858 1750 876 1770 a
894 1741 997 1775 fratre,

232 1799 322 1838 quasi
340 1799 449 1829 civitas
465 1798 570 1828 firma.
588 1807 602 1826 x>
622 1796 668 1826 Ex
689 1804 752 1835 quo
767 1796 895 1834 apparet
917 1793 1001 1833 quod

234 1852 376 1882 Christus
390 1851 457 1890 ipse
471 1850 592 1881 orando
607 1851 637 1879 et
653 1847 880 1887 interpellando
893 1846 1002 1877 confir-

234 1906 300 1935 mat
317 1904 502 1944 principalia
521 1902 665 1934 Ecclesiae.
691 1900 845 1931 membra.
871 1900 1003 1938 Propter

235 1957 319 1996 quod
335 1956 469 1986 dicitur⁷
485 1967 491 1985 z
511 1967 524 1984 «
537 1956 597 1986 Deo
612 1956 717 1984 autem
733 1953 866 1992 gratias,
879 1952 935 1992 qui
950 1952 1003 1982 de-

237 2010 282 2040 dit
297 2009 387 2040 nohis
401 2009 565 2039 victoriani
587 2016 642 2047 per
664 2006 833 2037 Dominum
858 2007 1002 2035 nostrum

234 2062 342 2093 ,lesum
359 2061 530 2092 Christum.
546 2071 560 2089 1)
580 2060 618 2091 Et
631 2060 642 2075 ⁸
660 2068 668 2089 :
687 2071 702 2088 α
716 2059 797 2089 Deus
812 2060 918 2089 autem
933 2066 1001 2088 0111-

236 2116 285 2145 nis
296 2115 424 2154 gratiae,
437 2115 492 2154 qui
503 2114 628 2144 vocavit
639 2113 736 2143 nosin
746 2114 898 2142 aeternam
913 2119 1003 2141 suan]

240 2168 375 2207 gloriam
391 2169 424 2198 in
446 2167 569 2199 Christo
588 2166 661 2197 Jesu
673 2190 680 2204 ‚
698 2165 857 2196 modicum
875 2174 981 2204 passos
994 2188 1002 2202 ‚

235 2221 301 2259 ipse
326 2220 482 2260 perficiet,
508 2219 728 2255 confirmabit,
753 2218 970 2256 solidabitque.
987 2228 1000 2245 n

237 2273 296 2303 Sed
317 2282 372 2312 per
398 2273 582 2312 principalia
601 2272 767 2302 coufirmat
785 2271 930 2308 infirma,
955 2280 1004 2300 se-

238 2326 380 2355 cundum
397 2326 474 2356 illud
486 2326 495 2342 ⁹
510 2336 516 2355 :
535 2336 549 2354 «
560 2325 704 2355 Desidero
719 2323 804 2354 enim
815 2323 921 2354 videre
936 2332 1005 2360 VOS,

238 2380 274 2408 ut
289 2378 407 2417 aliquid
422 2379 585 2418 impertiar
600 2378 688 2409 vobis
708 2377 818 2415 gratiae
834 2376 1007 2416 spiritualis

238 2431 278 2462 ad
293 2432 525 2461 confirmandos
540 2440 609 2467 vos,
626 2431 656 2461 id
671 2433 728 2468 est,
744 2429 841 2460 simul
857 2429 1008 2459 consolari

271 2510 279 2526 ¹
297 2509 383 2537 Era-li„
400 2516 485 2539 xxvu,
502 2511 524 2533 5,
541 2523 571 2527 —
585 2510 594 2525 ²
606 2510 687 2539 Amos,
704 2516 738 2537 1x‚
753 2512 774 2533 51.
792 2522 817 2526 —-
830 2509 840 2525 ³
857 2508 911 2532 inf..
929 2511 1007 2531 v.1ii.

239 2545 340 2574 ’·.Ιοα11.,
359 2551 422 2575 xvii,
439 2546 477 2568 20.
495 2557 525 2562 —-
546 2545 555 2561 ⁶
575 2545 709 2573 lt'0111.,xv,
729 2547 748 2567 1.
763 2557 793 2562 —
810 2545 818 2558 ⁶
837 2544 917 2570 Pron„
934 2549 1009 2573 ,νυ-111,

241 2582 312 2604 19.-
327 2580 337 2596 '¹
353 2580 360 2603 1
379 2580 446 2608 Con,
460 2586 502 2608 xv,
517 2581 588 2603 57.—
604 2582 612 2593 Ἀ
632 2581 637 2602 1
656 2581 733 2607 Petu,
748 2586 771 2609 v,
791 2581 858 2603 10.—
873 2580 882 2593 ⁹
898 2579 976 2609 Rom„
991 2584 1009 2608 1,

242 2618 280 2644 11,
296 2615 401 2638 12.-1⁰
418 2615 472 2643 Job,
489 2621 524 2644 lv,
540 2617 562 2638 11.
573 2615 629 2632 —11
649 2615 764 2643 Hieron„
781 2616 805 2638 in
821 2615 910 2644 Marc„
921 2621 943 2638 c.
955 2620 1009 2637 MV.

241 2662 271 2667 —
291 2647 311 2666 ¹²
330 2650 409 2677 Joan..
425 2655 482 2680 3111,
498 2651 536 2673 36.
554 2663 575 2666 v-
597 2650 616 2665 ¹³
632 2649 704 2678 ibid„
719 2651 756 2673 37.
772 2663 797 2667 —
813 2650 833 2666 1¹¹
851 2650 919 2673 Marc
932 2667 939 2678 ,
952 2654 1011 2679 ⁴siv,

764 189 973 222 EVANGELH
997 188 1134 221 SANCTI
1158 188 1268 219 LUCAE

1044 257 1076 286 in
1093 256 1200 294 votnm,
1218 267 1232 284 n
1248 258 1306 286 etc.
1326 255 1411 286 Unde
1425 258 1455 285 et
1476 254 1514 284 de
1534 254 1640 283 sancto
1659 253 1718 283 ,1011
1737 253 1810 284 dici-

1045 312 1096 340 tur
1105 310 1126 328 ¹⁰
1137 320 1144 340 :
1161 308 1361 340 «Vecillantes
1371 308 1640 338 confirmaverunt
1649 314 1812 336 sermones

1045 363 1105 393 1111.
1119 374 1132 391 n

1085 417 1206 453 Tertio,
1232 417 1388 455 quantum
1409 415 1447 445 ad
1471 414 1699 454 repressionem
1726 422 1811 454 prae-

1048 469 1254 509 sumptionis,
1271 468 1436 507 subjungit
1451 468 1492 507 (v.
1503 468 1549 506 33)
1568 478 1574 497 :
1593 466 1749 506 Quidixit
1764 467 1811 498 ei:

1048 523 1193 559 Domine,
1206 525 1309 552 tecum
1317 524 1450 560 paratus
1458 529 1539 557 sum,
1553 524 1586 550 et
1597 521 1628 550 ῖη
1641 529 1811 557 carcerem,

1047 581 1077 608 et
1096 577 1129 606 in
1147 578 1281 606 mortem
1304 574 1360 604 ire.
1383 572 1446 602 noc
1466 572 1598 602 verbum
1617 573 1675 603 fuit
1697 573 1813 604 amoris

1047 631 1078 660 et
1101 628 1254 665 fervoris,
1279 626 1332 657 sed
1356 628 1462 656 tamen
1481 625 1541 655 hoc
1562 626 1629 655 erat
1647 625 1812 664 eujusdam

1048 680 1316 723 praesumptionis,
1333 678 1407 718 quia
1422 677 1500 708 illud
1512 677 1666 716 promittit
1679 677 1716 708 ad
1730 678 1815 717 quod

1048 745 1112 767 non
1134 734 1266 771 suffieit,
1293 732 1410 762 scilicet
1433 731 1517 771 quod
1539 732 1668 770 paratus
1690 730 1731 760 sit
1757 739 1815 770 pro

1049 789 1170 820 Christo
1187 789 1303 817 etcum
1322 785 1445 815 Christo
1469 784 1565 822 mori,
1585 792 1659 813 cum
1677 783 1716 813 sit
1736 791 1816 823 opus

1049 841 1281 882 perfectissimae
1288 837 1551 869 charitatis.Unde
1559 836 1770 876 Hieronymus
1778 837 1814 868 ¹¹:

1054 907 1068 925 (ι
1081 895 1157 926 Avis
1175 894 1241 924 sine
1258 892 1370 933 pennis
1388 892 1422 921 in
1442 891 1541 921 altum
1556 890 1664 921 volare
1683 889 1814 927 nititur;

1050 949 1100 979 sed
1117 956 1231 987 corpus
1241 947 1402 985 aggravat
1416 944 1554 974 animam
1563 967 1570 980 ‚
1585 945 1621 973 ut
1634 943 1746 973 timore
1757 942 1818 973 hu-

1050 1011 1155 1033 manae
1168 1000 1278 1031 mortis
1292 1000 1386 1029 timor
1397 998 1519 1028 Domini
1532 999 1708 1036 superetur.
1722 1006 1738 1025 n
1754 995 1819 1028 Un-

1052 1054 1090 1084 de
1100 1051 1267 1083 Petrushic
1277 1050 1443 1090 dupliciter
1453 1047 1654 1088 praesumpsit
1668 1057 1675 1077 ι
1691 1049 1721 1077 et
1730 1046 1817 1086 quia,

1057 1115 1153 1145 supra
1165 1105 1248 1134 vires
1258 1127 1265 1140 ,
1276 1104 1313 1133 de
1328 1102 1450 1132 viribus
1466 1101 1601 1140 propriis
1615 1101 1718 1138 sentit,
1735 1100 1819 1130 unde

1053 1159 1068 1190 J
1071 1167 1189 1189 oannes
1200 1159 1221 1176 ¹²
1233 1166 1259 1187 :a
1268 1156 1358 1186 Jesus
1371 1155 1450 1185 dixit
1458 1154 1550 1184 Petro
1560 1163 1567 1184 :
1579 1153 1646 1189 Quo
1656 1162 1716 1192 ego
1727 1152 1817 1190 vado,

1051 1221 1115 1242 non
1132 1213 1218 1250 potes
1233 1219 1284 1240 me
1300 1209 1393 1239 modo
1415 1208 1502 1248 sequi
1520 1217 1527 1238 ε
1543 1218 1558 1236 n
1577 1207 1657 1237 dixit
1679 1206 1716 1246 (b)
1733 1207 1819 1237 enim

1053 1263 1163 1294 Petrus
1171 1264 1191 1279 ¹³
1203 1273 1210 1292 ·.
1219 1261 1341 1299 «Quare
1350 1270 1414 1291 non
1423 1269 1551 1300 possum
1565 1262 1595 1290 te
1606 1259 1695 1299 sequi
1703 1259 1797 1289 modo
1805 1259 1820 1289 ‘t

1054 1317 1203 1347 Animam
1222 1323 1322 1345 meam
1345 1322 1403 1353 pro
1421 1316 1451 1343 te
1471 1321 1605 1352 ponam3
1621 1322 1637 1341 n
1658 1314 1689 1343 et
1705 1312 1820 1342 iterum

1053 1370 1127 1410 quia
1154 1378 1186 1399 se
1209 1368 1277 1398 aliis
1304 1366 1498 1406 praeposuit,
1523 1366 1609 1396 undo
1629 1364 1753 1395 Marcus
1774 1365 1819 1396 ¹⁸:

1058 1435 1071 1452 «
1088 1422 1125 1453 Et
1141 1422 1166 1451 si
1187 1430 1298 1451 omnes
1313 1419 1512 1450 scandalizati
1536 1419 1666 1456 fuerint,
1691 1418 1744 1449 sed
1758 1427 1822 1449 non

1054 1485 1124 1515 ego.
1142 1486 1157 1504 1)
1172 1475 1259 1505 Unde
1274 1474 1517 1512 chrysostomus
1528 1475 1550 1490 ¹⁵
1565 1471 1722 1511 :nDuplex
1736 1471 1820 1502 enim

1054 1532 1174 1562 crimen
1195 1532 1281 1566 erat,
1304 1531 1372 1558 tum
1398 1528 1472 1567 quia
1487 1527 1607 1557 Chi-isto
1630 1526 1822 1566 repugnavit

1054 1593 1089 1615 ac
1102 1583 1230 1619 restitit,
1245 1585 1313 1612 tum
1322 1582 1397 1621 quia
1409 1581 1530 1611 caeteris
1544 1580 1681 1619 seipsum
1698 1588 1821 1619 praepo-

1055 1637 1126 1667 suit.
1140 1647 1153 1665 »
1168 1635 1205 1666 Et
1218 1635 1287 1665 ideo
1296 1635 1365 1664 haec
1379 1633 1585 1673 praesumptio
1598 1632 1824 1672 compescenda

1055 1693 1121 1720 erat
1135 1701 1141 1727 ;
1159 1692 1189 1720 et
1199 1690 1364 1728 propterea
1379 1687 1525 1718 subditur
1542 1688 1583 1725 (v.
1601 1688 1649 1724 34)
1661 1696 1667 1716 :
1678 1685 1760 1725 At(c)
1771 1684 1824 1716 ille

1057 1743 1139 1773 dizit
1155 1752 1165 1773 .·
1181 1742 1258 1773 Dico
1280 1740 1336 1771 tibi
1343 1764 1353 1778 ,
1378 1741 1484 1777 Pelre,
1500 1748 1565 1769 71072
1579 1738 1721 1769 ccmtctbit
1734 1737 1825 1768 hodie

1056 1795 1179 1836 yellus,
1196 1794 1293 1824 donec
1314 1797 1360 1824 ter
1379 1793 1512 1831 abtzeqes
1536 1800 1625 1822 nosse
1639 1800 1701 1821 me.
1725 1790 1823 1830 Chry-

1056 1851 1212 1879 sostomus
1230 1848 1250 1863 ¹⁵
1268 1856 1303 1877 :a
1314 1846 1432 1876 Idcirco
1446 1846 1545 1883 igitur
1562 1844 1705 1884 permisit
1722 1845 1760 1874 ut
1773 1852 1824 1873 ca-

1058 1903 1157 1937 deret,
1174 1904 1210 1931 ut
1225 1901 1257 1930 in
1273 1900 1421 1931 omnibus
1432 1899 1563 1929 disceret
1574 1898 1696 1929 Christo
1704 1905 1824 1937 parere,

1061 1955 1248 1993 verioraque
1262 1953 1343 1984 dieta
1365 1953 1454 1983 istius
1474 1951 1628 1989 crederet,
1650 1958 1747 1990 quam
1769 1958 1828 1980 sua

1060 2008 1117 2037 sibi
1135 2006 1322 2037 conscientia
1340 2007 1516 2035 testaretur.
1533 2016 1547 2032 »
1566 2004 1604 2035 Et
1619 2005 1688 2042 post
1701 2004 1720 2019 ¹⁷
1736 2011 1766 2033 :a
1780 2002 1828 2033 Ex

1058 2061 1119 2091 hoc
1135 2063 1282 2099 apparet,
1308 2059 1391 2098 quod
1414 2067 1478 2088 non
1501 2057 1616 2088 sufficit
1639 2055 1828 2087 desiderium

1059 2113 1213 2151 hominis,
1231 2112 1290 2142 nisi
1312 2114 1389 2141 nutu
1416 2110 1569 2149 superiori
1589 2109 1632 2147 (d)
1650 2109 1796 2148 potiatur.
1809 2118 1824 2134 n

1062 2166 1148 2196 Unde
1164 2165 1374 2203 Augustinus,
1391 2163 1429 2193 (le
1447 2162 1552 2193 Verbis
1567 2161 1699 2193 Domini
1712 2161 1744 2199 ¹¹³,
1756 2161 1830 2191 dicit

1061 2219 1145 2258 quod
1164 2218 1313 2248 Dominus
1332 2216 1456 2246 locutus
1472 2217 1518 2245 est
1534 2214 1573 2244 ad
1589 2213 1732 2252 Petrum,
1749 2214 1830 2244 sicut

1062 2271 1202 2302 medicus
1223 2270 1261 2300 ad
1275 2271 1448 2308 aegrotum,
1461 2268 1515 2306 qui
1534 2267 1630 2297 credit
1645 2276 1678 2297 se
1698 2275 1766 2297 esse
1779 2275 1828 2296 sa-

1061 2333 1152 2354 num.
1170 2323 1246 2353 Dicit
1268 2322 1353 2352 enim
1376 2321 1420 2351 sic
1438 2330 1446 2351 :
1465 2331 1478 2348 «
1494 2320 1580 2350 Sicut
1600 2319 1741 2350 medicus
1765 2321 1831 2349 tan-

1065 2386 1144 2416 gens
1157 2384 1272 2406 venam
1287 2374 1388 2404 cordis
1399 2373 1493 2410 Petri,
1506 2372 1637 2408 dicebat,
1649 2382 1664 2400 x·
1678 2373 1752 2408 etc„
1767 2379 1831 2400 non

1064 2429 1222 2459 incitando
1241 2428 1278 2458 ad
1297 2427 1516 2465 negationem,
1533 2425 1587 2456 sed
1607 2424 1832 2464 compescendo

1066 2502 1143 2524 29.—
1154 2501 1171 2516 ¹⁵
1182 2500 1311 2530 Chrysost.
1323 2499 1349 2522 in
1361 2498 1460 2527 Mami„
1471 2498 1541 2521 hom.
1557 2502 1668 2526 Lxxxni,
1683 2496 1716 2520 al.
1733 2501 1831 2525 Lxxxn,

1066 2543 1090 2559 n.
1108 2535 1285 2564 3.-11111111Ὶ
1297 2534 1372 2564 paulo
1387 2536 1483 2556 aute.—
1497 2533 1515 2549 rt
1534 2533 1607 2561 ibid,
1624 2539 1648 2555 u.
1664 2533 1719 2554 4.-
1731 2532 1832 2562 ¹⁸Aug.‚

1066 2571 1094 2594 (le
1108 2570 1195 2594 Verbis
1206 2571 1288 2597 Dom..
1306 2576 1382 2592 serm.
1398 2574 1469 2596 xux,
1481 2568 1511 2590 al.
1529 2573 1642 2595 cxxxvii,
1654 2574 1679 2590 n.
1691 2568 1714 2590 3.

1099 2613 1132 2642 (a)
1154 2612 1225 2642 Vulq.
1240 2611 1332 2642 pulvis.
1346 2623 1376 2628 —
1390 2610 1424 2640 (b)
1441 2610 1501 2634 coet.
1513 2609 1573 2632 edit.
1593 2609 1660 2632 dicit.
1675 2622 1703 2626 --
1723 2609 1751 2639 (c)
1772 2609 1833 2632 item

1068 2648 1113 2671 Et.
1129 2660 1157 2665 -—
1175 2647 1209 2676 (tl)
1221 2648 1279 2670 Item
1288 2645 1432 2676 superioris.
