1987 3032
658 244 699 276 IN
721 245 806 276 CAP.
828 244 894 275 XIII
919 245 1056 276 SANCTI
1079 246 1252 279 JOANNIS.

161 309 282 344 quando
297 309 347 337 dat
359 309 481 344 gratiam
496 311 666 338 conterendi
681 313 708 338 et
722 311 882 347 poenitendi
901 313 926 338 ¹:

165 364 178 380 ι(
193 355 348 383 Effundam
357 363 444 390 super
454 363 506 383 vos
520 364 629 391 aquam
639 358 792 391 mundam,
805 360 833 384 et
844 365 925 384 mun-

163 400 306 428 dabimini
320 401 358 428 ab
379 401 517 428 omnibus
537 403 765 438 inquinamentis
783 403 894 430 vestris.
911 413 923 427 u

162 447 232 473 item
252 447 314 481 ipse
329 446 408 474 lavat
429 447 495 481 igne
517 449 675 476 mundanae
694 449 889 476 tribulationis
910 457 927 475 a

162 492 311 527 voluptate
324 493 433 520 carnali
447 492 474 521 ²:
489 504 502 519 «
512 494 539 521 Si
552 495 677 522 abluerit
690 495 827 522 Dominus
837 495 926 521 filiam

162 538 242 571 Sion,
256 539 284 565 et
297 539 472 573 sanguinem
485 540 654 574 Jerusalem,
669 542 695 568 et
708 541 809 567 laverit
819 541 856 567 de
869 549 929 567 me-

163 583 212 611 dio
227 584 289 618 ejus
303 585 333 611 in
354 585 457 620 spiritu
474 586 578 620 judicii
589 608 597 620 ,
614 597 627 612 n
644 590 696 614 etc.
714 587 834 622 Spiritus
849 586 927 613 enim

160 629 265 663 judieii
282 632 324 658 est
337 632 455 658 tentatio
474 632 678 660 tribulationis.
696 634 766 660 Item
788 632 928 659 Dominus

163 675 257 710 lavat,
272 677 474 712 superfusione
490 678 612 705 eoelestis
627 678 743 713 spiritus
764 678 888 706 lavantis
902 681 930 705 et

164 722 352 756 mundantis,
376 731 394 750 a
417 723 573 759 cupiditate
596 724 742 751 mundiali
766 726 776 741 ³
802 733 807 750 :
842 734 854 749 «
875 726 933 751 Vos

164 767 384 803 baptizabimini
408 769 514 804 Spiritu
528 772 627 797 saneto
638 790 646 803 ,
662 778 721 797 non
736 772 803 805 post
823 770 932 797 multos

165 813 219 841 hos
240 814 311 841 dles.
334 826 347 840 ›1
374 816 513 850 Baptizari
537 816 613 843 enim
637 818 679 843 est
702 816 809 849 lavari,
825 816 931 850 Spiritu

167 859 263 887 infuso
293 864 321 888 et
351 861 482 889 elevante
493 883 501 896 ,
536 863 699 889 amundiali
727 862 894 897 cupiditate.
926 863 933 877 '¹

171 917 184 931 ιι
197 906 391 934 Remittuntur
405 907 431 934 ei
446 910 565 942 peecata
582 909 690 942 multa,
707 908 848 943 quoniam
864 908 934 935 dile-

168 953 208 980 xit
221 953 356 980 multum.
374 963 386 978 »
405 953 446 981 lbi
461 954 615 988 Gregorius
649 963 654 980 :
676 963 689 979 «
702 956 791 981 Tanto
805 962 934 989 namque

168 1000 295 1035 amplius
323 1000 434 1035 peccati
459 1000 566 1034 rubigo
596 1001 777 1027 consumitur
788 1022 795 1032 ,
824 1003 933 1035 quanto

168 1045 328 1081 peccatoris
350 1054 400 1073 cor
425 1054 534 1081 magno
554 1046 700 1074 charitatis
724 1047 792 1081 igne
815 1054 933 1074 concre-

168 1094 303 1120 matur.»
328 1095 382 1120 Ista
403 1093 513 1120 lotione
534 1094 641 1121 debent
663 1094 757 1121 lavari
777 1094 887 1129 pedes,
905 1094 935 1120 id

169 1141 211 1165 est
224 1139 329 1166 interni
344 1139 463 1166 affectus
478 1140 487 1155 ⁶
504 1149 510 1166 :
531 1151 542 1163 u
558 1140 682 1172 Quando
694 1140 833 1167 lavabam
844 1140 936 1174 pedes

168 1194 250 1213 meos
264 1186 390 1221 butyro,
405 1197 417 1211 u
436 1186 466 1213 id
482 1189 541 1218 est,
556 1186 737 1221 pinguedine
754 1186 917 1213 devotionis
927 1207 936 1220 ,

169 1232 207 1258 ait
219 1232 260 1259 ibi
275 1232 430 1267 Gregorius
444 1233 454 1249 ⁷
469 1240 619 1267 exponens
633 1232 718 1266 illud,
741 1233 792 1260 ubi
807 1233 882 1260 bene
899 1232 935 1259 de

168 1278 235 1304 hoc.
261 1280 331 1306 Item
351 1278 404 1306 ista
430 1278 540 1306 lotione
563 1278 650 1306 debet
671 1279 764 1305 lavari
788 1280 892 1314 caput,
906 1279 936 1305 id

169 1326 249 1357 est,a
267 1321 398 1359 peccatis*
406 1325 510 1352 mentis
527 1334 533 1351 :
550 1326 638 1360 caput
652 1325 729 1351 enim
745 1325 841 1359 signat
855 1332 936 1351 men-

170 1374 245 1405 tem,
261 1371 331 1407 quia
346 1371 419 1398 sicut
442 1373 582 1406 reguntur
608 1371 742 1398 membra
767 1372 860 1406 capite
872 1391 880 1404 ,
896 1371 937 1397 sie

170 1417 360 1453 cogitationes
373 1420 482 1451 mente,
498 1417 538 1444 ait
552 1418 704 1451 Gregorius
719 1418 739 1443 ⁸.
755 1418 765 1433 ⁹
781 1427 793 1442 «
810 1419 851 1444 Tu
870 1425 937 1443 eum

167 1464 293 1498 jejunas,
304 1471 381 1497 unge
390 1465 477 1499 caput
487 1466 579 1497 tuum,
592 1465 619 1490 et
627 1463 731 1490 faciem
742 1466 822 1490 tuam
834 1463 909 1491 lava.
920 1474 932 1487 n

169 1511 238 1537 ltem
261 1510 315 1536 ista
336 1509 446 1537 lotione
466 1509 575 1536 debent
591 1509 683 1536 lavari
706 1516 827 1542 manus,
850 1511 938 1543 prout

169 1556 210 1583 ait
223 1555 366 1591 Propheta
381 1555 401 1571 ¹⁰
417 1564 448 1582 :«
462 1555 578 1582 Lavabo
595 1555 669 1581 inter
682 1555 852 1581 innocentes
873 1562 936 1581 ma-

168 1609 225 1628 nus
239 1609 329 1629 meas.
350 1611 364 1627 »
388 1601 468 1628 Unde
489 1609 550 1628 non
569 1601 737 1628 lavantibus
759 1609 863 1628 manus
882 1601 936 1627 im-

168 1648 307 1683 properat
320 1646 339 1662 ¹¹
365 1656 370 1673 :
399 1648 526 1674 «Manus
546 1649 649 1674 vestrae
671 1647 766 1682 plenae
787 1649 853 1673 sunt
873 1654 937 1673 san—

169 1694 267 1728 guine.
283 1704 296 1719 >›
315 1693 368 1726 Qui
383 1696 424 1720 est
438 1693 514 1720 lotus
537 1693 582 1720 his
604 1693 718 1727 modis,
742 1701 802 1720 non
826 1693 937 1726 indiget

167 1740 223 1767 nisi
231 1742 262 1767 ut
271 1739 361 1775 pedes
371 1739 458 1773 lavet,
469 1739 576 1766 seilicet
591 1739 759 1766 affectiones
772 1739 934 1772 interiores,

167 1795 233 1822 quae
246 1788 313 1813 sunt
327 1785 430 1813 labiles
453 1788 481 1812 et
506 1793 581 1820 saepe
603 1785 732 1819 infectae,
748 1787 778 1812 ut
797 1786 876 1820 patet
897 1785 934 1812 ab

166 1831 407 1867 Augustino¹2hie
419 1832 439 1848 ²³
452 1830 629 1864 :«Quoniam
639 1831 662 1857 si
671 1831 841 1865 dixerimus,
853 1831 935 1866 quod

166 1880 320 1914 peccatum
340 1885 400 1905 non
417 1877 577 1911 habemus,
603 1876 796 1912 nosmetipsos
820 1877 934 1904 seduci-

167 1933 264 1952 mus.»
277 1924 313 1959 (a)
326 1925 358 1951 Et
364 1926 483 1959 propter
492 1923 549 1950 hoc
559 1923 598 1950 ait
612 1931 720 1958 sponsa
734 1923 753 1940 ¹⁶
768 1931 794 1949 ευ,
804 1923 872 1950 Lavi
884 1931 936 1957 pe-

168 1971 220 1998 des
234 1978 330 2005 meos;
342 1969 494 2005 quomodo
505 1969 667 2005 inquinabo
677 1969 764 1996 illos?
774 1979 787 1994 »
800 1969 883 2004 quasi
893 1969 936 1996 di—

168 2019 244 2044 ceret
260 2025 265 2043 :
283 2018 321 2044 Ne
337 2016 526 2051 inquinentur
540 2015 629 2051 pedes
636 2015 704 2049 mei,
717 2015 816 2042 conari
827 2015 933 2042 debeo.

168 2063 236 2090 Ideo
252 2062 291 2090 ait
304 2062 436 2090 Salvator
450 2061 590 2097 apostolis
603 2061 622 2077 ¹⁵
639 2071 645 2088 :
663 2071 676 2087 α
692 2061 819 2088 Excutite
833 2061 935 2096 pulve-

168 2117 231 2137 rem
244 2109 282 2136 de
304 2109 430 2144 pedibus
444 2110 556 2135 vestris.
572 2118 584 2133 n
604 2110 623 2135 E
647 2108 792 2135 contrario
814 2107 851 2134 de
872 2115 934 2134 nou

168 2155 334 2183 lavantibus
347 2155 438 2191 pedes
452 2162 520 2182 suos
534 2154 574 2181 sie
591 2155 612 2171 ¹⁶
633 2163 640 2180 2
659 2165 671 2179 u
697 2154 803 2182 Sordes
828 2154 890 2187 eJus
904 2153 935 2180 in

168 2202 304 2238 pedibus
329 2212 341 2226 »
368 2201 412 2228 Ad
437 2201 522 2228 istam
546 2200 688 2228 lotionem
715 2200 881 2227 faciendam
908 2202 935 2227 et

169 2247 415 2281 continuandam,
435 2248 464 2274 et
484 2246 734 2279 conservandam,
756 2246 863 2281 jugiter
894 2247 936 2273 est

169 2293 377 2327 laborandum,
393 2295 424 2320 ut
439 2292 526 2320 etiam
542 2293 582 2317 ¹⁷«
598 2292 648 2327 qui
664 2294 778 2319 sanctus
793 2294 835 2319 est
851 2300 933 2320 sanc-

168 2339 291 2367 tificetur
305 2338 412 2366 adhuc.
433 2349 446 2364 ι)

202 2422 206 2434 “
223 2420 321 2449 ΕΖεεΙι.,
336 2426 425 2450 xxxvi,
440 2422 478 2444 23.
494 2433 522 2437 -
537 2420 544 2433 ²
560 2421 621 2448 Isca,
636 2426 670 2449 ιν,
688 2422 711 2443 4.
728 2419 933 2449 —2111cl.,1‚.2›.

169 2469 199 2473 -
212 2456 222 2472 ⁴
238 2456 303 2485 Luc„
319 2461 364 2485 vii,
375 2457 412 2479 47.
428 2468 458 2472 —
471 2456 481 2472 ⁶
494 2455 579 2485 Greg„
595 2456 620 2478 in
637 2456 741 2484 Euony„
756 2454 826 2477 hom.
841 2460 934 2483 xxxni,

170 2497 196 2514 n.
215 2493 237 2515 4.
255 2504 284 2508 -
300 2492 308 2505 ‘³
320 2490 374 2519 lob,
394 2496 465 2520 xxm,
481 2492 504 2514 6.
519 2502 549 2506 —
563 2490 572 2505 ⁷
590 2490 676 2520 (ii-cg„
692 2489 794 2520 Moral„
809 2489 852 2513 Ιὼ.
870 2490 934 2519 XtX,

170 2534 191 2549 c,
209 2532 233 2556 x,
249 2526 280 2550 al.
297 2531 349 2556 XIV,
368 2533 394 2549 n.
411 2527 448 2548 22.
466 2539 492 2542 —
512 2525 520 2539 ⁸
538 2525 584 2554 ld.³
600 2525 625 2547 ιή
641 2525 735 2554 Evanq.
751 2524 820 2547 houi.
838 2530 853 2552 1,
869 2531 894 2548 n.
912 2528 934 2548 3.

170 2573 199 2577 —
215 2562 224 2575 ³
239 2561 342 2590 Matth„
356 2566 390 2590 vi,
408 2561 444 2584 Π.
457 2560 517 2577 -10
529 2560 596 2583 I’sal.
610 2565 668 2589 xxv,
681 2561 703 2583 6.
716 2572 746 2576 -
758 2559 775 2575 ¹¹
791 2559 850 2588 1511„
865 2566 882 2590 1,
899 2561 934 2583 15.

170 2608 198 2612 ——
214 2596 233 2611 ¹²
247 2597 320 2626 Aug„
335 2597 361 2619 in
375 2596 454 2625 doum,
471 2597 540 2619 tract.
560 2600 612 2624 Lvr,
627 2602 653 2618 u.
670 2595 692 2617 4.
709 2607 738 2611 —
756 2594 776 2611 ¹³
796 2595 802 2617 Ι
821 2595 901 2624 doun„
919 2600 934 2623 1y

169 2631 191 2654 8.
210 2642 240 2647 -
258 2630 277 2646 ¹⁴
293 2632 374 2659 cant„
393 2636 417 2659 v,
433 2632 456 2653 3.
472 2643 498 2647 —
517 2631 533 2644 ¹⁵
547 2629 647 2660 Mami„
662 2635 687 2659 x,
704 2631 741 2652 tt.
757 2642 786 2647 —-
803 2629 822 2644 ¹¹¹
839 2629 936 2657 Tliren.‚

169 2671 186 2695 ι,
200 2666 223 2689 9.
233 2677 264 2683 -
276 2665 296 2682 ¹⁷
307 2666 391 2696 Apoc„
402 2667 518 2695 xx11,1l.
528 2677 558 2682 —
572 2666 589 2680 ¹⁸
603 2664 659 2688 Vid.
673 2671 740 2694 sup.,
752 2663 841 2687 collat.
857 2670 935 2687 xxxv.

1688 258 1745 287 579

1120 364 1246 391 *Collatco
1267 367 1433 400 seoeayesz'ma
1444 388 1451 400 ,
1467 375 1534 401 xm,
1553 370 1594 395 ¹4.

1019 451 1050 478 Si
1072 459 1116 485 eqo
1137 453 1192 478 lavi
1209 453 1288 487 pedes
1299 457 1399 481 vestros
1421 457 1547 483 Dominus
1561 459 1585 484 et
1598 459 1730 492 Mayz'sler
1741 481 1749 494 ,

985 501 1010 524 et
1022 506 1066 525 vos
1080 499 1178 526 (lebetis
1192 501 1260 527 alter
1275 502 1385 528 alterius
1399 503 1488 529 lavare
1498 504 1588 538 pedes.
1601 505 1689 533 Filius
1703 507 1751 534 Dei

985 546 1108 571 fetemus
1123 545 1225 572 volens
1244 547 1405 582 discipulos
1428 556 1497 576 suos
1518 550 1675 579 informare
1691 560 1751 579 non

986 590 1083 617 solum
1097 599 1150 625 per
1163 592 1290 619 veritatis
1306 593 1494 628 documenta,
1510 603 1605 631 neque
1617 605 1670 632 per
1685 606 1753 633 ope-

986 643 1052 662 rum
1076 636 1235 671 miracula,
1258 639 1310 665 sed
1333 647 1385 673 per
1408 640 1580 668 humilitatis
1603 642 1753 677 dignativa

987 682 1136 716 exempla,
1153 683 1183 709 in
1206 683 1250 710 his
1274 684 1370 711 verbis
1387 685 1517 713 hortatur
1538 687 1605 715 illos
1627 689 1666 715 ad
1688 689 1753 716 imi<

988 728 1110 754 tandum
1135 728 1231 762 ipsum
1254 729 1284 755 in
1309 738 1398 765 opere
1420 734 1553 760 extremae
1572 733 1751 762 humilitatis.

988 773 1031 800 Ait
1047 782 1053 799 :
1071 774 1100 799 Si
1115 782 1159 807 (τρο
1175 776 1230 801 Itu-15
1243 776 1339 809 pedes,
1352 778 1423 803 etc.:
1440 777 1469 804 in
1490 779 1597 813 quibus
1616 780 1669 807 tria
1683 781 1754 807 insi-

989 822 1132 853 nuantur,
1154 828 1280 854 quorum
1304 821 1433 856 primum
1457 826 1498 850 est
1521 833 1580 852 suae
1608 825 1755 860 dignitatis

990 865 1137 892 excessiva
1157 866 1337 901 sublimitas,
1353 868 1393 895 ibi
1411 878 1417 895 :
1434 870 1489 903 Εῃο
1504 872 1633 898 Dominus
1654 875 1678 899 et
1693 874 1753 900 Μα-

989 912 1086 943 qz'ster5
1103 912 1265 939 secundum
1280 915 1321 940 est
1336 914 1433 949 operis
1446 917 1575 943 extrema
1589 917 1753 952 humilitate,

991 956 1031 983 ibi
1049 966 1054 983 :
1072 957 1137 983 Lwt’
1150 959 1229 991 pectes
1244 962 1360 991 vestros;
1378 960 1493 988 tertium
1508 964 1549 988 est
1568 962 1756 998 obIIgationis

991 1002 1202 1037 discipulorum
1224 1004 1262 1031 ad
1284 1005 1435 1033 consimile
1459 1015 1533 1041 opus
1558 1009 1756 1037 manifestabi-

990 1047 1071 1080 litas,
1087 1048 1127 1075 ibi
1141 1058 1147 1075 2
1168 1051 1218 1076 Vos
1233 1050 1331 1077 debetis
1349 1052 1418 1078 alter
1436 1053 1547 1080 alterius
1561 1055 1650 1081 lavare
1668 1056 1754 1089 pedes.

1026 1094 1070 1121 Ait
1080 1102 1149 1128 ergo
1164 1104 1170 1122 :
1186 1097 1314 1123 Dominus
1329 1100 1352 1123 et
1365 1099 1504 1131 Mayz'scer.
1518 1100 1550 1126 Et
1561 1099 1591 1126 in
1605 1100 1650 1127 his
1661 1101 1758 1128 verbis

991 1140 1162 1175 exprimitur
1176 1149 1229 1168 sua
1249 1142 1374 1176 dignitas
1387 1143 1417 1170 in
1433 1143 1560 1178 duobus,
1572 1145 1680 1174 scilicet
1691 1149 1715 1174 1.
1727 1148 1757 1175 in

991 1186 1168 1214 sublimitate
1184 1188 1361 1221 eminentiae,
1376 1189 1417 1216 ibi
1432 1198 1438 1216 :
1455 1192 1599 1224 Dominas;
1609 1194 1637 1219 et
1651 1192 1687 1219 de
1701 1193 1757 1220 hoc

991 1240 1080 1267 supra
1094 1233 1122 1266 ¹⁸,
1140 1233 1180 1260 ibi
1198 1242 1203 1259 ς
1220 1235 1338 1268 Domine,
1356 1236 1391 1261 ad
1406 1243 1481 1269 quem
1492 1237 1610 1264 ibimus?
1623 1239 1756 1266 Secundo

993 1278 1026 1312 (11)
1043 1279 1213 1313 exprimitur
1233 1279 1358 1313 dignitas
1380 1289 1432 1309 sua
1456 1281 1485 1308 in
1506 1282 1686 1317 plenitudine
1709 1293 1756 1312 sa-

992 1325 1177 1359 pientieejibi
1200 1334 1206 1352 :
1227 1327 1364 1360 Mctflz'ster.
1391 1329 1422 1354 Et
1443 1336 1511 1356 vere
1532 1329 1595 1364 ipse
1616 1331 1695 1358 solus
1717 1335 1759 1360 est

992 1371 1130 1405 magister
1140 1372 1159 1387 ¹⁹
1173 1381 1178 1398 :
1195 1373 1266 1399 Unus
1274 1376 1311 1399 esc
1325 1375 1460 1407 magister.
1473 1376 1534 1409 lpse
1550 1376 1629 1403 enim
1644 1379 1685 1404 est
1699 1386 1758 1405 ma—

992 1416 1093 1450 gister,
1115 1419 1142 1444 et
1168 1418 1246 1444 solus
1269 1418 1381 1445 ratione
1403 1420 1559 1454 singularis
1576 1424 1759 1457 superexcel-

991 1462 1084 1489 lentiae
1099 1471 1104 1489 :
1122 1463 1191 1498 quia
1213 1465 1343 1497 Magister
1365 1465 1486 1500 dicitur,
1509 1468 1592 1502 quod
1615 1469 1705 1502 Major
1727 1470 1758 1497 in

992 1508 1113 1535 statione
1128 1529 1137 1541 ‚
1159 1509 1199 1536 ait
1222 1509 1334 1545 Papias.
1359 1511 1414 1537 Sed
1439 1511 1500 1546 ipse
1522 1520 1611 1548 supra
1634 1522 1757 1550 omneS‚

993 1562 1082 1588 supra
1096 1555 1119 1571 '²⁰
1136 1563 1142 1581 z
1161 1555 1244 1587 «Qui
1268 1555 1305 1582 de
1331 1556 1405 1583 ooelo
1427 1557 1521 1592 venit,
1546 1566 1634 1594 super
1656 1568 1758 1588 omnes

993 1602 1042 1626 est.
1060 1611 1072 1625 »
1090 1601 1158 1627 Item
1173 1601 1302 1634 Maqz'ster
1316 1601 1422 1629 dioitur
1436 1604 1638 1640 communiter,
1652 1606 1682 1633 in
1697 1614 1757 1642 quo

992 1648 1034 1672 est
1049 1646 1152 1673 veritas
1173 1648 1201 1672 et
1215 1647 1369 1681 plenitudo
1389 1648 1535 1683 sapientiae
1551 1659 1558 1676 :
1575 1650 1627 1677 sed
1647 1651 1678 1678 in
1692 1652 1756 1687 ipso

991 1693 1010 1708 2¹
1029 1702 1042 1717 (ι
1056 1700 1156 1719 omnes
1172 1692 1299 1720 thesauri
1314 1695 1462 1729 sapientiae
1476 1697 1503 1722 et
1516 1695 1641 1724 scientiae
1655 1697 1704 1724 Dei
1716 1707 1725 1732 3
1741 1708 1755 1724 n

992 1739 1051 1765 imo
1073 1739 1134 1773 ipse
1158 1742 1199 1766 est
1222 1739 1285 1774 ipsa
1304 1740 1444 1775 sapientia
1458 1742 1479 1757 ²²
1497 1750 1502 1768 :
1523 1742 1691 1770 «Christum
1708 1745 1756 1772 Dei

991 1785 1164 1819 sapientiam
1179 1787 1206 1811 et
1221 1786 1269 1812 Dei
1285 1785 1429 1813 virtutem.
1446 1797 1459 1813 »
1479 1789 1548 1815 ttem
1562 1789 1693 1823 Maqister
1716 1790 1758 1818 di-

992 1830 1064 1857 citur
1087 1831 1200 1858 ratione
1223 1831 1373 1866 regiminis
1399 1832 1479 1866 vitae,
1503 1835 1531 1860 et
1551 1833 1637 1869 ideo,
1662 1837 1694 1862 ut
1719 1836 1758 1864 ait

992 1876 1109 1911 Papias,
1126 1877 1312 1912 componitur
1336 1886 1404 1904 cum
1429 1879 1541 1913 multiS,
1556 1880 1630 1908 sieut
1653 1881 1758 1909 dieitur

992 1923 1122 1956 Magister
1144 1924 1283 1949 militum:
1305 1923 1357 1950 sed
1379 1924 1440 1958 ipse
1462 1924 1542 1951 solus
1561 1928 1656 1953 rector
1676 1927 1756 1963 vitae,

991 1967 1053 2002 ipse
1067 1968 1145 1995 enim
1161 1970 1220 1995 Rex
1235 1976 1336 2003 verus,
1355 1971 1385 1996 ut
1398 1969 1532 1998 habitum
1552 1974 1594 1999 est
1608 1980 1697 2008 supra
1712 1973 1733 1990 ²³
1749 1983 1756 2002 :

995 2024 1008 2037 α
1026 2014 1105 2040 Venit
1128 2016 1187 2041 Rex
1215 2017 1289 2042 tuus.
1307 2025 1319 2040 υ
1344 2017 1413 2042 Item
1432 2017 1563 2050 Mayister
1583 2017 1688 2046 dicitur
1710 2027 1758 2047 ra-

993 2059 1069 2086 tione
1084 2059 1207 2086 efficacis
1223 2060 1381 2088 doctrinae:
1398 2062 1451 2089 sed
1461 2063 1523 2097 ipse
1536 2064 1617 2090 Jesus
1632 2065 1758 2093 Christus

991 2105 1070 2132 solus
1085 2106 1224 2133 veraciter
1237 2108 1265 2134 et
1288 2107 1443 2135 efficaciter
1468 2108 1570 2143 docet,
1587 2111 1617 2136 ut
1640 2110 1679 2137 ait
1699 2114 1757 2138 Au-

992 2151 1124 2186 gustinus
1139 2153 1159 2168 ’ὓ
1176 2161 1181 2178 ;
1202 2162 1215 2177 «
1234 2153 1360 2180 Christus
1385 2153 1523 2189 magister
1547 2155 1664 2183 intimus
1677 2177 1685 2191 ,
1707 2158 1758 2192 qui

993 2198 1078 2225 docet
1096 2197 1125 2225 in
1149 2198 1249 2226 schola
1270 2200 1403 2234 pectoris.
1421 2210 1434 2225 η
1452 2200 1550 2228 Merito
1575 2209 1644 2236 ergo
1667 2203 1706 2230 ait
1721 2203 1757 2231 de

992 2252 1032 2277 se,
1044 2244 1126 2278 quod
1140 2247 1199 2271 erat
1212 2245 1382 2279 magister-‚²³
1395 2255 1408 2271 «
1418 2247 1449 2273 Ut
1459 2247 1579 2274 audiam
1591 2256 1658 2275 eum
1673 2250 1758 2284 quasi

993 2290 1197 2324 magistrum.»
1212 2290 1346 2317 Dixerunt
1364 2291 1523 2319 adversarii
1539 2292 1559 2308 ²⁶
1576 2302 1602 2320 2«
1615 2295 1756 2330 Magister,

991 2336 1098 2362 scimus
1112 2336 1181 2371 quia
1197 2343 1283 2364 verax
1299 2345 1343 2371 es,
1365 2340 1391 2364 ot
1412 2338 1491 2365 viam
1515 2339 1564 2366 Dei
1587 2339 1618 2366 in
1639 2341 1757 2369 veritate

992 2381 1090 2409 doces.
1107 2392 1119 2407 η
1137 2384 1199 2417 lpse
1215 2382 1292 2409 enim
1308 2383 1384 2410 venit
1402 2383 1432 2410 in
1455 2384 1656 2419 magisterium
1680 2387 1756 2414 veri-

992 2458 1022 2463 —-
1038 2447 1057 2461 ¹³
1072 2446 1173 2476 Manli„
1190 2452 1265 2475 xxiii,
1278 2449 1338 2470 S.—
1352 2448 1371 2463 2⁰
1384 2449 1466 2478 dmm„
1481 2454 1520 2479 111,
1533 2451 1570 2474 31.
1585 2464 1611 2468 --
1625 2451 1642 2466 2¹
1654 2451 1757 2481 Coloss„

994 2487 1025 2511 tt,
1041 2482 1063 2503 3.
1081 2493 1108 2498 —
1123 2481 1165 2504 221
1183 2480 1249 2511 Con,
1266 2488 1284 2511 1,
1299 2484 1337 2505 24.
1356 2495 1385 2499 —
1400 2483 1421 2499 ²3
1437 2484 1492 2507 vm.
1511 2492 1578 2515 sup.,
1597 2486 1688 2509 Collat.
1705 2492 1756 2510 Lvi.

992 2528 1021 2533 —
1041 2516 1059 2530 ²⁴
1077 2517 1149 2546 Aug„
1163 2515 1194 2539 de
1209 2516 1313 2546 Disct'pl.
1329 2517 1432 2547 Christ„
1446 2525 1472 2542 n.
1489 2521 1526 2549 15,
1543 2522 1567 2543 et
1579 2520 1640 2544 ultas
1653 2522 1755 2551 passim·

993 2563 1021 2567 —
1036 2552 1054 2564 ⁴²
1066 2551 1125 2580 isa„
1140 2556 1164 2581 L,
1182 2552 1203 2574 t.
1217 2564 1246 2568 —
1262 2552 1280 2565 ²⁶
1295 2552 1395 2582 Manli„
1412 2559 1480 2585 xxn,
1498 2556 1534 2578 10.

1024 2592 1055 2621 (a)
1071 2592 1106 2616 lbi
1120 2594 1175 2616 coet.
1191 2593 1249 2616 edit.
1265 2595 1345 2624 repet.
1361 2596 1458 2618 textum
1471 2596 1524 2622 Job.
1542 2602 1612 2627 xxm,
1625 2599 1647 2626 6,
1662 2600 1688 2621 ut
1701 2604 1758 2627 sup.

992 2634 1074 2657 prox„
1093 2634 1149 2651 cuin
1171 2628 1260 2651 endem
1283 2628 1350 2652 citat.
1368 2630 1442 2661 Greg.
1457 2643 1487 2648 —
1508 2630 1538 2661 (b)
1557 2633 1614 2654 llaet.
1633 2631 1691 2657 edit.
1708 2632 1758 2657 Sed

991 2664 1095 2686 mundo.
