1987 3032
70 1752 162 1773 Divisio.

167 197 225 225 508

164 262 262 296 posset
288 259 396 295 exponi
424 257 627 294 mysterialiter
651 256 687 283 de
713 256 813 283 anima
837 257 936 283 sancta

164 306 338 342 suscipiente
366 313 473 341 corpus
502 303 615 331 Domini
641 302 888 330 sacramentaliter
909 303 937 329 et

164 352 369 389 spiritualiter:
382 351 470 378 debet
485 350 562 378 enim
578 357 640 376 esse
655 349 693 376 ad
708 348 833 376 modum
848 348 936 381 horti,

164 402 197 427 ut
216 399 251 427 sit
265 399 352 427 bonis
375 397 514 433 operibus
540 395 687 426 foecunda,
704 394 937 430 plantationibus

166 446 317 478 virtutum,
333 445 363 472 in
382 445 459 470 certo.
469 442 596 477 regulari
606 441 763 476 disciplina
776 441 886 474 clausa,
899 440 936 468 de

166 500 226 528 quo
236 492 321 518 horto
337 497 426 525 supra
442 488 578 524 proximo
593 490 614 514 ¹:
632 489 699 515 Erat
715 488 806 514 hortus
821 488 850 513 in
861 495 937 521 quem

165 539 279 565 intravit
294 537 342 572 (a),
362 537 417 562 etc.
446 536 476 562 Et
498 534 538 561 ibi
560 534 636 561 hene
650 533 686 560 de
701 534 767 560 hoc.
787 535 856 560 ltem
872 532 938 559 talis

165 585 265 612 anima
279 582 367 610 debet
383 589 444 608 esse
465 580 509 608 sui
530 580 597 607 finis
620 579 834 613 memorativa;
859 578 937 605 unde

166 631 271 657 dicitur
285 629 332 656 hic
348 637 356 655 :
372 630 437 655 Erat
452 628 492 654 ibi
504 629 711 658 monumentum,
725 625 806 660 quod
818 625 934 658 dicitur,

166 684 200 704 eo
213 675 296 711 quod
314 678 417 702 moneat
435 675 467 709 (h)
484 675 623 706 mentem,
638 672 747 699 scilicet
766 672 802 698 ad
823 678 937 698 memo-

165 722 239 749 riam
259 721 303 748 sui
325 721 406 754 finis,
426 721 487 747 sive
507 719 609 747 mortis
622 718 653 746 2:
673 728 685 744 (ι
710 720 869 746 Memorare
885 725 939 744 no-

166 767 295 800 vissima,
317 767 390 794 etin
409 769 549 794 {eternum
574 773 634 792 non
661 764 807 800 peccabis.
835 774 847 789 »
872 764 940 796 Quae

166 814 310 842 memoria
331 813 420 841 debet
440 813 590 840 stimulare
606 812 735 839 animam
755 811 793 838 ad
812 811 939 846 seipsam

166 860 378 887 innovandam.
396 859 464 887 ldeo
490 859 595 886 dicitur
613 858 670 892 hic,
687 857 769 893 quod
791 858 852 884 erat
874 864 939 884 mo-

166 908 340 934 numentum
356 914 468 933 novnm
483 906 493 922 ⁸
510 914 516 932 z
537 915 549 930 a
564 903 757 932 Renovamini
780 903 813 939 (c)
834 903 864 930 in
884 910 939 929 no-

168 952 254 980 vitate
278 960 378 979 sensus
393 951 517 979 vestri.»
536 951 610 978 Talis
630 950 729 978 anima
751 951 793 977 est
819 949 938 982 idonea,

168 1000 199 1026 ut
213 998 351 1034 suscipiat
370 1006 477 1034 corpus
497 997 621 1031 Domini,
643 998 670 1024 et
690 998 720 1023 ut
743 996 773 1023 in
792 1003 827 1022 ea
844 1003 939 1031 pona-

169 1047 223 1072 tur.
244 1045 252 1061 ὃ
278 1055 291 1070 ει
312 1045 417 1072 Probet
436 1053 466 1072 se
488 1045 591 1078 homo,
612 1047 639 1071 et
667 1043 707 1070 sic
732 1043 765 1069 de
791 1050 867 1078 pane
888 1041 940 1069 illo

169 1090 248 1125 edat,
264 1101 277 1116 i)
295 1093 348 1118 etc.

405 1185 583 1219 CAPUT
619 1185 704 1217 XX.

209 1280 231 1304 Ι.
259 1278 316 1304 Una
336 1279 424 1304 autem
445 1276 551 1303 sabbati
574 1277 665 1302 Maria
690 1276 849 1309 Maydalene
870 1276 942 1301 venit

170 1331 257 1357 mane,
273 1326 326 1351 etc.
343 1324 513 1351 Pernam-ata
534 1322 608 1349 serie
631 1321 776 1357 passionis
801 1321 861 1348 Filii
883 1321 942 1355 Dei,

170 1371 217 1397 hic
232 1372 367 1397 narratur
382 1369 418 1396 de
431 1377 484 1396 sua
498 1368 709 1401 resurrectione
729 1370 756 1395 et
776 1367 944 1394 manifesta-

171 1416 261 1450 tione,
274 1418 301 1443 et
316 1417 352 1442 de
366 1415 412 1442 his
427 1423 492 1450 quae
507 1417 638 1451 spectant
653 1414 691 1441 ad
707 1414 767 1441 illa.
796 1416 825 1441 Et
843 1415 899 1441 hoc
915 1413 945 1440 in

171 1464 229 1490 tres
245 1471 251 1489 :
268 1463 365 1498 primo
380 1464 515 1489 narratur
536 1458 702 1488 sanctarum
724 1460 893 1492 mulierum,
919 1462 947 1487 et

174 1509 387 1544 discipulorum
412 1508 577 1536 sollicitudo
601 1516 607 1534 :
638 1507 769 1534 secundo
798 1508 944 1539 narratur,

173 1555 234 1582 sive
249 1555 423 1582 describitur
437 1554 501 1589 ipsa
523 1553 728 1586 manifestatio,
746 1552 787 1579 ibi
803 1553 813 1568 ⁵
830 1561 836 1578 ε
854 1553 946 1579 Μανία

174 1604 262 1628 autem
283 1601 384 1634 stabat,
398 1603 463 1635 etc.;
479 1600 575 1633 tertio,
591 1599 833 1627 manifestationis
853 1599 945 1632 l‘actae,

175 1649 202 1674 et
214 1647 283 1674 fidei
303 1647 339 1674 de
356 1646 567 1673 resurrectione
586 1654 638 1680 per
657 1645 855 1672 testimonium
877 1652 946 1672 con-

176 1694 312 1728 firmatio,
325 1694 354 1720 in
369 1694 427 1721 fine
445 1693 513 1721 libri
533 1694 552 1719 ⁶.
576 1694 628 1720 Hic
651 1695 688 1720 est
712 1693 871 1726 discipulus,
893 1694 945 1719 etc.

177 1741 272 1768 Prima
286 1740 316 1767 in
332 1740 405 1767 duas
422 1749 428 1767 ε
445 1740 542 1775 primo
564 1741 699 1766 narratur
717 1738 860 1766 adventus
884 1746 948 1764 mu-

177 1787 282 1814 lierum
296 1787 334 1814 ad
356 1788 592 1818 monumentum,
608 1788 635 1812 et
650 1785 687 1812 ab
708 1785 749 1812 eis
764 1784 948 1812 annuntiatio

177 1833 395 1860 resurrectionis
411 1832 480 1867 ipsis
500 1831 670 1867 discipulis;
696 1830 837 1863 secundo,
863 1830 949 1857 disci-

177 1879 316 1914 pulorum
332 1886 491 1906 concursus
507 1878 545 1904 ad
561 1877 725 1904 videndum
744 1885 782 1903 an
798 1876 884 1904 Filius
901 1876 948 1903 Dei

178 1925 390 1956 resurrexisset,
407 1925 448 1952 ibi
460 1925 469 1941 ⁷
486 1927 495 1950 :'
510 1925 587 1951 Exiit
600 1932 660 1957 ergo
677 1925 780 1955 Petrus,
795 1925 849 1950 cic.

213 1971 257 1998 Ait
273 1979 342 2005 ergo
360 1981 365 1998 :
387 1972 443 1997 Una
459 1973 546 1998 autem
558 1971 674 2003 sabbati,
691 1977 778 2004 quam
793 1969 855 2003 jam
871 1969 951 1996 diem

179 2017 359 2044 dominicam
380 2025 445 2043 mos
467 2016 640 2043 christianus
665 2015 806 2051 appellat,
831 2017 951 2050 propter

180 2063 292 2091 Domini
307 2063 561 2095 resurrectionem,
577 2070 667 2098 quam
683 2062 764 2088 solus
780 2061 928 2089 Matthaeus
942 2061 952 2077 ⁸

180 2110 307 2145 primam
336 2109 451 2136 sabbati
475 2109 651 2142 nominavit,
674 2108 713 2135 ait
734 2107 910 2142 Augustinus
931 2107 950 2131 ⁹.

186 2158 242 2182 l’na
253 2164 313 2190 erqo
322 2156 365 2183 die
378 2155 495 2188 sabbati,
508 2155 539 2182 id
552 2157 603 2188 est,
616 2155 712 2189 prima
722 2153 952 2189 postsabbatum

147 2228 149 2230 ,
180 2202 344 2229 Judaicum.
362 2201 442 2228 Unde
458 2201 683 2236 Chrysostomus
698 2200 718 2219 ¹⁰
735 2208 741 2226 :
755 2210 768 2225 α
788 2201 846 2226 Una
860 2199 952 2226 sabba<

183 2251 279 2281 torum,
295 2248 352 2274 hoc
374 2249 426 2279 est,
443 2247 592 2274 dominico
609 2246 656 2273 die
673 2255 681 2272 .-
702 2256 714 2270 »
740 2248 768 2272 et
782 2245 822 2272 sic
837 2253 906 2278 una,
923 2244 953 2271 id

183 2295 241 2326 est,
256 2293 352 2328 prima
367 2293 429 2320 dies
450 2293 619 2328 septimauae
635 2293 651 2309 ¹¹
675 2301 681 2319 :
701 2302 713 2316 t(
728 2292 832 2326 Jejuno
854 2291 900 2318 bis
923 2290 954 2316 in

182 2339 315 2366 sabbato.
331 2350 343 2365 »
362 2341 455 2366 Maria
470 2339 628 2373 Magdalene
650 2339 723 2365 venit
740 2345 815 2364 mane
830 2337 880 2372 (d),
897 2344 955 2363 cum

184 2386 271 2412 adhuc
284 2388 367 2412 essent
384 2386 505 2413 tenebroe.
528 2385 573 2412 Ait
589 2385 812 2420 chrysostomus
827 2383 847 2402 ¹2
863 2391 869 2409 ε
886 2392 900 2408 »
922 2383 954 2409 Et

218 2445 224 2459 ¹
239 2446 311 2475 Sup.,
329 2447 438 2474 xv111,t.
455 2458 485 2462 --
499 2446 506 2459 ²
524 2445 610 2474 ticeli„
626 2450 671 2474 vii,
688 2445 725 2467 v¹10.
741 2456 770 2460 ——
784 2443 794 2459 ⁸
812 2444 888 2471 Rom,
905 2448 955 2471 xii,

185 2482 198 2503 2
222 2493 252 2497 —
267 2480 274 2493 ¹
293 2481 297 2502 Ι
319 2480 384 2507 Corn,
402 2486 437 2509 xi,
453 2481 491 2503 2²8.
508 2493 531 2495 ⁴
549 2481 556 2493 ⁵
574 2479 630 2509 int„
646 2481 683 2502 11.
702 2491 730 2495 —-
746 2479 755 2491 θ
772 2477 827 2507 lus.,
844 2477 954 2506 xx1‚2i.

185 2515 232 2532 -⁷
250 2515 306 2544 lnf.‚
321 2516 344 2538 3.
358 2527 386 2531 —
401 2515 410 2528 ⁰
423 2514 526 2541 Malta,
541 2517 708 2544 xxx'111‚'l.—
723 2514 731 2527 ²²
743 2514 799 2542 Aug
812 2531 819 2542 ‚
833 2512 876 2535 nbi
888 2519 955 2542 sup.‚

186 2556 212 2572 n.
227 2551 249 2574 (i.
264 2562 294 2567 —
311 2550 328 2566 ¹⁰
340 2549 479 2580 Chrysost„
494 2549 537 2572 ubi
553 2556 607 2579 sup.
623 2562 652 2566 —
667 2549 686 2564 ¹¹
700 2548 767 2577 Luc„
783 2553 858 2577 xvln,
876 2550 912 2571 12.
927 2559 955 2563 —

191 2586 208 2600 '²
225 2585 367 2615 Chrysost.,
386 2585 446 2608 ibid.
467 2598 492 2601 —
516 2585 536 2600 ¹³
557 2584 618 2607 ibid.
640 2597 665 2601 ——
688 2583 708 2600 ¹⁶
728 2583 785 2612 lus„
808 2584 848 2610 19,
869 2584 907 2606 211.
927 2595 956 2598 —

191 2621 210 2637 ¹⁸
232 2621 372 2651 Chrysost„
389 2620 447 2644 ibid.
464 2634 492 2637 —
512 2621 528 2636 '⁴³
546 2620 606 2643 ibid.
622 2633 651 2636 —
671 2621 687 2636 ¹⁷
704 2622 780 2648 Aug„
795 2618 836 2642 ubi
855 2625 910 2648 sup.
928 2631 955 2634 —

685 188 895 220 EVANGELH
920 188 1059 219 SANCTI
1084 187 1250 221 JOANNlS

993 255 1023 282 in
1038 255 1093 282 hoc
1108 257 1225 283 notatur
1237 256 1327 292 ipsius
1342 258 1446 285 sedula
1462 258 1642 293 sollicitudo,
1651 259 1766 288 fervida

993 301 1124 335 dilectio,
1133 304 1160 329 et
1172 302 1261 330 avida
1272 304 1412 339 appetitio
1423 304 1542 332 videndi
1557 305 1656 333 locum
1673 314 1768 334 resur-

992 348 1138 376 rectionis.
1156 359 1168 374 »
1189 349 1267 376 Vidit
1283 350 1399 384 lapidem
1417 352 1578 383 revolutum,
1593 351 1624 378 id
1640 354 1693 385 est,
1708 352 1767 380 ele-

993 397 1111 427 vatum,
1126 394 1165 422 ait
1186 395 1410 430 Chrysosiomus
1431 398 1462 424 ¹³.
1490 398 1546 424 Sed
1568 398 1708 433 quaeritur
1729 397 1768 426 ad

994 440 1066 476 quid
1081 440 1134 468 fuit
1148 441 1223 476 lapis
1238 441 1403 475 revolutus,
1418 443 1488 478 quia
1512 445 1653 471 Dominus
1675 444 1769 480 potuit

994 487 1071 514 exirc
1095 487 1131 514 de
1160 487 1316 522 sepulchro
1345 488 1396 515 illo
1425 492 1560 517 manente
1589 491 1715 525 integro,
1741 492 1768 518 et

995 534 1072 561 exire
1087 533 1123 561 de
1138 537 1332 562 monumento
1347 535 1412 570 ipso
1437 535 1549 570 clauso,
1573 538 1624 572 qui
1649 537 1769 565 intravit

995 580 1033 607 ad
1057 579 1218 615 discipulos
1229 581 1328 615 januis
1343 581 1448 608 clausis
1458 603 1466 616 ‚
1482 582 1556 610 intra
1571 583 1678 611 eodem
1692 585 1724 611 ss.
1738 585 1770 611 Et

995 627 1032 653 ad
1048 626 1125 653 istud
1137 626 1296 662 respondet
1317 627 1541 663 Chrysostomus
1556 629 1575 645 '⁵
1591 638 1598 656 :
1615 639 1629 654 α
1642 629 1770 658 Christus

994 672 1163 705 resurrexit,
1180 675 1207 700 et
1221 673 1320 708 lapide
1336 675 1363 701 et
1375 674 1534 707 signaculis
1549 675 1744 709 inJacentibus
1760 686 1766 704 ε

994 719 1065 754 quia
1080 727 1149 746 vero
1165 719 1321 754 oportebat
1336 722 1363 747 et
1375 720 1449 748 alios
1460 721 1623 755 certificari,
1635 723 1766 758 aperitur

994 767 1220 793 monumentum
1245 768 1311 801 post
1332 767 1585 800 resurrectionem,
1613 770 1641 796 et
1661 769 1701 796 ita
1724 777 1770 796 res

996 812 1105 839 credita
1125 814 1175 839 est.
1194 822 1206 836 »
1225 814 1287 839 llaee
1310 813 1367 840 ille.
1398 813 1441 840 Ad
1468 814 1670 842 inductionem
1699 823 1769 851 ergo

995 857 1064 885 fidei
1077 859 1310 892 resurrectionis,
1326 860 1366 886 sic
1381 859 1434 887 fuit
1449 860 1569 887 factum.

1030 906 1058 931 ⁶2..
1075 905 1200 932 Cucurrit
1215 913 1286 939 erqo,
1310 909 1334 932 ee
1350 908 1423 933 venit
1439 906 1475 933 ad
1490 907 1621 934 Simonem
1636 908 1744 934 Petrum
1762 916 1769 935 :

995 954 1027 978 ut
1041 951 1080 978 ait
1095 951 1319 986 chrysostomus
1337 953 1354 968 '⁶
1375 961 1381 978 :
1395 962 1407 977 a
1423 953 1549 980 Omnino
1567 953 1645 980 circa
1659 953 1768 988 magis-

997 999 1073 1024 trum
1093 997 1286 1025 amicabiliter
1310 1006 1339 1025 se
1366 999 1489 1032 habens,
1512 999 1582 1035 quia
1606 999 1639 1035 (e)
1663 1000 1769 1027 sabba-

996 1046 1058 1070 tum
1073 1044 1195 1077 transiit,
1212 1052 1273 1071 non
1287 1045 1422 1072 sustinuit
1437 1045 1602 1080 quiescere3
1618 1046 1670 1073 scd
1689 1047 1771 1074 venit

998 1090 1130 1117 diluculo
1148 1091 1308 1125 profundo,
1326 1099 1343 1118 a
1355 1091 1421 1119 loco
1437 1092 1650 1126 mitigationem
1665 1100 1771 1128 quam-

998 1136 1068 1163 dam
1096 1136 1228 1164 invenire
1256 1137 1358 1165 volens
1373 1159 1381 1172 ,
1421 1140 1449 1164 et
1476 1138 1603 1165 cucurrit
1626 1146 1643 1165 a
1676 1137 1770 1166 multo

997 1190 1109 1210 amore.
1125 1193 1139 1208 ι)
1158 1185 1221 1210 Haec
1245 1183 1304 1210 ille.
1323 1184 1457 1217 Cucurrit,
1480 1184 1613 1219 inquam,
1629 1185 1665 1211 ad
1685 1185 1769 1211 Simo-

997 1237 1056 1255 nem
1083 1230 1205 1262 Petram,
1229 1232 1253 1255 et
1280 1229 1316 1256 ad
1344 1231 1429 1256 altum
1459 1230 1632 1264 discipulum,
1664 1230 1773 1258 scilicet

998 1276 1157 1308 loannem3
1184 1278 1209 1302 et
1224 1276 1298 1302 dimit
1313 1277 1371 1302 illis
1388 1285 1395 1301 :
1415 1277 1545 1303 Tnlerarzt
1564 1277 1713 1303 Dominum.
1740 1277 1774 1303 Ut

1000 1322 1039 1348 ait
1053 1321 1229 1356 Augustinus
1242 1322 1305 1354 ¹⁷‚et
1320 1324 1361 1349 est
1376 1322 1406 1348 in
1421 1322 1522 1349 Glossa
1533 1330 1560 1348 z«
1570 1322 1711 1349 lnGraecis
1725 1330 1773 1349 co-

1001 1366 1115 1393 dicibus
1124 1366 1251 1399 additur,
1258 1367 1362 1393 Meum:
1371 1369 1397 1393 et
1406 1367 1521 1394 videtur
1529 1367 1639 1394 dictum
1647 1374 1774 1403 propen-

1001 1413 1084 1439 sione
1100 1412 1256 1446 charitatis,
1273 1412 1320 1439 vel
1335 1412 1492 1440 famulatus
1507 1413 1623 1440 affectu.
1636 1423 1650 1439 »
1667 1415 1702 1440 Et
1717 1421 1774 1440 nes-

1000 1460 1082 1485 cimus
1098 1459 1146 1484 ubi
1159 1461 1303 1492 posuerunt
1318 1467 1384 1485 enm.
1396 1460 1427 1486 Ut
1437 1459 1476 1486 ait
1491 1459 1715 1494 Chrysostomus
1730 1460 1748 1475 ¹⁸
1765 1468 1772 1486 :

1005 1514 1017 1529 «
1032 1504 1168 1531 Nondum
1183 1504 1219 1532 de
1240 1505 1451 1531 resurrectione
1468 1508 1590 1532 noverat
1612 1505 1684 1540 quid
1710 1513 1774 1532 ma-

1001 1551 1147 1582 nil‘cstum,
1161 1550 1212 1577 sed
1234 1551 1356 1585 putabat
1382 1551 1638 1586 transpositionem
1667 1551 1772 1578 factam

1002 1605 1063 1624 esse
1072 1597 1289 1632 corporis.»Sed
1299 1597 1447 1632 quaeritur,
1459 1605 1525 1624 cum
1539 1597 1652 1624 dicatur
1664 1597 1681 1613 ¹⁹
1691 1596 1774 1632 quod

1002 1643 1066 1670 alite
1081 1643 1175 1670 Mariae
1190 1645 1332 1670 venerunt
1347 1651 1413 1669 cum
1435 1642 1605 1677 Magdalcna
1619 1643 1658 1670 ad
1669 1651 1775 1670 monu-

1003 1692 1144 1723 mentum,
1168 1689 1294 1724 qualiter
1314 1688 1353 1716 ait
1372 1689 1430 1721 hio,
1445 1689 1527 1724 quod
1549 1689 1636 1716 Maria
1659 1689 1776 1724 Magda-

1003 1735 1069 1763 lene
1084 1735 1164 1762 venit
1179 1735 1240 1762 sine
1256 1734 1331 1761 aliis.
1346 1736 1377 1761 Et
1391 1734 1430 1762 ad
1444 1734 1521 1762 istud
1533 1734 1776 1770 respondendum

1004 1782 1167 1810 secundum
1180 1781 1377 1816 Augustinum
1392 1781 1422 1815 ²⁰,
1438 1781 1508 1816 quia
1532 1792 1545 1807 (ι
1559 1780 1612 1808 fuit
1633 1781 1697 1808 aliis
1711 1789 1777 1809 mu-

1003 1828 1125 1855 lieribus
1141 1827 1296 1854 dilectione
1311 1826 1479 1860 ferventior,
1501 1827 1568 1854 ideo
1591 1835 1651 1854 non
1675 1827 1778 1855 imme-

1003 1875 1058 1902 rito
1073 1874 1167 1901 solam
1180 1873 1293 1900 venisse
1304 1875 1430 1900 Joannes
1441 1876 1663 1901 commemorat.
1680 1884 1693 1899 »
1708 1875 1778 1901 ltem

1005 1921 1143 1956 quaeritur
1159 1921 1195 1947 de
1211 1920 1268 1947 hoc
1280 1920 1363 1955 quod
1378 1920 1418 1947 ait
1431 1929 1437 1947 ι
1455 1921 1535 1947 Venit
1550 1928 1636 1954 mane,
1653 1920 1779 1955 qualiter

1004 1967 1072 2000 hoc,
1089 1967 1158 2002 quia
1174 1966 1280 1993 dicitur
1295 1966 1324 2000 ²¹,
1337 1966 1419 2001 quod
1433 1977 1445 1991 ιι
1456 1974 1562 2001 vespe-re
1576 1966 1690 1993 sabbati
1702 1967 1780 1994 venit

1006 2013 1093 2040 Maria
1108 2012 1293 2047 magdalene,
1307 2023 1319 2037 n
1335 2014 1389 2039 etc.
1407 2013 1469 2039 Non
1483 2020 1553 2047 ergo
1570 2020 1668 2039 mane.
1687 2014 1719 2040 Et
1740 2012 1779 2040 ad

1006 2059 1082 2087 istud
1097 2058 1350 2094 respondendum,
1365 2058 1447 2093 quod
1463 2066 1567 2093 vespere
1582 2059 1669 2092 venit,
1681 2058 1712 2086 id
1727 2060 1780 2092 est,

1007 2109 1091 2133 nocte
1116 2105 1244 2138 sabbati,
1271 2112 1332 2131 non
1360 2107 1393 2131 ut
1410 2105 1533 2131 sumitur
1557 2112 1612 2140 pro
1634 2104 1780 2140 principio

1007 2153 1110 2186 noctis,
1127 2153 1179 2180 sed
1194 2154 1225 2179 ut
1242 2152 1367 2179 sumitur
1382 2159 1436 2187 pro
1452 2151 1521 2178 fine.
1541 2151 1620 2178 Unde
1650 2151 1782 2186 sequitur

1008 2199 1037 2226 in
1054 2199 1181 2226 Matthaeo
1198 2207 1204 2225 ε
1221 2208 1233 2223 ι(
1246 2198 1314 2230 Quae
1328 2197 1447 2225 lucescit
1460 2197 1490 2224 in
1505 2198 1601 2232 prima
1612 2196 1748 2224 sabbati:
1764 2207 1777 2222 ι)

1009 2245 1091 2280 quod
1111 2252 1172 2272 non
1189 2245 1287 2279 posset
1302 2251 1375 2275 esse,
1391 2244 1413 2270 si
1426 2245 1588 2270 sumeretur
1605 2251 1665 2270 nox
1689 2250 1782 2278 quan-

1008 2293 1070 2318 tum
1086 2291 1124 2318 ad
1148 2298 1232 2317 suum
1258 2289 1383 2316 initium.
1407 2289 1488 2316 Unde
1510 2289 1637 2316 creditur
1661 2288 1744 2324 quod
1764 2296 1782 2315 a

1008 2344 1131 2372 vespere
1158 2337 1396 2371 praeparaverunt
1425 2337 1566 2369 aromata,
1596 2337 1623 2362 et
1649 2333 1780 2362 diluculo

1011 2427 1030 2443 ¹³
1044 2426 1185 2456 Chrysost„
1200 2424 1243 2448 uhi
1257 2431 1313 2454 sup.
1329 2436 1359 2440 —-
1379 2425 1399 2440 ¹²⁴
1414 2423 1514 2452 Mami„
1534 2428 1630 2451 xxviii,
1650 2423 1673 2451 ¹3
1692 2421 1780 2448 Marc..

1011 2468 1063 2490 xvx,
1084 2464 1102 2484 Ι.
1117 2474 1148 2478 -
1167 2461 1187 2476 ²⁰
1207 2463 1282 2490 Aug„
1296 2459 1325 2482 de
1341 2460 1412 2482 t'ons.
1432 2460 1528 2488 Evany.
1545 2458 1587 2481 lib.
1607 2458 1652 2486 lli,
1667 2463 1689 2479 c.
1710 2461 1780 2485 xxiv,

1011 2504 1036 2520 n.
1052 2497 1090 2520 69.
1105 2508 1134 2513 —
1149 2496 1166 2512 ²¹
1188 2495 1287 2520 Halm..
1302 2500 1395 2524 xxviii,
1417 2497 1438 2518 1.

1044 2546 1076 2573 (ιι)
1104 2544 1176 2573 Vulg.
1204 2543 1327 2566 introivit.
1349 2555 1379 2559 —
1403 2542 1434 2573 (b)
1461 2542 1521 2565 caet.
1546 2539 1606 2563 edit.
1629 2540 1730 2562 moveat.
1753 2551 1782 2556 —-

1013 2580 1041 2610 (c)
1063 2579 1135 2609 Vulq.
1151 2577 1341 2602 Reformaiuini.
1356 2589 1386 2594 -—-
1404 2577 1441 2606 (d)
1460 2576 1521 2599 Coet.
1537 2574 1599 2598 edit.
1616 2573 1673 2597 add.
1689 2576 1738 2597 etc.
1751 2587 1781 2591 —

1013 2615 1042 2645 (e)
1059 2615 1118 2639 Coel.
1135 2614 1197 2636 edit.
1214 2613 1266 2643 qui.
