1987 3032
25 752 113 772 umeti-

8 789 82 803 corum
92 784 113 803 et

13 820 108 840 pagano-

17 852 65 866 rum
75 852 108 866 er-

12 882 48 896 ror
58 882 106 896 con-

17 907 106 927 1111111115.

699 252 903 285 EXPOSITIO
925 253 965 285 IN
986 253 1071 285 CAP.
1095 253 1146 285 Vl.

126 323 292 358 mendavit,
308 330 374 358 quae
388 322 427 350 ad
442 328 535 349 unum
550 320 665 356 aliquid
674 320 847 355 rediguntur
860 328 896 347 ex

126 371 235 398 multis.
251 380 264 397 »
282 369 366 398 Panis
381 369 459 396 enim
478 376 512 395 ex
527 367 625 395 multis
644 367 741 402 granis
759 367 789 394 in
803 374 895 393 unum

127 417 250 444 confluit
265 425 272 443 ε
285 416 387 443 vinum
401 423 472 442 vero
488 422 523 441 ex
543 413 642 441 multis
665 413 765 440 acinis.
782 414 813 439 Et
827 412 895 439 ideo

126 463 196 497 hoc,
212 462 281 498 quia
294 461 474 488 manducare
490 468 596 496 corpus
609 461 637 487 et
651 459 838 493 sanguinem,
855 460 897 485 est

126 516 244 536 manere
267 508 297 534 in
313 507 422 535 Christo
439 509 467 534 et
489 507 519 534 in
534 506 644 533 unitate
668 505 799 540 corporis
822 505 895 539 ejus.

162 554 302 588 Quaeritur
317 553 353 580 de
368 553 425 580 hoc
444 553 526 588 quod
546 553 585 579 ait
599 562 604 578 ε
619 553 681 579 Nisi·
694 551 896 578 manducaveri-

127 603 161 627 tis
175 608 280 627 carnem
294 600 361 626 Filii
375 600 500 632 hominis,
515 607 568 625 ηοη
586 599 714 625 habebitis
734 599 819 624 vitam
835 605 844 624 :
861 604 896 623 ex

125 646 182 674 hoc
195 646 328 680 videtur,
344 645 428 681 quod
442 653 549 680 corpus
564 644 625 672 Filii
648 644 696 671 Dei
712 644 742 670 in
757 651 811 670 nos
826 650 896 670 con-

125 692 246 720 vertitur
256 713 265 727 ,
281 693 351 728 quia
366 692 448 719 cibus
463 692 493 719 in
512 691 740 719 manducantem
756 689 897 717 converti-

126 740 182 766 tur.
194 741 264 767 ltem
279 747 316 766 ex
328 739 384 766 hoc
399 738 542 773 objiciunt
555 737 680 765 haeretici
691 758 700 771 ,
719 736 802 772 quod
813 744 830 763 a
845 744 898 763 no-

126 785 172 812 bis
195 785 342 819 atteritur3
359 787 386 812 et
401 793 418 812 a
432 785 554 820 paganis
569 805 578 818 ,
600 783 683 819 quod
702 785 776 810 Deus
799 785 897 809 noster

127 839 145 858 a
166 831 252 859 nobis
269 831 433 859 comeditur
447 831 507 858 sive
528 830 732 857 manducatur.
755 831 787 856 Et
805 829 843 856 ad
858 828 897 855 is-

127 878 180 905 tud
190 877 431 913 respondendum
442 877 477 913 (a)
489 878 519 904 in
528 876 651 904 homilia
663 878 683 910 ¹,
694 875 745 903 ubi
754 875 792 906 ait
806 884 835 902 z«
844 875 897 908 Qui

127 924 287 952 manducat
301 932 361 951 non
381 923 463 959 quod
479 923 602 959 pertinet
616 922 655 950 ad
669 921 784 949 visibile
801 929 898 949 sacra-

128 972 273 1004 mentum,
289 970 341 997 sed
356 970 439 1006 quod
459 970 583 1005 pertinet
601 969 639 996 ad
655 968 791 996 virtutem
805 976 898 996 sacra-

128 1017 218 1045 menti
236 1027 242 1045 :
263 1017 313 1052 qui
337 1017 496 1044 manducat
518 1016 594 1044 intus
610 1037 619 1050 ,
642 1023 703 1043 non
726 1015 797 1043 foris
818 1024 824 1042 :
847 1015 898 1050 qui

127 1064 288 1090 manducat
310 1063 340 1090 in
362 1063 450 1091 corde
464 1084 473 1097 ,
494 1070 556 1090 non
579 1062 628 1097 qui
649 1062 756 1097 premit
779 1062 874 1089 dente.
889 1063 898 1076 ²

130 1110 290 1144 «Accedat,
307 1109 414 1144 credat,
428 1109 508 1136 vivat
523 1109 559 1136 de
583 1109 651 1141 Deo,
660 1110 715 1135 Deo
732 1108 899 1142 incorpore-

127 1156 191 1189 tur,
212 1163 274 1183 non
300 1156 458 1183 abhorreat
471 1163 489 1182 a
508 1163 651 1190 compage
673 1154 896 1188 membrorum3

126 1209 188 1229 non
211 1202 248 1229 sit
270 1202 422 1237 putridum
446 1201 613 1228 membrum
628 1222 637 1235 ,
667 1200 751 1236 quod
772 1200 897 1227 resecari

127 1250 294 1283 mereatur;
310 1256 371 1275 non
390 1248 427 1275 sit
446 1248 618 1281 distortum,
636 1247 673 1274 de
695 1255 755 1282 quo
778 1246 896 1274 erubes-

127 1297 208 1322 catur
227 1303 234 1321 :
257 1294 415 1330 pulchrum
439 1294 495 1327 sit,
515 1296 616 1329 aptum
635 1293 692 1327 sit,
716 1301 821 1320 sanum
844 1293 895 1327 sit;

127 1340 235 1368 haereat
248 1341 380 1376 corpori,
401 1340 481 1367 vivat
501 1340 538 1366 de
557 1342 615 1367 Deo
637 1340 666 1366 in
686 1340 786 1366 Deum.
803 1348 815 1364 >³
834 1340 897 1366 Hzec

127 1386 186 1413 ille.
204 1388 236 1413 Et
249 1394 303 1422 per
316 1386 372 1413 hoc
392 1386 431 1414 ad
447 1386 561 1421 obJ'ecla
578 1395 584 1413 ε
601 1386 684 1413 aliter
704 1386 781 1413 enim
801 1388 843 1412 est
861 1385 897 1412 de

127 1432 182 1460 ista
203 1433 451 1467 manducatione,
471 1435 498 1460 et
519 1433 556 1460 de
575 1433 722 1468 corporali
746 1442 752 1459 ε
777 1432 847 1467 qnia
868 1432 897 1458 in

84 1505 86 1507 ,
128 1479 181 1506 ista
196 1481 254 1506 Deo
270 1479 511 1514 incorporamur,
525 1479 556 1506 in
570 1479 667 1514 ipsum
689 1478 896 1511 convertimur,

128 1527 156 1552 et
169 1525 207 1552 ab
223 1533 258 1552 eo
278 1533 487 1552 conservamur
503 1527 530 1552 et
544 1527 754 1559 sustentamur5
771 1524 801 1551 in
816 1532 897 1551 man-

128 1571 283 1599 ducatione
298 1579 369 1599 vero
392 1571 539 1607 corporali
561 1571 644 1598 cibus
667 1571 697 1598 in
717 1570 897 1598 manducan-

128 1619 187 1645 tem
201 1617 392 1651 convertitur,
406 1620 434 1644 et
448 1617 473 1644 ei
486 1617 699 1652 incorporatur.

162 1666 232 1692 Item
245 1665 386 1700 quaeritur
401 1664 438 1692 de
449 1665 521 1699 hoc,
534 1665 617 1700 quod
632 1664 671 1692 ait
684 1674 690 1691 :
706 1665 770 1692 Nz'sc'
785 1665 898 1691 mandu-

127 1713 252 1738 caveritis
266 1720 370 1739 carnem
380 1712 447 1738 Filii
460 1712 585 1743 hominis,
595 1719 647 1737 non
658 1711 790 1737 habebitis
802 1712 895 1737 vitam.

128 1759 169 1784 Ex
182 1757 239 1785 hoc
253 1757 365 1785 videtur
379 1757 461 1793 quod
475 1757 537 1784 sine
549 1757 742 1790 Eucharistia,
753 1756 799 1783 vel
814 1764 898 1783 man-

129 1803 284 1831 ducatione
301 1804 432 1839 corporis
447 1803 578 1836 Domini,
592 1810 654 1829 11οο
669 1804 710 1829 051
724 1802 812 1829 salus.
830 1804 898 1830 item

127 1857 162 1877 ex
181 1850 256 1884 hoc,
271 1850 354 1885 quod
370 1849 486 1885 parvuli
507 1850 539 1884 (b)
554 1848 753 1884 baptizantur,
768 1856 829 1875 non
844 1848 899 1876 sal-

127 1897 243 1923 vantur.
267 1897 337 1923 Item
363 1896 419 1923 soli
445 1895 609 1923 sacerdotes
637 1896 756 1922 sumunt
783 1894 899 1929 sangui-

128 1950 196 1970 nem
212 1951 219 1969 z
237 1950 308 1977 ergo
323 1942 388 1976 alii,
403 1950 464 1970 non
483 1944 644 1976 sumentes,
659 1950 720 1969 non
734 1942 843 1969 habent
861 1942 899 1969 vi-

129 1991 189 2016 tam
204 1991 353 2016 aeternam.
376 1990 408 2016 Et
431 1988 470 2016 ad
489 1988 566 2015 istud
585 1990 664 2023 patet
687 1988 839 2024 responsio
863 1996 899 2015 ex

130 2035 222 2062 dictis.
239 2037 285 2062 Est
298 2035 376 2062 enim
392 2034 594 2069 manducatio,
610 2034 718 2062 scilicet
740 2034 899 2070 spiritualis

129 2089 182 2116 per
196 2081 287 2108 fidem
302 2083 329 2108 et
343 2081 526 2115 charitatem,
543 2081 580 2108 de
597 2089 656 2116 qua
671 2081 710 2108 ait
723 2081 899 2115 Augustinus

129 2127 210 2162 prius
226 2129 236 2145 ³
253 2136 259 2154 :
279 2127 407 2161 «Crede,
427 2129 455 2154 et
474 2126 668 2154 manducasti.
683 2137 695 2152 n
714 2128 746 2153 Et
765 2127 826 2153 sine
844 2127 900 2154 hac

130 2181 191 2201 non
206 2175 248 2201 est
263 2173 351 2201 salus.
373 2175 418 2200 Est
436 2173 494 2200 alia
513 2172 748 2206 sacramentalis,
763 2172 825 2200 sine
840 2180 900 2208 qua

131 2221 226 2254 potest
245 2227 307 2247 esse
326 2219 404 2247 salus
419 2241 428 2254 ,
451 2219 523 2247 dum
542 2219 577 2246 sit
595 2219 721 2255 perfecta
739 2219 829 2253 fides,
846 2227 900 2246 nec

131 2266 166 2293 sit
194 2268 378 2302 contemptus
411 2266 628 2293 sacramentalis
664 2265 900 2293 manducationis

131 2320 186 2347 pro
209 2313 352 2347 tempore.
376 2312 420 2339 Ad
437 2312 519 2339 aliud
539 2312 796 2348 respondendum,
819 2312 901 2347 quod

131 2358 205 2385 sicut
226 2358 342 2393 parvuli
373 2358 521 2385 salvantur
542 2358 571 2385 in
598 2358 657 2385 fide
680 2359 851 2393 parentum,
875 2360 902 2385 01

133 2405 249 2440 corpori
261 2405 385 2440 mystico
400 2404 503 2432 Christi
518 2404 743 2439 incorporantur
757 2406 784 2431 et
795 2403 901 2431 uniun-

132 2452 193 2485 tur,
212 2451 252 2478 sic
275 2451 305 2478 in
324 2451 383 2478 fide
404 2451 523 2478 illorum
542 2450 736 2483 manducant,
758 2452 900 2485 quantum

133 2497 172 2524 ad
185 2497 257 2532 hoc,
272 2497 338 2524 licet
353 2497 383 2524 in
403 2497 444 2524 cis
462 2504 523 2524 non
538 2496 624 2523 suerit
637 2496 758 2523 actualis
775 2496 845 2523 fidei
859 2496 902 2523 in-

133 2542 281 2578 tellectus,
297 2546 324 2571 et
347 2543 455 2571 amoris
476 2542 616 2577 affectus,
635 2542 709 2570 sicut
730 2542 761 2570 in
782 2542 899 2570 adultis.

166 2617 171 2632 ¹
191 2617 266 2647 Aug„
280 2617 322 2640 ubi
337 2624 403 2648 sup„
418 2624 444 2641 n.
461 2618 498 2641 12.
509 2630 539 2634 -
554 2616 690 2646 ²1bid.,u.
708 2617 745 2639 13.
758 2628 788 2632 —
803 2616 811 2629 ³
825 2616 900 2647 Aug„

135 2652 161 2674 in
177 2652 259 2681 loom,
276 2654 346 2676 tract.
366 2658 426 2682 xxv,
443 2659 469 2676 n.
486 2654 523 2677 12.
543 2665 572 2669 -
590 2652 600 2668 ⁴
618 2652 674 2676 vid.
692 2650 794 2681 Collat„
809 2657 902 2676 xxxii-

133 2692 223 2710 ⁴xxxiv.
244 2700 273 2704 —-
293 2688 302 2703 ⁵
318 2687 444 2719 Chysost.,
462 2688 487 2711 in
508 2688 588 2718 loun„
609 2687 680 2711 110111.
700 2692 760 2716 XLV,
778 2687 810 2710 al.
830 2693 900 2716 Χινι,

1661 263 1718 293 355

950 321 993 347 Ad
1008 321 1089 348 aliud
1102 323 1182 357 patet
1195 330 1231 350 ex
1242 323 1339 358 dictis,
1351 325 1433 360 quod
1448 325 1478 352 in
1493 326 1631 354 omnibus
1645 328 1718 355 fide-

950 367 1027 394 libus
1042 370 1084 395 est
1098 370 1225 405 sumptio
1238 370 1388 405 sanguinis
1409 380 1461 406 per
1475 372 1567 400 fidem
1585 375 1613 400 et
1627 374 1721 401 chari-

949 414 1065 441 ritatem
1080 414 1157 442 dicto
1172 416 1281 451 modo,
1297 419 1546 446 sacramentaliter
1563 421 1660 446 autem
1675 428 1720 447 su-

950 459 1038 487 mitur
1053 461 1172 495 sanguis
1193 470 1210 489 a
1231 463 1447 499 sacerdotibus,
1462 473 1516 492 nec
1537 466 1722 501 dispensatur

950 507 1015 534 aliis
1030 510 1225 537 communiter
1236 513 1355 546 propter
1365 512 1528 546 periculum
1541 513 1719 540 evitandum.

951 554 989 580 De
1004 553 1058 580 isto
1073 562 1149 589 pane
1169 556 1235 584 vitae
1257 557 1421 585 secundum
1440 559 1572 586 divinam
1586 561 1722 588 naturam

951 600 979 626 et
1000 601 1163 630 secundum
1184 602 1346 630 humanam
1359 625 1368 637 ,
1391 606 1418 632 et
1437 605 1473 632 de
1493 606 1721 633 manducatione

951 646 1046 673 carnis
1063 647 1125 674 Filii
1145 648 1193 675 Dei
1215 651 1242 676 et
1263 651 1426 685 sanguinis,
1443 653 1522 686 patet
1542 653 1573 679 in
1587 653 1723 680 Collatio-

950 691 1053 726 nibus,
1068 693 1144 721 infra
1160 696 1178 719 ³⁹.
1196 696 1234 722 De
1257 696 1377 724 utilitate
1398 705 1469 725 vero
1491 698 1579 734 huJus
1597 700 1724 727 mandu-

951 739 1072 766 cationis
1087 740 1312 776 Chrysostomus
1324 743 1371 770 hic
1389 744 1514 772 multum
1532 747 1559 772 et
1572 746 1659 781 bene,
1670 747 1722 774 ubi

951 784 990 811 ait
1009 785 1018 800 ⁵
1042 794 1048 812 ;
1071 795 1084 810 «
1103 786 1208 813 volens
1222 808 1230 821 ,
1256 788 1372 824 inquit,
1396 791 1549 818 ostendere
1571 800 1720 828 amorem,

952 838 1041 865 quem
1055 832 1144 860 habet
1168 833 1245 861 circa
1265 843 1336 869 nos,
1351 837 1500 864 remiscuit
1517 838 1646 873 seipsum
1667 847 1722 866 no-

951 876 1006 909 bis,
1019 880 1046 905 et
1056 881 1295 908 recommassavit
1307 889 1414 917 corpus
1426 891 1513 910 suum
1527 884 1557 910 in
1569 892 1623 912 nos
1633 886 1677 920 (c),
1693 888 1724 913 01

951 931 1043 951 unum
1059 925 1131 960 quid
1144 926 1250 953 fiamus
1258 947 1267 961 ,
1284 927 1357 955 sicut
1377 937 1484 964 corpus
1499 930 1585 965 capiti
1601 931 1722 966 copula-

952 973 1045 998 tum.»
1064 974 1095 1000 Et
1110 974 1240 1009 sequitur
1262 985 1268 1001 ε
1287 975 1362 1002 «Hic
1374 977 1492 1011 sanguis
1508 978 1544 1012 (d)
1561 978 1721 1013 imaginem

952 1018 1038 1045 nobis
1044 1023 1181 1054 operatur
1189 1021 1328 1056 regalem,
1335 1022 1382 1049 hic
1392 1023 1641 1058 pulchritudinem
1648 1025 1724 1061 parit

951 1064 1156 1093 incredibilem
1173 1068 1216 1102 (e),
1231 1067 1278 1094 hic
1289 1069 1408 1103 sanguis
1423 1078 1602 1098 marcescere
1617 1071 1722 1099 animae

951 1111 1135 1139 nobilitatem
1145 1120 1206 1140 non
1219 1113 1353 1148 dimittit,
1364 1115 1412 1142 hic
1427 1117 1545 1151 sanguis
1560 1117 1652 1151 abigit
1667 1118 1722 1145 dae-

950 1166 1070 1193 1110005,
1086 1162 1172 1187 vocat
1191 1161 1313 1196 angelos
1333 1162 1371 1190 ad
1388 1170 1458 1197 005,
1474 1163 1521 1190 1110
1536 1164 1655 1198 sanguis
1670 1172 1722 1191 va-

951 1204 1041 1232 dibile
1057 1205 1124 1233 fecit
1148 1207 1264 1234 coelum.
1288 1208 1315 1235 Si
1334 1209 1400 1244 quis
1421 1211 1523 1237 aestum
1541 1211 1668 1246 patitur,
1684 1211 1723 1238 ad

950 1250 1029 1278 hunc
1043 1252 1141 1280 veniat
1154 1253 1275 1288 fontem,
1288 1257 1315 1282 et
1327 1255 1598 1291 resrigeretaestum,
1616 1257 1722 1285 etenim

951 1296 1100 1325 ariditates
1114 1299 1215 1333 solvit,
1231 1300 1378 1328 incentiva
1399 1303 1500 1330 omnia
1522 1303 1643 1338 mitigat.
1659 1314 1672 1329 »
1692 1305 1723 1331 Et

951 1342 991 1369 sic
1006 1343 1043 1370 de
1064 1343 1128 1371 aliis
1146 1345 1260 1380 multis,
1279 1355 1343 1382 quae
1366 1347 1407 1374 ibi
1426 1351 1607 1376 annumerat.
1625 1351 1656 1376 Et
1670 1349 1723 1376 ibi-

953 1388 1021 1416 dem
1048 1389 1084 1417 de
1110 1390 1231 1426 indigne
1253 1393 1459 1421 accedentibus
1479 1395 1519 1422 ait
1540 1404 1546 1422 :
1566 1405 1578 1420 «
1597 1395 1681 1428 Quod
1698 1395 1722 1422 51

951 1435 993 1462 1111
1007 1456 1014 1469 ,
1039 1436 1089 1471 qui
1117 1437 1271 1465 sordidant
1297 1447 1460 1474 purpuram
1484 1441 1615 1475 regalem
1631 1462 1639 1476 ,
1662 1443 1722 1469 tor-

952 1484 1089 1516 quentur,
1104 1483 1196 1511 multo
1221 1485 1314 1519 magis
1329 1485 1381 1520 qui
1396 1485 1517 1520 indigne
1538 1495 1644 1522 corpus
1667 1489 1723 1515 Do-

952 1527 1024 1554 mini
1041 1530 1068 1555 et
1083 1530 1259 1564 sanguinem
1278 1531 1438 1559 manducat
1453 1535 1480 1560 et
1497 1533 1591 1568 bibit,
1609 1535 1649 1561 016
1671 1544 1685 1559 1(
1700 1535 1723 1561 51

951 1574 1017 1609 quis
1029 1574 1145 1602 irritans
1159 1576 1256 1611 legem
1276 1578 1381 1612 Moysis
1400 1579 1540 1613 moritur,
1554 1580 1647 1607 multo
1662 1589 1724 1609 ma-

951 1620 995 1654 gis
1011 1621 1061 1656 qui
1077 1622 1291 1650 conculcaverit
1312 1625 1487 1659 sanguinem
1506 1627 1689 1654 Testamenti.
1706 1638 1719 1653 ι)

951 1668 983 1693 Ε1
997 1667 1037 1693 ibi
1052 1668 1177 1695 multum
1193 1671 1221 1696 et
1233 1669 1309 1697 bene
1324 1670 1361 1697 de
1375 1670 1430 1697 his.
1447 1670 1450 1674 '

987 1715 1031 1740 60.
1041 1715 1072 1741 Et
1080 1715 1210 1749 sequitur
1218 1716 1301 1743 tertia
1311 1717 1466 1752 particula,
1475 1718 1506 1745 in
1518 1718 1721 1755 (1001001500-

952 1759 1088 1794 cificatio,
1099 1760 1151 1787 ubi
1161 1761 1310 1795 praemissa
1322 1765 1389 1790 sunt
1397 1763 1484 1798 dicta,
1497 1764 1538 1791 ibi
1555 1773 1561 1792 ι
1578 1767 1640 1792 Hoec
1648 1765 1723 1792 dimit

954 1807 984 1832 in
998 1814 1146 1840 synagoga,
1161 1809 1216 1834 etc.
1227 1807 1283 1835 Sed
1294 1808 1442 1843 quaeritur,
1457 1818 1548 1845 quare
1562 1811 1602 1838 sic
1613 1811 1724 1846 specifi-

953 1854 1016 1879 cat?
1032 1854 1063 1880 Et
1078 1853 1117 1880 ad
1127 1853 1183 1881 hoc
1197 1855 1355 1890 respondet
1367 1856 1592 1891 chrysostomus
1606 1858 1626 1892 ⁷,
1643 1858 1724 1893 quod

956 1909 969 1923 t<
979 1899 1046 1926 ideo
1058 1900 1115 1927 hoc
1130 1900 1169 1927 ait
1179 1901 1218 1928 ad
1233 1901 1435 1929 denotandam
1449 1903 1677 1931 obstinationem
1691 1904 1725 1931 il-

952 1945 1059 1973 lorum.
1071 1956 1083 1971 »
1102 1948 1133 1974 In
1148 1947 1353 1982 capharnaum
1368 1949 1446 1976 enim
1461 1949 1595 1984 plurimae
1605 1950 1725 1978 virtutes

952 1992 1048 2027 saetae,
1065 1996 1184 2029 propter
1204 2002 1277 2030 quas
1296 1995 1450 2030 oportebat
1465 2004 1533 2024 eum
1547 1997 1654 2032 audiri,
1671 2006 1724 2025 nec

953 2041 1051 2066 tamen
1064 2040 1261 2068 crediderunt.
1279 2043 1349 2069 Item
1360 2042 1370 2058 ⁸
1387 2051 1414 2069 z«
1431 2044 1462 2070 In
1474 2051 1626 2079 synagoga
1641 2044 1727 2072 locu-

953 2087 997 2112 tus
1007 2088 1058 2119 est,
1065 2088 1095 2113 ut
1102 2087 1276 2121 ostenderet,
1284 2088 1366 2123 quod
1372 2096 1432 2116 non
1441 2090 1502 2116 erat
1508 2090 1669 2117 contrarius
1675 2092 1726 2118 Pa-

952 2131 998 2158 tri.
1009 2142 1022 2157 n
1032 2132 1108 2159 Infra
1120 2133 1130 2149 ⁹
1145 2141 1152 2160 :
1165 2143 1178 2158 «
1192 2135 1250 2168 Ego
1267 2142 1382 2170 semper
1393 2135 1481 2162 docui
1491 2135 1521 2162 in
1536 2144 1721 2172 synagoga.»

988 2179 1032 2206 61.
1049 2180 1081 2206 Ε1
1095 2179 1225 2214 sequitur
1240 2183 1344 2215 quarta
1358 2181 1516 2216 particula,
1529 2182 1559 2209 in
1572 2190 1631 2218 qua
1645 2191 1726 2210 scan-

956 2223 1015 2251 dali
1044 2226 1245 2259 quorumdam
1279 2226 1494 2262 discipulorum
1524 2228 1702 2263 specificatio
1715 2250 1724 2264 ‚

954 2270 1014 2298 sive
1040 2273 1291 2300 murmurationis
1318 2275 1350 2300 Et
1365 2273 1405 2300 ibi
1426 2276 1552 2308 quatuor
1576 2284 1582 2302 :
1609 2275 1706 2310 primo
1716 2297 1724 2310 ‚

954 2318 1113 2344 murmuris
1139 2318 1303 2353 praemissio
1324 2328 1332 2353 ;
1361 2320 1491 2347 secundo
1508 2341 1518 2354 ,
1547 2321 1680 2356 ejusdem
1709 2330 1726 2349 a

955 2363 1066 2390 Christo
1090 2363 1286 2399 deprehensio
1301 2386 1309 2399 ,
1333 2367 1361 2392 ct
1385 2365 1524 2394 doctrinae
1542 2367 1684 2402 eruditio,
1700 2370 1727 2395 et

955 2409 1169 2445 discipulorum
1204 2411 1411 2439 scandalizatio
1427 2433 1435 2446 ,
1463 2413 1504 2440 ibi
1525 2423 1533 2440 :
1557 2413 1648 2441 Sciens
1679 2423 1727 2441 au-

957 2458 1023 2491 lem,
1040 2459 1106 2491 etc.;
1124 2458 1206 2485 tertio
1218 2479 1226 2492 ,
1242 2458 1345 2486 Christi
1364 2458 1529 2495 inquisitio,
1542 2462 1570 2488 et
1584 2460 1657 2488 Petri
1669 2469 1727 2488 res-

956 2520 981 2536 n.
1000 2516 1022 2544 3,
1038 2515 1061 2538 4.
1082 2528 1112 2532 -
1132 2515 1140 2528 ⁰
1158 2514 1243 2545 Hebr„
1267 2522 1291 2545 x,
1312 2517 1350 2539 29.
1364 2529 1395 2534 —-
1416 2517 1422 2530 ⁷
1442 2517 1583 2548 Chrysost„
1602 2518 1628 2541 in
1643 2519 1725 2545 101171..

955 2548 1027 2572 hom.
1046 2555 1115 2580 XLVI,
1131 2550 1164 2573 al.
1180 2555 1261 2580 vau,
1276 2557 1302 2575 n.
1319 2553 1340 2574 1.
1358 2564 1387 2570 —
1403 2552 1502 2583 ι’11)111.,
1518 2560 1544 2576 n.
1560 2554 1582 2577 2.
1599 2565 1629 2570 —
1643 2553 1653 2570 ⁹
1669 2553 1726 2582 les„

955 2589 1034 2614 xvm,
1059 2586 1098 2608 20.
1119 2598 1149 2602 --
1170 2585 1204 2615 (a)
1226 2585 1314 2616 Suppl.
1337 2588 1476 2611 seeundum
1500 2587 1676 2619 Augustinum.
1699 2602 1723 2605 -

957 2618 988 2649 (Ιι)
1006 2619 1120 2643 Fortasse
1141 2620 1280 2644 mittendum
1305 2622 1347 2652 qui
1369 2623 1460 2647 solunt.
1478 2636 1509 2640 -—
1525 2625 1555 2653 (c)
1581 2624 1640 2647 Coet.
1666 2623 1726 2647 edit.

956 2662 992 2677 05.
1010 2655 1087 2678 timec.
1103 2657 1173 2685 ἡμᾶς.
1188 2668 1219 2673 —-
1234 2656 1269 2685 (tl)
1285 2657 1425 2688 sanguinis,
1438 2659 1559 2682 mendose.
1576 2672 1606 2676 —
1622 2658 1651 2688 (e)
1668 2659 1727 2689 pul-

955 2689 1073 2714 chritudo
1086 2690 1318 2716 inconstmcuhilis.
