1987 3032
216 226 274 256 102
761 222 970 254 EVANGELH
993 222 1135 255 SANCTI
1156 223 1268 256 LUCAE

219 292 300 323 hanc
322 292 565 332 hospitalitatem
591 291 732 322 salvatus
753 292 810 322 est.
835 289 985 321 Similiter

219 347 249 376 et
264 345 343 376 Loth
362 344 513 376 liberatus
527 347 573 375 est
587 354 606 375 a
621 344 765 376 Sodomis
779 352 835 383 pcr
856 342 988 382 angelos

221 399 360 438 hospitio
375 400 530 438 receptos;
546 400 577 428 ct
594 398 738 428 similiter
753 397 866 428 mulier
880 396 985 428 Suna-

221 452 317 488 mitis,
333 460 389 492 per
404 451 560 488 Eliscum,
581 459 676 490 quem
692 450 826 490 hospitio
849 451 966 490 recepit
979 474 986 488 ‚

221 507 251 536 et
263 505 373 535 habuit
389 504 528 544 prolem,
543 513 616 535 cum
631 506 712 535 esset
725 504 840 534 sterilis
850 528 859 542 ,
877 506 907 535 et
921 507 990 544 post

221 558 306 588 filius
320 559 389 596 ejus
403 566 421 587 a
435 558 570 587 mortuis
579 557 746 588 suscitatus
758 559 815 588 est.
825 556 862 588 Et
876 558 990 588 mulier

223 611 413 650 Sareptana,
439 610 637 650 suscipiendo
666 610 785 649 Etiam,
812 611 990 651 periculum

222 664 313 694 famis
329 665 437 694 evasit.
454 663 492 694 Et
511 663 732 694 universaliter
751 664 803 703 qui
821 664 992 704 hospitales

222 718 363 754 fuerunt,
381 716 522 747 divinam
539 717 676 755 gratiam
691 717 795 756 adepti
806 719 890 754 511111,
903 718 989 757 quia,

223 770 305 800 sicut
328 769 443 800 dicitur
468 771 475 787 ¹
503 777 511 799 :
541 780 555 797 «
576 769 728 800 Dominus
747 772 832 800 amat
848 771 992 810 peregri·

224 832 320 860 num,
346 824 376 853 et
400 823 452 852 dat
475 822 504 852 ei
525 822 645 853 victum
667 825 761 862 atque
785 823 948 854 vestitum.
973 834 988 852 »

226 876 314 907 Unde
329 876 361 906 in
377 875 594 906 Pt·overbie's²:
617 887 631 903 «
646 875 831 906 Foeneratur
848 876 991 915 Domino,

226 929 280 969 qui
297 929 466 959 miseretur
480 929 639 968 pauperis.
656 940 670 956 >)

265 981 381 1018 Tertio,
407 983 563 1021 quantum
579 982 617 1012 ad
632 981 920 1012 murmurationem
937 991 992 1022 po-

225 1034 292 1074 puli
314 1034 466 1074 perversi,
484 1033 590 1065 subdit
607 1034 653 1072 (v.
676 1034 712 1073 7)
733 1045 739 1064 :
759 1034 890 1065 Etcum
907 1034 994 1066 vide-

227 1091 297 1118 rent
313 1096 438 1124 onmes,
460 1086 575 1117 scilicet
596 1087 687 1117 oculo
705 1087 815 1126 judicii
831 1088 994 1127 perversi,

228 1140 264 1170 de
279 1149 343 1180 quo
359 1140 472 1170 dicitur
487 1142 498 1158 3
515 1150 522 1169 :
545 1151 559 1168 «
574 1139 663 1171 Sicut
681 1142 862 1179 prospector
885 1140 996 1171 videns

227 1202 334 1223 casum
361 1193 499 1232 proximi
524 1193 573 1223 sui
602 1204 608 1223 ε
636 1193 719 1223 bona
744 1193 830 1223 enim
854 1194 887 1223 in
914 1194 998 1224 mala

229 1248 414 1276 convertens
436 1246 601 1277 insidiatur
613 1270 622 1283 ,
639 1248 670 1276 et
688 1246 721 1276 in
737 1246 842 1276 electis
857 1246 998 1286 imponet

229 1299 395 1329 maculam.
426 1310 440 1327 ›)
473 1298 510 1329 Et
534 1299 609 1338 quia
630 1299 667 1329 ad
697 1299 818 1329 malum
841 1299 998 1338 judicium

229 1352 373 1392 sequitur
388 1360 547 1389 murmur,
565 1352 636 1382 ideo
651 1351 757 1382 subdit
779 1361 787 1382 ε
810 1352 999 1383 Murmura-

229 1406 314 1443 bant,
330 1405 467 1436 (licentes
477 1405 566 1445 quod
577 1404 623 1435 ‹ch
634 1404 794 1435 hominem
799 1408 1000 1444 peccatorem

230 1459 404 1489 divertisset
430 1467 441 1488 .·
475 1467 606 1488 susurro
634 1457 724 1488 verbi
762 1457 879 1494 dolosi,
916 1457 1000 1496 quod

230 1511 321 1542 valde
348 1511 516 1542 vitandum
544 1513 611 1548 est,
643 1509 820 1540 secundum
846 1509 925 1540 illud
951 1510 960 1525 ⁶
992 1521 998 1540 :

235 1577 250 1594 (ι
265 1564 423 1596 Custodite
437 1573 493 1595 vos
509 1573 527 1594 a
546 1564 800 1594 murmuratione
825 1572 897 1603 quae
921 1562 1003 1593 nihil

231 1618 374 1658 prodest,
392 1620 421 1648 et
435 1627 454 1648 a
477 1617 670 1648 detractione
694 1617 811 1656 parcite
832 1616 968 1655 linguas.
983 1628 998 1645 »

232 1671 298 1702 Hoc
320 1673 427 1702 autem
451 1680 598 1701 murmur
622 1670 761 1700 multum
785 1670 926 1710 displicet
942 1670 1004 1700 Deo

233 1734 289 1766 per
303 1734 431 1756 omnem
453 1724 596 1755 modum.
615 1723 687 1754 ideo
710 1723 824 1754 dicitur
839 1725 849 1741 ⁵
866 1733 872 1752 z
895 1734 909 1749 «
925 1723 1006 1759 Quid

234 1779 453 1810 murmuravit
466 1778 562 1809 homo
583 1777 712 1814 vivens,
736 1777 785 1807 vir
800 1785 857 1816 pro
875 1778 1007 1816 peccatis

236 1833 319 1864 suis?
343 1843 356 1861 >³
374 1832 431 1862 Hic
445 1834 552 1862 autem
575 1830 712 1870 populus
734 1838 859 1870 semper
875 1830 1009 1861 libenter

237 1885 470 1923 murmuravit,
489 1884 571 1915 sicut
585 1883 688 1914 omnis
702 1883 911 1921 congregatio
926 1882 1006 1913 filio-

238 1948 312 1970 rum
341 1938 436 1968 Israel
461 1939 571 1968 contra
596 1936 746 1975 Moysen,
774 1937 804 1965 et
831 1935 937 1966 Aaron
959 1936 969 1952 ‘⁵
999 1946 1005 1965 z

244 2007 258 2025 (1
274 1996 383 2026 Ortum
398 1996 445 2025 est
465 2002 615 2024 murmur
639 1991 747 2032 populi
771 1994 879 2022 contra
902 1992 1009 2022 Domi-

241 2058 333 2080 num.
350 2060 364 2077 ))
383 2049 421 2079 Et
436 2048 505 2079 ideo
520 2047 634 2077 dicitur
649 2049 658 2065 ⁷
679 2058 685 2076 :
709 2057 723 2074 1(
737 2045 845 2085 Neque
860 2054 1011 2076 murmu-

242 2102 403 2139 raveritis,
421 2102 501 2131 sicut
517 2100 647 2140 quidam
663 2108 773 2130 corum
791 2108 1014 2130 murmurave-

243 2158 336 2194 runt,
355 2157 385 2186 et
400 2155 562 2195 perierunt
586 2153 625 2183 ab
647 2152 904 2191 exterminatore.
932 2163 945 2179 »
977 2152 1015 2183 fit

245 2219 331 2242 nunc
346 2207 592 2240 murmurabant
607 2208 715 2237 contra
729 2206 912 2236 Dominum.
931 2205 968 2236 Et
982 2206 1015 2236 in

245 2264 304 2294 hoc
319 2264 460 2302 figuram
477 2261 631 2301 gerebant
645 2259 729 2290 illius
746 2259 850 2297 gentis
866 2267 1013 2289 murmu-

247 2317 346 2347 rantis
360 2318 468 2346 contra
488 2314 668 2352 Dominum,
684 2313 759 2353 quia
775 2313 911 2352 suscepit
934 2321 1015 2351 gen-

247 2372 305 2400 tes.
325 2369 411 2399 Unde
426 2368 535 2398 Glossa
555 2367 629 2398 dicit
654 2378 660 2396 z
688 2378 703 2395 «
728 2366 928 2397 Manifestum
951 2368 1014 2403 est,

248 2422 373 2454 Judaeos
396 2430 519 2460 semper
541 2421 642 2451 odisse
658 2421 786 2459 gentem
799 2442 808 2456 ,
825 2419 875 2449 vel
891 2428 954 2449 non
968 2419 1016 2448 iu-

250 2475 404 2506 tellexisse
423 2474 568 2505 salutem.
593 2484 607 2501 ))
633 2473 720 2504 Unde
736 2474 766 2503 01
786 2472 937 2503 adversus
958 2471 1015 2502 Pe-

282 2544 287 2559 t
308 2543 390 2571 brut„
409 2548 434 2570 x,
453 2543 487 2564 ts.
509 2553 539 2557 —
553 2541 563 2556 2
579 2542 658 2567 Pron..
674 2546 729 2569 xm,
753 2540 834 2562 1Ἶ.-
846 2539 855 2554 3
875 2538 960 2567 Eccli.,
976 2544 1016 2568 xx,

251 2579 374 2602 32—33.-
388 2576 397 2591 ⁵
412 2576 511 2604 Sap.,1,
527 2577 561 2598 lt.
573 2588 601 2592 —
614 2575 624 2590 ⁸
639 2574 737 2600 Tmen..
754 2580 799 2603 111,
815 2576 853 2597 39.
865 2587 891 2590 -
909 2574 918 2587 ¹³
932 2573 1018 2603 Nam„

250 2616 368 2644 11,1.—
387 2613 393 2625 ⁷
415 2612 506 2639 lewa,
522 2617 546 2640 x,
571 2612 605 2633 ευ.
619 2623 649 2626 -
664 2612 671 2621 1
687 2612 750 2640 Act„
770 2611 845 2637 x1,3.
868 2623 898 2627 —
912 2612 920 2623 υ
943 2609 1018 2639 thid„

250 2657 308 2678 xni,
326 2650 364 2673 16.
382 2661 412 2666 -
428 2648 448 2664 ¹⁰
465 2647 522 2676 Ista,
540 2652 610 2674 Lvui,
627 2648 649 2669 7.
665 2658 696 2662 -—
714 2646 729 2661 ¹¹
749 2646 848 2673 Matar,
868 2652 921 2674 xxi,
940 2647 975 2669 13.
988 2658 1018 2662 -

253 2688 271 2704 ¹²
286 2686 352 2710 Psal.
369 2690 393 2715 v,
410 2683 532 2708 8.-131
557 2681 629 2711 Tim„
644 2686 684 2711 111,
701 2682 738 2704 15.
754 2694 783 2698 —
798 2681 817 2697 ¹4
831 2681 899 2704 Psul.
914 2687 976 2711 xcii,
994 2683 1018 2705 5.

1044 292 1128 321 trum
1143 290 1257 321 dicitur
1279 291 1290 307 ⁶
1310 300 1318 322 ε
1348 303 1362 321 <1
1385 290 1486 328 Quare
1508 291 1642 322 introisti
1664 291 1705 322 ad
1725 290 1813 322 viros

1045 343 1239 383 praeputium
1253 344 1422 375 habentes?
1438 355 1452 373 ι)
1473 344 1602 384 Propter
1617 343 1701 384 quod
1719 343 1812 374 intel-

1044 396 1228 435 ligendum,
1246 398 1326 428 sicut
1349 399 1535 437 praetactum
1557 400 1623 435 051,
1651 396 1736 436 quod
1755 405 1813 436 per

1045 449 1226 488 ingressum
1251 450 1365 480 Christi
1381 451 1412 480 in
1431 450 1562 481 domum
1584 450 1705 481 Zachaei
1722 450 1814 490 prin-

1046 503 1122 542 cipis
1137 503 1378 542 publicanorum
1397 503 1586 542 intelligitur
1601 505 1671 543 ejus
1686 503 1815 542 ingres-

1047 565 1102 585 sus
1116 555 1148 585 in
1172 555 1341 585 Ecclesiam
1366 555 1532 593 gentium,
1557 565 1576 586 a
1599 565 1662 595 qua
1682 555 1816 587 libenter

1047 610 1210 648 susceptus
1234 610 1291 638 cst.
1318 607 1390 638 Ideo
1405 607 1547 638 Christus
1564 608 1643 638 dixit
1667 607 1816 647 Zachaeo,

1048 664 1083 691 ut
1096 661 1297 692 descenderet
1311 660 1348 690 ad
1366 660 1574 691 humilitatem
1586 683 1594 697 ,
1610 660 1686 700 quia
1700 669 1816 701 oppor-

1049 717 1164 745 tunum
1187 716 1254 744 erat
1277 713 1363 752 quod.
1386 713 1418 744 in
1442 713 1536 744 domo
1561 714 1630 753 ejus
1654 716 1817 752 maneret,

1050 776 1216 808 synagoga
1233 767 1395 797 deserente
1410 766 1505 797 tidem
1517 768 1528 785 ⁹
1545 775 1553 797 :
1580 777 1594 795 «
1617 765 1714 797 Vobis
1727 775 1821 806 opor-

1051 822 1136 852 tebat
1149 821 1290 861 primum
1313 820 1400 859 loqui
1415 820 1550 851 verbum
1567 820 1636 857 Dei;
1661 820 1717 850 sed
1739 828 1821 860 quo-

1052 875 1138 905 niam
1163 873 1313 913 repellitis
1335 873 1431 910 illud,
1447 875 1477 903 01
1496 872 1644 912 indignos
1662 881 1721 904 vos
1731 873 1822 912 judi-

1052 927 1129 957 catis
1155 929 1282 957 aeternae
1311 926 1385 956 vitae
1396 949 1406 964 ,
1435 934 1504 956 0000
1537 925 1754 956 convertimur
1782 925 1823 956 ad

1051 982 1172 1020 gentes
1186 990 1201 1007 n
1816 996 1821 998 >

1093 1032 1129 1063 Et
1145 1034 1219 1063 nota
1230 1032 1314 1072 quod
1327 1032 1455 1070 domus,
1472 1031 1506 1062 in
1519 1040 1582 1071 qua
1598 1030 1742 1062 Christus
1764 1039 1821 1070 op-

1052 1088 1187 1126 portune
1212 1087 1337 1123 manet,
1355 1087 1401 1115 est
1415 1085 1613 1124 septiformis.
1637 1084 1746 1116 Prima
1759 1084 1824 1115 sci-

1053 1140 1124 1170 licet
1143 1142 1188 1170 est
1212 1139 1326 1169 domus
1347 1138 1551 1169 habitationis
1575 1137 1766 1176 materialis,
1789 1138 1826 1168 in

1053 1202 1115 1233 qua
1130 1194 1236 1222 manet
1250 1192 1282 1221 in
1295 1200 1429 1231 persona
1445 1191 1592 1231 pauperis
1606 1192 1627 1210 ¹⁰
1644 1201 1651 1222 z
1667 1202 1682 1220 «
1699 1190 1825 1230 Frange

1054 1246 1204 1277 esurienti
1221 1255 1335 1285 panem
1351 1248 1460 1283 tuum,
1479 1248 1510 1276 et
1526 1254 1646 1285 egenos
1659 1254 1825 1285 vagosque

1055 1300 1149 1330 induc
1164 1299 1198 1329 in
1212 1299 1343 1329 domum
1365 1300 1455 1328 tuam
1468 1322 1475 1336 ‚
1492 1310 1506 1327 »
1535 1301 1593 1329 etc.
1619 1298 1765 1330 Secunda
1779 1300 1827 1330 est

1055 1352 1169 1383 domus
1184 1351 1320 1382 basilicae
1336 1350 1524 1389 materialis,
1540 1352 1574 1381 in
1589 1360 1652 1391 qua
1671 1353 1778 1382 manet
1791 1351 1826 1382 in

1056 1406 1252 1435 sacramento
1269 1404 1408 1435 1111111115Η
1427 1414 1434 1435 :
1456 1416 1470 1433 (ι
1485 1404 1603 1435 Ι)0111115
1623 1412 1693 1434 mea
1712 1403 1826 1435 domus

1056 1458 1208 1488 orationis
1222 1458 1398 1488 vocabitur.
1417 1468 1431 1486 1)
1457 1457 1495 1488 Et
1513 1458 1534 1475 ¹²
1558 1466 1566 1488 z
1594 1468 1608 1486 «
1630 1457 1768 1488 Introibo
1792 1457 1829 1487 in

1057 1510 1188 1541 domum
1206 1513 1312 1548 tuam,
1334 1521 1348 1538 1)
1373 1513 1432 1541 010.
1449 1510 1554 1541 Tertia
1568 1511 1615 1541 est
1629 1509 1742 1541 domus
1765 1509 1828 1540 Ec-

1058 1564 1159 1594 clesice
1176 1564 1339 1594 militantis
1352 1587 1360 1601 ,
1376 1564 1408 1594 in
1424 1572 1487 1603 qua
1500 1565 1607 1594 manet
1621 1564 1655 1594 in
1678 1563 1830 1594 membris

1060 1617 1126 1648 suis
1141 1617 1161 1633 ¹³
1179 1628 1185 1648 :
1203 1628 1217 1646 α
1234 1617 1308 1648 Haec
1323 1617 1380 1647 tibi
1397 1617 1509 1655 scribo,
1527 1617 1584 1655 fili,
1600 1619 1638 1647 ut
1654 1617 1734 1647 scias
1747 1625 1830 1656 quo-

1061 1670 1155 1701 modo
1171 1672 1313 1710 oporteat
1329 1672 1358 1701 tc
1374 1671 1406 1700 in
1421 1670 1515 1701 domo
1539 1670 1741 1708 conversari,
1757 1677 1831 1710 quae

1061 1726 1108 1754 est
1122 1723 1258 1754 Ecclesia
1279 1723 1332 1754 Dei
1348 1724 1412 1754 vivi
1431 1724 1508 1762 (a).1›
1528 1723 1645 1760 Quarta
1657 1726 1704 1754 est
1717 1722 1832 1754 domus

1062 1777 1143 1808 uteri
1158 1777 1340 1817 virginalis,
1357 1777 1388 1806 in
1404 1786 1467 1816 qua
1482 1777 1598 1807 mansit
1615 1776 1652 1815 (b)
1677 1785 1733 1816 per
1747 1784 1834 1816 prae-

1063 1831 1197 1861 sentiam
1226 1831 1329 1861 carnis
1354 1832 1375 1849 ¹³
1400 1842 1407 1860 2
1429 1842 1443 1859 α
1467 1830 1602 1861 Domum
1629 1831 1719 1860 tuam
1746 1829 1835 1860 decet

1065 1884 1241 1915 sanctitudo
1267 1886 1300 1914 in
1328 1884 1562 1923 longitudinem
1593 1883 1627 1922 (c)
1653 1883 1789 1914 dierum.
1814 1892 1830 1910 1>

1067 1937 1182 1974 Quinta
1205 1940 1250 1968 051
1273 1937 1386 1968 (10111115
1411 1937 1609 1967 conscientia?
1632 1935 1779 1974 mundae,
1802 1935 1836 1966 in

1066 2000 1130 2030 qua
1145 1992 1250 2020 manet
1264 1990 1376 2030 spiritu
1390 1990 1563 2020 sanctitatis
1580 1990 1599 2006 ¹⁵
1617 2000 1650 2020 z«
1664 1989 1788 2020 intrans
1802 1989 1837 2019 in

1067 2044 1199 2075 domum
1215 2052 1319 2074 meam
1335 2043 1557 2083 conquiescam
1580 2051 1654 2073 cum
1676 2042 1750 2080 illa,
1771 2051 1838 2073 non

1068 2098 1153 2128 enim
1178 2097 1273 2127 habet
1295 2096 1559 2134 amaritudinem,
1585 2107 1599 2124 ))
1627 2098 1686 2126 etc.
1713 2095 1751 2126 Et
1778 2096 1837 2126 ite-

1069 2161 1142 2183 rum
1159 2151 1179 2167 ¹⁶
1196 2162 1202 2181 ε
1223 2162 1237 2180 (1
1257 2150 1419 2181 Praeeurre
1431 2149 1518 2189 prior
1532 2149 1564 2178 in
1580 2148 1712 2179 domum
1729 2150 1817 2179 tuam
1828 2172 1836 2186 ,

1070 2210 1100 2239 et
1114 2207 1178 2237 illic
1192 2214 1339 2243 avocare,
1358 2206 1388 2236 et
1404 2204 1465 2234 illic
1480 2204 1570 2242 lude,
1583 2206 1614 2234 et
1629 2213 1690 2243 age
1705 2212 1837 2244 concep·

1070 2262 1171 2292 tiones
1194 2262 1274 2290 tuas.
1301 2270 1315 2287 »
1340 2257 1436 2289 Sexta
1459 2258 1574 2288 domus
1597 2259 1644 2287 051
1668 2257 1840 2297 Scripturae

1072 2324 1168 2345 sacrae
1179 2338 1187 2353 ,
1204 2315 1236 2344 in
1251 2322 1314 2353 qua
1329 2314 1434 2343 manet
1453 2312 1486 2342 in
1502 2311 1622 2342 lumine
1637 2311 1776 2342 veritatis
1791 2311 1812 2330 ¹¹¹
1829 2321 1837 2341 t

1077 2381 1090 2398 a
1106 2368 1187 2399 Deus
1207 2368 1240 2397 111
1255 2365 1402 2397 domibus
1415 2366 1485 2404 ejus
1509 2366 1718 2403 cognoscetur
1729 2387 1738 2402 ‚
1764 2372 1840 2394 cum

1072 2421 1221 2460 suspiciet
1234 2429 1316 2450 eam.
1329 2430 1342 2447 ι)
1365 2419 1399 2449 lit
1413 2419 1434 2438 ’ὃ
1450 2429 1457 2448 2
1475 2417 1657 2457 «Sapientia
1669 2417 1840 2448 aedifieavit

1072 2474 1129 2503 sibi
1145 2474 1287 2510 domum,
1304 2472 1419 2503 excidit
1429 2471 1593 2502 columnas
1605 2472 1737 2510 septem,
1750 2481 1765 2498 ι)
1779 2472 1838 2502 010.

1072 2576 1102 2580 --
1116 2563 1134 2579 ¹⁵
1150 2562 1200 2592 Sap
1212 2579 1218 2589 ,
1235 2567 1295 2590 vni,
1313 2562 1346 2584 16.
1362 2573 1392 2577 -
1405 2559 1426 2575 ¹'⁴·
1439 2558 1527 2588 Ecca„
1541 2563 1622 2588 xxxxi,
1641 2559 1675 2582 15.
1690 2571 1722 2574 —
1736 2558 1754 2574 1'
1772 2558 1839 2582 Psal.

1074 2603 1153 2627 van,
1171 2599 1192 2620 4.
1207 2610 1237 2613 —
1252 2597 1270 2612 ¹³
1286 2596 1417 2624 P1·ov.,1x,
1435 2596 1455 2618 1.

1107 2645 1137 2674 (a)
1155 2644 1216 2667 Cret.
1232 2642 1292 2666 edit.
1307 2642 1372 2666 deest
1389 2641 1441 2666 Dei.
1457 2653 1487 2658 —
1503 2640 1538 2671 (b)
1555 2639 1615 2663 Caee.
1629 2639 1689 2664 edit.
1703 2641 1798 2664 manet.
1812 2652 1842 2658 —

1076 2681 1103 2710 (c)
1119 2680 1179 2704 leem
1194 2678 1359 2709 longitudine.

1976 673 1987 1088 *A———n-un
1976 622 1987 661 1.-
