1987 3032
155 183 214 212 438
683 186 894 218 EVANGELII
917 187 1058 220 SANCTI
1081 188 1096 220 J
1099 189 1205 222 OANN
1210 191 1243 222 tS

191 248 235 275 19.
251 249 284 277 Et
297 248 398 278 subdit
411 250 555 279 rationem
566 252 654 287 hujus
667 252 853 281 revelationis
865 254 926 282 sive

156 293 372 324 denudationis.
389 297 493 325 Amodo
508 298 545 334 (a)
561 299 620 326 dico
634 299 724 334 vobis,
742 302 772 327 ut
791 301 923 335 credatis,

155 341 221 374 quia
239 348 284 375 eqo
298 348 366 376 sum,
386 343 495 371 seilicet
508 344 572 378 ille,
586 345 623 372 de
639 353 699 381 quo
714 346 766 374 illa
780 347 927 382 Scriptura

155 386 287 422 loquitur
300 387 332 415 in
353 390 468 417 Psalmo.
490 392 522 418 Et
539 390 596 418 hoc
610 391 666 425 ait,
683 401 696 417 κ
712 392 869 420 ostendens
884 393 926 421 illi

155 433 272 469 misero,
294 435 403 464 scilieet
425 436 522 472 Judoe,
547 438 578 464 ut
601 438 640 466 ait
663 439 889 475 Chrysostomus
905 443 924 476 ¹,

155 481 298 515 quoniam
312 489 373 509 non
388 482 527 517 ignorans
542 485 816 521 comprehenditur;
832 487 885 515 sed
900 490 926 515 ct

155 527 242 555 valde
261 528 372 563 sciens,
396 531 423 557 et
446 530 529 565 quod
549 532 577 558 et
598 531 697 568 ipsum
718 533 846 561 maxime
861 542 925 562 om-

154 573 237 601 nium
250 574 396 602 sufficiens
419 578 481 604 erat
500 577 629 606 detinere
643 586 729 614 eum,
752 579 861 607 scilieet
880 582 927 608 Ju-

155 619 240 655 dam,
255 629 273 649 a
286 621 463 657 proditione.
479 624 511 651 Et
525 632 586 652 non
608 625 681 653 dixit
695 635 703 652 ε
719 626 848 654 Tradidit
862 635 924 662 me,

154 667 206 695 sed
228 677 234 695 :
256 668 380 704 Levavtt,
405 672 471 705 ete„
489 671 736 708 calcitrationem,
758 675 784 701 et
804 674 925 708 dolum,

155 715 182 741 et
195 713 345 750 fraudem,
357 718 385 743 et
397 717 621 746 occultationem
635 719 808 748 insidiarum
823 728 927 756 reprae-

155 763 268 789 sentare
283 762 396 790 volens.
413 773 427 790 »
446 766 508 793 Haec
523 765 583 793 ille.
604 768 635 794 Et
650 767 793 803 quoniam
813 776 847 795 ex
863 768 925 795 dic-

155 809 190 836 tis
204 812 322 845 possent
342 812 505 840 contristari
530 813 682 850 discipuli,
702 815 870 843 consolatus
885 818 927 843 est

156 863 206 883 eos
220 855 321 884 dicens
337 858 374 892 (v.
391 859 435 893 20)
452 868 459 886 ε
485 865 571 887 Amen
586 861 644 888 clz'co
668 862 740 889 uobis
762 871 768 889 :
791 864 839 896 qui
858 864 926 889 acci-

154 903 210 937 pit,
227 905 294 937 etc„
310 903 383 932 sicut
403 905 553 934 continuat
569 907 793 943 chrysostomus
809 910 828 935 ⁹.
846 909 926 936 Unde

154 949 258 984 quoerit
271 949 312 977 ibi
326 959 334 978 :
351 960 364 977 ι(
375 952 442 984 Quae
453 954 495 980 est
507 954 717 989 consequentia
730 955 811 982 istius
826 955 926 983 litterae

154 997 193 1024 ad
229 998 378 1033 praemissa
406 999 506 1027 dieta?
530 1010 542 1025 η
580 1002 612 1028 Et
638 1002 810 1037 respondet,
844 1003 926 1038 quod

154 1043 246 1072 multa
265 1046 306 1071 est
327 1046 538 1082 consequentia
555 1057 561 1074 ι
586 1048 656 1083 quia
675 1048 753 1075 enim
778 1049 927 1077 debebant

156 1090 252 1124 exire,
272 1091 382 1119 scilieet
401 1092 439 1120 ad
454 1093 690 1128 praedicandum,
707 1097 734 1122 et
748 1097 880 1129 versuta,
896 1096 927 1123 id

155 1138 211 1172 est,
228 1137 368 1166 terribilia
382 1139 458 1174 pati,
479 1140 647 1168 consolatur
663 1149 712 1169 eos
732 1141 850 1170 duobus
865 1151 926 1170 mo-

155 1183 217 1218 dis,
233 1183 342 1211 scilicet
356 1192 373 1212 a
387 1185 499 1221 seipso,
524 1189 555 1214 ut
568 1187 711 1215 haberent
730 1196 799 1215 eum
820 1188 850 1216 in
865 1197 927 1216 me-

154 1230 263 1264 moria,
286 1232 313 1258 et
327 1231 365 1258 ab
385 1231 464 1266 aliis,
489 1234 520 1260 ut
538 1241 640 1260 eorum
664 1235 849 1269 providentia
869 1236 927 1263 illis

153 1279 319 1312 procurent.
341 1278 478 1306 Omnium
493 1280 572 1307 enim
587 1281 628 1307 eis
642 1281 755 1316 aperuit
773 1282 888 1310 domos,
908 1276 922 1308 'n

154 1324 216 1351 llaec
243 1323 301 1351 ille.
328 1326 367 1351 Ex
389 1324 453 1360 ipsa
477 1326 509 1361 (b)
535 1326 612 1354 enim
635 1327 690 1355 hac
712 1329 925 1364 promissione,

154 1370 237 1405 quod
252 1371 303 1406 qui
318 1372 480 1408 reciperent
498 1373 564 1408 illos
583 1374 687 1402 missos
711 1375 748 1402 ad
762 1376 925 1411 praedican-

156 1416 239 1449 dum,
248 1417 346 1452 ipsum
359 1418 446 1446 etiam
458 1419 630 1455 reciperent,
639 1422 811 1456 provocavit
824 1430 928 1450 omnes

154 1463 193 1490 ad
201 1471 250 1490 eos
258 1464 442 1499 recipiendos
450 1466 460 1482 ⁸
473 1474 479 1492 :
490 1475 502 1491 «
511 1467 563 1499 Qui
575 1475 628 1494 vos
637 1468 748 1503 recipit,
755 1477 801 1496 me
812 1470 925 1505 reeipit3

155 1511 182 1537 et
197 1510 248 1545 qui
262 1510 365 1546 recipit
384 1512 560 1547 prophetam
582 1513 613 1540 in
627 1515 745 1541 nornine
760 1516 927 1551 prophetae,

154 1557 322 1584 mercedem
350 1558 500 1593 prophetae
526 1560 655 1595 recipiet.
683 1571 695 1586 n
727 1562 818 1597 Super
846 1558 928 1598 (juod

155 1603 309 1638 Gregorius
321 1612 327 1630 :
346 1614 358 1629 ι(
372 1605 441 1638 Qui,
455 1605 565 1641 inquit,
577 1606 748 1634 alimentum
758 1608 928 1644 prophetie,

154 1651 275 1685 propter
288 1650 345 1677 hoc
368 1651 451 1686 quod
470 1653 614 1687 propheta
638 1655 692 1687 cst,
718 1654 833 1688 tribuit,
858 1663 928 1690 pro-

155 1696 260 1731 phetiae
273 1696 350 1724 illius
361 1697 437 1725 vires
453 1698 492 1725 ad
503 1698 688 1734 loquendum
699 1700 794 1734 dedit,
809 1703 837 1728 et
847 1702 928 1737 apud

110 1747 111 1750 ’
157 1742 313 1770 Dominum
327 1744 488 1779 prophetiza
501 1744 622 1772 habebit
633 1747 760 1781 proemia.
778 1757 790 1772 »
802 1746 812 1762 ⁸
831 1757 843 1773 ι(
859 1748 928 1781 Qui-

157 1797 284 1825 cumque
298 1797 348 1817 vos
362 1798 423 1817 non
437 1794 624 1826 receperunt,
637 1793 760 1821 excutite
775 1794 929 1829 pulverem

158 1837 194 1864 de
213 1837 341 1872 pedibus
364 1837 465 1865 vestris
489 1839 519 1865 in
542 1839 740 1867 testimonium
768 1841 835 1868 illis.
858 1852 872 1868 ›>
898 1844 930 1869 Et

158 1883 243 1919 quasi
265 1883 354 1911 idem.
380 1886 483 1919 Magna
502 1893 573 1920 ergo
594 1886 750 1921 promissio
771 1888 930 1924 suscipien-

159 1931 235 1958 tibus
253 1931 357 1957 missos
377 1938 394 1958 a
413 1931 484 1958 Filio
505 1931 574 1959 Dei:
601 1933 670 1967 quia
691 1933 741 1968 qui
763 1934 835 1961 tales
858 1935 929 1962 reei-

158 1977 255 2012 piunt,
282 1979 309 2004 et
330 1977 426 2013 ipsum
450 1979 539 2005 Deum
559 1979 715 2015 recipiunt.
740 1981 827 2014 Quia,
844 1984 876 2009 ut
891 1983 930 2009 ait

159 2024 334 2059 Augustinus
353 2024 373 2058 ⁵,
399 2034 411 2049 ι(
434 2024 463 2051 in
488 2033 522 2052 eo
546 2026 597 2061 qui
618 2026 748 2061 mittitur,
774 2028 930 2056 auctoritas

161 2070 297 2098 mittentis
313 2070 546 2098 commendatur.
559 2082 572 2097 »

194 2119 238 2144 21.
253 2119 284 2144 Et
298 2117 430 2152 sequitur
445 2117 626 2146 denuntiatio
643 2120 687 2146 vel
702 2119 827 2148 detectio
845 2121 930 2148 tradi-

161 2163 230 2191 toris
249 2164 344 2199 magis
359 2164 388 2191 in
403 2164 537 2199 speciali,
554 2165 595 2192 ibi
609 2175 615 2192 ι
640 2167 704 2193 Cum
726 2167 779 2194 hoec
800 2167 929 2202 clz'aez'sset,

161 2211 282 2237 turbatus
310 2213 363 2244 est,
391 2212 444 2238 etc.
470 2212 501 2238 Et
526 2211 578 2239 illa
602 2212 631 2239 in
661 2214 788 2248 quatuor
805 2215 902 2249 partes
922 2223 928 2241 :

160 2256 271 2291 primo,
294 2257 358 2292 ipsa
388 2256 511 2284 detectio
540 2257 600 2284 sive
628 2258 767 2287 revelatio
792 2259 877 2294 signo
904 2262 931 2288 et

160 2302 267 2337 verbo;
283 2303 430 2337 secundo,
446 2303 659 2339 discipulorum
679 2305 819 2333 haesitatio
840 2308 867 2334 et
888 2306 930 2334 in-

161 2348 289 2385 quisitio,
305 2349 345 2375 ibi
358 2350 368 2365 ⁶
385 2350 577 2384 :Aspz‘ctebant
592 2359 659 2385 erqo,
672 2353 740 2385 etc.;
759 2353 853 2388 tertio,
871 2354 930 2382 Sal-

161 2396 270 2424 vatoris
284 2397 436 2432 responsio
446 2418 455 2432 ,
472 2399 498 2425 et
508 2398 635 2433 amplior
650 2399 833 2435 certificatio,
853 2401 894 2429 ibi
904 2403 927 2429 ⁷:

192 2458 198 2471 ¹
221 2457 362 2488 Chrysost„
384 2457 425 2481 uhi
447 2465 513 2488 sup„
534 2466 559 2483 u.
578 2461 600 2483 2.
622 2472 651 2477 —
673 2461 681 2474 '-'
702 2461 835 2488 td.‚h01n.
858 2468 928 2494 Lxxi,

161 2492 193 2516 al.
214 2498 299 2522 Lxxu,
318 2498 344 2516 n.
365 2494 386 2516 1.
402 2505 432 2509 --
447 2493 455 2506 ³
474 2494 574 2524 Mattlz„
592 2502 623 2524 x,
639 2496 676 2519 40.
691 2508 722 2513 —
736 2496 745 2512 ⁴
760 2497 885 2528 Luc.,1x,
905 2500 927 2522 5.

160 2541 190 2546 -·
207 2527 218 2544 ⁸
233 2529 306 2559 Aug„
324 2528 367 2551 ubi
382 2535 448 2558 sup„
463 2535 488 2552 n.
505 2530 528 2553 2.
545 2543 575 2547 —
590 2530 598 2543 ὓ
613 2531 671 2560 Ius„
691 2533 729 2556 22.
751 2545 776 2549 —
794 2533 800 2546 ⁷
816 2533 874 2563 lut„
890 2536 929 2558 26.

160 2576 190 2580 —
207 2564 215 2578 ⁸
231 2563 288 2592 tufi,
307 2564 347 2587 31.
364 2575 395 2580 —
408 2565 417 2576 ¹*
433 2565 506 2594 Aug„
523 2565 549 2588 in
566 2566 647 2596 lofin„
662 2568 734 2591 tract.
755 2574 796 2598 Lx,
812 2575 838 2592 n.
862 2570 874 2585 ὓ
899 2582 929 2586 --

861 2586 884 2598 ¹⁰,

162 2599 181 2614 ¹⁰
196 2598 299 2629 Philip..
321 2604 364 2630 111,
385 2600 424 2623 ει.
440 2612 471 2616 -
492 2600 509 2615 ¹1
530 2601 603 2631 Aug„
622 2601 692 2629 thia,
713 2609 737 2626 n.
756 2604 778 2626 3.
797 2617 823 2620 -
846 2604 867 2620 12
883 2604 928 2634 ιιι.,

162 2633 191 2658 tle
213 2633 290 2658 Cz‘vz‘t.
309 2634 372 2664 Dei,
394 2634 436 2659 lib.
463 2636 510 2666 tx,
533 2643 555 2660 c.
584 2642 616 2661 ιν.
637 2649 665 2654 —
688 2637 708 2653 ¹³
733 2638 778 2669 td„
800 2639 826 2663 in
847 2640 928 2670 lcum,

982 256 1129 290 Respondit
1149 257 1239 293 Jews,
1265 260 1336 295 etc.;
1362 264 1478 297 quarto,
1503 263 1595 300 ipsius
1614 267 1696 295 Judae
1715 269 1755 297 ad

982 302 1079 338 ipsum
1095 303 1272 333 tradendum
1287 308 1415 342 egressio
1426 329 1436 342 ‚
1452 311 1479 337 et
1493 310 1596 340 futurae
1610 313 1755 348 passionis

983 355 1119 383 expressa
1133 349 1306 387 insinuatio,
1319 352 1380 381 ihi⁸
1396 364 1402 382 :
1420 355 1485 383 Cum
1501 360 1612 394 exisset,
1629 361 1683 387 ete.

1018 395 1062 422 Ait
1077 403 1147 431 ergo
1163 406 1170 423 :
1189 397 1254 425 Cum
1273 406 1333 434 erqo
1353 400 1408 428 laeoec
1425 402 1556 439 dimisset,
1581 406 1704 434 turbatus
1716 410 1755 435 est

981 443 1092 476 spiritu.
1109 442 1186 470 Sicut
1200 443 1279 471 enim
1293 445 1427 475 habitum
1441 451 1484 476 est
1498 458 1587 486 supra
1597 452 1754 489 proximo,

983 489 1011 514 et
1034 487 1108 526 sicut
1125 489 1164 516 ait
1186 491 1361 525 Augustinus
1375 493 1385 509 ⁹
1405 502 1412 520 :
1441 504 1455 519 <1
1477 496 1531 529 Qui
1556 500 1691 527 mortuus
1713 501 1757 528 est

982 541 1037 569 pro
1056 534 1156 569 nobiS,
1178 536 1310 565 turbatus
1326 540 1368 566 est
1393 539 1473 568 idem
1496 541 1558 578 ipse
1578 552 1633 580 pro
1656 545 1754 574 nobis.

982 580 1034 613 Qui
1050 588 1119 615 ergo
1140 584 1281 617 potestate
1303 586 1344 612 est
1363 588 1510 622 mortuus,
1533 592 1674 624 potestate
1697 594 1756 621 tur-

983 626 1069 654 batus
1084 629 1144 655 est:
1163 629 1213 664 qui
1229 630 1448 666 transfiguravit
1463 642 1570 670 corpus
1584 636 1756 668 humititatis

982 675 1088 701 nostrae
1108 675 1325 711 configuratum
1343 680 1461 714 corpori
1485 680 1621 710 claritatis
1643 691 1704 712 sune
1722 686 1755 720 ¹⁰,

983 720 1199 755 transfiguravit
1224 722 1254 750 in
1282 731 1312 750 se
1340 724 1477 754 affectum
1505 727 1682 757 infirmitatis
1700 737 1756 759 no-

983 768 1058 794 strae.
1070 777 1084 792 n
1096 769 1127 795 Et
1139 769 1269 804 sequitur
1280 769 1299 786 ¹¹
1317 779 1324 798 :
1342 772 1462 800 Pereant
1477 777 1650 809 argumenta
1662 776 1757 812 philo-

983 813 1145 848 sophorum
1155 835 1164 849 ‚
1176 816 1227 851 qui
1239 819 1348 852 negant
1362 817 1392 845 in
1403 819 1565 855 sapientem
1576 822 1680 850 cadere
1690 830 1755 859 per-

984 861 1182 889 turbationem
1197 862 1374 891 animorum.
1392 874 1406 890 »
1432 867 1464 893 Et
1477 867 1610 902 sequitur
1625 877 1632 895 :
1655 878 1669 895 ι(
1683 870 1757 897 Tur-

983 906 1069 934 hetur
1090 908 1177 944 plane
1195 909 1311 937 animus
1332 910 1522 947 christianus,
1544 921 1605 942 non
1621 915 1755 951 miseria,

983 953 1036 980 sed
1050 954 1253 983 misericordia
1273 965 1280 984 ε
1299 957 1399 985 timeat
1419 966 1455 985 ne
1478 962 1601 995 pereant
1621 961 1757 990 homines

983 1001 1109 1037 Christ03
1124 1003 1308 1031 contristetur
1322 1012 1390 1032 cum
1412 1006 1487 1041 perit
1501 1007 1609 1044 aliquis
1629 1008 1755 1044 Christo,

983 1048 1171 1084 concupiscat
1196 1050 1227 1085 (c)
1250 1051 1363 1086 acquiri
1377 1052 1512 1080 homines
1532 1053 1658 1089 Christ03
1676 1054 1756 1083 laete-

982 1097 1029 1122 tur
1044 1103 1111 1123 eum
1123 1097 1324 1132 acquiruntur.
1342 1109 1356 1125 »
1373 1101 1436 1127 Haec
1450 1099 1509 1128 ille.
1525 1101 1669 1129 Turbatus
1684 1109 1756 1137 ergo

981 1140 1050 1176 fuit,
1066 1150 1126 1170 non
1149 1151 1184 1171 ex
1201 1144 1373 1180 impotentia
1388 1146 1434 1174 vel
1450 1154 1486 1174 ex
1506 1147 1686 1183 infirmitate,
1708 1148 1756 1176 vel

982 1188 1106 1223 timore,
1121 1191 1172 1217 sed
1194 1191 1285 1219 modo
1307 1191 1395 1220 dicto.
1422 1194 1454 1220 Et
1479 1193 1516 1220 de
1538 1193 1593 1221 ista
1615 1194 1756 1230 opimone

983 1234 1163 1270 Stoicorum,
1179 1239 1206 1265 et
1221 1237 1346 1273 qualiter
1364 1246 1426 1266 non
1447 1239 1526 1266 cadit
1546 1239 1645 1274 passio
1665 1240 1696 1267 in
1710 1248 1757 1268 sa-

982 1281 1126 1315 pientem,
1159 1283 1199 1311 ita
1227 1283 1308 1319 quod
1337 1284 1421 1312 cedat
1448 1285 1654 1321 passionibus,
1683 1286 1758 1315 sieut

983 1328 1059 1356 cedit
1071 1329 1169 1357 anima
1182 1330 1221 1366 (d)
1232 1330 1320 1366 stulti,
1335 1331 1511 1366 Augustinus
1521 1332 1542 1349 ¹²
1552 1332 1628 1360 bene
1641 1334 1669 1361 et
1681 1333 1758 1362 mul-

983 1376 1055 1402 tum.
1072 1376 1157 1403 Amen
1183 1377 1241 1404 dico
1260 1378 1351 1405 vobis:
1372 1379 1443 1406 Unus
1463 1386 1495 1406 ew
1512 1379 1586 1406 vobis
1601 1387 1641 1407 me
1656 1379 1754 1407 tradet.

986 1422 1096 1456 «Unus,
1111 1422 1246 1458 inquam,
1255 1424 1294 1451 ait
1308 1425 1485 1459 Augustinus
1499 1426 1532 1460 ¹³,
1545 1433 1681 1460 numero,
1695 1434 1757 1454 non

984 1469 1104 1496 merito:
1113 1470 1220 1505 speeie,
1230 1478 1291 1498 non
1299 1471 1402 1499 virtute
1415 1481 1422 1499 ε
1433 1472 1644 1500 commixtione
1651 1481 1757 1509 corpo·

983 1514 1118 1549 rali‚non
1133 1516 1251 1544 vinculo
1267 1517 1409 1552 spirituali
1422 1527 1428 1544 :
1443 1519 1538 1546 carnis
1553 1519 1754 1555 adjunctione,

983 1569 1044 1589 non
1059 1562 1156 1589 cordis
1170 1563 1266 1591 socius
1280 1564 1398 1591 unitate.
1416 1574 1429 1589 »
1455 1566 1518 1592 Haec
1531 1564 1591 1592 ille.
1612 1566 1700 1600 Unus,
1714 1565 1757 1593 in-

984 1616 1084 1643 quam,
1101 1617 1134 1636 eJJ
1148 1610 1231 1643 vobis,
1247 1610 1316 1645 quia
1331 1618 1365 1637 ex
1382 1611 1468 1638 vobis
1483 1611 1612 1639 exiturus
1629 1612 1649 1629 ¹¹
1666 1621 1672 1640 :
1690 1614 1756 1641 «Ex

983 1654 1071 1682 nobis
1090 1655 1278 1691 prodierunt,
1306 1657 1358 1683 sed
1381 1664 1442 1684 non
1465 1659 1547 1685 erant
1569 1666 1605 1686 ex
1619 1658 1724 1693 nobis,
1739 1669 1753 1686 »

984 1708 1072 1736 supra
1088 1701 1109 1719 ¹⁵
1126 1711 1131 1728 :
1151 1711 1165 1727 «
1180 1702 1237 1729 Sed
1252 1710 1329 1729 unus
1345 1710 1379 1730 ex
1400 1703 1486 1732 vobis
1507 1703 1646 1732 diabolus
1663 1704 1756 1735 factus

984 1749 1035 1774 est.
1049 1758 1063 1773 ))
1727 1755 1735 1758 “

1020 1794 1062 1820 22.
1085 1795 1117 1821 Et
1136 1795 1266 1830 sequitur
1286 1795 1415 1824 secunda
1434 1796 1580 1832 particula
1601 1805 1608 1824 :
1634 1797 1757 1832 Aspicie-

985 1840 1066 1875 bant,
1086 1843 1156 1875 ete.,
1178 1842 1348 1876 hoesc'tantes,
1370 1844 1423 1870 etc.
1444 1843 1500 1870 Sed
1523 1842 1663 1879 quaeritur
1683 1851 1756 1880 qua-

983 1887 1048 1915 liter
1061 1888 1250 1916 haesitabant?
1262 1889 1333 1925 quia
1350 1889 1370 1906 ¹⁶
1390 1899 1403 1915 «
1417 1890 1535 1926 spiritus
1555 1890 1684 1918 hominis
1705 1891 1756 1927 qui

984 1936 1026 1961 est
1041 1935 1070 1961 in
1085 1935 1150 1970 ipso
1161 1957 1167 1968 ,
1183 1935 1235 1963 scit
1249 1944 1314 1971 quae
1326 1938 1392 1964 sunt
1407 1936 1535 1964 hominis
1548 1946 1554 1964 :
1569 1947 1583 1963 »
1603 1945 1673 1972 ergo
1688 1945 1757 1965 cum

984 1981 1109 2016 quilibet
1122 1982 1207 2010 sciret
1221 1991 1250 2010 se
1266 1991 1326 2011 esse
1341 1983 1528 2011 innocentem
1542 1991 1560 2011 a
1570 1983 1692 2012 crimine
1701 1986 1756 2012 tra-

984 2028 1102 2055 ditionis
1115 2029 1243 2062 Domini,
1258 2027 1319 2056 non
1335 2029 1502 2058 debuerunt
1516 2030 1658 2058 haesitare.
1671 2031 1704 2058 Et
1717 2030 1756 2058 ad

983 2074 1061 2101 istud
1077 2075 1235 2111 respondet
1255 2076 1430 2110 Augustinus
1445 2077 1478 2111 ¹⁷,
1496 2076 1579 2112 quod
1598 2077 1638 2104 sic
1662 2086 1676 2103 α
1695 2078 1757 2105 erat

983 2123 1054 2148 nota
1068 2121 1188 2149 cuilibet
1201 2130 1255 2149 sua
1266 2122 1457 2157 conscientia,
1469 2124 1672 2151 verumtamen
1685 2130 1755 2159 pro-

984 2168 1055 2195 x'imi
1070 2170 1130 2196 erat
1144 2169 1253 2204 ignota.
1270 2179 1284 2195 »
1300 2170 1331 2196 Et
1346 2169 1383 2196 de
1402 2170 1458 2197 hoe
1473 2170 1696 2205 chrysostomus
1711 2170 1730 2187 ¹⁸
1745 2180 1754 2198 .-

987 2223 1000 2239 «
1015 2217 1045 2243 ln
1060 2223 1162 2243 omnes
1184 2215 1293 2243 circum
1308 2215 1429 2243 instituit
1449 2216 1601 2251 timorem,
1621 2224 1657 2244 eo
1672 2216 1755 2252 quod

984 2269 1045 2289 non
1060 2262 1134 2290 dixit
1147 2262 1330 2290 nominatim.
1347 2272 1360 2288 n
1377 2264 1407 2290 Et
1421 2262 1462 2290 ibi
1481 2262 1557 2290 bene
1581 2262 1618 2290 de
1639 2263 1707 2290 hoc.
1723 2263 1756 2290 Et

985 2307 1053 2336 ideo
1068 2308 1231 2336 haesitantes
1246 2308 1442 2344 aspiciebant,
1455 2310 1509 2336 etc.

1020 2356 1063 2382 23.
1080 2356 1148 2382 Erat
1174 2363 1233 2389 erqo
1262 2355 1412 2382 recumbens
1438 2363 1524 2389 unus,
1551 2357 1618 2390 etc„
1646 2354 1754 2382 scilicet

985 2402 1119 2429 Joannes.
1138 2402 1170 2428 Ut
1185 2401 1264 2429 enim
1278 2402 1317 2429 ait
1331 2401 1554 2437 Chrysostomus
1568 2401 1588 2419 ¹⁹
1603 2410 1610 2429 :
1629 2410 1643 2427 «
1654 2401 1753 2428 Petrus

984 2485 1055 2508 tract.
1071 2490 1122 2515 Lxr,
1137 2491 1162 2507 n.
1178 2485 1201 2508 2.
1217 2497 1248 2501 —
1261 2484 1278 2500 ¹¹
1295 2484 1399 2514 tloan„
1414 2489 1442 2514 ιι,
1454 2485 1493 2508 19.
1505 2496 1531 2500 -
1548 2483 1568 2500 ¹⁵
1580 2483 1652 2513 Sup„
1665 2487 1700 2512 vl,
1712 2483 1751 2506 Ἡ.

984 2533 1014 2536 -
1029 2520 1048 2536 ¹⁶
1065 2520 1070 2542 l
1091 2520 1158 2550 Cor„
1178 2525 1205 2550 ιι,
1225 2521 1262 2543 tt.
1278 2532 1306 2537 —
1324 2520 1343 2536 ¹⁷
1363 2520 1437 2550 Aug„
1452 2519 1495 2543 ubi
1514 2525 1570 2548 sup.
1583 2524 1670 2549 prox„
1685 2524 1712 2542 n.
1727 2519 1750 2542 3.

984 2568 1013 2572 -
1034 2556 1050 2569 ¹¹
1065 2555 1205 2585 Chrysost„
1220 2554 1262 2578 ubi
1278 2561 1334 2585 sup.
1351 2567 1380 2572 —
1397 2554 1418 2571 ¹⁹
1433 2554 1495 2577 ibid.

1016 2603 1048 2633 (a)
1059 2604 1121 2627 Cret.
1135 2603 1193 2627 edit.
1210 2604 1334 2627 Amen.—-
1346 2602 1379 2633 (b)
1394 2603 1453 2626 Coet.
1467 2601 1526 2625 edit.
1539 2601 1632 2625 ista.—
1648 2602 1676 2632 (c)
1691 2603 1751 2627 Coet'.

983 2639 1042 2664 edit.
1058 2639 1170 2663 Christus
1184 2638 1380 2669 concupiscit.—
1395 2637 1433 2668 (d)
1446 2638 1506 2662 Item
1520 2636 1620 2661 animae.
