1987 3032
76 1269 78 1271 ‚
88 1244 186 1270 Objectio

81 1274 109 1295 de
135 1277 187 1295 tem-

82 1305 132 1331 plis.

104 1935 183 1955 condi-

95 1966 165 1985 tiones

78 1996 184 2016 adoratio-

79 2026 119 2046 nis.

203 203 264 232 316

200 267 310 295 raudus
325 267 355 295 in
377 268 486 303 templo
507 268 614 296 cordis.
631 270 665 295 Et
686 269 715 294 in
729 269 853 301 veritate,
868 267 907 294 ad
922 275 971 294 ex-

201 313 382 341 cludendum
410 314 643 341 caeremonialem
673 316 700 341 et
728 313 859 349 typicum
884 313 972 340 ritum

199 361 212 386 J
217 359 368 387 udaeorum
383 360 413 387 in
428 360 583 387 adorando
598 361 697 387 Deum.
715 360 723 376 ¹
743 369 757 385 <t
772 359 896 387 Psallam
912 359 972 394 spi-

200 406 266 439 ritu,
282 406 408 441 psallam
423 409 449 432 et
464 407 560 433 mente
576 414 582 433 :
600 406 693 432 orabo
708 405 820 441 spiritu,
837 405 930 432 orabo
945 407 973 432 et

199 454 306 479 mente.
322 463 335 476 n
351 454 382 479 Et
396 451 495 479 subdit
509 451 672 479 rationem:
688 453 758 479 Nam
773 455 797 479 ec
813 453 893 478 Pater
906 453 971 479 tales

199 500 306 532 quoerit,
321 498 429 525 scilicet
444 498 494 533 qui
509 497 548 524 sic
564 497 705 532 adoreut;
729 498 812 533 quasi
829 497 916 530 dicat,
933 498 972 524 ait

200 544 421 580 Chrysostomus
436 545 446 560 ²
467 552 473 570 ι
498 553 511 569 «
528 544 676 579 Prophetae
700 546 765 571 ante
790 544 881 579 longa
899 546 971 571 tem-

198 598 272 625 pora
287 590 347 617 haec
363 590 508 624 dixerunt,
525 590 555 617 id
574 592 616 617 est
637 590 902 625 prophetaverunt;
920 589 972 617 sed

196 637 258 671 jam
274 637 304 663 in
320 636 418 671 januis
435 638 477 663 est
492 645 500 661 τ
516 646 529 662 »
553 636 662 663 scilicet
677 644 712 664 ex
728 644 788 672 quo
809 636 871 671 ipse
896 636 973 663 venit

199 682 364 717 adimplens
372 682 477 717 legem.
488 683 625 710 Etsubdit
634 683 721 716 hujus
730 690 849 709 causam
860 682 898 717 (v.
908 682 970 716 24):

199 730 318 763 Spiritus
338 732 376 756 est
398 731 482 763 Deus,
505 729 536 756 id
556 732 613 763 est,
632 729 833 765 incorporeus.
855 730 973 764 Oportet

199 783 269 811 ergo
285 776 451 811 incorporei
470 776 518 803 Dei
538 776 725 804 adoratorem
740 776 828 803 talem
846 784 917 809 esse,
934 776 973 803 ait

200 822 422 858 chrysostomus
438 823 458 849 ³.
480 823 569 850 Judaei
593 824 671 850 enim
693 823 822 850 animam
847 822 973 857 neglige-

199 868 282 901 bant,
297 868 373 895 circa
394 876 501 904 corpus
524 868 655 895 studium
678 869 840 902 habebant,
862 871 888 895 et
910 869 972 902 ejus

199 914 389 949 purgationes
397 924 404 948 3
429 922 498 942 oves
521 917 548 942 et
567 915 706 942 animalia
729 914 900 942 offerebant.
917 914 972 941 Sed

200 960 303 996 quaerit
326 960 507 994 adoratores,
528 960 579 996 qui
606 961 729 988 adorent
751 961 789 996 (α)
814 961 843 988 in
869 960 972 996 spiritu

199 1014 286 1042 puro,
302 1008 334 1033 ut
355 1006 395 1033 ait
414 1006 520 1034 Paulus
539 1007 549 1022 ὓ
572 1016 578 1034 :
597 1016 611 1032 «
631 1007 681 1034 Cui
702 1007 797 1034 servio
820 1007 849 1034 in
871 1007 972 1042 spiritu

200 1060 281 1087 meo;
297 1062 310 1078 »
329 1054 356 1079 et
370 1052 566 1079 sacrificantes
582 1053 755 1088 semetipsos
772 1053 802 1080 in
816 1053 973 1080 holocaus-

200 1100 263 1125 tum
286 1099 342 1126 Deo
363 1099 372 1114 ⁵
395 1108 401 1126 ε
427 1109 440 1124 «
456 1098 621 1126 Exhibeatis
642 1107 768 1135 corpora
787 1102 893 1132 vestra,
908 1100 973 1126 hos-

200 1144 271 1171 tiam
293 1144 452 1178 viventem,
471 1155 483 1170 »
509 1146 576 1179 ete,
590 1146 622 1172 ut
646 1145 686 1172 ait
707 1145 933 1181 chrysostomus
951 1146 970 1172 θ.

200 1190 256 1217 Sed
276 1190 436 1226 quaeritur:
458 1199 494 1218 ex
513 1191 617 1225 littera,
638 1199 673 1219 ex
696 1192 779 1218 dictis
800 1193 972 1219 Sanctorum

201 1237 325 1270 videtur,
337 1237 419 1272 quod
435 1245 494 1264 non
507 1240 622 1272 oportet
636 1238 782 1265 aedificare
795 1238 914 1272 templa,
925 1238 972 1264 vel

202 1282 348 1316 ecclesias,
364 1283 415 1310 sed
436 1283 561 1310 adorare
580 1284 610 1310 in
632 1284 734 1318 spiritu
749 1286 776 1310 et
794 1284 925 1317 veritate,
942 1283 972 1310 id

203 1330 253 1362 cst,
273 1328 303 1355 in
327 1329 437 1364 templo
463 1329 568 1363 cordis,
590 1332 678 1365 prout
701 1330 739 1357 ait
762 1330 937 1364 Augustinus
951 1331 971 1356 ⁷.

202 1376 270 1401 Item
285 1376 359 1402 Deus
374 1376 416 1402 est
430 1375 557 1410 spiritus,
571 1377 599 1402 et
614 1376 661 1402 Dei
677 1376 841 1411 incorporei
858 1378 973 1411 oportet

201 1428 262 1448 esse
288 1421 476 1448 adoratorem
499 1421 529 1448 in
551 1422 664 1457 spiritu,
686 1424 718 1449 ut
741 1422 780 1449 ait
803 1422 973 1457 Chrysosto-

201 1475 266 1494 mus
289 1468 299 1483 ⁸
325 1476 331 1493 :
356 1475 427 1502 ergo
453 1468 526 1494 nihil
551 1476 727 1503 corporeum
752 1468 910 1503 requiritur
934 1469 972 1495 ad

201 1515 292 1541 Deum
307 1514 503 1547 adorandum,
517 1516 544 1542 et
558 1515 597 1542 ita
610 1523 663 1542 nec
676 1515 786 1550 templa
803 1515 971 1549 facere,nec

200 1559 353 1594 imagines.
374 1562 443 1588 ltem
458 1560 528 1588 talia
548 1560 653 1595 facere,
668 1561 784 1588 videtur
799 1569 861 1588 esse
877 1561 971 1596 magis

200 1602 314 1633 occasio
330 1607 446 1640 erroris,
463 1615 522 1642 quo
537 1609 636 1642 posset
650 1607 729 1634 credi
746 1609 818 1635 Deus
834 1616 895 1634 esse
910 1616 972 1635 cor-

198 1660 314 1687 poreus,
332 1661 421 1688 quam
438 1653 563 1680 eruditio
578 1653 716 1680 veritatis.
727 1655 758 1681 Et
773 1654 810 1680 ad
823 1654 899 1681 istud
914 1662 971 1681 res-

199 1699 393 1733 pondendum
408 1700 459 1733 est,
471 1701 559 1734 prout
570 1699 610 1726 ait
623 1700 716 1733 Hugo,
733 1700 815 1734 quod
832 1709 844 1724 «
859 1701 971 1727 saerata

199 1746 265 1772 sunt
277 1745 413 1780 quaedam
423 1745 499 1778 loca,
514 1745 662 1772 aedificatae
676 1745 709 1780 (b)
725 1745 863 1779 basiliere,
880 1747 908 1772 et
922 1746 971 1772 de-

198 1791 352 1818 terminata
364 1793 498 1826 tempora
512 1793 600 1825 certa,
612 1791 720 1826 quibus
735 1791 864 1827 populus
874 1791 971 1819 fidelis

197 1836 227 1863 in
245 1844 338 1863 unum
359 1839 564 1871 congregetur,
581 1839 613 1864 ut
626 1838 722 1865 unitas
735 1837 969 1870 commendetur,

198 1884 225 1909 et
235 1883 342 1917 gratias
351 1883 466 1917 reddat,
479 1885 506 1910 et
516 1885 584 1910 vota
596 1884 700 1911 solvat.
713 1894 726 1909 n
740 1885 805 1910 Haec
817 1883 876 1910 ille.
889 1883 969 1911 Unde

196 1929 371 1963 notandum,
388 1929 471 1964 quod
486 1929 623 1964 quaedam
636 1931 703 1956 sunt
718 1929 884 1956 essentiales
899 1937 969 1956 con-

198 1974 324 2002 ditiones
339 1974 529 2008 adorationiS,
541 1975 615 2002 sicut
625 1983 695 2002 vera
710 1975 844 2002 contritio
860 1975 969 2009 cordis,

198 2021 333 2049 ordinata
355 2021 466 2056 petitio,
481 2022 560 2048 recta
583 2021 704 2048 intentio
712 2031 719 2055 3
738 2021 876 2056 quaedam
897 2029 968 2049 vero

198 2068 234 2095 de
248 2068 324 2095 bene
341 2075 415 2101 esse,
430 2067 489 2094 sive
508 2067 697 2101 conferentia,
711 2067 784 2094 sicut
803 2067 970 2102 psalmodia

198 2114 333 2148 exterior,
350 2115 377 2141 et
397 2113 501 2149 hymni
520 2114 581 2140 sive
601 2114 724 2148 cantica,
740 2116 768 2141 et
788 2116 885 2148 gestus
905 2121 969 2141 cor·

198 2160 288 2195 poris,
304 2167 382 2187 nunc
403 2159 584 2193 inclinando,
599 2167 678 2187 nunc
694 2160 847 2194 erigendo,
863 2162 891 2187 et
904 2159 970 2187 loca

198 2214 279 2234 sacra
295 2206 332 2233 ad
347 2206 542 2233 elevationem
557 2206 662 2233 mentis
675 2206 706 2233 in
719 2206 927 2241 recogitatione
944 2208 971 2233 et

199 2252 392 2279 admiratione
409 2252 516 2279 divinae
531 2253 694 2287 Majestatis,
708 2252 847 2279 bonitatis
862 2255 889 2279 et
908 2252 969 2287 pie-

199 2298 263 2326 tatis
285 2300 313 2325 et
334 2298 547 2326 beneficiorum
567 2299 639 2333 ejus,
655 2298 728 2325 sicut
746 2298 855 2333 templa
876 2306 968 2332 sacra,

199 2347 229 2371 ut
244 2346 322 2379 patet
332 2344 370 2371 ab
386 2346 517 2379 Hugone.
527 2346 589 2372 Non
600 2352 669 2379 ergo
685 2344 812 2378 denegat
823 2345 870 2371 Dei
881 2344 913 2380 (c)
929 2344 970 2371 Fi—

200 2389 255 2417 lius
276 2390 323 2417 hic
339 2390 410 2425 quin
425 2391 551 2418 debeant
574 2390 613 2425 (d)
635 2398 696 2418 esse
719 2390 785 2418 loca
809 2393 921 2418 saerata
944 2393 971 2418 et

232 2486 239 2501 ¹
262 2485 271 2508 1
291 2484 361 2513 Cor„
384 2490 437 2514 xiv,
461 2486 499 2509 15.
520 2498 546 2502 —
565 2485 575 2501 ²
592 2485 732 2517 Chrysost„
756 2486 799 2510 ubi
817 2493 872 2517 sup.
895 2486 970 2517 paulo

200 2521 268 2544 ante.
283 2532 314 2537 -
331 2519 419 2543 ³1bid.
434 2532 464 2536 —
483 2520 493 2536 δ
509 2520 586 2546 Rom..
607 2527 628 2551 1,
644 2522 705 2545 9.-
723 2521 733 2538 ³
746 2522 824 2551 Rom,
839 2528 890 2552 ΧΗ,
908 2524 971 2545 1.—

203 2556 212 2569 ⁶
227 2555 369 2586 Chrysost.,
390 2554 432 2578 ubi
451 2562 507 2585 sup.
528 2568 554 2571 —
575 2556 582 2569 ⁷
603 2557 678 2586 Aug„
692 2556 736 2580 ubi
755 2564 821 2587 sup.,
842 2564 868 2581 n.
886 2558 925 2580 25.
941 2569 971 2574 -

201 2590 212 2606 ⁸
227 2590 369 2621 Chrysost„
385 2590 428 2614 ubi
448 2597 504 2620 sup.
519 2602 548 2607 —
565 2591 573 2604 ⁹
588 2591 716 2621 Damaso„
732 2591 761 2615 de
780 2592 838 2616 Fid.
858 2591 970 2620 orthod„

202 2625 245 2649 lib.
266 2626 307 2656 tv,
326 2632 349 2649 c.
370 2631 416 2649 vit.
432 2638 462 2642 —-
480 2626 499 2641 ¹⁰
517 2625 574 2648 Vid.
597 2626 689 2649 Collat.
709 2632 773 2650 xxm.
786 2638 816 2644 —*
837 2627 856 2644 ¹¹
876 2627 936 2657 Iso„
952 2632 970 2656 1,

726 199 938 231 EVANGELII
962 200 1100 231 SANCTI
1123 201 1288 232 JOANNlS

1027 267 1154 303 templa;
1180 267 1232 295 sed
1247 267 1310 296 vult
1331 268 1439 302 dicere,
1456 268 1538 304 quod
1559 269 1589 296 in
1608 269 1710 304 spiritu
1728 271 1802 298 inte·

1026 314 1096 341 riori
1121 316 1163 341 est
1183 322 1251 342 vere
1268 322 1363 348 orare,
1379 317 1406 342 et
1428 317 1504 342 recta
1521 315 1589 349 fide,
1608 323 1669 343 non
1685 316 1715 343 in
1735 316 1801 345 loco

1027 360 1231 394 determinato,
1246 360 1319 387 sicut
1342 361 1514 388 Samaritani
1539 361 1674 395 orabant,
1693 369 1747 389 nec
1772 362 1802 390 in

1026 409 1107 443 typo,
1125 407 1171 434 vel
1186 407 1281 442 figura
1304 409 1331 434 et
1351 409 1543 441 caeremoniis,
1558 408 1632 435 sicut
1646 408 1749 443 Judaei,
1764 410 1802 436 si-

1027 455 1074 480 cut
1103 453 1268 488 expositum
1295 455 1337 479 est
1365 460 1383 479 a
1409 454 1528 487 Sanctis,
1557 456 1585 481 ct
1613 457 1643 481 ut
1670 457 1750 490 patet
1771 455 1802 482 in

1027 499 1136 527 Glossa.
1149 501 1180 526 Et
1193 507 1244 534 per
1256 499 1311 526 hoc
1325 498 1363 525 ad
1374 499 1466 532 aliud,
1478 500 1560 534 quod
1575 500 1720 535 imagines
1734 503 1803 528 sunt

1026 545 1056 572 in
1072 545 1187 580 templis
1203 545 1250 572 Dei
1265 545 1295 572 in
1311 545 1514 572 excitationem
1529 546 1672 579 fidelium,
1684 547 1723 574 ad
1738 555 1801 574 me-

1026 591 1152 619 moriam
1167 592 1380 619 benefieiorum
1397 592 1459 625 Dei;
1476 594 1503 619 ct
1524 593 1620 620 omnis
1639 593 1736 621 honor
1751 594 1803 629 qui

1027 637 1155 664 defertur
1174 638 1226 672 eis,
1236 637 1364 665 refertur
1386 638 1423 665 ad
1451 640 1551 670 Deum,
1571 647 1631 666 non
1653 640 1692 667 ad
1714 641 1798 675 ipsas,

1026 683 1081 710 nisi
1105 684 1178 710 sicut
1204 684 1242 711 ad
1268 684 1362 719 signa,
1391 687 1478 720 prout
1503 685 1668 712 manifestat
1697 687 1802 713 Dama-

1027 737 1130 757 scenus
1154 730 1229 757 bene
1253 730 1273 764 ⁵⁵,
1297 730 1347 757 ubi
1369 730 1495 757 multum
1520 730 1556 758 de
1579 731 1645 758 hoc.
1671 732 1804 766 Mysteria

1027 784 1097 803 vero
1108 776 1327 811 praedictorum,
1339 776 1447 803 scilicet
1458 776 1582 812 qualiter
1593 779 1634 803 est
1645 779 1718 804 Deus
1733 777 1805 804 ado-

1027 822 1137 849 randus
1163 822 1193 848 in
1216 823 1319 857 spiritu
1342 825 1368 849 et
1391 822 1521 855 veritate,
1542 825 1642 858 patent
1663 823 1693 850 in
1716 823 1804 851 colla-

1027 867 1106 894 tione
1120 868 1302 902 praedicabili
1321 868 1347 895 ¹⁰.
1364 870 1436 896 Nota
1451 871 1558 902 tamen,
1577 869 1659 904 quod
1676 869 1804 896 adorans

1028 915 1129 947 Deum,
1147 914 1235 941 debet
1250 915 1374 942 adorare
1386 915 1415 941 in
1428 914 1551 950 puritate
1567 915 1753 942 etsanctitate
1765 917 1783 933 ¹¹
1796 924 1802 942 :

1030 969 1043 985 «
1065 961 1136 987 Cum
1159 961 1421 996 multiplicaveritis
1445 960 1620 993 orationem,
1635 968 1696 988 non
1718 969 1805 988 exau-

1029 1007 1127 1041 diam3
1158 1014 1263 1034 manus
1291 1007 1370 1033 enim
1397 1008 1498 1033 vestrae
1525 1006 1620 1042 plenae
1648 1008 1715 1034 sunt
1742 1015 1806 1034 san-

1027 1053 1127 1087 guine.
1142 1063 1155 1078 »
1179 1055 1211 1080 Et
1232 1053 1268 1079 de
1285 1053 1341 1080 hoe
1361 1053 1584 1088 Chrysostomus
1608 1061 1614 1079 :
1643 1062 1655 1077 «
1676 1054 1804 1088 Oportet,

1028 1098 1133 1134 inquit,
1145 1101 1278 1126 orantem
1294 1107 1355 1126 esse
1370 1098 1526 1125 mundum.
1540 1108 1553 1123 »ι
1572 1100 1602 1125 Et
1617 1099 1697 1133 ponit
1707 1106 1803 1126 exem-

1028 1145 1112 1180 plum
1127 1154 1133 1172 :
1153 1155 1166 1169 «
1181 1145 1207 1171 Si
1226 1145 1292 1180 quis
1306 1144 1444 1172 manibus
1459 1144 1586 1179 impletis
1598 1146 1724 1172 stercore
1740 1146 1805 1172 tuos

1027 1190 1119 1225 pedes
1131 1191 1242 1218 veniret
1257 1191 1395 1224 adorans,
1412 1190 1600 1217 conculcares
1618 1190 1730 1218 :multo
1744 1198 1805 1218 ma-

1029 1236 1072 1271 gis
1087 1236 1211 1272 implens
1233 1245 1338 1264 manus
1354 1237 1391 1263 de
1410 1239 1535 1263 stercore
1550 1236 1662 1271 peccati
1677 1238 1719 1263 est
1733 1243 1804 1264 con-

1028 1282 1190 1309 culcandus
1206 1291 1223 1310 a
1237 1285 1305 1315 Deo,
1321 1284 1348 1309 et
1363 1282 1531 1317 ejiciendus.
1545 1293 1558 1308 v>
1576 1284 1608 1309 Et
1620 1282 1661 1309 ibi
1676 1282 1750 1310 hene
1766 1282 1803 1310 de

1028 1329 1094 1355 hoc.
1120 1330 1189 1356 ltem
1218 1331 1260 1356 est
1287 1329 1457 1356 adorandus
1481 1337 1549 1356 cum
1574 1328 1661 1355 simili
1689 1329 1804 1364 subjec-

1028 1375 1117 1409 tione,
1135 1377 1162 1402 et
1185 1376 1394 1411 protestatione
1411 1384 1470 1403 suae
1490 1375 1660 1410 majestatis.
1676 1375 1755 1403 Unde
1776 1378 1804 1404 et

1029 1421 1153 1449 adorare
1178 1424 1219 1449 est
1238 1430 1345 1457 corpus
1367 1422 1405 1449 ad
1430 1422 1520 1457 pedes
1546 1424 1748 1457 prosternere,
1777 1424 1805 1450 et

1027 1476 1177 1495 summum
1193 1471 1325 1496 nostrum
1340 1468 1379 1495 ad
1394 1469 1457 1503 eJ'us
1471 1468 1690 1502 imainclinare,
1702 1470 1732 1495 ut
1744 1469 1801 1495 tra-

1029 1514 1107 1541 ditur
1120 1514 1158 1540 ab
1174 1514 1346 1548 Augustino.
1364 1515 1382 1529 ¹³
1398 1524 1410 1538 a
1428 1514 1601 1541 Adorabunt
1615 1513 1736 1548 vestigia
1748 1521 1800 1548 pe-

1027 1561 1099 1588 dum
1118 1563 1245 1588 tuorum.
1262 1571 1275 1586 »
1301 1562 1372 1588 Item
1390 1560 1560 1588 adorandus
1576 1562 1617 1587 est
1639 1568 1706 1587 cum
1721 1561 1802 1588 recta

1026 1607 1096 1633 fidei
1133 1606 1314 1633 confessione
1327 1627 1335 1640 ‚
1358 1608 1385 1633 et
1418 1606 1514 1633 debita
1548 1606 1802 1639 honorificatione,

1025 1655 1115 1688 prout
1129 1653 1169 1679 ait
1183 1653 1327 1688 Propheta
1343 1653 1362 1668 ¹³
1380 1661 1405 1678 τι(
1421 1652 1530 1685 Venite,
1544 1652 1714 1685 adoremus,
1729 1660 1803 1688 prae-

1027 1706 1205 1733 occupemus
1219 1698 1325 1725 faciem
1344 1698 1407 1732 ejus
1422 1698 1451 1724 in
1467 1697 1658 1725 confessione.
1675 1708 1689 1724 ι)
1713 1699 1744 1726 Et
1761 1697 1777 1713 ¹⁸
1794 1707 1800 1725 ε

1028 1754 1041 1770 ε(
1062 1744 1246 1771 Procidentes
1266 1744 1464 1771 adoraverunt
1479 1752 1558 1777 eum,
1575 1746 1602 1771 et
1619 1743 1726 1779 apertis
1740 1744 1800 1771 the-

1026 1790 1119 1817 sauris
1141 1790 1200 1817 suis
1225 1789 1394 1817 obtulerunt
1409 1790 1446 1822 ei,
1464 1800 1477 1814 »
1501 1791 1555 1816 etc.
1575 1791 1642 1816 ltem
1663 1792 1705 1817 est
1725 1789 1797 1817 ado-

1025 1837 1136 1865 randus
1158 1837 1283 1864 solemni
1318 1837 1484 1864 celebrItate
1514 1844 1569 1872 pro
1590 1836 1656 1863 loco
1678 1837 1706 1864 et
1728 1838 1798 1864 tem-

1024 1892 1110 1920 pore,
1124 1886 1212 1919 prout
1237 1884 1276 1911 ait
1298 1883 1442 1918 Propheta
1457 1883 1476 1899 ¹⁵
1492 1892 1498 1909 ε
1518 1893 1531 1908 u
1544 1883 1674 1910 Introibo
1693 1883 1723 1910 in
1745 1882 1798 1910 do-

1025 1940 1108 1959 mum
1127 1933 1221 1963 tuam,
1238 1932 1264 1957 et
1288 1930 1422 1957 adorabo
1443 1930 1482 1956 ad
1503 1930 1646 1965 templum
1667 1931 1799 1957 sanctum

1025 1980 1108 2005 tuum
1130 1977 1159 2004 in
1174 1977 1277 2004 timore
1293 1979 1352 2003 tuo.
1370 1986 1383 2001 ³)
1395 1976 1411 1993 ’ὅ
1425 1985 1438 2001 ιι
1449 1976 1548 2003 Veniet
1563 1976 1659 2003 omnis
1673 1984 1752 2010 caro,
1768 1978 1800 2003 ut

1025 2024 1129 2051 adoret
1150 2030 1251 2050 coram
1272 2022 1345 2050 facie
1361 2030 1436 2049 mea.
1455 2032 1466 2045 n
1490 2023 1522 2049 Et
1537 2021 1572 2049 de
1596 2022 1653 2049 hoc
1673 2022 1799 2057 amplius

1025 2070 1055 2096 in
1069 2069 1231 2097 collatione
1255 2070 1275 2095 ⁷.

1060 2117 1104 2142 25.
1129 2116 1162 2141 Et
1190 2114 1320 2149 sequitur
1343 2113 1446 2141 ultima
1470 2113 1598 2146 collatio,
1624 2113 1685 2141 sive
1709 2113 1799 2141 collo-

1026 2161 1101 2188 cutio
1116 2160 1178 2187 Filii
1193 2160 1241 2187 Dei
1257 2162 1284 2186 et
1300 2159 1439 2193 mulieris,
1457 2159 1498 2186 ibi
1515 2168 1521 2186 ;
1546 2160 1617 2185 Dicit
1636 2160 1661 2186 ei
1680 2160 1775 2186 mulier
1789 2168 1798 2186 :

1025 2208 1082 2234 Scio
1107 2209 1171 2241 quia
1197 2207 1311 2233 Messias
1334 2206 1420 2232 venit.
1444 2206 1475 2232 Ut
1498 2204 1536 2231 ait
1558 2205 1735 2239 Augustinus
1755 2205 1797 2232 ¹⁸:

1029 2263 1042 2279 «
1057 2255 1120 2280 Jam
1142 2252 1176 2288 (e)
1200 2251 1306 2278 mulier
1326 2250 1479 2278 ordinatur
1500 2250 1530 2277 in
1555 2250 1625 2284 fide,
1644 2253 1671 2277 et
1689 2251 1800 2286 regitur

1025 2300 1100 2326 bene
1113 2298 1226 2325 victura
1240 2297 1305 2332 (f).»
1324 2296 1443 2324 vocavit
1455 2296 1533 2323 enim
1547 2296 1644 2324 virum
1657 2305 1753 2331 suum,
1770 2296 1801 2324 id

1026 2346 1078 2379 est,
1102 2344 1292 2377 intellectum,
1317 2343 1353 2370 de
1381 2350 1440 2378 quo
1466 2342 1528 2370 viro
1554 2351 1653 2378 supra,
1682 2343 1798 2370 eodem.

1027 2435 1106 2458 15.—
1120 2434 1138 2450 ¹²
1153 2434 1268 2463 lsa.,1,x,
1286 2434 1322 2457 14,
1340 2445 1370 2450 —-
1384 2432 1404 2449 ¹³
1418 2431 1486 2456 Psal.
1500 2437 1573 2459 xcxv,
1586 2433 1609 2455 6.
1625 2443 1654 2448 -
1669 2431 1684 2445 “
1696 2430 1798 2460 Mami„

1028 2475 1056 2499 11,
1075 2471 1111 2493 tt.
1126 2482 1156 2487 -
1173 2470 1193 2486 ¹⁵
1207 2468 1275 2492 Psat.
1290 2474 1314 2498 v,
1329 2470 1352 2491 8.
1367 2480 1398 2485 —
1415 2468 1432 2483 ¹⁸
1448 2468 1507 2496 1511„
1523 2472 1592 2494 vai,
1607 2467 1645 2490 23.
1661 2479 1692 2483 —
1707 2466 1726 2482 ¹⁷
1741 2465 1798 2489 Vid.

1028 2504 1120 2528 Collat.
1135 2510 1199 2527 xxu.
1217 2516 1243 2521 -
1261 2504 1279 2520 ¹⁸
1294 2504 1368 2533 Aug,
1386 2502 1429 2526 ubi
1447 2509 1514 2532 sup.,
1531 2508 1556 2524 n.
1577 2502 1616 2524 28.

1060 2557 1090 2586 (a)
1109 2556 1236 2580 Caetaedft.
1252 2556 1399 2580 adorant.—
1409 2554 1439 2584 (b)
1452 2553 1722 2583 1temaedificata.—-(c)
1737 2552 1798 2578 Caet.

1026 2591 1087 2615 edit.
1105 2598 1151 2615 non
1167 2591 1257 2615 habent
1279 2591 1333 2615 Dei.
1349 2603 1376 2607 —
1398 2589 1436 2620 (d)
1456 2589 1497 2613 Al.
1515 2589 1616 2613 debent.
1638 2602 1663 2606 —-
1685 2590 1713 2618 (e)
1736 2588 1795 2612 Caet.

1028 2626 1089 2650 edit.
1103 2627 1175 2650 Nam.
1191 2640 1221 2644 —
1237 2626 1270 2656 (f)
1285 2627 1344 2650 Item
1357 2624 1458 2649 nutrita.

1849 505 1922 524 Sacra

1831 534 1906 561 imagi-

1830 571 1870 586 ne·
1886 565 1908 586 in

1825 596 1914 623 templis

1825 633 1871 647 cur.

1845 867 1924 889 Condi-

1838 899 1908 920 tiones

1824 930 1918 951 adoran-

1819 961 1855 981 tis.
