<?xml version="1.0" encoding="UTF-8"?>
<!DOCTYPE html PUBLIC "-//W3C//DTD XHTML 1.0 Transitional//EN"
    "http://www.w3.org/TR/xhtml1/DTD/xhtml1-transitional.dtd">
<html xmlns="http://www.w3.org/1999/xhtml" xml:lang="en" lang="en">
 <head>
  <title>
</title>
<meta http-equiv="Content-Type" content="text/html;charset=utf-8" />
  <meta name='ocr-system' content='tesseract 3.04.00' />
  <meta name='ocr-capabilities' content='ocr_page ocr_carea ocr_par ocr_line ocrx_word'/>
</head>
<body>
  <div class='ocr_page' id='page_1' title='image "./operaomniasixtiv11bonauoft/operaomniasixtiv11bonauoft_0240.png"; bbox 0 0 1987 3032; ppageno 0'>
   <div class='ocr_carea' id='block_1_1' title="bbox 218 207 276 236">
    <p class='ocr_par' dir='ltr' id='par_1_1' title="bbox 218 207 276 236">
     <span class='ocr_line' id='line_1_1' title="bbox 218 207 276 236; baseline 0 0"><span class='ocrx_word' id='word_1_1' title='bbox 218 207 276 236; x_wconf 71' lang='lat'>224</span> 
     </span>
    </p>
   </div>
   <div class='ocr_carea' id='block_1_2' title="bbox 199 271 988 2522">
    <p class='ocr_par' dir='ltr' id='par_1_2' title="bbox 201 271 988 1889">
     <span class='ocr_line' id='line_1_2' title="bbox 217 271 986 312; baseline 0.004 -9"><span class='ocrx_word' id='word_1_2' title='bbox 217 271 290 303; x_wconf 86' lang='lat' dir='ltr'>dem</span> <span class='ocrx_word' id='word_1_3' title='bbox 305 274 395 304; x_wconf 87' lang='lat' dir='ltr'>erant</span> <span class='ocrx_word' id='word_1_4' title='bbox 409 272 567 310; x_wconf 81' lang='lat' dir='ltr'>sedentes,</span> <span class='ocrx_word' id='word_1_5' title='bbox 582 274 690 312; x_wconf 85' lang='lat' dir='ltr'>postea</span> <span class='ocrx_word' id='word_1_6' title='bbox 707 275 815 304; x_wconf 91' lang='lat' dir='ltr'>autem</span> <span class='ocrx_word' id='word_1_7' title='bbox 836 282 986 306; x_wconf 88' lang='lat' dir='ltr'>surrexe-</span> 
     </span>
     <span class='ocr_line' id='line_1_3' title="bbox 216 325 988 365; baseline 0.004 -10"><span class='ocrx_word' id='word_1_8' title='bbox 216 326 304 363; x_wconf 88' lang='lat' dir='ltr'>runt,</span> <span class='ocrx_word' id='word_1_9' title='bbox 318 327 436 356; x_wconf 85' lang='lat' dir='ltr'>etcum</span> <span class='ocrx_word' id='word_1_10' title='bbox 451 325 638 356; x_wconf 84' lang='lat' dir='ltr'>mulieribus</span> <span class='ocrx_word' id='word_1_11' title='bbox 658 325 754 356; x_wconf 90' lang='lat' dir='ltr'>locuti</span> <span class='ocrx_word' id='word_1_12' title='bbox 776 328 851 356; x_wconf 90' lang='lat' dir='ltr'>sunt</span> <span class='ocrx_word' id='word_1_13' title='bbox 861 334 872 365; x_wconf 81' lang='lat'><em>3</em></span> <span class='ocrx_word' id='word_1_14' title='bbox 892 328 924 358; x_wconf 89' lang='lat' dir='ltr'>et</span> <span class='ocrx_word' id='word_1_15' title='bbox 943 327 988 358; x_wconf 88' lang='lat' dir='ltr'>sic</span> 
     </span>
     <span class='ocr_line' id='line_1_4' title="bbox 218 376 986 418; baseline 0.004 -11"><span class='ocrx_word' id='word_1_16' title='bbox 218 376 251 407; x_wconf 92' lang='lat' dir='ltr'>in</span> <span class='ocrx_word' id='word_1_17' title='bbox 274 377 407 408; x_wconf 84' lang='lat' dir='ltr'>diversis</span> <span class='ocrx_word' id='word_1_18' title='bbox 429 378 682 417; x_wconf 78' lang='lat' dir='ltr'>dispositionibus</span> <span class='ocrx_word' id='word_1_19' title='bbox 710 378 750 409; x_wconf 88' lang='lat' dir='ltr'>ab</span> <span class='ocrx_word' id='word_1_20' title='bbox 778 378 986 418; x_wconf 85' lang='lat' dir='ltr'>Evangelistis</span> 
     </span>
     <span class='ocr_line' id='line_1_5' title="bbox 216 430 984 464; baseline 0.003 -3"><span class='ocrx_word' id='word_1_21' title='bbox 216 430 447 462; x_wconf 87' lang='lat' dir='ltr'>describuntur.</span> <span class='ocrx_word' id='word_1_22' title='bbox 465 430 580 461; x_wconf 81' lang='lat' dir='ltr'>Omnes</span> <span class='ocrx_word' id='word_1_23' title='bbox 595 432 703 461; x_wconf 89' lang='lat' dir='ltr'>tamen</span> <span class='ocrx_word' id='word_1_24' title='bbox 723 431 756 462; x_wconf 93' lang='lat' dir='ltr'>in</span> <span class='ocrx_word' id='word_1_25' title='bbox 774 432 835 462; x_wconf 87' lang='lat' dir='ltr'>hoc</span> <span class='ocrx_word' id='word_1_26' title='bbox 855 441 984 464; x_wconf 89' lang='lat' dir='ltr'>concor-</span> 
     </span>
     <span class='ocr_line' id='line_1_6' title="bbox 215 483 982 524; baseline 0.003 -10"><span class='ocrx_word' id='word_1_27' title='bbox 215 483 305 522; x_wconf 84' lang='lat' dir='ltr'>dant,</span> <span class='ocrx_word' id='word_1_28' title='bbox 320 484 404 524; x_wconf 88' lang='lat' dir='ltr'>quod</span> <span class='ocrx_word' id='word_1_29' title='bbox 419 486 509 515; x_wconf 88' lang='lat' dir='ltr'>erant</span> <span class='ocrx_word' id='word_1_30' title='bbox 521 484 691 522; x_wconf 82' lang='lat' dir='ltr'>terribiles,</span> <span class='ocrx_word' id='word_1_31' title='bbox 712 486 744 515; x_wconf 90' lang='lat' dir='ltr'>et</span> <span class='ocrx_word' id='word_1_32' title='bbox 768 485 982 517; x_wconf 84' lang='lat' dir='ltr'>testificantes.</span> 
     </span>
     <span class='ocr_line' id='line_1_7' title="bbox 214 536 987 577; baseline 0.003 -10"><span class='ocrx_word' id='word_1_33' title='bbox 214 536 253 568; x_wconf 87' lang='lat' dir='ltr'>Et</span> <span class='ocrx_word' id='word_1_34' title='bbox 266 537 335 568; x_wconf 89' lang='lat' dir='ltr'>ideo</span> <span class='ocrx_word' id='word_1_35' title='bbox 349 537 449 568; x_wconf 86' lang='lat' dir='ltr'>Lucas</span> <span class='ocrx_word' id='word_1_36' title='bbox 463 537 568 567; x_wconf 88' lang='lat' dir='ltr'>subdit</span> <span class='ocrx_word' id='word_1_37' title='bbox 593 537 635 576; x_wconf 93' lang='lat' dir='ltr'>(v.</span> <span class='ocrx_word' id='word_1_38' title='bbox 659 537 687 577; x_wconf 82' lang='lat'>5)</span> <span class='ocrx_word' id='word_1_39' title='bbox 706 547 714 568; x_wconf 76' lang='lat' dir='ltr'><em>z</em></span> <span class='ocrx_word' id='word_1_40' title='bbox 739 538 818 569; x_wconf 84' lang='lat' dir='ltr'>Cum</span> <span class='ocrx_word' id='word_1_41' title='bbox 839 538 987 570; x_wconf 75' lang='lat' dir='ltr'>timerent</span> 
     </span>
     <span class='ocr_line' id='line_1_8' title="bbox 213 589 984 631; baseline 0.004 -11"><span class='ocrx_word' id='word_1_42' title='bbox 213 593 321 620; x_wconf 81' lang='lat' dir='ltr'>autem</span> <span class='ocrx_word' id='word_1_43' title='bbox 335 594 366 620; x_wconf 83' lang='lat' dir='ltr'>et</span> <span class='ocrx_word' id='word_1_44' title='bbox 379 589 708 621; x_wconf 70' lang='lat' dir='ltr'>declz‘narentvulcum</span> <span class='ocrx_word' id='word_1_45' title='bbox 723 593 756 621; x_wconf 77' lang='lat' dir='ltr'>in</span> <span class='ocrx_word' id='word_1_46' title='bbox 772 595 902 629; x_wconf 82' lang='lat' dir='ltr'>terram,</span> <span class='ocrx_word' id='word_1_47' title='bbox 918 600 984 631; x_wconf 79' lang='lat' dir='ltr'>prae</span> 
     </span>
     <span class='ocr_line' id='line_1_9' title="bbox 212 642 979 680; baseline 0.004 -8"><span class='ocrx_word' id='word_1_48' title='bbox 212 642 326 672; x_wconf 79' lang='lat' dir='ltr'>timore</span> <span class='ocrx_word' id='word_1_49' title='bbox 342 642 458 672; x_wconf 85' lang='lat' dir='ltr'>scilicet</span> <span class='ocrx_word' id='word_1_50' title='bbox 474 644 504 673; x_wconf 93' lang='lat' dir='ltr'>et</span> <span class='ocrx_word' id='word_1_51' title='bbox 519 643 710 680; x_wconf 86' lang='lat' dir='ltr'>reverentia,</span> <span class='ocrx_word' id='word_1_52' title='bbox 731 643 814 674; x_wconf 90' lang='lat' dir='ltr'>sicut</span> <span class='ocrx_word' id='word_1_53' title='bbox 828 643 935 675; x_wconf 83' lang='lat' dir='ltr'>Daniel</span> <span class='ocrx_word' id='word_1_54' title='bbox 950 645 957 660; x_wconf 90' lang='lat'>¹</span> <span class='ocrx_word' id='word_1_55' title='bbox 973 655 979 674; x_wconf 90' lang='lat'>:</span> 
     </span>
     <span class='ocr_line' id='line_1_10' title="bbox 215 693 983 735; baseline 0.005 -11"><span class='ocrx_word' id='word_1_56' title='bbox 215 705 230 723; x_wconf 73' lang='grc' dir='ltr'>«ι</span> <span class='ocrx_word' id='word_1_57' title='bbox 257 693 336 725; x_wconf 87' lang='lat' dir='ltr'>Cum</span> <span class='ocrx_word' id='word_1_58' title='bbox 373 694 556 734; x_wconf 87' lang='lat' dir='ltr'>loqueretur</span> <span class='ocrx_word' id='word_1_59' title='bbox 595 695 692 734; x_wconf 89' lang='lat' dir='ltr'>mihi,</span> <span class='ocrx_word' id='word_1_60' title='bbox 722 696 820 735; x_wconf 74' lang='lat' dir='ltr'>deJeci</span> <span class='ocrx_word' id='word_1_61' title='bbox 857 696 983 728; x_wconf 87' lang='lat' dir='ltr'>vultum</span> 
     </span>
     <span class='ocr_line' id='line_1_11' title="bbox 211 747 983 786; baseline 0.003 -8"><span class='ocrx_word' id='word_1_62' title='bbox 211 755 320 778; x_wconf 90' lang='lat' dir='ltr'>meum</span> <span class='ocrx_word' id='word_1_63' title='bbox 334 747 374 778; x_wconf 86' lang='lat' dir='ltr'>ad</span> <span class='ocrx_word' id='word_1_64' title='bbox 387 750 522 786; x_wconf 88' lang='lat' dir='ltr'>terram,</span> <span class='ocrx_word' id='word_1_65' title='bbox 543 749 574 778; x_wconf 87' lang='lat' dir='ltr'>et</span> <span class='ocrx_word' id='word_1_66' title='bbox 594 749 677 778; x_wconf 73' lang='lat' dir='ltr'>tacui</span> <span class='ocrx_word' id='word_1_67' title='bbox 694 759 700 778; x_wconf 93' lang='lat'>:</span> <span class='ocrx_word' id='word_1_68' title='bbox 717 759 731 777; x_wconf 75' lang='lat' dir='ltr'>n</span> <span class='ocrx_word' id='word_1_69' title='bbox 757 751 789 779; x_wconf 85' lang='lat' dir='ltr'>et</span> <span class='ocrx_word' id='word_1_70' title='bbox 808 748 886 780; x_wconf 85' lang='lat' dir='ltr'>tales</span> <span class='ocrx_word' id='word_1_71' title='bbox 909 752 983 780; x_wconf 92' lang='lat' dir='ltr'>sunt</span> 
     </span>
     <span class='ocr_line' id='line_1_12' title="bbox 210 800 978 833; baseline 0.003 -2"><span class='ocrx_word' id='word_1_72' title='bbox 210 800 315 831; x_wconf 89' lang='lat' dir='ltr'>idonei</span> <span class='ocrx_word' id='word_1_73' title='bbox 329 800 370 831; x_wconf 89' lang='lat' dir='ltr'>ad</span> <span class='ocrx_word' id='word_1_74' title='bbox 384 801 548 831; x_wconf 86' lang='lat' dir='ltr'>veritatem</span> <span class='ocrx_word' id='word_1_75' title='bbox 563 800 766 832; x_wconf 82' lang='lat' dir='ltr'>audiendam.</span> <span class='ocrx_word' id='word_1_76' title='bbox 778 801 866 833; x_wconf 84' lang='lat' dir='ltr'>Unde</span> <span class='ocrx_word' id='word_1_77' title='bbox 876 802 978 833; x_wconf 83' lang='lat' dir='ltr'>addit:</span> 
     </span>
     <span class='ocr_line' id='line_1_13' title="bbox 209 852 981 893; baseline 0.004 -10"><span class='ocrx_word' id='word_1_78' title='bbox 209 852 371 884; x_wconf 73' lang='lat' dir='ltr'>De‘zerunt</span> <span class='ocrx_word' id='word_1_79' title='bbox 384 852 429 884; x_wconf 82' lang='lat' dir='ltr'>ad</span> <span class='ocrx_word' id='word_1_80' title='bbox 449 853 520 883; x_wconf 74' lang='lat' dir='ltr'>illas</span> <span class='ocrx_word' id='word_1_81' title='bbox 545 862 556 883; x_wconf 91' lang='lat'><em>:</em></span> <span class='ocrx_word' id='word_1_82' title='bbox 583 853 671 892; x_wconf 76' lang='lat' dir='ltr'>Quid</span> <span class='ocrx_word' id='word_1_83' title='bbox 692 854 852 893; x_wconf 68' lang='lat' dir='ltr'>quaeritis,</span> <span class='ocrx_word' id='word_1_84' title='bbox 871 855 981 886; x_wconf 79' lang='lat' dir='ltr'>viven-</span> 
     </span>
     <span class='ocr_line' id='line_1_14' title="bbox 210 905 985 945; baseline 0.005 -10"><span class='ocrx_word' id='word_1_85' title='bbox 210 908 273 935; x_wconf 84' lang='lat' dir='ltr'>tem</span> <span class='ocrx_word' id='word_1_86' title='bbox 296 914 370 936; x_wconf 82' lang='lat' dir='ltr'>cum</span> <span class='ocrx_word' id='word_1_87' title='bbox 387 905 545 937; x_wconf 80' lang='lat' dir='ltr'>mortuis?</span> <span class='ocrx_word' id='word_1_88' title='bbox 561 906 602 945; x_wconf 89' lang='lat' dir='ltr'>(v.</span> <span class='ocrx_word' id='word_1_89' title='bbox 619 906 647 944; x_wconf 81' lang='grc'>6)</span> <span class='ocrx_word' id='word_1_90' title='bbox 673 907 748 939; x_wconf 82' lang='lat' dir='ltr'>Non</span> <span class='ocrx_word' id='word_1_91' title='bbox 772 911 818 937; x_wconf 77' lang='lat' dir='ltr'>esc</span> <span class='ocrx_word' id='word_1_92' title='bbox 839 906 908 945; x_wconf 61' lang='lat' dir='ltr'>llic,</span> <span class='ocrx_word' id='word_1_93' title='bbox 928 908 985 939; x_wconf 81' lang='lat' dir='ltr'>sed</span> 
     </span>
     <span class='ocr_line' id='line_1_15' title="bbox 208 958 979 998; baseline 0.004 -10"><span class='ocrx_word' id='word_1_94' title='bbox 208 958 357 988; x_wconf 71' lang='lat' dir='ltr'>surrexit.</span> <span class='ocrx_word' id='word_1_95' title='bbox 375 958 410 988; x_wconf 93' lang='lat' dir='ltr'>ln</span> <span class='ocrx_word' id='word_1_96' title='bbox 427 967 491 998; x_wconf 88' lang='lat' dir='ltr'>quo</span> <span class='ocrx_word' id='word_1_97' title='bbox 505 958 601 989; x_wconf 86' lang='lat' dir='ltr'>simul</span> <span class='ocrx_word' id='word_1_98' title='bbox 616 961 760 998; x_wconf 84' lang='lat' dir='ltr'>arguunt</span> <span class='ocrx_word' id='word_1_99' title='bbox 777 960 979 991; x_wconf 84' lang='lat' dir='ltr'>incredulita-</span> 
     </span>
     <span class='ocr_line' id='line_1_16' title="bbox 207 1010 979 1048; baseline 0.005 -8"><span class='ocrx_word' id='word_1_100' title='bbox 207 1010 289 1048; x_wconf 89' lang='lat' dir='ltr'>tem,</span> <span class='ocrx_word' id='word_1_101' title='bbox 305 1012 335 1041; x_wconf 86' lang='lat' dir='ltr'>et</span> <span class='ocrx_word' id='word_1_102' title='bbox 350 1012 533 1042; x_wconf 82' lang='lat' dir='ltr'>asseverant</span> <span class='ocrx_word' id='word_1_103' title='bbox 553 1011 731 1042; x_wconf 86' lang='lat' dir='ltr'>veritatem.</span> <span class='ocrx_word' id='word_1_104' title='bbox 754 1010 820 1042; x_wconf 88' lang='lat' dir='ltr'>Hoc</span> <span class='ocrx_word' id='word_1_105' title='bbox 842 1013 979 1044; x_wconf 89' lang='lat' dir='ltr'>verbum</span> 
     </span>
     <span class='ocr_line' id='line_1_17' title="bbox 208 1062 977 1106; baseline 0.007 -13"><span class='ocrx_word' id='word_1_106' title='bbox 208 1062 268 1093; x_wconf 81' lang='lat' dir='ltr'>fuit</span> <span class='ocrx_word' id='word_1_107' title='bbox 280 1064 397 1094; x_wconf 89' lang='lat' dir='ltr'>summi</span> <span class='ocrx_word' id='word_1_108' title='bbox 411 1064 521 1103; x_wconf 83' lang='lat' dir='ltr'>gaudii</span> <span class='ocrx_word' id='word_1_109' title='bbox 539 1075 545 1095; x_wconf 94' lang='lat'><strong>:</strong></span> <span class='ocrx_word' id='word_1_110' title='bbox 568 1066 599 1095; x_wconf 86' lang='lat' dir='ltr'>et</span> <span class='ocrx_word' id='word_1_111' title='bbox 617 1064 662 1095; x_wconf 89' lang='lat' dir='ltr'>sic</span> <span class='ocrx_word' id='word_1_112' title='bbox 682 1067 750 1096; x_wconf 87' lang='lat' dir='ltr'>erat</span> <span class='ocrx_word' id='word_1_113' title='bbox 769 1067 977 1106; x_wconf 82' lang='lat' dir='ltr'>convenienS,</span> 
     </span>
     <span class='ocr_line' id='line_1_18' title="bbox 208 1116 978 1155; baseline 0.006 -10"><span class='ocrx_word' id='word_1_114' title='bbox 208 1117 245 1146; x_wconf 88' lang='lat' dir='ltr'>ut</span> <span class='ocrx_word' id='word_1_115' title='bbox 258 1116 527 1155; x_wconf 81' lang='lat' dir='ltr'>quemadmodum</span> <span class='ocrx_word' id='word_1_116' title='bbox 542 1116 678 1155; x_wconf 80' lang='lat' dir='ltr'>angelus</span> <span class='ocrx_word' id='word_1_117' title='bbox 689 1118 893 1149; x_wconf 85' lang='lat' dir='ltr'>nuntiaverat</span> <span class='ocrx_word' id='word_1_118' title='bbox 903 1128 978 1151; x_wconf 89' lang='lat' dir='ltr'>cum</span> 
     </span>
     <span class='ocr_line' id='line_1_19' title="bbox 207 1167 976 1206; baseline 0.008 -9"><span class='ocrx_word' id='word_1_119' title='bbox 207 1167 325 1206; x_wconf 81' lang='lat' dir='ltr'>gaudio</span> <span class='ocrx_word' id='word_1_120' title='bbox 339 1168 452 1199; x_wconf 86' lang='lat' dir='ltr'>Christi</span> <span class='ocrx_word' id='word_1_121' title='bbox 471 1169 669 1200; x_wconf 81' lang='lat' dir='ltr'>nativitatem</span> <span class='ocrx_word' id='word_1_122' title='bbox 685 1173 696 1187; x_wconf 77' lang='lat'><strong>²</strong></span> <span class='ocrx_word' id='word_1_123' title='bbox 714 1181 720 1200; x_wconf 96' lang='lat'><strong>:</strong></span> <span class='ocrx_word' id='word_1_124' title='bbox 752 1181 766 1199; x_wconf 90' lang='lat'>«</span> <span class='ocrx_word' id='word_1_125' title='bbox 780 1169 859 1202; x_wconf 88' lang='lat' dir='ltr'>Ecce</span> <span class='ocrx_word' id='word_1_126' title='bbox 879 1179 976 1203; x_wconf 87' lang='lat' dir='ltr'>evan-</span> 
     </span>
     <span class='ocr_line' id='line_1_20' title="bbox 208 1220 977 1261; baseline 0.005 -10"><span class='ocrx_word' id='word_1_127' title='bbox 208 1220 311 1259; x_wconf 86' lang='lat' dir='ltr'>gelizo</span> <span class='ocrx_word' id='word_1_128' title='bbox 325 1221 414 1252; x_wconf 88' lang='lat' dir='ltr'>vobis</span> <span class='ocrx_word' id='word_1_129' title='bbox 428 1222 583 1260; x_wconf 84' lang='lat' dir='ltr'>gaudium</span> <span class='ocrx_word' id='word_1_130' title='bbox 596 1232 754 1261; x_wconf 81' lang='lat' dir='ltr'>maguum</span> <span class='ocrx_word' id='word_1_131' title='bbox 769 1234 777 1260; x_wconf 87' lang='lat'>;</span> <span class='ocrx_word' id='word_1_132' title='bbox 790 1234 804 1252; x_wconf 72' lang='lat' dir='ltr'>n</span> <span class='ocrx_word' id='word_1_133' title='bbox 824 1224 868 1254; x_wconf 88' lang='lat' dir='ltr'>sie</span> <span class='ocrx_word' id='word_1_134' title='bbox 881 1225 977 1255; x_wconf 86' lang='lat' dir='ltr'>etiam</span> 
     </span>
     <span class='ocr_line' id='line_1_21' title="bbox 207 1273 976 1314; baseline 0.007 -12"><span class='ocrx_word' id='word_1_135' title='bbox 207 1273 314 1311; x_wconf 84' lang='lat' dir='ltr'>angeli</span> <span class='ocrx_word' id='word_1_136' title='bbox 329 1282 416 1305; x_wconf 89' lang='lat' dir='ltr'>nunc</span> <span class='ocrx_word' id='word_1_137' title='bbox 434 1275 619 1305; x_wconf 86' lang='lat' dir='ltr'>nuntiarent</span> <span class='ocrx_word' id='word_1_138' title='bbox 636 1284 708 1306; x_wconf 78' lang='lat' dir='ltr'>cum</span> <span class='ocrx_word' id='word_1_139' title='bbox 731 1276 850 1314; x_wconf 84' lang='lat' dir='ltr'>gaudio</span> <span class='ocrx_word' id='word_1_140' title='bbox 873 1285 976 1307; x_wconf 86' lang='lat' dir='ltr'>resur-</span> 
     </span>
     <span class='ocr_line' id='line_1_22' title="bbox 206 1326 976 1369; baseline 0.005 -12"><span class='ocrx_word' id='word_1_141' title='bbox 206 1326 389 1358; x_wconf 84' lang='lat' dir='ltr'>rectionem.</span> <span class='ocrx_word' id='word_1_142' title='bbox 412 1327 450 1358; x_wconf 86' lang='lat' dir='ltr'>Et</span> <span class='ocrx_word' id='word_1_143' title='bbox 467 1327 635 1367; x_wconf 85' lang='lat' dir='ltr'>impletum</span> <span class='ocrx_word' id='word_1_144' title='bbox 656 1334 701 1359; x_wconf 87' lang='lat' dir='ltr'>est</span> <span class='ocrx_word' id='word_1_145' title='bbox 721 1328 798 1359; x_wconf 88' lang='lat' dir='ltr'>illud</span> <span class='ocrx_word' id='word_1_146' title='bbox 813 1329 823 1346; x_wconf 78' lang='lat'>³</span> <span class='ocrx_word' id='word_1_147' title='bbox 841 1339 848 1359; x_wconf 91' lang='lat'><strong>:</strong></span> <span class='ocrx_word' id='word_1_148' title='bbox 878 1341 892 1359; x_wconf 71' lang='grc' dir='ltr'>«ι</span> <span class='ocrx_word' id='word_1_149' title='bbox 907 1329 976 1369; x_wconf 85' lang='lat' dir='ltr'>Ego</span> 
     </span>
     <span class='ocr_line' id='line_1_23' title="bbox 205 1378 976 1420; baseline 0.005 -11"><span class='ocrx_word' id='word_1_150' title='bbox 205 1378 354 1417; x_wconf 84' lang='lat' dir='ltr'>dormivi,</span> <span class='ocrx_word' id='word_1_151' title='bbox 369 1382 399 1410; x_wconf 88' lang='lat' dir='ltr'>et</span> <span class='ocrx_word' id='word_1_152' title='bbox 411 1381 577 1420; x_wconf 89' lang='lat' dir='ltr'>soporatus</span> <span class='ocrx_word' id='word_1_153' title='bbox 592 1389 663 1410; x_wconf 89' lang='lat' dir='ltr'>sum</span> <span class='ocrx_word' id='word_1_154' title='bbox 677 1392 685 1418; x_wconf 87' lang='lat'>;</span> <span class='ocrx_word' id='word_1_155' title='bbox 702 1383 733 1411; x_wconf 88' lang='lat' dir='ltr'>et</span> <span class='ocrx_word' id='word_1_156' title='bbox 748 1382 931 1419; x_wconf 78' lang='lat' dir='ltr'>exsurrexi,</span> <span class='ocrx_word' id='word_1_157' title='bbox 946 1384 976 1413; x_wconf 86' lang='lat' dir='ltr'>et</span> 
     </span>
     <span class='ocr_line' id='line_1_24' title="bbox 205 1431 974 1470; baseline 0.007 -9"><span class='ocrx_word' id='word_1_158' title='bbox 205 1431 309 1463; x_wconf 86' lang='lat' dir='ltr'>adhuc</span> <span class='ocrx_word' id='word_1_159' title='bbox 319 1434 425 1463; x_wconf 85' lang='lat' dir='ltr'>tecum</span> <span class='ocrx_word' id='word_1_160' title='bbox 439 1441 523 1463; x_wconf 89' lang='lat' dir='ltr'>sum.</span> <span class='ocrx_word' id='word_1_161' title='bbox 540 1443 555 1461; x_wconf 74' lang='lat' dir='ltr'>n</span> <span class='ocrx_word' id='word_1_162' title='bbox 573 1432 611 1463; x_wconf 93' lang='lat' dir='ltr'>Et</span> <span class='ocrx_word' id='word_1_163' title='bbox 623 1433 739 1464; x_wconf 88' lang='lat' dir='ltr'>iterum</span> <span class='ocrx_word' id='word_1_164' title='bbox 750 1435 777 1464; x_wconf 77' lang='lat'>⁴:</span> <span class='ocrx_word' id='word_1_165' title='bbox 795 1445 809 1462; x_wconf 76' lang='grc' dir='ltr'><em>α</em></span> <span class='ocrx_word' id='word_1_166' title='bbox 820 1434 974 1470; x_wconf 82' lang='lat' dir='ltr'>Quoniam</span> 
     </span>
     <span class='ocr_line' id='line_1_25' title="bbox 204 1484 969 1523; baseline 0.003 -9"><span class='ocrx_word' id='word_1_167' title='bbox 204 1492 269 1514; x_wconf 90' lang='lat' dir='ltr'>non</span> <span class='ocrx_word' id='word_1_168' title='bbox 285 1484 484 1523; x_wconf 84' lang='lat' dir='ltr'>derelinques</span> <span class='ocrx_word' id='word_1_169' title='bbox 493 1485 634 1516; x_wconf 85' lang='lat' dir='ltr'>animam</span> <span class='ocrx_word' id='word_1_170' title='bbox 651 1495 755 1517; x_wconf 86' lang='lat' dir='ltr'>meam</span> <span class='ocrx_word' id='word_1_171' title='bbox 766 1486 801 1517; x_wconf 88' lang='lat' dir='ltr'>in</span> <span class='ocrx_word' id='word_1_172' title='bbox 814 1486 969 1518; x_wconf 76' lang='lat' dir='ltr'>inferno.»</span> 
     </span>
     <span class='ocr_line' id='line_1_26' title="bbox 204 1535 972 1577; baseline 0.005 -11"><span class='ocrx_word' id='word_1_173' title='bbox 204 1535 277 1567; x_wconf 89' lang='lat' dir='ltr'>Ideo</span> <span class='ocrx_word' id='word_1_174' title='bbox 291 1536 323 1568; x_wconf 90' lang='lat' dir='ltr'>in</span> <span class='ocrx_word' id='word_1_175' title='bbox 338 1536 466 1568; x_wconf 76' lang='lat' dir='ltr'>Actibus</span> <span class='ocrx_word' id='word_1_176' title='bbox 481 1540 490 1556; x_wconf 74' lang='lat'>⁵</span> <span class='ocrx_word' id='word_1_177' title='bbox 508 1548 514 1568; x_wconf 90' lang='lat'>:</span> <span class='ocrx_word' id='word_1_178' title='bbox 545 1548 559 1565; x_wconf 89' lang='lat'>«</span> <span class='ocrx_word' id='word_1_179' title='bbox 574 1537 667 1568; x_wconf 84' lang='lat' dir='ltr'>Hune</span> <span class='ocrx_word' id='word_1_180' title='bbox 689 1538 772 1568; x_wconf 87' lang='lat' dir='ltr'>Deus</span> <span class='ocrx_word' id='word_1_181' title='bbox 793 1539 972 1577; x_wconf 80' lang='lat' dir='ltr'>suscitavit,</span> 
     </span>
     <span class='ocr_line' id='line_1_27' title="bbox 203 1588 973 1631; baseline 0.005 -13"><span class='ocrx_word' id='word_1_182' title='bbox 203 1588 314 1619; x_wconf 91' lang='lat' dir='ltr'>solutis</span> <span class='ocrx_word' id='word_1_183' title='bbox 325 1589 486 1620; x_wconf 88' lang='lat' dir='ltr'>doloribus</span> <span class='ocrx_word' id='word_1_184' title='bbox 499 1590 630 1628; x_wconf 87' lang='lat' dir='ltr'>inferni,</span> <span class='ocrx_word' id='word_1_185' title='bbox 644 1591 737 1630; x_wconf 78' lang='lat' dir='ltr'>juxta</span> <span class='ocrx_word' id='word_1_186' title='bbox 751 1591 834 1630; x_wconf 89' lang='lat' dir='ltr'>quod</span> <span class='ocrx_word' id='word_1_187' title='bbox 852 1591 973 1631; x_wconf 88' lang='lat' dir='ltr'>impos-</span> 
     </span>
     <span class='ocr_line' id='line_1_28' title="bbox 203 1640 972 1675; baseline 0.007 -5"><span class='ocrx_word' id='word_1_188' title='bbox 203 1640 293 1671; x_wconf 88' lang='lat' dir='ltr'>sibile</span> <span class='ocrx_word' id='word_1_189' title='bbox 307 1643 374 1672; x_wconf 83' lang='lat' dir='ltr'>erat</span> <span class='ocrx_word' id='word_1_190' title='bbox 396 1642 494 1672; x_wconf 88' lang='lat' dir='ltr'>teneri</span> <span class='ocrx_word' id='word_1_191' title='bbox 518 1642 609 1673; x_wconf 88' lang='lat' dir='ltr'>illum</span> <span class='ocrx_word' id='word_1_192' title='bbox 631 1643 671 1673; x_wconf 83' lang='lat' dir='ltr'>ab</span> <span class='ocrx_word' id='word_1_193' title='bbox 695 1651 743 1674; x_wconf 88' lang='lat' dir='ltr'>eo.</span> <span class='ocrx_word' id='word_1_194' title='bbox 766 1643 866 1675; x_wconf 89' lang='lat' dir='ltr'>David</span> <span class='ocrx_word' id='word_1_195' title='bbox 887 1644 972 1675; x_wconf 90' lang='lat' dir='ltr'>enim</span> 
     </span>
     <span class='ocr_line' id='line_1_29' title="bbox 203 1693 968 1737; baseline 0.008 -14"><span class='ocrx_word' id='word_1_196' title='bbox 203 1693 277 1724; x_wconf 87' lang='lat' dir='ltr'>dicit</span> <span class='ocrx_word' id='word_1_197' title='bbox 293 1694 324 1724; x_wconf 92' lang='lat' dir='ltr'>in</span> <span class='ocrx_word' id='word_1_198' title='bbox 336 1703 410 1725; x_wconf 90' lang='lat' dir='ltr'>eum</span> <span class='ocrx_word' id='word_1_199' title='bbox 423 1704 430 1725; x_wconf 92' lang='lat'><strong>:</strong></span> <span class='ocrx_word' id='word_1_200' title='bbox 442 1694 649 1726; x_wconf 88' lang='lat' dir='ltr'>Providebam</span> <span class='ocrx_word' id='word_1_201' title='bbox 667 1696 849 1735; x_wconf 81' lang='lat' dir='ltr'>Dominum,</span> <span class='ocrx_word' id='word_1_202' title='bbox 864 1708 878 1726; x_wconf 78' lang='lat' dir='ltr'>i&gt;</span> <span class='ocrx_word' id='word_1_203' title='bbox 898 1699 968 1737; x_wconf 68' lang='lat' dir='ltr'>eto„</span> 
     </span>
     <span class='ocr_line' id='line_1_30' title="bbox 201 1747 970 1786; baseline 0.005 -10"><span class='ocrx_word' id='word_1_204' title='bbox 201 1755 303 1786; x_wconf 87' lang='lat' dir='ltr'>usque</span> <span class='ocrx_word' id='word_1_205' title='bbox 323 1747 366 1777; x_wconf 87' lang='lat' dir='ltr'>ibi</span> <span class='ocrx_word' id='word_1_206' title='bbox 388 1756 396 1778; x_wconf 73' lang='grc' dir='ltr'><strong><em>ε</em></strong></span> <span class='ocrx_word' id='word_1_207' title='bbox 417 1759 432 1776; x_wconf 74' lang='grc' dir='ltr'>(ι</span> <span class='ocrx_word' id='word_1_208' title='bbox 445 1747 514 1779; x_wconf 91' lang='lat' dir='ltr'>Non</span> <span class='ocrx_word' id='word_1_209' title='bbox 537 1748 626 1778; x_wconf 89' lang='lat' dir='ltr'>dabis</span> <span class='ocrx_word' id='word_1_210' title='bbox 647 1751 792 1780; x_wconf 85' lang='lat' dir='ltr'>sanctum</span> <span class='ocrx_word' id='word_1_211' title='bbox 814 1752 907 1780; x_wconf 84' lang='lat' dir='ltr'>tuum</span> <span class='ocrx_word' id='word_1_212' title='bbox 921 1750 970 1780; x_wconf 89' lang='lat' dir='ltr'>vi-</span> 
     </span>
     <span class='ocr_line' id='line_1_31' title="bbox 201 1799 971 1839; baseline 0.008 -11"><span class='ocrx_word' id='word_1_213' title='bbox 201 1799 274 1829; x_wconf 88' lang='lat' dir='ltr'>dere</span> <span class='ocrx_word' id='word_1_214' title='bbox 294 1800 541 1839; x_wconf 83' lang='lat' dir='ltr'>corruptionem.</span> <span class='ocrx_word' id='word_1_215' title='bbox 563 1800 657 1831; x_wconf 88' lang='lat' dir='ltr'>Notas</span> <span class='ocrx_word' id='word_1_216' title='bbox 677 1801 756 1832; x_wconf 83' lang='lat' dir='ltr'>mihi</span> <span class='ocrx_word' id='word_1_217' title='bbox 779 1802 877 1833; x_wconf 81' lang='lat' dir='ltr'>fecisti</span> <span class='ocrx_word' id='word_1_218' title='bbox 903 1804 971 1834; x_wconf 89' lang='lat' dir='ltr'>vias</span> 
     </span>
     <span class='ocr_line' id='line_1_32' title="bbox 201 1851 389 1889; baseline 0.005 -8"><span class='ocrx_word' id='word_1_219' title='bbox 201 1851 286 1889; x_wconf 84' lang='lat' dir='ltr'>vitae‚</span> <span class='ocrx_word' id='word_1_220' title='bbox 298 1862 313 1880; x_wconf 82' lang='lat' dir='ltr'>n</span> <span class='ocrx_word' id='word_1_221' title='bbox 332 1854 389 1882; x_wconf 89' lang='lat' dir='ltr'>etc.</span> 
     </span>
    </p>

    <p class='ocr_par' dir='ltr' id='par_1_3' title="bbox 199 1904 972 2522">
     <span class='ocr_line' id='line_1_33' title="bbox 240 1904 970 1945; baseline 0.005 -11"><span class='ocrx_word' id='word_1_222' title='bbox 240 1904 403 1942; x_wconf 88' lang='lat' dir='ltr'>Secundo,</span> <span class='ocrx_word' id='word_1_223' title='bbox 420 1906 576 1943; x_wconf 83' lang='lat' dir='ltr'>quantum</span> <span class='ocrx_word' id='word_1_224' title='bbox 591 1905 630 1936; x_wconf 91' lang='lat' dir='ltr'>ad</span> <span class='ocrx_word' id='word_1_225' title='bbox 642 1906 861 1945; x_wconf 85' lang='lat' dir='ltr'>probationem</span> <span class='ocrx_word' id='word_1_226' title='bbox 877 1909 970 1938; x_wconf 86' lang='lat' dir='ltr'>testi-</span> 
     </span>
     <span class='ocr_line' id='line_1_34' title="bbox 201 1957 972 1994; baseline 0.006 -8"><span class='ocrx_word' id='word_1_227' title='bbox 201 1957 384 1987; x_wconf 88' lang='lat' dir='ltr'>moniorum</span> <span class='ocrx_word' id='word_1_228' title='bbox 401 1959 578 1994; x_wconf 88' lang='lat' dir='ltr'>certorum,</span> <span class='ocrx_word' id='word_1_229' title='bbox 598 1958 703 1989; x_wconf 86' lang='lat' dir='ltr'>subdit</span> <span class='ocrx_word' id='word_1_230' title='bbox 721 1969 727 1989; x_wconf 93' lang='lat'>:</span> <span class='ocrx_word' id='word_1_231' title='bbox 745 1959 972 1991; x_wconf 79' lang='lat' dir='ltr'>Becordctmim&#39;</span> 
     </span>
     <span class='ocr_line' id='line_1_35' title="bbox 200 2009 966 2048; baseline 0.005 -9"><span class='ocrx_word' id='word_1_232' title='bbox 200 2009 338 2048; x_wconf 73' lang='lat' dir='ltr'>qualiter</span> <span class='ocrx_word' id='word_1_233' title='bbox 353 2010 474 2040; x_wconf 71' lang='lat' dir='ltr'>locutus</span> <span class='ocrx_word' id='word_1_234' title='bbox 488 2014 533 2040; x_wconf 76' lang='lat' dir='ltr'>esc</span> <span class='ocrx_word' id='word_1_235' title='bbox 545 2010 642 2046; x_wconf 72' lang='lat' dir='ltr'>vobis,</span> <span class='ocrx_word' id='word_1_236' title='bbox 654 2020 727 2041; x_wconf 86' lang='lat' dir='ltr'>cum</span> <span class='ocrx_word' id='word_1_237' title='bbox 741 2011 845 2043; x_wconf 78' lang='lat' dir='ltr'>adhuc</span> <span class='ocrx_word' id='word_1_238' title='bbox 856 2013 889 2043; x_wconf 80' lang='lat' dir='ltr'>in</span> <span class='ocrx_word' id='word_1_239' title='bbox 902 2013 966 2045; x_wconf 83' lang='lat' dir='ltr'>Ga-</span> 
     </span>
     <span class='ocr_line' id='line_1_36' title="bbox 201 2061 969 2105; baseline 0.005 -13"><span class='ocrx_word' id='word_1_240' title='bbox 201 2061 286 2092; x_wconf 73' lang='lat' dir='ltr'>lilaea</span> <span class='ocrx_word' id='word_1_241' title='bbox 300 2066 394 2100; x_wconf 82' lang='lat' dir='ltr'>esset,</span> <span class='ocrx_word' id='word_1_242' title='bbox 413 2063 454 2101; x_wconf 80' lang='lat' dir='ltr'>(v.</span> <span class='ocrx_word' id='word_1_243' title='bbox 471 2064 499 2100; x_wconf 77' lang='lat'>7)</span> <span class='ocrx_word' id='word_1_244' title='bbox 520 2062 626 2093; x_wconf 77' lang='lat' dir='ltr'>dicens</span> <span class='ocrx_word' id='word_1_245' title='bbox 644 2074 654 2093; x_wconf 90' lang='lat'>.·</span> <span class='ocrx_word' id='word_1_246' title='bbox 671 2064 756 2102; x_wconf 76' lang='lat' dir='ltr'>Quia</span> <span class='ocrx_word' id='word_1_247' title='bbox 772 2070 895 2105; x_wconf 77' lang='lat' dir='ltr'>oportet</span> <span class='ocrx_word' id='word_1_248' title='bbox 912 2067 941 2098; x_wconf 86' lang='lat' dir='ltr'><em>F</em></span> <span class='ocrx_word' id='word_1_249' title='bbox 942 2068 969 2096; x_wconf 75' lang='lat' dir='ltr'>z·-</span> 
     </span>
     <span class='ocr_line' id='line_1_37' title="bbox 201 2114 968 2158; baseline 0.007 -14"><span class='ocrx_word' id='word_1_250' title='bbox 201 2114 280 2145; x_wconf 79' lang='lat' dir='ltr'>lium</span> <span class='ocrx_word' id='word_1_251' title='bbox 294 2115 432 2145; x_wconf 72' lang='lat' dir='ltr'>hominis</span> <span class='ocrx_word' id='word_1_252' title='bbox 445 2115 531 2145; x_wconf 75' lang='lat' dir='ltr'>tradi</span> <span class='ocrx_word' id='word_1_253' title='bbox 545 2116 579 2145; x_wconf 76' lang='lat' dir='ltr'>in</span> <span class='ocrx_word' id='word_1_254' title='bbox 592 2125 707 2146; x_wconf 74' lang='lat' dir='ltr'>memus</span> <span class='ocrx_word' id='word_1_255' title='bbox 722 2116 888 2148; x_wconf 76' lang='lat' dir='ltr'>hominum</span> <span class='ocrx_word' id='word_1_256' title='bbox 900 2127 968 2158; x_wconf 76' lang='lat' dir='ltr'>pec-</span> 
     </span>
     <span class='ocr_line' id='line_1_38' title="bbox 201 2168 965 2210; baseline 0.005 -13"><span class='ocrx_word' id='word_1_257' title='bbox 201 2171 357 2205; x_wconf 73' lang='lat' dir='ltr'>catorum,</span> <span class='ocrx_word' id='word_1_258' title='bbox 372 2172 401 2198; x_wconf 77' lang='lat' dir='ltr'>el</span> <span class='ocrx_word' id='word_1_259' title='bbox 413 2168 567 2207; x_wconf 72' lang='lat' dir='ltr'>crucifiyc&#39;,</span> <span class='ocrx_word' id='word_1_260' title='bbox 580 2172 610 2198; x_wconf 84' lang='lat' dir='ltr'>et</span> <span class='ocrx_word' id='word_1_261' title='bbox 619 2168 669 2199; x_wconf 71' lang='lat' dir='ltr'>dle</span> <span class='ocrx_word' id='word_1_262' title='bbox 685 2170 777 2200; x_wconf 78' lang='lat' dir='ltr'>tertia</span> <span class='ocrx_word' id='word_1_263' title='bbox 791 2179 965 2210; x_wconf 65' lang='lat' dir='ltr'>resumere.</span> 
     </span>
     <span class='ocr_line' id='line_1_39' title="bbox 200 2219 967 2259; baseline 0.007 -10"><span class='ocrx_word' id='word_1_264' title='bbox 200 2219 278 2249; x_wconf 83' lang='lat' dir='ltr'>Nam</span> <span class='ocrx_word' id='word_1_265' title='bbox 294 2220 326 2250; x_wconf 89' lang='lat' dir='ltr'>in</span> <span class='ocrx_word' id='word_1_266' title='bbox 341 2220 490 2252; x_wconf 75' lang='lat' dir='ltr'>Matthoeo</span> <span class='ocrx_word' id='word_1_267' title='bbox 506 2221 544 2259; x_wconf 70' lang='lat' dir='ltr'>(a)</span> <span class='ocrx_word' id='word_1_268' title='bbox 562 2220 624 2250; x_wconf 71' lang='lat' dir='ltr'>ait⁶</span> <span class='ocrx_word' id='word_1_269' title='bbox 638 2231 645 2251; x_wconf 77' lang='grc' dir='ltr'>ι</span> <span class='ocrx_word' id='word_1_270' title='bbox 659 2232 672 2250; x_wconf 77' lang='grc' dir='ltr'>(ι</span> <span class='ocrx_word' id='word_1_271' title='bbox 682 2221 759 2252; x_wconf 88' lang='lat' dir='ltr'>Ecce</span> <span class='ocrx_word' id='word_1_272' title='bbox 768 2223 967 2254; x_wconf 84' lang='lat' dir='ltr'>ascendimus</span> 
     </span>
     <span class='ocr_line' id='line_1_40' title="bbox 201 2271 967 2311; baseline 0.008 -10"><span class='ocrx_word' id='word_1_273' title='bbox 201 2271 469 2311; x_wconf 82' lang='lat' dir='ltr'>Hierosolymam:</span> <span class='ocrx_word' id='word_1_274' title='bbox 494 2275 524 2302; x_wconf 89' lang='lat' dir='ltr'>et</span> <span class='ocrx_word' id='word_1_275' title='bbox 546 2272 644 2302; x_wconf 90' lang='lat' dir='ltr'>Filius</span> <span class='ocrx_word' id='word_1_276' title='bbox 664 2273 804 2304; x_wconf 88' lang='lat' dir='ltr'>hominis</span> <span class='ocrx_word' id='word_1_277' title='bbox 826 2276 967 2307; x_wconf 80' lang='lat' dir='ltr'>tradetur</span> 
     </span>
     <span class='ocr_line' id='line_1_41' title="bbox 200 2325 966 2364; baseline 0.009 -11"><span class='ocrx_word' id='word_1_278' title='bbox 200 2325 393 2363; x_wconf 84' lang='lat' dir='ltr'>principibus</span> <span class='ocrx_word' id='word_1_279' title='bbox 412 2325 626 2363; x_wconf 81' lang='lat' dir='ltr'>sacerdotum,</span> <span class='ocrx_word' id='word_1_280' title='bbox 649 2327 680 2355; x_wconf 84' lang='lat' dir='ltr'>et</span> <span class='ocrx_word' id='word_1_281' title='bbox 699 2327 825 2364; x_wconf 79' lang='lat' dir='ltr'>scribis,</span> <span class='ocrx_word' id='word_1_282' title='bbox 847 2330 877 2358; x_wconf 89' lang='lat' dir='ltr'>et</span> <span class='ocrx_word' id='word_1_283' title='bbox 891 2338 966 2360; x_wconf 90' lang='lat' dir='ltr'>con-</span> 
     </span>
     <span class='ocr_line' id='line_1_42' title="bbox 199 2377 965 2419; baseline 0.008 -13"><span class='ocrx_word' id='word_1_284' title='bbox 199 2377 393 2407; x_wconf 81' lang='lat' dir='ltr'>demnabunt</span> <span class='ocrx_word' id='word_1_285' title='bbox 408 2386 482 2407; x_wconf 84' lang='lat' dir='ltr'>eum</span> <span class='ocrx_word' id='word_1_286' title='bbox 494 2379 605 2414; x_wconf 88' lang='lat' dir='ltr'>morte,</span> <span class='ocrx_word' id='word_1_287' title='bbox 617 2379 648 2407; x_wconf 85' lang='lat' dir='ltr'>et</span> <span class='ocrx_word' id='word_1_288' title='bbox 663 2379 785 2409; x_wconf 86' lang='lat' dir='ltr'>tradent</span> <span class='ocrx_word' id='word_1_289' title='bbox 801 2388 874 2410; x_wconf 86' lang='lat' dir='ltr'>eum</span> <span class='ocrx_word' id='word_1_290' title='bbox 889 2390 965 2419; x_wconf 83' lang='lat' dir='ltr'>gen-</span> 
     </span>
     <span class='ocr_line' id='line_1_43' title="bbox 200 2429 967 2469; baseline 0.008 -11"><span class='ocrx_word' id='word_1_291' title='bbox 200 2429 285 2459; x_wconf 86' lang='lat' dir='ltr'>tibus</span> <span class='ocrx_word' id='word_1_292' title='bbox 297 2429 336 2459; x_wconf 88' lang='lat' dir='ltr'>ad</span> <span class='ocrx_word' id='word_1_293' title='bbox 350 2429 544 2459; x_wconf 87' lang='lat' dir='ltr'>illudendum</span> <span class='ocrx_word' id='word_1_294' title='bbox 555 2432 585 2459; x_wconf 83' lang='lat' dir='ltr'>et</span> <span class='ocrx_word' id='word_1_295' title='bbox 599 2430 837 2469; x_wconf 84' lang='lat' dir='ltr'>flagellandum,</span> <span class='ocrx_word' id='word_1_296' title='bbox 854 2435 884 2463; x_wconf 83' lang='lat' dir='ltr'>et</span> <span class='ocrx_word' id='word_1_297' title='bbox 899 2442 967 2464; x_wconf 86' lang='lat' dir='ltr'>cru-</span> 
     </span>
     <span class='ocr_line' id='line_1_44' title="bbox 200 2481 963 2522; baseline 0.007 -11"><span class='ocrx_word' id='word_1_298' title='bbox 200 2481 408 2520; x_wconf 84' lang='lat' dir='ltr'>cifigendum,</span> <span class='ocrx_word' id='word_1_299' title='bbox 426 2484 456 2512; x_wconf 88' lang='lat' dir='ltr'>et</span> <span class='ocrx_word' id='word_1_300' title='bbox 470 2481 561 2512; x_wconf 84' lang='lat' dir='ltr'>tertia</span> <span class='ocrx_word' id='word_1_301' title='bbox 575 2482 625 2512; x_wconf 92' lang='lat' dir='ltr'>die</span> <span class='ocrx_word' id='word_1_302' title='bbox 639 2486 799 2522; x_wconf 85' lang='lat' dir='ltr'>resurget.</span> <span class='ocrx_word' id='word_1_303' title='bbox 810 2496 824 2513; x_wconf 69' lang='lat' dir='ltr'>n</span> <span class='ocrx_word' id='word_1_304' title='bbox 846 2485 963 2516; x_wconf 86' lang='lat' dir='ltr'>Simili—</span> 
     </span>
    </p>
   </div>
   <div class='ocr_carea' id='block_1_3' title="bbox 197 2577 964 2681">
    <p class='ocr_par' dir='ltr' id='par_1_4' title="bbox 197 2577 964 2681">
     <span class='ocr_line' id='line_1_45' title="bbox 231 2577 964 2611; baseline 0.005 -10"><span class='ocrx_word' id='word_1_305' title='bbox 231 2579 237 2593; x_wconf 81' lang='lat'><strong>¹</strong></span> <span class='ocrx_word' id='word_1_306' title='bbox 254 2579 329 2608; x_wconf 64' lang='lat' dir='ltr'>Dum,</span> <span class='ocrx_word' id='word_1_307' title='bbox 346 2578 423 2606; x_wconf 65' lang='lat' dir='ltr'>x,1i›.</span> <span class='ocrx_word' id='word_1_308' title='bbox 439 2589 469 2593; x_wconf 97' lang='lat'><strong>—</strong></span> <span class='ocrx_word' id='word_1_309' title='bbox 483 2577 493 2591; x_wconf 73' lang='lat'>²</span> <span class='ocrx_word' id='word_1_310' title='bbox 508 2578 624 2606; x_wconf 80' lang='lat' dir='ltr'>Sup.,11,</span> <span class='ocrx_word' id='word_1_311' title='bbox 642 2580 678 2601; x_wconf 80' lang='lat'>10.</span> <span class='ocrx_word' id='word_1_312' title='bbox 692 2591 722 2595; x_wconf 80' lang='lat'>-</span> <span class='ocrx_word' id='word_1_313' title='bbox 736 2579 746 2595; x_wconf 76' lang='lat'>³</span> <span class='ocrx_word' id='word_1_314' title='bbox 760 2580 826 2603; x_wconf 74' lang='lat' dir='ltr'>Psal.</span> <span class='ocrx_word' id='word_1_315' title='bbox 844 2587 882 2611; x_wconf 79' lang='lat'>111,</span> <span class='ocrx_word' id='word_1_316' title='bbox 897 2583 919 2604; x_wconf 77' lang='grc' dir='ltr'>ὓ.</span> <span class='ocrx_word' id='word_1_317' title='bbox 935 2594 964 2599; x_wconf 92' lang='grc'>-</span> 
     </span>
     <span class='ocr_line' id='line_1_46' title="bbox 198 2611 963 2646; baseline 0.003 -9"><span class='ocrx_word' id='word_1_318' title='bbox 198 2615 206 2627; x_wconf 82' lang='lat'><strong>⁴</strong></span> <span class='ocrx_word' id='word_1_319' title='bbox 219 2614 285 2638; x_wconf 70' lang='lat' dir='ltr'>Psal.</span> <span class='ocrx_word' id='word_1_320' title='bbox 304 2619 346 2642; x_wconf 79' lang='lat' dir='ltr'>xv,</span> <span class='ocrx_word' id='word_1_321' title='bbox 361 2614 398 2635; x_wconf 74' lang='lat'>10.</span> <span class='ocrx_word' id='word_1_322' title='bbox 415 2624 445 2628; x_wconf 90' lang='lat'>—</span> <span class='ocrx_word' id='word_1_323' title='bbox 459 2612 467 2625; x_wconf 78' lang='lat'><strong>⁵</strong></span> <span class='ocrx_word' id='word_1_324' title='bbox 481 2611 545 2640; x_wconf 61' lang='lat' dir='ltr'>Act„</span> <span class='ocrx_word' id='word_1_325' title='bbox 561 2617 590 2639; x_wconf 82' lang='lat'>11,</span> <span class='ocrx_word' id='word_1_326' title='bbox 602 2613 627 2635; x_wconf 68' lang='lat'>14</span> <span class='ocrx_word' id='word_1_327' title='bbox 639 2615 725 2643; x_wconf 74' lang='lat' dir='ltr'>etseq.</span> <span class='ocrx_word' id='word_1_328' title='bbox 739 2627 770 2631; x_wconf 91' lang='lat'><strong>—</strong></span> <span class='ocrx_word' id='word_1_329' title='bbox 784 2616 793 2627; x_wconf 59' lang='grc' dir='ltr'>ὗ</span> <span class='ocrx_word' id='word_1_330' title='bbox 804 2615 903 2643; x_wconf 72' lang='lat' dir='ltr'>Manli..</span> <span class='ocrx_word' id='word_1_331' title='bbox 919 2623 963 2646; x_wconf 79' lang='lat' dir='ltr'>xx,</span> 
     </span>
     <span class='ocr_line' id='line_1_47' title="bbox 197 2649 962 2681; baseline 0.013 -14"><span class='ocrx_word' id='word_1_332' title='bbox 197 2651 279 2674; x_wconf 49' lang='lat'>15:19,</span> <span class='ocrx_word' id='word_1_333' title='bbox 298 2662 328 2666; x_wconf 91' lang='lat'><strong>—</strong></span> <span class='ocrx_word' id='word_1_334' title='bbox 348 2649 359 2664; x_wconf 88' lang='lat'>⁷</span> <span class='ocrx_word' id='word_1_335' title='bbox 376 2649 465 2676; x_wconf 61' lang='lat' dir='ltr'>Marc„</span> <span class='ocrx_word' id='word_1_336' title='bbox 488 2651 549 2676; x_wconf 80' lang='lat' dir='ltr'>vm,</span> <span class='ocrx_word' id='word_1_337' title='bbox 572 2649 610 2671; x_wconf 76' lang='lat'>31.</span> <span class='ocrx_word' id='word_1_338' title='bbox 625 2660 655 2665; x_wconf 91' lang='lat'><strong>—</strong></span> <span class='ocrx_word' id='word_1_339' title='bbox 670 2650 679 2662; x_wconf 77' lang='lat'>⁸¹</span> <span class='ocrx_word' id='word_1_340' title='bbox 694 2650 766 2679; x_wconf 63' lang='lat' dir='ltr'>sup„</span> <span class='ocrx_word' id='word_1_341' title='bbox 781 2656 861 2681; x_wconf 79' lang='lat' dir='ltr'>xviii,</span> <span class='ocrx_word' id='word_1_342' title='bbox 879 2653 962 2676; x_wconf 79' lang='lat'>31-33.</span> 
     </span>
    </p>
   </div>
   <div class='ocr_carea' id='block_1_4' title="bbox 764 206 1270 241">
    <p class='ocr_par' dir='ltr' id='par_1_5' title="bbox 764 206 1270 241">
     <span class='ocr_line' id='line_1_48' title="bbox 764 206 1270 241; baseline 0.008 -4"><span class='ocrx_word' id='word_1_343' title='bbox 764 206 974 239; x_wconf 82' lang='lat' dir='ltr'>EVANGELH</span> <span class='ocrx_word' id='word_1_344' title='bbox 997 208 1136 240; x_wconf 87' lang='lat' dir='ltr'><strong>SANCTI</strong></span> <span class='ocrx_word' id='word_1_345' title='bbox 1158 209 1270 241; x_wconf 84' lang='lat' dir='ltr'>LUCAE</span> 
     </span>
    </p>
   </div>
   <div class='ocr_carea' id='block_1_5' title="bbox 1022 275 1810 2473">
    <p class='ocr_par' dir='ltr' id='par_1_6' title="bbox 1027 275 1810 1779">
     <span class='ocr_line' id='line_1_49' title="bbox 1042 275 1810 317; baseline 0.005 -11"><span class='ocrx_word' id='word_1_346' title='bbox 1042 277 1090 306; x_wconf 84' lang='lat' dir='ltr'>ter</span> <span class='ocrx_word' id='word_1_347' title='bbox 1104 275 1137 306; x_wconf 92' lang='lat' dir='ltr'>in</span> <span class='ocrx_word' id='word_1_348' title='bbox 1151 276 1261 307; x_wconf 84' lang='lat' dir='ltr'>Marco</span> <span class='ocrx_word' id='word_1_349' title='bbox 1274 276 1311 315; x_wconf 82' lang='lat' dir='ltr'>(b)</span> <span class='ocrx_word' id='word_1_350' title='bbox 1328 279 1338 295; x_wconf 79' lang='lat'>⁷</span> <span class='ocrx_word' id='word_1_351' title='bbox 1353 285 1360 307; x_wconf 90' lang='lat'>:</span> <span class='ocrx_word' id='word_1_352' title='bbox 1381 277 1529 317; x_wconf 69' lang='lat' dir='ltr'>«Oportet</span> <span class='ocrx_word' id='word_1_353' title='bbox 1543 278 1658 309; x_wconf 88' lang='lat' dir='ltr'>Filium</span> <span class='ocrx_word' id='word_1_354' title='bbox 1672 279 1810 310; x_wconf 87' lang='lat' dir='ltr'>hominis</span> 
     </span>
     <span class='ocr_line' id='line_1_50' title="bbox 1042 328 1810 369; baseline 0.007 -11"><span class='ocrx_word' id='word_1_355' title='bbox 1042 328 1141 358; x_wconf 89' lang='lat' dir='ltr'>multa</span> <span class='ocrx_word' id='word_1_356' title='bbox 1156 329 1240 368; x_wconf 84' lang='lat' dir='ltr'>pati,</span> <span class='ocrx_word' id='word_1_357' title='bbox 1262 330 1293 359; x_wconf 87' lang='lat' dir='ltr'>et</span> <span class='ocrx_word' id='word_1_358' title='bbox 1308 330 1470 369; x_wconf 88' lang='lat' dir='ltr'>reprobari</span> <span class='ocrx_word' id='word_1_359' title='bbox 1492 340 1510 361; x_wconf 91' lang='lat' dir='ltr'>a</span> <span class='ocrx_word' id='word_1_360' title='bbox 1531 331 1708 362; x_wconf 84' lang='lat' dir='ltr'>senioribus</span> <span class='ocrx_word' id='word_1_361' title='bbox 1721 355 1731 369; x_wconf 89' lang='lat'>,</span> <span class='ocrx_word' id='word_1_362' title='bbox 1746 334 1778 363; x_wconf 89' lang='lat' dir='ltr'>et</span> <span class='ocrx_word' id='word_1_363' title='bbox 1791 341 1810 362; x_wconf 78' lang='lat' dir='ltr'>a</span> 
     </span>
     <span class='ocr_line' id='line_1_51' title="bbox 1041 381 1808 422; baseline 0.005 -11"><span class='ocrx_word' id='word_1_364' title='bbox 1041 381 1176 411; x_wconf 85' lang='lat' dir='ltr'>summis</span> <span class='ocrx_word' id='word_1_365' title='bbox 1191 382 1423 420; x_wconf 88' lang='lat' dir='ltr'>sacerdotibus,</span> <span class='ocrx_word' id='word_1_366' title='bbox 1441 385 1472 413; x_wconf 82' lang='lat' dir='ltr'>et</span> <span class='ocrx_word' id='word_1_367' title='bbox 1486 384 1610 420; x_wconf 80' lang='lat' dir='ltr'>scribi5‚</span> <span class='ocrx_word' id='word_1_368' title='bbox 1635 387 1665 414; x_wconf 84' lang='lat' dir='ltr'>et</span> <span class='ocrx_word' id='word_1_369' title='bbox 1688 385 1808 422; x_wconf 87' lang='lat' dir='ltr'>occidi,</span> 
     </span>
     <span class='ocr_line' id='line_1_52' title="bbox 1040 435 1807 474; baseline 0.005 -10"><span class='ocrx_word' id='word_1_370' title='bbox 1040 435 1154 473; x_wconf 84' lang='lat' dir='ltr'>etpost</span> <span class='ocrx_word' id='word_1_371' title='bbox 1169 437 1231 464; x_wconf 87' lang='lat' dir='ltr'>tres</span> <span class='ocrx_word' id='word_1_372' title='bbox 1253 435 1320 465; x_wconf 88' lang='lat' dir='ltr'>dies</span> <span class='ocrx_word' id='word_1_373' title='bbox 1344 444 1554 474; x_wconf 75' lang='lat' dir='ltr'>resurgere.»</span> <span class='ocrx_word' id='word_1_374' title='bbox 1581 436 1731 468; x_wconf 90' lang='lat' dir='ltr'>Similiter</span> <span class='ocrx_word' id='word_1_375' title='bbox 1753 447 1807 468; x_wconf 90' lang='lat' dir='ltr'>su-</span> 
     </span>
     <span class='ocr_line' id='line_1_53' title="bbox 1039 486 1810 529; baseline 0.005 -13"><span class='ocrx_word' id='word_1_376' title='bbox 1039 495 1096 525; x_wconf 89' lang='lat' dir='ltr'>pra</span> <span class='ocrx_word' id='word_1_377' title='bbox 1104 487 1114 504; x_wconf 77' lang='lat'>⁸</span> <span class='ocrx_word' id='word_1_378' title='bbox 1127 497 1133 516; x_wconf 91' lang='lat'>:</span> <span class='ocrx_word' id='word_1_379' title='bbox 1150 497 1164 515; x_wconf 89' lang='lat'>«</span> <span class='ocrx_word' id='word_1_380' title='bbox 1175 486 1488 518; x_wconf 87' lang='lat' dir='ltr'>Consummabuntur</span> <span class='ocrx_word' id='word_1_381' title='bbox 1496 489 1602 519; x_wconf 81' lang='lat' dir='ltr'>omnia</span> <span class='ocrx_word' id='word_1_382' title='bbox 1610 498 1682 528; x_wconf 63' lang='lat' dir='ltr'>quae</span> <span class='ocrx_word' id='word_1_383' title='bbox 1693 490 1810 529; x_wconf 80' lang='lat' dir='ltr'>scripta</span> 
     </span>
     <span class='ocr_line' id='line_1_54' title="bbox 1039 538 1808 578; baseline 0.005 -10"><span class='ocrx_word' id='word_1_384' title='bbox 1039 540 1113 568; x_wconf 87' lang='lat' dir='ltr'>sunt</span> <span class='ocrx_word' id='word_1_385' title='bbox 1128 547 1183 577; x_wconf 90' lang='lat' dir='ltr'>per</span> <span class='ocrx_word' id='word_1_386' title='bbox 1197 538 1370 578; x_wconf 85' lang='lat' dir='ltr'>Prophetas</span> <span class='ocrx_word' id='word_1_387' title='bbox 1384 539 1422 570; x_wconf 89' lang='lat' dir='ltr'>de</span> <span class='ocrx_word' id='word_1_388' title='bbox 1438 539 1515 571; x_wconf 87' lang='lat' dir='ltr'>Filio</span> <span class='ocrx_word' id='word_1_389' title='bbox 1529 541 1666 572; x_wconf 89' lang='lat' dir='ltr'>hominis</span> <span class='ocrx_word' id='word_1_390' title='bbox 1683 552 1690 572; x_wconf 75' lang='grc' dir='ltr'>ε</span> <span class='ocrx_word' id='word_1_391' title='bbox 1708 541 1808 572; x_wconf 85' lang='lat' dir='ltr'>trade-</span> 
     </span>
     <span class='ocr_line' id='line_1_55' title="bbox 1038 590 1804 632; baseline 0.007 -13"><span class='ocrx_word' id='word_1_392' title='bbox 1038 591 1090 620; x_wconf 85' lang='lat' dir='ltr'>tur</span> <span class='ocrx_word' id='word_1_393' title='bbox 1115 590 1201 620; x_wconf 90' lang='lat' dir='ltr'>enim</span> <span class='ocrx_word' id='word_1_394' title='bbox 1224 591 1394 629; x_wconf 85' lang='lat' dir='ltr'>gentibus,</span> <span class='ocrx_word' id='word_1_395' title='bbox 1410 604 1424 620; x_wconf 76' lang='grc' dir='ltr'>ι)</span> <span class='ocrx_word' id='word_1_396' title='bbox 1442 594 1500 622; x_wconf 88' lang='lat' dir='ltr'>etc.</span> <span class='ocrx_word' id='word_1_397' title='bbox 1525 592 1563 624; x_wconf 86' lang='lat' dir='ltr'>Et</span> <span class='ocrx_word' id='word_1_398' title='bbox 1585 595 1654 632; x_wconf 84' lang='lat' dir='ltr'>post</span> <span class='ocrx_word' id='word_1_399' title='bbox 1673 593 1779 624; x_wconf 86' lang='lat' dir='ltr'>subdit</span> <span class='ocrx_word' id='word_1_400' title='bbox 1797 605 1804 625; x_wconf 75' lang='grc' dir='ltr'><strong><em>ε</em></strong></span> 
     </span>
     <span class='ocr_line' id='line_1_56' title="bbox 1043 640 1806 683; baseline 0.009 -13"><span class='ocrx_word' id='word_1_401' title='bbox 1043 640 1106 672; x_wconf 73' lang='grc' dir='ltr'>«Εἰ</span> <span class='ocrx_word' id='word_1_402' title='bbox 1128 642 1220 673; x_wconf 88' lang='lat' dir='ltr'>tertia</span> <span class='ocrx_word' id='word_1_403' title='bbox 1243 643 1293 674; x_wconf 89' lang='lat' dir='ltr'>die</span> <span class='ocrx_word' id='word_1_404' title='bbox 1315 647 1472 683; x_wconf 85' lang='lat' dir='ltr'>resurget.</span> <span class='ocrx_word' id='word_1_405' title='bbox 1491 656 1506 673; x_wconf 72' lang='grc' dir='ltr'><strong>υ</strong></span> <span class='ocrx_word' id='word_1_406' title='bbox 1533 645 1608 676; x_wconf 87' lang='lat' dir='ltr'>Haec</span> <span class='ocrx_word' id='word_1_407' title='bbox 1632 648 1739 677; x_wconf 89' lang='lat' dir='ltr'>autem</span> <span class='ocrx_word' id='word_1_408' title='bbox 1761 647 1806 677; x_wconf 86' lang='lat' dir='ltr'>eis</span> 
     </span>
     <span class='ocr_line' id='line_1_57' title="bbox 1038 694 1803 732; baseline 0.008 -9"><span class='ocrx_word' id='word_1_409' title='bbox 1038 694 1228 732; x_wconf 67' lang='lat' dir='ltr'>praedixerat</span> <span class='ocrx_word' id='word_1_410' title='bbox 1251 696 1290 726; x_wconf 90' lang='lat' dir='ltr'>ad</span> <span class='ocrx_word' id='word_1_411' title='bbox 1305 696 1400 727; x_wconf 83' lang='lat' dir='ltr'>fidem</span> <span class='ocrx_word' id='word_1_412' title='bbox 1425 698 1639 729; x_wconf 83' lang='lat' dir='ltr'>astruendam.</span> <span class='ocrx_word' id='word_1_413' title='bbox 1666 697 1754 729; x_wconf 88' lang='lat' dir='ltr'>Unde</span> <span class='ocrx_word' id='word_1_414' title='bbox 1770 699 1803 729; x_wconf 91' lang='lat' dir='ltr'>in</span> 
     </span>
     <span class='ocr_line' id='line_1_58' title="bbox 1036 746 1804 791; baseline 0.007 -14"><span class='ocrx_word' id='word_1_415' title='bbox 1036 746 1159 778; x_wconf 68' lang='grc' dir='ltr'>ιΙοαηηθ</span> <span class='ocrx_word' id='word_1_416' title='bbox 1170 748 1204 787; x_wconf 86' lang='lat' dir='ltr'>(c)</span> <span class='ocrx_word' id='word_1_417' title='bbox 1215 749 1244 778; x_wconf 78' lang='lat'>⁹:</span> <span class='ocrx_word' id='word_1_418' title='bbox 1262 748 1320 779; x_wconf 77' lang='lat' dir='ltr'>«Et</span> <span class='ocrx_word' id='word_1_419' title='bbox 1330 759 1415 780; x_wconf 87' lang='lat' dir='ltr'>nunc</span> <span class='ocrx_word' id='word_1_420' title='bbox 1429 750 1494 781; x_wconf 78' lang='lat' dir='ltr'>dixi</span> <span class='ocrx_word' id='word_1_421' title='bbox 1509 751 1600 782; x_wconf 90' lang='lat' dir='ltr'>vobis</span> <span class='ocrx_word' id='word_1_422' title='bbox 1609 751 1698 790; x_wconf 84' lang='lat' dir='ltr'>prius</span> <span class='ocrx_word' id='word_1_423' title='bbox 1705 760 1804 791; x_wconf 84' lang='lat' dir='ltr'>quam</span> 
     </span>
     <span class='ocr_line' id='line_1_59' title="bbox 1036 799 1806 841; baseline 0.006 -12"><span class='ocrx_word' id='word_1_424' title='bbox 1036 799 1111 837; x_wconf 85' lang='lat' dir='ltr'>fiat,</span> <span class='ocrx_word' id='word_1_425' title='bbox 1138 803 1173 831; x_wconf 91' lang='lat' dir='ltr'>ut</span> <span class='ocrx_word' id='word_1_426' title='bbox 1191 810 1266 832; x_wconf 85' lang='lat' dir='ltr'>cum</span> <span class='ocrx_word' id='word_1_427' title='bbox 1287 803 1406 832; x_wconf 78' lang='lat' dir='ltr'>factum</span> <span class='ocrx_word' id='word_1_428' title='bbox 1427 803 1548 841; x_wconf 83' lang='lat' dir='ltr'>fuerat,</span> <span class='ocrx_word' id='word_1_429' title='bbox 1569 804 1714 835; x_wconf 85' lang='lat' dir='ltr'>credatis.</span> <span class='ocrx_word' id='word_1_430' title='bbox 1730 815 1745 833; x_wconf 77' lang='lat' dir='ltr'>n</span> <span class='ocrx_word' id='word_1_431' title='bbox 1767 804 1806 836; x_wconf 87' lang='lat' dir='ltr'>Et</span> 
     </span>
     <span class='ocr_line' id='line_1_60' title="bbox 1035 852 1804 895; baseline 0.007 -12"><span class='ocrx_word' id='word_1_432' title='bbox 1035 852 1104 883; x_wconf 80' lang='lat' dir='ltr'>haec</span> <span class='ocrx_word' id='word_1_433' title='bbox 1120 853 1179 884; x_wconf 79' lang='lat' dir='ltr'>suit</span> <span class='ocrx_word' id='word_1_434' title='bbox 1194 855 1246 885; x_wconf 92' lang='lat' dir='ltr'>via</span> <span class='ocrx_word' id='word_1_435' title='bbox 1261 855 1477 886; x_wconf 83' lang='lat' dir='ltr'>manuducens</span> <span class='ocrx_word' id='word_1_436' title='bbox 1491 856 1531 887; x_wconf 91' lang='lat' dir='ltr'>ad</span> <span class='ocrx_word' id='word_1_437' title='bbox 1550 857 1645 888; x_wconf 86' lang='lat' dir='ltr'>fidem</span> <span class='ocrx_word' id='word_1_438' title='bbox 1658 867 1666 895; x_wconf 94' lang='lat'>;</span> <span class='ocrx_word' id='word_1_439' title='bbox 1684 858 1715 887; x_wconf 86' lang='lat' dir='ltr'>et</span> <span class='ocrx_word' id='word_1_440' title='bbox 1734 857 1804 888; x_wconf 86' lang='lat' dir='ltr'>ideo</span> 
     </span>
     <span class='ocr_line' id='line_1_61' title="bbox 1035 906 1805 946; baseline 0.005 -10"><span class='ocrx_word' id='word_1_441' title='bbox 1035 906 1140 937; x_wconf 87' lang='lat' dir='ltr'>subdit</span> <span class='ocrx_word' id='word_1_442' title='bbox 1158 909 1200 945; x_wconf 87' lang='lat' dir='ltr'>(v.</span> <span class='ocrx_word' id='word_1_443' title='bbox 1218 908 1245 946; x_wconf 90' lang='lat'>8)</span> <span class='ocrx_word' id='word_1_444' title='bbox 1267 918 1274 938; x_wconf 90' lang='lat'>:</span> <span class='ocrx_word' id='word_1_445' title='bbox 1289 908 1334 939; x_wconf 83' lang='lat' dir='ltr'>Et</span> <span class='ocrx_word' id='word_1_446' title='bbox 1348 909 1523 939; x_wconf 66' lang='lat' dir='ltr'>recordatae</span> <span class='ocrx_word' id='word_1_447' title='bbox 1543 913 1618 940; x_wconf 82' lang='lat' dir='ltr'>sunt</span> <span class='ocrx_word' id='word_1_448' title='bbox 1635 909 1805 940; x_wconf 80' lang='lat' dir='ltr'>verborum</span> 
     </span>
     <span class='ocr_line' id='line_1_62' title="bbox 1035 959 1804 1001; baseline 0.004 -12"><span class='ocrx_word' id='word_1_449' title='bbox 1035 959 1114 998; x_wconf 81' lang='lat' dir='ltr'>ejus.</span> <span class='ocrx_word' id='word_1_450' title='bbox 1131 959 1220 990; x_wconf 85' lang='lat' dir='ltr'>Unde</span> <span class='ocrx_word' id='word_1_451' title='bbox 1236 960 1267 990; x_wconf 88' lang='lat' dir='ltr'>in</span> <span class='ocrx_word' id='word_1_452' title='bbox 1282 960 1406 991; x_wconf 80' lang='lat' dir='ltr'>Joamze</span> <span class='ocrx_word' id='word_1_453' title='bbox 1427 961 1462 1000; x_wconf 87' lang='lat' dir='ltr'>(c)</span> <span class='ocrx_word' id='word_1_454' title='bbox 1478 962 1498 980; x_wconf 89' lang='lat'>¹⁰</span> <span class='ocrx_word' id='word_1_455' title='bbox 1513 971 1520 992; x_wconf 72' lang='grc' dir='ltr'>ε</span> <span class='ocrx_word' id='word_1_456' title='bbox 1544 973 1558 990; x_wconf 70' lang='grc' dir='ltr'>ι(</span> <span class='ocrx_word' id='word_1_457' title='bbox 1572 961 1661 998; x_wconf 87' lang='lat' dir='ltr'>Quod</span> <span class='ocrx_word' id='word_1_458' title='bbox 1675 962 1804 1001; x_wconf 81' lang='lat' dir='ltr'>signum</span> 
     </span>
     <span class='ocr_line' id='line_1_63' title="bbox 1034 1012 1804 1054; baseline 0.005 -12"><span class='ocrx_word' id='word_1_459' title='bbox 1034 1012 1171 1043; x_wconf 90' lang='lat' dir='ltr'>ostendis</span> <span class='ocrx_word' id='word_1_460' title='bbox 1185 1013 1276 1043; x_wconf 86' lang='lat' dir='ltr'>nobis</span> <span class='ocrx_word' id='word_1_461' title='bbox 1288 1014 1363 1052; x_wconf 84' lang='lat' dir='ltr'>quia</span> <span class='ocrx_word' id='word_1_462' title='bbox 1377 1014 1446 1044; x_wconf 84' lang='lat' dir='ltr'>haec</span> <span class='ocrx_word' id='word_1_463' title='bbox 1461 1014 1557 1045; x_wconf 82' lang='lat' dir='ltr'>sacis?</span> <span class='ocrx_word' id='word_1_464' title='bbox 1576 1015 1744 1054; x_wconf 88' lang='lat' dir='ltr'>Respondit</span> <span class='ocrx_word' id='word_1_465' title='bbox 1757 1015 1804 1046; x_wconf 87' lang='lat' dir='ltr'>Je-</span> 
     </span>
     <span class='ocr_line' id='line_1_64' title="bbox 1032 1065 1803 1106; baseline 0.005 -12"><span class='ocrx_word' id='word_1_466' title='bbox 1032 1073 1104 1102; x_wconf 81' lang='lat' dir='ltr'>suS,</span> <span class='ocrx_word' id='word_1_467' title='bbox 1122 1067 1153 1096; x_wconf 88' lang='lat' dir='ltr'>et</span> <span class='ocrx_word' id='word_1_468' title='bbox 1177 1065 1256 1096; x_wconf 79' lang='lat' dir='ltr'>dixit</span> <span class='ocrx_word' id='word_1_469' title='bbox 1281 1066 1326 1096; x_wconf 89' lang='lat' dir='ltr'>eis</span> <span class='ocrx_word' id='word_1_470' title='bbox 1342 1077 1348 1094; x_wconf 92' lang='lat'><strong>:</strong></span> <span class='ocrx_word' id='word_1_471' title='bbox 1366 1065 1486 1097; x_wconf 84' lang='lat' dir='ltr'>Solvite</span> <span class='ocrx_word' id='word_1_472' title='bbox 1500 1067 1655 1106; x_wconf 89' lang='lat' dir='ltr'>templum</span> <span class='ocrx_word' id='word_1_473' title='bbox 1678 1067 1756 1105; x_wconf 90' lang='lat' dir='ltr'>hoc,</span> <span class='ocrx_word' id='word_1_474' title='bbox 1772 1069 1803 1098; x_wconf 89' lang='lat' dir='ltr'>et</span> 
     </span>
     <span class='ocr_line' id='line_1_65' title="bbox 1032 1118 1801 1159; baseline 0.005 -12"><span class='ocrx_word' id='word_1_475' title='bbox 1032 1118 1065 1148; x_wconf 93' lang='lat' dir='ltr'>in</span> <span class='ocrx_word' id='word_1_476' title='bbox 1081 1118 1182 1148; x_wconf 88' lang='lat' dir='ltr'>tribus</span> <span class='ocrx_word' id='word_1_477' title='bbox 1206 1118 1317 1148; x_wconf 89' lang='lat' dir='ltr'>diebus</span> <span class='ocrx_word' id='word_1_478' title='bbox 1341 1118 1483 1149; x_wconf 80' lang='lat' dir='ltr'>excitabo</span> <span class='ocrx_word' id='word_1_479' title='bbox 1507 1119 1596 1150; x_wconf 90' lang='lat' dir='ltr'>illud.</span> <span class='ocrx_word' id='word_1_480' title='bbox 1611 1130 1625 1146; x_wconf 75' lang='lat' dir='ltr'>n</span> <span class='ocrx_word' id='word_1_481' title='bbox 1644 1119 1682 1150; x_wconf 83' lang='lat' dir='ltr'>Et</span> <span class='ocrx_word' id='word_1_482' title='bbox 1706 1122 1777 1159; x_wconf 85' lang='lat' dir='ltr'>post</span> <span class='ocrx_word' id='word_1_483' title='bbox 1792 1130 1801 1151; x_wconf 90' lang='lat'>:</span> 
     </span>
     <span class='ocr_line' id='line_1_66' title="bbox 1037 1170 1798 1211; baseline 0.003 -11"><span class='ocrx_word' id='word_1_484' title='bbox 1037 1181 1051 1199; x_wconf 75' lang='grc' dir='ltr'>α</span> <span class='ocrx_word' id='word_1_485' title='bbox 1060 1170 1113 1200; x_wconf 89' lang='lat' dir='ltr'>Ille</span> <span class='ocrx_word' id='word_1_486' title='bbox 1126 1172 1232 1201; x_wconf 83' lang='lat' dir='ltr'>autem</span> <span class='ocrx_word' id='word_1_487' title='bbox 1245 1170 1367 1201; x_wconf 89' lang='lat' dir='ltr'>dicebat</span> <span class='ocrx_word' id='word_1_488' title='bbox 1378 1171 1416 1201; x_wconf 91' lang='lat' dir='ltr'>de</span> <span class='ocrx_word' id='word_1_489' title='bbox 1428 1171 1545 1210; x_wconf 86' lang='lat' dir='ltr'>templo</span> <span class='ocrx_word' id='word_1_490' title='bbox 1561 1173 1702 1211; x_wconf 88' lang='lat' dir='ltr'>corporis</span> <span class='ocrx_word' id='word_1_491' title='bbox 1711 1172 1773 1204; x_wconf 89' lang='lat' dir='ltr'>sui.</span> <span class='ocrx_word' id='word_1_492' title='bbox 1784 1184 1798 1202; x_wconf 77' lang='lat' dir='ltr'>n</span> 
     </span>
     <span class='ocr_line' id='line_1_67' title="bbox 1032 1221 1803 1262; baseline 0.005 -10"><span class='ocrx_word' id='word_1_493' title='bbox 1032 1221 1183 1253; x_wconf 88' lang='lat' dir='ltr'>Similiter</span> <span class='ocrx_word' id='word_1_494' title='bbox 1192 1223 1287 1253; x_wconf 89' lang='lat' dir='ltr'>etiam</span> <span class='ocrx_word' id='word_1_495' title='bbox 1299 1223 1333 1252; x_wconf 90' lang='lat' dir='ltr'>iu</span> <span class='ocrx_word' id='word_1_496' title='bbox 1344 1223 1494 1254; x_wconf 67' lang='lat' dir='ltr'>Mattlzoeo</span> <span class='ocrx_word' id='word_1_497' title='bbox 1511 1224 1552 1262; x_wconf 75' lang='lat' dir='ltr'>(cl)</span> <span class='ocrx_word' id='word_1_498' title='bbox 1565 1225 1584 1240; x_wconf 88' lang='lat'>¹¹</span> <span class='ocrx_word' id='word_1_499' title='bbox 1596 1234 1602 1254; x_wconf 91' lang='lat'>:</span> <span class='ocrx_word' id='word_1_500' title='bbox 1612 1235 1626 1252; x_wconf 77' lang='grc' dir='ltr'>α</span> <span class='ocrx_word' id='word_1_501' title='bbox 1637 1224 1803 1256; x_wconf 89' lang='lat' dir='ltr'>Generatio</span> 
     </span>
     <span class='ocr_line' id='line_1_68' title="bbox 1031 1275 1802 1316; baseline 0.005 -12"><span class='ocrx_word' id='word_1_502' title='bbox 1031 1275 1114 1305; x_wconf 88' lang='lat' dir='ltr'>mala</span> <span class='ocrx_word' id='word_1_503' title='bbox 1129 1277 1159 1305; x_wconf 88' lang='lat' dir='ltr'>et</span> <span class='ocrx_word' id='word_1_504' title='bbox 1173 1275 1316 1306; x_wconf 82' lang='lat' dir='ltr'>adultera</span> <span class='ocrx_word' id='word_1_505' title='bbox 1326 1276 1457 1314; x_wconf 83' lang='lat' dir='ltr'>siguum</span> <span class='ocrx_word' id='word_1_506' title='bbox 1472 1276 1588 1315; x_wconf 84' lang='lat' dir='ltr'>quaerit</span> <span class='ocrx_word' id='word_1_507' title='bbox 1599 1300 1608 1314; x_wconf 88' lang='lat'>,</span> <span class='ocrx_word' id='word_1_508' title='bbox 1625 1279 1655 1307; x_wconf 87' lang='lat' dir='ltr'>et</span> <span class='ocrx_word' id='word_1_509' title='bbox 1670 1277 1802 1316; x_wconf 81' lang='lat' dir='ltr'>signum</span> 
     </span>
     <span class='ocr_line' id='line_1_69' title="bbox 1031 1327 1797 1369; baseline 0.005 -12"><span class='ocrx_word' id='word_1_510' title='bbox 1031 1336 1096 1357; x_wconf 89' lang='lat' dir='ltr'>non</span> <span class='ocrx_word' id='word_1_511' title='bbox 1111 1327 1238 1358; x_wconf 88' lang='lat' dir='ltr'>dabitur</span> <span class='ocrx_word' id='word_1_512' title='bbox 1252 1328 1296 1366; x_wconf 88' lang='lat' dir='ltr'>ei,</span> <span class='ocrx_word' id='word_1_513' title='bbox 1306 1328 1367 1357; x_wconf 90' lang='lat' dir='ltr'>nisi</span> <span class='ocrx_word' id='word_1_514' title='bbox 1378 1328 1510 1366; x_wconf 83' lang='lat' dir='ltr'>signum</span> <span class='ocrx_word' id='word_1_515' title='bbox 1519 1328 1535 1359; x_wconf 88' lang='lat' dir='ltr'>J</span> <span class='ocrx_word' id='word_1_516' title='bbox 1539 1337 1608 1360; x_wconf 88' lang='lat' dir='ltr'>onae</span> <span class='ocrx_word' id='word_1_517' title='bbox 1624 1329 1797 1369; x_wconf 72' lang='lat' dir='ltr'>prophetae.</span> 
     </span>
     <span class='ocr_line' id='line_1_70' title="bbox 1031 1379 1802 1413; baseline 0.004 -3"><span class='ocrx_word' id='word_1_518' title='bbox 1031 1379 1118 1410; x_wconf 88' lang='lat' dir='ltr'>Sicut</span> <span class='ocrx_word' id='word_1_519' title='bbox 1133 1380 1217 1411; x_wconf 87' lang='lat' dir='ltr'>enim</span> <span class='ocrx_word' id='word_1_520' title='bbox 1237 1380 1295 1410; x_wconf 83' lang='lat' dir='ltr'>fuit</span> <span class='ocrx_word' id='word_1_521' title='bbox 1316 1383 1410 1411; x_wconf 86' lang='lat' dir='ltr'>Jonas</span> <span class='ocrx_word' id='word_1_522' title='bbox 1431 1381 1464 1411; x_wconf 91' lang='lat' dir='ltr'>in</span> <span class='ocrx_word' id='word_1_523' title='bbox 1485 1383 1595 1412; x_wconf 82' lang='lat' dir='ltr'>ventre</span> <span class='ocrx_word' id='word_1_524' title='bbox 1617 1381 1677 1412; x_wconf 88' lang='lat' dir='ltr'>ceti</span> <span class='ocrx_word' id='word_1_525' title='bbox 1701 1382 1802 1413; x_wconf 89' lang='lat' dir='ltr'>tribus</span> 
     </span>
     <span class='ocr_line' id='line_1_71' title="bbox 1030 1432 1799 1471; baseline 0.005 -9"><span class='ocrx_word' id='word_1_526' title='bbox 1030 1432 1153 1470; x_wconf 90' lang='lat' dir='ltr'>diebus,</span> <span class='ocrx_word' id='word_1_527' title='bbox 1168 1435 1198 1463; x_wconf 91' lang='lat' dir='ltr'>et</span> <span class='ocrx_word' id='word_1_528' title='bbox 1214 1433 1315 1464; x_wconf 88' lang='lat' dir='ltr'>tribus</span> <span class='ocrx_word' id='word_1_529' title='bbox 1329 1434 1484 1471; x_wconf 88' lang='lat' dir='ltr'>noctibus,</span> <span class='ocrx_word' id='word_1_530' title='bbox 1502 1434 1545 1464; x_wconf 89' lang='lat' dir='ltr'>sic</span> <span class='ocrx_word' id='word_1_531' title='bbox 1560 1434 1621 1465; x_wconf 86' lang='lat' dir='ltr'>erit</span> <span class='ocrx_word' id='word_1_532' title='bbox 1634 1434 1732 1465; x_wconf 88' lang='lat' dir='ltr'>Filius</span> <span class='ocrx_word' id='word_1_533' title='bbox 1744 1435 1799 1466; x_wconf 89' lang='lat' dir='ltr'>ho-</span> 
     </span>
     <span class='ocr_line' id='line_1_72' title="bbox 1029 1485 1798 1518; baseline 0.004 -3"><span class='ocrx_word' id='word_1_534' title='bbox 1029 1485 1125 1515; x_wconf 87' lang='lat' dir='ltr'>minis</span> <span class='ocrx_word' id='word_1_535' title='bbox 1138 1486 1170 1516; x_wconf 91' lang='lat' dir='ltr'>in</span> <span class='ocrx_word' id='word_1_536' title='bbox 1186 1485 1278 1516; x_wconf 87' lang='lat' dir='ltr'>corde</span> <span class='ocrx_word' id='word_1_537' title='bbox 1294 1488 1386 1516; x_wconf 65' lang='lat' dir='ltr'>terrae</span> <span class='ocrx_word' id='word_1_538' title='bbox 1408 1486 1511 1517; x_wconf 85' lang='lat' dir='ltr'>trihus</span> <span class='ocrx_word' id='word_1_539' title='bbox 1525 1487 1635 1517; x_wconf 85' lang='lat' dir='ltr'>diebus</span> <span class='ocrx_word' id='word_1_540' title='bbox 1648 1490 1677 1518; x_wconf 86' lang='lat' dir='ltr'>et</span> <span class='ocrx_word' id='word_1_541' title='bbox 1696 1488 1798 1518; x_wconf 88' lang='lat' dir='ltr'>tribus</span> 
     </span>
     <span class='ocr_line' id='line_1_73' title="bbox 1029 1537 1797 1578; baseline 0.005 -11"><span class='ocrx_word' id='word_1_542' title='bbox 1029 1538 1184 1569; x_wconf 86' lang='lat' dir='ltr'>noctibus.</span> <span class='ocrx_word' id='word_1_543' title='bbox 1203 1548 1216 1566; x_wconf 72' lang='lat' dir='ltr'>n</span> <span class='ocrx_word' id='word_1_544' title='bbox 1250 1537 1338 1568; x_wconf 88' lang='lat' dir='ltr'>Unde</span> <span class='ocrx_word' id='word_1_545' title='bbox 1360 1538 1512 1569; x_wconf 86' lang='lat' dir='ltr'>Dominus</span> <span class='ocrx_word' id='word_1_546' title='bbox 1535 1540 1682 1578; x_wconf 82' lang='lat' dir='ltr'>praedixit</span> <span class='ocrx_word' id='word_1_547' title='bbox 1706 1550 1797 1571; x_wconf 89' lang='lat' dir='ltr'>suam</span> 
     </span>
     <span class='ocr_line' id='line_1_74' title="bbox 1028 1592 1795 1629; baseline 0.005 -9"><span class='ocrx_word' id='word_1_548' title='bbox 1028 1592 1207 1629; x_wconf 85' lang='lat' dir='ltr'>passionem</span> <span class='ocrx_word' id='word_1_549' title='bbox 1221 1594 1251 1621; x_wconf 88' lang='lat' dir='ltr'>et</span> <span class='ocrx_word' id='word_1_550' title='bbox 1267 1592 1541 1629; x_wconf 83' lang='lat' dir='ltr'>resurrectionem,</span> <span class='ocrx_word' id='word_1_551' title='bbox 1557 1595 1592 1622; x_wconf 90' lang='lat' dir='ltr'>ut</span> <span class='ocrx_word' id='word_1_552' title='bbox 1607 1593 1705 1624; x_wconf 73' lang='lat' dir='ltr'>simul</span> <span class='ocrx_word' id='word_1_553' title='bbox 1718 1602 1795 1624; x_wconf 82' lang='lat' dir='ltr'>moe-</span> 
     </span>
     <span class='ocr_line' id='line_1_75' title="bbox 1027 1643 1796 1685; baseline 0.005 -12"><span class='ocrx_word' id='word_1_554' title='bbox 1027 1651 1099 1673; x_wconf 89' lang='lat' dir='ltr'>rore</span> <span class='ocrx_word' id='word_1_555' title='bbox 1112 1644 1228 1674; x_wconf 82' lang='lat' dir='ltr'>afficiat</span> <span class='ocrx_word' id='word_1_556' title='bbox 1239 1667 1247 1682; x_wconf 82' lang='lat'>,</span> <span class='ocrx_word' id='word_1_557' title='bbox 1261 1646 1292 1674; x_wconf 88' lang='lat' dir='ltr'>et</span> <span class='ocrx_word' id='word_1_558' title='bbox 1310 1643 1423 1674; x_wconf 86' lang='lat' dir='ltr'>alliciat</span> <span class='ocrx_word' id='word_1_559' title='bbox 1435 1644 1474 1675; x_wconf 89' lang='lat' dir='ltr'>ad</span> <span class='ocrx_word' id='word_1_560' title='bbox 1489 1653 1630 1675; x_wconf 86' lang='lat' dir='ltr'>amorem</span> <span class='ocrx_word' id='word_1_561' title='bbox 1642 1657 1650 1683; x_wconf 82' lang='lat'><em>3</em></span> <span class='ocrx_word' id='word_1_562' title='bbox 1668 1648 1796 1685; x_wconf 81' lang='lat' dir='ltr'>propter</span> 
     </span>
     <span class='ocr_line' id='line_1_76' title="bbox 1027 1695 1794 1734; baseline 0.007 -9"><span class='ocrx_word' id='word_1_563' title='bbox 1027 1695 1112 1734; x_wconf 88' lang='lat' dir='ltr'>quod</span> <span class='ocrx_word' id='word_1_564' title='bbox 1127 1696 1240 1726; x_wconf 89' lang='lat' dir='ltr'>dicitur</span> <span class='ocrx_word' id='word_1_565' title='bbox 1256 1696 1277 1714; x_wconf 77' lang='lat'>¹²</span> <span class='ocrx_word' id='word_1_566' title='bbox 1292 1706 1298 1725; x_wconf 92' lang='lat'>:</span> <span class='ocrx_word' id='word_1_567' title='bbox 1315 1706 1330 1724; x_wconf 85' lang='lat'>«</span> <span class='ocrx_word' id='word_1_568' title='bbox 1345 1695 1379 1726; x_wconf 94' lang='lat' dir='ltr'>ln</span> <span class='ocrx_word' id='word_1_569' title='bbox 1392 1696 1442 1727; x_wconf 89' lang='lat' dir='ltr'>die</span> <span class='ocrx_word' id='word_1_570' title='bbox 1456 1696 1614 1728; x_wconf 88' lang='lat' dir='ltr'>bonorum</span> <span class='ocrx_word' id='word_1_571' title='bbox 1627 1706 1668 1729; x_wconf 86' lang='lat' dir='ltr'>ne</span> <span class='ocrx_word' id='word_1_572' title='bbox 1681 1698 1794 1730; x_wconf 89' lang='lat' dir='ltr'>imme-</span> 
     </span>
     <span class='ocr_line' id='line_1_77' title="bbox 1027 1747 1366 1779; baseline -0.003 -2"><span class='ocrx_word' id='word_1_573' title='bbox 1027 1756 1098 1778; x_wconf 87' lang='lat' dir='ltr'>mor</span> <span class='ocrx_word' id='word_1_574' title='bbox 1112 1747 1154 1778; x_wconf 89' lang='lat' dir='ltr'>sis</span> <span class='ocrx_word' id='word_1_575' title='bbox 1168 1748 1337 1779; x_wconf 85' lang='lat' dir='ltr'>malorum.</span> <span class='ocrx_word' id='word_1_576' title='bbox 1351 1758 1366 1776; x_wconf 65' lang='lat' dir='ltr'>n</span> 
     </span>
    </p>

    <p class='ocr_par' dir='ltr' id='par_1_7' title="bbox 1025 1801 1797 2104">
     <span class='ocr_line' id='line_1_78' title="bbox 1067 1801 1797 1840; baseline 0.005 -9"><span class='ocrx_word' id='word_1_577' title='bbox 1067 1802 1096 1831; x_wconf 87' lang='grc'>9.</span> <span class='ocrx_word' id='word_1_578' title='bbox 1114 1801 1159 1832; x_wconf 90' lang='lat' dir='ltr'>Et</span> <span class='ocrx_word' id='word_1_579' title='bbox 1179 1810 1330 1840; x_wconf 70' lang='lat' dir='ltr'>reqressce</span> <span class='ocrx_word' id='word_1_580' title='bbox 1349 1810 1369 1830; x_wconf 82' lang='lat' dir='ltr'>a</span> <span class='ocrx_word' id='word_1_581' title='bbox 1388 1806 1615 1840; x_wconf 80' lang='lat' dir='ltr'>monumento,</span> <span class='ocrx_word' id='word_1_582' title='bbox 1638 1805 1696 1834; x_wconf 89' lang='lat' dir='ltr'>etc.</span> <span class='ocrx_word' id='word_1_583' title='bbox 1723 1803 1797 1835; x_wconf 84' lang='lat' dir='ltr'>Post</span> 
     </span>
     <span class='ocr_line' id='line_1_79' title="bbox 1026 1853 1796 1893; baseline 0.006 -9"><span class='ocrx_word' id='word_1_584' title='bbox 1026 1853 1214 1893; x_wconf 83' lang='lat' dir='ltr'>descriptam</span> <span class='ocrx_word' id='word_1_585' title='bbox 1229 1855 1430 1885; x_wconf 74' lang='lat' dir='ltr'>revelatIOnis</span> <span class='ocrx_word' id='word_1_586' title='bbox 1445 1856 1640 1887; x_wconf 85' lang='lat' dir='ltr'>occasionem</span> <span class='ocrx_word' id='word_1_587' title='bbox 1661 1859 1692 1888; x_wconf 88' lang='lat' dir='ltr'>et</span> <span class='ocrx_word' id='word_1_588' title='bbox 1710 1866 1796 1889; x_wconf 82' lang='lat' dir='ltr'>reve-</span> 
     </span>
     <span class='ocr_line' id='line_1_80' title="bbox 1025 1906 1796 1948; baseline 0.006 -12"><span class='ocrx_word' id='word_1_589' title='bbox 1025 1906 1150 1937; x_wconf 88' lang='lat' dir='ltr'>lationis</span> <span class='ocrx_word' id='word_1_590' title='bbox 1165 1907 1407 1945; x_wconf 85' lang='lat' dir='ltr'>certitudinem,</span> <span class='ocrx_word' id='word_1_591' title='bbox 1432 1908 1577 1948; x_wconf 87' lang='lat' dir='ltr'>sequitur</span> <span class='ocrx_word' id='word_1_592' title='bbox 1596 1909 1796 1941; x_wconf 84' lang='lat' dir='ltr'>revelationis</span> 
     </span>
     <span class='ocr_line' id='line_1_81' title="bbox 1026 1959 1795 2001; baseline 0.007 -12"><span class='ocrx_word' id='word_1_593' title='bbox 1026 1959 1237 1990; x_wconf 85' lang='lat' dir='ltr'>manifestatio</span> <span class='ocrx_word' id='word_1_594' title='bbox 1255 1971 1262 1997; x_wconf 90' lang='lat'>;</span> <span class='ocrx_word' id='word_1_595' title='bbox 1284 1960 1366 1990; x_wconf 88' lang='lat' dir='ltr'>circa</span> <span class='ocrx_word' id='word_1_596' title='bbox 1387 1969 1484 2000; x_wconf 80' lang='lat' dir='ltr'>quam</span> <span class='ocrx_word' id='word_1_597' title='bbox 1503 1961 1708 2001; x_wconf 84' lang='lat' dir='ltr'>Evangelista</span> <span class='ocrx_word' id='word_1_598' title='bbox 1731 1963 1795 1994; x_wconf 91' lang='lat' dir='ltr'>duo</span> 
     </span>
     <span class='ocr_line' id='line_1_82' title="bbox 1026 2011 1792 2055; baseline 0.008 -14"><span class='ocrx_word' id='word_1_599' title='bbox 1026 2011 1213 2050; x_wconf 83' lang='lat' dir='ltr'>introducit,</span> <span class='ocrx_word' id='word_1_600' title='bbox 1231 2012 1346 2043; x_wconf 84' lang='lat' dir='ltr'>scilicet</span> <span class='ocrx_word' id='word_1_601' title='bbox 1360 2013 1579 2045; x_wconf 87' lang='lat' dir='ltr'>testimonium</span> <span class='ocrx_word' id='word_1_602' title='bbox 1599 2015 1792 2055; x_wconf 87' lang='lat' dir='ltr'>mulierum,</span> 
     </span>
     <span class='ocr_line' id='line_1_83' title="bbox 1027 2065 1490 2104; baseline 0.002 -9"><span class='ocrx_word' id='word_1_603' title='bbox 1027 2067 1057 2095; x_wconf 87' lang='lat' dir='ltr'>et</span> <span class='ocrx_word' id='word_1_604' title='bbox 1071 2067 1235 2104; x_wconf 81' lang='lat' dir='ltr'>aspectum</span> <span class='ocrx_word' id='word_1_605' title='bbox 1249 2065 1490 2104; x_wconf 89' lang='lat' dir='ltr'>discipulorum.</span> 
     </span>
    </p>

    <p class='ocr_par' dir='ltr' id='par_1_8' title="bbox 1022 2116 1793 2473">
     <span class='ocr_line' id='line_1_84' title="bbox 1065 2116 1793 2157; baseline 0.007 -10"><span class='ocrx_word' id='word_1_606' title='bbox 1065 2116 1172 2148; x_wconf 89' lang='lat' dir='ltr'>Primo</span> <span class='ocrx_word' id='word_1_607' title='bbox 1198 2118 1312 2156; x_wconf 83' lang='lat' dir='ltr'>igitur,</span> <span class='ocrx_word' id='word_1_608' title='bbox 1337 2120 1494 2157; x_wconf 89' lang='lat' dir='ltr'>quantum</span> <span class='ocrx_word' id='word_1_609' title='bbox 1519 2119 1557 2149; x_wconf 87' lang='lat' dir='ltr'>ad</span> <span class='ocrx_word' id='word_1_610' title='bbox 1577 2120 1793 2152; x_wconf 84' lang='lat' dir='ltr'>testimonium</span> 
     </span>
     <span class='ocr_line' id='line_1_85' title="bbox 1025 2170 1790 2211; baseline 0.007 -11"><span class='ocrx_word' id='word_1_611' title='bbox 1025 2170 1216 2208; x_wconf 89' lang='lat' dir='ltr'>mulierum,</span> <span class='ocrx_word' id='word_1_612' title='bbox 1237 2170 1342 2201; x_wconf 87' lang='lat' dir='ltr'>subdit</span> <span class='ocrx_word' id='word_1_613' title='bbox 1366 2180 1373 2200; x_wconf 92' lang='lat'>:</span> <span class='ocrx_word' id='word_1_614' title='bbox 1400 2171 1441 2201; x_wconf 80' lang='lat' dir='ltr'>Et</span> <span class='ocrx_word' id='word_1_615' title='bbox 1470 2180 1620 2211; x_wconf 75' lang='lat' dir='ltr'>reqressoe</span> <span class='ocrx_word' id='word_1_616' title='bbox 1634 2182 1654 2202; x_wconf 83' lang='lat' dir='ltr'><em>a</em></span> <span class='ocrx_word' id='word_1_617' title='bbox 1677 2182 1790 2205; x_wconf 83' lang='lat' dir='ltr'>monu—</span> 
     </span>
     <span class='ocr_line' id='line_1_86' title="bbox 1024 2215 1791 2261; baseline 0.007 -9"><span class='ocrx_word' id='word_1_618' title='bbox 1024 2227 1129 2253; x_wconf 79' lang='lat' dir='ltr'>mento</span> <span class='ocrx_word' id='word_1_619' title='bbox 1142 2247 1149 2261; x_wconf 90' lang='lat'>,</span> <span class='ocrx_word' id='word_1_620' title='bbox 1173 2223 1402 2253; x_wconf 73' lang='lat' dir='ltr'>nuntiaverunt</span> <span class='ocrx_word' id='word_1_621' title='bbox 1416 2215 1482 2254; x_wconf 62' lang='lat' dir='ltr'>l&#39;ccec</span> <span class='ocrx_word' id='word_1_622' title='bbox 1497 2225 1605 2254; x_wconf 80' lang='lat' dir='ltr'>onmia</span> <span class='ocrx_word' id='word_1_623' title='bbox 1626 2225 1688 2256; x_wconf 73' lang='lat' dir='ltr'>illis</span> <span class='ocrx_word' id='word_1_624' title='bbox 1711 2226 1791 2257; x_wconf 77' lang='lat' dir='ltr'>duo-</span> 
     </span>
     <span class='ocr_line' id='line_1_87' title="bbox 1024 2275 1792 2312; baseline 0.005 -7"><span class='ocrx_word' id='word_1_625' title='bbox 1024 2275 1136 2312; x_wconf 74' lang='lat' dir='ltr'>decim,</span> <span class='ocrx_word' id='word_1_626' title='bbox 1148 2279 1178 2306; x_wconf 85' lang='lat' dir='ltr'>et</span> <span class='ocrx_word' id='word_1_627' title='bbox 1184 2276 1303 2306; x_wconf 73' lang='lat' dir='ltr'>coeeeris</span> <span class='ocrx_word' id='word_1_628' title='bbox 1314 2276 1469 2306; x_wconf 75' lang='lat' dir='ltr'>omnibus.</span> <span class='ocrx_word' id='word_1_629' title='bbox 1480 2276 1554 2308; x_wconf 83' lang='lat' dir='ltr'>Haec</span> <span class='ocrx_word' id='word_1_630' title='bbox 1564 2278 1792 2310; x_wconf 85' lang='lat' dir='ltr'>nuntiaverunt</span> 
     </span>
     <span class='ocr_line' id='line_1_88' title="bbox 1024 2327 1791 2368; baseline 0.007 -11"><span class='ocrx_word' id='word_1_631' title='bbox 1024 2327 1172 2358; x_wconf 89' lang='lat' dir='ltr'>mulieres</span> <span class='ocrx_word' id='word_1_632' title='bbox 1184 2352 1192 2366; x_wconf 88' lang='lat'>‚</span> <span class='ocrx_word' id='word_1_633' title='bbox 1216 2328 1291 2367; x_wconf 85' lang='lat' dir='ltr'>quia</span> <span class='ocrx_word' id='word_1_634' title='bbox 1309 2329 1352 2358; x_wconf 86' lang='lat' dir='ltr'>sic</span> <span class='ocrx_word' id='word_1_635' title='bbox 1366 2329 1547 2368; x_wconf 86' lang='lat' dir='ltr'>injunctum</span> <span class='ocrx_word' id='word_1_636' title='bbox 1562 2332 1608 2360; x_wconf 87' lang='lat' dir='ltr'>est</span> <span class='ocrx_word' id='word_1_637' title='bbox 1622 2331 1668 2360; x_wconf 87' lang='lat' dir='ltr'>eis</span> <span class='ocrx_word' id='word_1_638' title='bbox 1682 2331 1722 2361; x_wconf 89' lang='lat' dir='ltr'>ab</span> <span class='ocrx_word' id='word_1_639' title='bbox 1736 2340 1791 2362; x_wconf 84' lang='lat' dir='ltr'>an·</span> 
     </span>
     <span class='ocr_line' id='line_1_89' title="bbox 1023 2380 1787 2422; baseline 0.004 -12"><span class='ocrx_word' id='word_1_640' title='bbox 1023 2380 1103 2418; x_wconf 82' lang='lat' dir='ltr'>gelis</span> <span class='ocrx_word' id='word_1_641' title='bbox 1120 2380 1139 2397; x_wconf 80' lang='lat'>¹³</span> <span class='ocrx_word' id='word_1_642' title='bbox 1155 2391 1162 2410; x_wconf 93' lang='lat'>:</span> <span class='ocrx_word' id='word_1_643' title='bbox 1183 2391 1198 2409; x_wconf 75' lang='grc' dir='ltr'>ε(</span> <span class='ocrx_word' id='word_1_644' title='bbox 1212 2380 1277 2411; x_wconf 90' lang='lat' dir='ltr'>Cito</span> <span class='ocrx_word' id='word_1_645' title='bbox 1292 2383 1412 2419; x_wconf 83' lang='lat' dir='ltr'>euntes,</span> <span class='ocrx_word' id='word_1_646' title='bbox 1429 2381 1519 2412; x_wconf 89' lang='lat' dir='ltr'>dicite</span> <span class='ocrx_word' id='word_1_647' title='bbox 1534 2382 1694 2422; x_wconf 80' lang='lat' dir='ltr'>discipulis</span> <span class='ocrx_word' id='word_1_648' title='bbox 1708 2384 1787 2422; x_wconf 85' lang='lat' dir='ltr'>ejus,</span> 
     </span>
     <span class='ocr_line' id='line_1_90' title="bbox 1022 2433 1787 2473; baseline 0.005 -11"><span class='ocrx_word' id='word_1_649' title='bbox 1022 2433 1099 2472; x_wconf 87' lang='lat' dir='ltr'>quia</span> <span class='ocrx_word' id='word_1_650' title='bbox 1112 2433 1272 2471; x_wconf 80' lang='lat' dir='ltr'>surrexit,</span> <span class='ocrx_word' id='word_1_651' title='bbox 1289 2436 1320 2464; x_wconf 87' lang='lat' dir='ltr'>et</span> <span class='ocrx_word' id='word_1_652' title='bbox 1334 2442 1403 2464; x_wconf 85' lang='lat' dir='ltr'>ecce</span> <span class='ocrx_word' id='word_1_653' title='bbox 1419 2434 1567 2473; x_wconf 84' lang='lat' dir='ltr'>praecedit</span> <span class='ocrx_word' id='word_1_654' title='bbox 1580 2443 1638 2465; x_wconf 92' lang='lat' dir='ltr'>vos</span> <span class='ocrx_word' id='word_1_655' title='bbox 1652 2434 1686 2465; x_wconf 90' lang='lat' dir='ltr'>in</span> <span class='ocrx_word' id='word_1_656' title='bbox 1705 2434 1787 2466; x_wconf 87' lang='lat' dir='ltr'>Gali-</span> 
     </span>
    </p>
   </div>
   <div class='ocr_carea' id='block_1_6' title="bbox 1021 2504 1788 2648">
    <p class='ocr_par' dir='ltr' id='par_1_9' title="bbox 1022 2504 1787 2572">
     <span class='ocr_line' id='line_1_91' title="bbox 1022 2504 1787 2537; baseline 0.005 -11"><span class='ocrx_word' id='word_1_657' title='bbox 1022 2504 1030 2517; x_wconf 78' lang='lat'><strong>⁹</strong></span> <span class='ocrx_word' id='word_1_658' title='bbox 1044 2504 1191 2534; x_wconf 70' lang='lat' dir='ltr'>Josln.,XIV‚</span> <span class='ocrx_word' id='word_1_659' title='bbox 1202 2506 1240 2528; x_wconf 72' lang='lat'>:39-</span> <span class='ocrx_word' id='word_1_660' title='bbox 1255 2505 1400 2534; x_wconf 68' lang='lat' dir='ltr'>—101bid.‚</span> <span class='ocrx_word' id='word_1_661' title='bbox 1416 2510 1445 2534; x_wconf 88' lang='lat'>11,</span> <span class='ocrx_word' id='word_1_662' title='bbox 1462 2506 1545 2534; x_wconf 68' lang='lat'>18-19,</span> <span class='ocrx_word' id='word_1_663' title='bbox 1560 2507 1598 2528; x_wconf 77' lang='lat'>21.</span> <span class='ocrx_word' id='word_1_664' title='bbox 1614 2518 1644 2523; x_wconf 91' lang='lat'>—</span> <span class='ocrx_word' id='word_1_665' title='bbox 1655 2507 1671 2522; x_wconf 87' lang='lat'>¹¹</span> <span class='ocrx_word' id='word_1_666' title='bbox 1688 2507 1787 2537; x_wconf 49' lang='lat' dir='ltr'>Mutila,</span> 
     </span>
     <span class='ocr_line' id='line_1_92' title="bbox 1022 2540 1787 2572; baseline 0.005 -11"><span class='ocrx_word' id='word_1_667' title='bbox 1022 2545 1067 2568; x_wconf 82' lang='lat' dir='ltr'>x11,</span> <span class='ocrx_word' id='word_1_668' title='bbox 1083 2541 1160 2562; x_wconf 70' lang='grc'>39-40.</span> <span class='ocrx_word' id='word_1_669' title='bbox 1178 2553 1204 2556; x_wconf 81' lang='lat'>—-</span> <span class='ocrx_word' id='word_1_670' title='bbox 1221 2540 1240 2555; x_wconf 75' lang='lat'>¹2</span> <span class='ocrx_word' id='word_1_671' title='bbox 1257 2540 1343 2570; x_wconf 56' lang='lat' dir='ltr'>ticeli„</span> <span class='ocrx_word' id='word_1_672' title='bbox 1358 2546 1393 2568; x_wconf 75' lang='lat' dir='ltr'>xi,</span> <span class='ocrx_word' id='word_1_673' title='bbox 1409 2541 1447 2563; x_wconf 75' lang='lat'>27.</span> <span class='ocrx_word' id='word_1_674' title='bbox 1459 2552 1490 2556; x_wconf 97' lang='lat'><strong>—</strong></span> <span class='ocrx_word' id='word_1_675' title='bbox 1507 2542 1523 2554; x_wconf 72' lang='lat'>¹⁴</span> <span class='ocrx_word' id='word_1_676' title='bbox 1539 2541 1639 2568; x_wconf 54' lang='lat' dir='ltr'>Malim,</span> <span class='ocrx_word' id='word_1_677' title='bbox 1656 2547 1750 2572; x_wconf 78' lang='lat' dir='ltr'>xxviii,</span> <span class='ocrx_word' id='word_1_678' title='bbox 1764 2544 1787 2567; x_wconf 82' lang='lat'>7.</span> 
     </span>
    </p>

    <p class='ocr_par' dir='ltr' id='par_1_10' title="bbox 1021 2583 1788 2648">
     <span class='ocr_line' id='line_1_93' title="bbox 1053 2583 1788 2613; baseline 0.005 -8"><span class='ocrx_word' id='word_1_679' title='bbox 1053 2583 1086 2612; x_wconf 82' lang='grc' dir='ltr'>(α)</span> <span class='ocrx_word' id='word_1_680' title='bbox 1103 2584 1163 2606; x_wconf 77' lang='lat' dir='ltr'>Caet.</span> <span class='ocrx_word' id='word_1_681' title='bbox 1180 2583 1240 2606; x_wconf 80' lang='lat' dir='ltr'>edit.</span> <span class='ocrx_word' id='word_1_682' title='bbox 1256 2584 1319 2607; x_wconf 88' lang='lat' dir='ltr'>Nam</span> <span class='ocrx_word' id='word_1_683' title='bbox 1334 2583 1476 2607; x_wconf 73' lang='lat' dir='ltr'>Matthaeus.</span> <span class='ocrx_word' id='word_1_684' title='bbox 1492 2596 1521 2599; x_wconf 97' lang='lat'><strong>—</strong></span> <span class='ocrx_word' id='word_1_685' title='bbox 1537 2583 1569 2613; x_wconf 78' lang='lat' dir='ltr'>(b)</span> <span class='ocrx_word' id='word_1_686' title='bbox 1588 2584 1648 2607; x_wconf 79' lang='lat' dir='ltr'>Item</span> <span class='ocrx_word' id='word_1_687' title='bbox 1668 2585 1788 2609; x_wconf 79' lang='lat' dir='ltr'>Similiter</span> 
     </span>
     <span class='ocr_line' id='line_1_94' title="bbox 1021 2618 1788 2648; baseline 0.004 -7"><span class='ocrx_word' id='word_1_688' title='bbox 1021 2618 1099 2641; x_wconf 81' lang='lat' dir='ltr'>Marc.</span> <span class='ocrx_word' id='word_1_689' title='bbox 1117 2631 1147 2635; x_wconf 95' lang='lat'><strong>—</strong></span> <span class='ocrx_word' id='word_1_690' title='bbox 1163 2619 1194 2648; x_wconf 86' lang='lat' dir='ltr'>(c)</span> <span class='ocrx_word' id='word_1_691' title='bbox 1214 2619 1273 2642; x_wconf 74' lang='lat' dir='ltr'>Item</span> <span class='ocrx_word' id='word_1_692' title='bbox 1292 2618 1363 2643; x_wconf 84' lang='lat' dir='ltr'>Unde</span> <span class='ocrx_word' id='word_1_693' title='bbox 1382 2618 1502 2642; x_wconf 80' lang='lat' dir='ltr'>Joanues.</span> <span class='ocrx_word' id='word_1_694' title='bbox 1523 2631 1549 2635; x_wconf 94' lang='lat'><em>-</em></span> <span class='ocrx_word' id='word_1_695' title='bbox 1571 2618 1606 2648; x_wconf 79' lang='lat' dir='ltr'><em>(cl)</em></span> <span class='ocrx_word' id='word_1_696' title='bbox 1631 2620 1691 2643; x_wconf 80' lang='lat' dir='ltr'>Item</span> <span class='ocrx_word' id='word_1_697' title='bbox 1712 2620 1788 2644; x_wconf 79' lang='lat' dir='ltr'>etiam</span> 
     </span>
    </p>
   </div>
   <div class='ocr_carea' id='block_1_7' title="bbox 1021 2652 1109 2676">
    <p class='ocr_par' dir='ltr' id='par_1_11' title="bbox 1021 2652 1109 2676">
     <span class='ocr_line' id='line_1_95' title="bbox 1021 2652 1109 2676; baseline -0.023 0"><span class='ocrx_word' id='word_1_698' title='bbox 1021 2652 1109 2676; x_wconf 76' lang='lat' dir='ltr'>Matth.</span> 
     </span>
    </p>
   </div>
  </div>
 </body>
</html>
