1987 3032
87 2100 176 2120 Percus-

80 2131 166 2151 sianum

80 2162 167 2182 diversa

69 2198 161 2219 genera.

193 185 250 214 390

191 249 300 278 vatoris
316 257 322 276 :
338 249 430 284 Neque
445 249 489 274 hic
506 249 637 282 peccavit,
651 253 735 280 neque
752 246 875 280 parentes
893 245 958 279 ejus.

191 295 317 332 opponit
339 297 437 323 autem
454 294 489 329 (al
513 293 539 320 ¹:
565 293 592 320 Si
617 292 716 320 nullus
730 292 821 319 homo
846 291 959 327 absque

190 343 310 378 peccato
325 350 332 369 :
347 341 439 374 «Quis
454 340 532 368 enim
544 341 554 356 ²
576 340 670 374 potest
685 338 799 365 dicere:
817 337 958 366 Mundum

191 390 233 416 est
246 396 297 416 cor
312 395 422 421 meum,
437 394 528 422 purus
543 393 608 412 sum
621 393 638 412 a
649 385 792 420 peccato?
806 394 819 409 ι)
834 383 958 419 qualiter

191 435 231 462 ait
253 434 323 461 hic:
350 434 440 468 Neque
457 432 500 458 hic
518 432 658 466 peccavit?
684 433 754 458 item
778 430 846 457 caeci
868 429 959 457 multa

191 479 375 509 committunt
387 479 524 514 peccata:
541 485 610 512 crgo
626 478 657 504 ut
675 476 766 512 prius.
783 477 814 503 Et
828 475 867 503 ad
882 475 958 503 istud

190 522 362 563 respondet,
382 523 463 560 quad
476 525 611 559 parentes
626 523 776 550 habebant
789 524 956 558 peccatum,

189 573 242 601 sed
262 579 324 599 non
337 571 402 606 ipso
416 571 536 605 peccato
558 571 600 597 est
621 577 711 596 caecus
730 570 824 596 natus.
848 568 958 595 Eodem

190 618 281 646 modo
302 617 405 653 quaerit
429 616 667 652 Chrysostomus,
688 617 715 642 et
736 614 832 642 solvit.
858 614 911 641 Sed
929 616 958 640 ut

188 666 397 698 manifestentur
414 670 495 698 opera
508 663 559 689 Dei
577 663 606 689 in
625 662 682 688 illo.
696 660 801 694 Quaerit
816 660 956 695 Chrysos-

188 714 284 739 tomus
299 711 333 737 ³:
356 719 369 736 «
389 711 490 737 Nonne
511 708 573 735 sine
598 707 752 743 supplicio,
767 707 829 741 ejus
852 706 959 733 licebat

187 756 366 785 manifestari
386 755 511 791 gloriam
534 754 604 781 Dei?
625 754 744 781 Videtur
766 753 859 786 enim,
875 752 958 788 quod

186 812 247 832 non
270 803 397 838 indiguit
415 803 489 829 Deus
508 801 653 837 supplicio
669 801 708 828 ad
727 808 811 827 suam
832 799 957 834 gloriam

186 849 464 879 manifestandam.»
487 849 519 875 Et
533 847 571 875 ad
585 847 664 874 istud
683 846 859 882 respondet,
875 846 957 882 quod

186 897 294 925 licebat
315 894 493 923 manifestari
512 893 639 929 gloriam
653 893 702 920 Dei
717 902 723 920 z
747 892 798 920 sed
814 894 912 920 tamen
927 892 957 918 in

186 944 243 971 hoc
266 950 342 970 caeco
366 940 530 968 illuminato
553 939 594 966 sic
615 939 668 966 fuit
684 938 878 966 manifestata.
900 937 957 966 Sed

187 991 255 1017 tunc
271 987 404 1024 opponit,
421 986 503 1022 quod
515 986 620 1021 injuste
632 993 735 1021 passus
750 987 801 1018 cst,
816 984 886 1020 quia
898 992 958 1019 pte-

186 1043 257 1062 nam
277 1035 338 1062 sine
357 1035 492 1069 peceato,
511 1034 633 1068 propter
646 1031 772 1064 gloriam
794 1031 858 1065 Dei,
875 1031 956 1066 quod

186 1081 303 1109 videtur
324 1079 544 1107 inconveniens
567 1080 600 1106 Et
620 1078 658 1105 ad
681 1078 755 1105 illud
781 1077 955 1113 respondet,

187 1127 269 1163 quod
282 1128 435 1162 peccatum
450 1126 548 1153 solum
562 1126 673 1153 malum
688 1127 746 1160 est,
761 1125 871 1152 caecitas
886 1132 956 1152 vcro

186 1181 247 1201 non
262 1175 304 1200 est
317 1173 444 1206 malum,
467 1172 575 1199 scilicet
594 1171 730 1205 exterior,
751 1172 811 1198 sive
830 1171 956 1206 privatio

188 1220 343 1248 oculorum
358 1218 493 1252 exterior,
508 1218 560 1245 sed
575 1217 686 1245 caecitas
700 1217 831 1250 interior,
847 1217 882 1244 de
898 1225 957 1252 qua

186 1265 279 1293 infra:
300 1267 333 1292 In
346 1265 483 1300 judicium
501 1265 562 1291 vent
583 1265 613 1290 in
631 1264 774 1296 mundum,
794 1265 824 1289 ut
844 1264 892 1297 qui
906 1270 956 1289 non

186 1313 278 1339 vident
298 1311 426 1344 videant,
447 1312 500 1337 etc.
516 1311 549 1337 Et
569 1310 640 1344 quia
660 1309 749 1336 dicit:
776 1310 808 1335 Π
827 1310 956 1342 manifes-

188 1360 275 1386 tentur
290 1365 369 1392 opera
383 1357 448 1391 Dei,
463 1355 563 1384 subdit
583 1356 630 1391 (v.
646 1356 680 1390 4)
694 1364 700 1382 :
721 1356 764 1382 Me
780 1357 882 1390 oportet
897 1363 958 1389 ope-

186 1407 246 1433 rari
264 1412 343 1440 opera
362 1404 433 1438 ejus,
458 1403 567 1430 scilicet
588 1402 627 1430 ad
650 1402 791 1437 gloriam,
816 1401 958 1429 miracula

187 1451 339 1484 faciendo,
359 1451 387 1477 et
407 1449 448 1477 sic
466 1449 553 1477 istum
574 1457 683 1476 caecum
703 1447 910 1475 illuminando.
927 1449 959 1475 Et

187 1498 254 1531 hoc,
270 1497 350 1524 donec
364 1497 420 1524 dies
435 1499 489 1529 cst,
506 1495 616 1522 scilicet
630 1503 665 1522 ex
680 1494 832 1530 praesentia
847 1501 913 1520 mea
928 1494 958 1520 in

188 1543 318 1576 mundo,
341 1550 376 1569 ex
402 1541 556 1577 praesentia
579 1548 638 1576 qua
657 1540 719 1568 dies
741 1542 793 1568 est.
819 1540 912 1575 Supra
927 1540 956 1566 ⁸:

192 1598 205 1614 «
225 1590 258 1616 Ut
272 1588 385 1616 videret
404 1587 482 1614 diem
506 1595 615 1614 meum.
639 1596 652 1611 »
675 1587 754 1613 Venit
775 1589 864 1613 autem
887 1594 960 1620 nom,

189 1638 304 1671 tempus
316 1634 425 1662 scilieet
438 1634 578 1667 futurum,
591 1633 698 1667 quando
713 1640 786 1659 nemo
797 1634 884 1666 potest
899 1640 960 1666 ope-

188 1683 256 1708 rari.
272 1682 282 1697 ⁵
299 1691 312 1705 «
327 1680 541 1715 Quodcumque
556 1680 651 1714 potest
666 1687 771 1706 manus
786 1680 852 1712 tua,
868 1678 962 1706 inees-

189 1729 285 1755 santer
305 1734 438 1762 operare.
454 1736 467 1752 »
484 1728 517 1753 Ε1
531 1725 680 1760 sequitur:
699 1736 712 1751 «
728 1725 800 1758 Quia
816 1733 870 1752 nec
885 1732 959 1760 opus

189 1782 243 1801 nec
260 1773 335 1801 ratio
355 1768 437 1808 apud
455 1771 572 1799 interos.
587 1782 600 1797 »
622 1774 653 1798 Et
670 1771 740 1807 quia
761 1771 834 1798 dixit
850 1780 856 1798 :
873 1772 959 1798 Donec

189 1821 246 1847 dies
265 1822 314 1851 est,
333 1818 433 1846 subdit
449 1819 494 1853 (v.
511 1819 544 1852 5)
559 1827 565 1845 :
582 1818 717 1851 Quamdiu
732 1826 790 1845 sum
806 1819 834 1844 in
850 1818 959 1851 mundo,

191 1867 239 1893 lum
252 1873 310 1893 sum
327 1865 436 1897 mundi,
453 1864 561 1891 scilicet
574 1864 720 1891 mundum
733 1864 916 1897 illuminans,
933 1866 961 1891 et

189 1911 230 1939 sic
246 1911 325 1938 diem
338 1910 463 1945 faciens3
480 1918 569 1946 supra
584 1911 611 1937 ὃς
632 1920 644 1935 «
659 1911 718 1937 Lux
733 1910 812 1937 venit
827 1910 855 1936 in
871 1918 958 1937 mun-

190 1958 272 1985 dum.
289 1967 302 1983 »
321 1958 353 1984 Ε1
368 1964 457 1991 supra
470 1957 480 1973 ⁷
495 1965 502 1983 ι
520 1965 533 1981 «
549 1958 609 1991 Ego
625 1964 689 1982 sum
703 1956 754 1983 lux
771 1955 884 1982 mundi.
900 1966 913 1981 n
928 1957 959 1982 Et

190 2005 260 2031 nota
275 2002 358 2039 quod
372 2003 424 2036 ait,
439 2002 521 2037 quod
537 2010 629 2029 caeeus
643 2002 696 2028 l'uit
708 2001 837 2037 punitus,
854 2003 885 2028 ut
898 2009 960 2028 ma-

189 2049 360 2077 nifestentur
374 2056 465 2084 opera
476 2047 525 2075 Dei
543 2047 585 2083 (h).
598 2049 630 2075 Ut
642 2047 719 2074 enim
730 2047 770 2074 ait
784 2047 939 2081 Gregorius
951 2057 956 2074 :

193 2106 206 2121 «
229 2094 467 2127 percussionum,
490 2093 522 2120 id
542 2095 583 2121 est
596 2093 802 2128 punitionum,
827 2095 894 2120 sunt
913 2093 958 2119 di-

190 2149 274 2169 versa
296 2148 415 2176 genera.
439 2139 606 2174 Aliquando
627 2141 764 2174 peccator
786 2139 956 2174 percutitur,

191 2190 223 2215 ut
236 2187 348 2222 absque
362 2185 566 2214 retractatione
586 2185 739 2220 puniatur,
765 2185 839 2211 sicut
854 2184 959 2211 dicitur

190 2233 295 2261 Judaeae
307 2232 477 2268 perituraess:
489 2241 502 2257 <r
514 2231 601 2266 Plaga
615 2230 723 2258 inimici
738 2230 880 2265 percussit
895 2232 930 2257 te.
943 2240 956 2255 ι)

191 2278 357 2314 Aliquando
381 2278 549 2313 percutitur,
573 2279 605 2304 ut
626 2277 798 2311 corrigatur,
824 2284 913 2311 supra
926 2276 956 2303 ⁹:

193 2334 207 2350 «
223 2326 293 2352 Ecce
313 2331 400 2351 sanus
421 2323 514 2351 factus
534 2331 580 2357 es,
603 2323 664 2350 noli
686 2329 824 2358 peccare,
846 2330 882 2349 ne
905 2322 957 2349 tibi

191 2370 318 2398 deterius
334 2370 497 2404 contingat:
508 2379 521 2395 n
540 2377 606 2405 quae
620 2368 711 2396 verba
723 2368 863 2402 indicant,
875 2368 958 2403 quod

223 2431 227 2443 ¹
245 2431 319 2460 Aug„
334 2429 376 2453 ubi
391 2436 446 2459 sup.
461 2442 491 2446 —
505 2430 516 2445 2
530 2430 612 2458 Pron„
628 2434 676 2457 xx,
694 2430 730 2452 19.
748 2441 774 2445 —
791 2428 802 2444 ³
816 2428 956 2459 Chrysost„

190 2466 233 2490 ubi
253 2472 309 2496 sup.
327 2477 357 2483 -
376 2465 384 2478 ⁴
400 2466 472 2495 Sup„
490 2470 547 2495 viu,
568 2466 607 2488 56.
623 2478 653 2482 —
673 2465 683 2480 ⁵
698 2463 788 2492 Eccle„
813 2469 848 2492 ix,
869 2466 906 2487 40.
926 2475 956 2480 —

191 2502 283 2531 ⁶Sup.,
302 2501 447 2529 111,19.-
463 2500 472 2516 ⁷
488 2500 559 2529 Sup„
576 2506 630 2529 viu,
649 2501 684 2522 12.
704 2512 734 2516 -
752 2499 761 2514 ⁸
777 2499 878 2527 ,lei-em„
894 2503 956 2527 xxx,

192 2537 228 2559 11.
243 2549 273 2553 —-
290 2537 298 2549 ⁵⁸
314 2536 385 2565 Sup.,
403 2540 427 2564 V,
447 2536 483 2558 11.
497 2547 527 2552 ——
543 2536 562 2551 ¹⁰
579 2536 595 2558 ll
615 2536 682 2561 Cor„
701 2540 751 2564 Ml,
769 2536 792 2557 7,
805 2547 835 2551 -
854 2535 869 2550 ¹¹
885 2536 956 2564 Sup.,

191 2577 209 2600 1,
224 2572 329 2600 9.-1,,
343 2570 397 2599 lob,
413 2575 465 2599 xvi,
483 2572 521 2592 23.
536 2583 565 2586 -
583 2569 813 2599 11‘(ii·cg.,il!01·al.,
830 2569 873 2592 lib.
890 2569 954 2599 xui,

191 2614 212 2630 e,
227 2612 261 2638 ix,
277 2606 308 2629 al.
322 2611 403 2634 xxvii,
416 2612 442 2629 u.
457 2607 495 2628 31.
508 2618 533 2621 —-
551 2605 570 2621 ¹⁶
581 2604 635 2634 dot»,
648 2611 731 2635 xxxxi,
745 2607 783 2628 132.
796 2618 824 2622 -
839 2605 857 2620 ¹⁵
869 2606 954 2635 (περ,

712 178 923 209 EVANGELII
947 177 1085 209 SANC'l'l
1107 177 1272 210 JOANNlS

1016 246 1136 280 peccata
1153 245 1350 280 praecedentia
1370 245 1463 274 habiti
1482 245 1594 274 doloris
1612 246 1673 274 vim
1685 247 1785 282 exige-

1015 291 1096 318 bant.
1128 292 1197 318 Item
1225 291 1386 327 aliquando
1416 292 1577 328 percutitur
1605 300 1660 328 pro
1688 292 1786 321 futura

1016 337 1103 372 culpa
1115 337 1250 372 vitanda,
1268 340 1320 365 etc.
1335 338 1355 354 '⁰
1366 347 1392 364 z«
1406 339 1493 366 Datus
1507 340 1549 365 est
1565 338 1637 366 mihi
1651 339 1786 366 stimulus

1015 383 1109 410 carnis
1130 391 1212 411 meae.
1228 393 1241 409 ιι
1263 384 1430 419 Aliquando
1451 385 1582 420 punitur,
1604 387 1636 412 ut
1655 385 1786 420 potentia

1016 429 1122 457 divinae
1136 429 1250 457 virtutis
1265 432 1452 464 monstretur,
1468 433 1500 458 ut
1513 430 1568 458 hic.
1585 432 1649 458 flaec
1662 430 1704 458 ibi
1718 431 1785 459 Gre-

1014 475 1122 510 gorius.
1135 476 1263 509 Qualiter
1279 477 1352 503 Dcus
1367 475 1471 503 dicitur
1484 475 1546 510 lux,
1557 484 1647 512 supra
1660 476 1694 511 ¹¹,-
1711 483 1785 512 qua-

1013 521 1079 549 liter
1097 523 1195 549 autem
1215 529 1293 549 nunc
1312 523 1354 549 est
1374 521 1577 557 operandum,
1592 523 1623 550 id
1637 524 1694 557 est,
1709 524 1784 550 tem-

1014 576 1086 603 pore
1106 568 1193 602 hujus
1216 568 1297 601 vitoe,
1319 569 1398 603 patet
1421 575 1456 595 ex
1478 568 1624 603 Scriptum
1641 569 1672 596 in
1686 569 1786 597 multis

1014 613 1100 649 locis,
1117 615 1145 641 et
1163 621 1269 649 quare,
1284 613 1393 641 scilicet
1412 615 1531 649 propter
1552 614 1692 649 temporis
1714 615 1783 643 bre-

1014 659 1141 693 vitatem,
1153 662 1181 687 et
1191 659 1323 694 ejusdem
1335 660 1373 686 ad
1386 658 1572 695 operandum
1582 659 1784 695 idoneitatem,

1014 708 1042 733 et
1059 708 1179 741 propter
1197 706 1264 733 finis
1279 706 1343 733 vitre
1363 705 1618 740 incertitudinem,
1639 707 1667 734 et
1684 707 1786 734 mortis

1013 753 1237 785 subitationem,
1253 753 1281 779 et
1295 751 1438 787 operandi
1454 753 1520 787 post
1534 754 1659 779 mortem
1673 753 1785 789 impos-

1013 799 1190 826 sibilitatem.
1207 799 1227 816 ¹²
1245 808 1257 823 «
1271 799 1342 825 Ecce
1356 798 1460 825 breves
1479 797 1548 825 anni
1571 800 1738 834 transeunt,
1759 802 1787 828 et

1013 845 1163 878 semitam,
1181 852 1234 880 per
1257 851 1348 880 quam
1371 851 1432 871 non
1453 846 1593 877 revertar,
1613 845 1746 873 ambulo.
1769 856 1782 872 n

1013 891 1054 918 lbi
1064 891 1094 926 (c)
1107 892 1128 908 ¹³
1139 891 1175 918 de
1189 890 1282 918 hoe.¹‘
1290 890 1410 917 «Nescio
1420 890 1565 925 quamdiu
1576 891 1744 926 subsistam,
1759 893 1787 919 et

1013 939 1035 965 si
1051 940 1117 974 post
1132 938 1284 965 modicum
1296 937 1377 965 tollat
1392 946 1438 965 me
1454 938 1546 965 factor
1560 945 1652 965 meus.
1665 948 1680 964 ι»
1695 938 1737 966 lbi
1752 939 1786 975 (c)

1014 984 1034 1001 ¹⁵
1047 985 1083 1012 de
1098 984 1164 1012 hoc.
1181 984 1250 1012 Ideo
1268 984 1322 1011 ¹⁶:«
1336 986 1408 1011 Dum
1420 984 1564 1011 habemus
1578 985 1704 1019 tempus,
1717 992 1787 1020 ope-

1012 1038 1112 1058 remur
1135 1030 1250 1058 bonum
1270 1030 1308 1058 ad
1330 1038 1470 1058 omnes.»
1491 1030 1640 1065 «Vigilate
1661 1032 1693 1065 ¹⁷,
1715 1031 1786 1066 quia

1013 1076 1129 1104 nescitis
1141 1076 1220 1103 diem
1232 1084 1329 1112 neque
1340 1077 1455 1104 horam.
1467 1086 1480 1102 ι)
1494 1078 1525 1104 Ε1
1536 1076 1604 1104 ideo
1616 1076 1695 1104 stulti
1707 1078 1786 1111 sunt,

1013 1123 1064 1158 qui
1083 1130 1161 1149 nunc
1176 1123 1329 1158 negligunt
1348 1131 1438 1158 opera
1456 1123 1536 1150 bona
1551 1123 1573 1140 ¹⁸
1588 1132 1594 1150 :
1615 1123 1695 1156 «Qui
1715 1131 1786 1150 cou-

1013 1171 1113 1203 gregat
1134 1168 1163 1195 in
1182 1177 1291 1202 messe,
1312 1168 1390 1196 filius
1412 1169 1529 1204 sapiens
1550 1170 1607 1203 est,
1631 1169 1682 1205 qui
1696 1169 1786 1198 stertit

1013 1215 1041 1242 in
1058 1217 1168 1249 aestate,
1185 1215 1263 1242 filius
1279 1215 1468 1242 contusionis.
1485 1224 1499 1240 »

1048 1263 1074 1288 6.
1091 1263 1122 1288 Et
1134 1262 1265 1296 sequitur
1279 1261 1411 1289 miraculi
1427 1262 1572 1297 operatio,
1582 1261 1624 1289 ibi
1636 1271 1643 1289 :
1655 1263 1718 1290 Haec
1727 1270 1786 1290 cum

1014 1308 1143 1340 emmisset,
1159 1309 1255 1342 expuit
1274 1309 1302 1334 in
1319 1310 1435 1341 terram,
1452 1309 1504 1335 etc.
1525 1308 1631 1341 Quaerit
1645 1308 1785 1344 Chryses-

1013 1354 1110 1380 tomus
1122 1354 1151 1388 ¹⁵¹,
1167 1362 1258 1389 quare
1271 1353 1311 1380 sic
1324 1354 1410 1381 fecit?
1420 1355 1500 1388 Item,
1512 1362 1579 1381 cum
1589 1355 1786 1390 essetsignum

1013 1399 1134 1435 majoris
1155 1399 1291 1436 potentiae
1305 1400 1369 1427 solo
1391 1400 1483 1427 verbo
1499 1408 1618 1434 sanare,
1638 1408 1729 1436 quam
1744 1400 1785 1428 sic

1013 1446 1145 1474 liniendo
1166 1447 1283 1480 oculos,
1307 1455 1398 1482 quare
1420 1447 1460 1474 sic
1482 1447 1570 1474 fecit?
1595 1449 1627 1475 Et
1647 1447 1686 1475 ad
1707 1447 1786 1475 istud

1013 1492 1171 1527 respondet
1189 1493 1426 1527 Chrysostomus,
1452 1493 1534 1528 quod
1558 1493 1615 1521 hoc
1634 1493 1702 1521 fecit
1723 1500 1785 1520 non

1013 1538 1106 1572 gratia
1130 1538 1313 1573 indigentiae,
1339 1538 1391 1565 sed
1417 1539 1526 1565 docens
1549 1546 1578 1566 se
1602 1539 1699 1574 ipsum
1722 1547 1784 1567 esse

1014 1585 1189 1618 Creatorem,
1206 1584 1257 1619 qui
1271 1583 1378 1611 fecerat
1392 1584 1544 1612 hominem
1557 1584 1593 1611 de
1607 1584 1739 1620 pulvere.
1753 1586 1785 1612 Ut

1014 1638 1084 1664 ergo
1101 1630 1265 1658 ostenderet
1279 1638 1362 1657 suain
1377 1630 1556 1665 potentiam,
1573 1633 1599 1658 ct
1614 1638 1644 1658 se
1659 1638 1721 1658 esse
1735 1639 1785 1658 ve-·

1014 1683 1080 1702 rum
1096 1677 1203 1710 Deum,
1219 1676 1270 1711 qui
1291 1676 1400 1703 creavit
1419 1676 1572 1703 hominem
1592 1676 1628 1704 de
1650 1676 1728 1711 luto,
1744 1676 1784 1704 sic

1014 1722 1089 1749 feeit.
1105 1724 1140 1749 Et
1159 1722 1224 1755 fecit
1247 1724 1350 1756 lutum,
1369 1723 1477 1750 scilicet
1496 1723 1736 1758 commiscendo,
1759 1726 1784 1751 et

1015 1770 1122 1800 linivit,
1139 1769 1377 1804 superponendo.
1393 1769 1433 1804 (v.
1451 1770 1482 1805 7)
1501 1771 1535 1796 Et
1549 1770 1623 1797 dimit
1635 1772 1681 1797 ei:
1699 1764 1784 1804 Vade,

1015 1818 1039 1842 et
1056 1816 1116 1841 lara
1130 1817 1159 1842 in
1178 1817 1318 1842 natatoria
1335 1815 1423 1842 Se‘lcae.
1439 1815 1517 1843 Siloa
1533 1815 1611 1843 enim
1629 1817 1691 1843 erat
1703 1815 1785 1850 fons,

1015 1861 1051 1888 de
1067 1869 1126 1896 qua
1143 1861 1173 1888 in
1193 1861 1293 1888 Glossa
1307 1861 1492 1889 sufficienter.
1511 1862 1557 1896 (v.
1574 1862 1610 1897 8)
1630 1862 1708 1889 Abiit
1723 1870 1785 1896 erqo

1015 1909 1040 1933 ct
1052 1908 1129 1934 lavit.
1147 1908 1178 1934 Et
1192 1907 1223 1934 in
1241 1908 1297 1935 hoc
1311 1910 1428 1935 notatur
1442 1908 1610 1936 obedientia
1628 1909 1720 1945 ipsius
1735 1917 1786 1936 cu-

1014 1953 1077 1979 rati.
1099 1953 1203 1985 Quaerit
1217 1953 1327 1988 Glossa,
1344 1954 1469 1989 qualiter
1487 1955 1574 1982 istum
1592 1954 1705 1982 sanavit
1723 1955 1785 1982 sine

1014 1997 1094 2025 fide?
1110 2000 1141 2026 Et
1155 1999 1332 2034 respondet,
1347 2000 1430 2035 quod
1445 2000 1504 2033 illi,
1521 2001 1571 2036 qui
1586 2002 1706 2036 propter
1718 2008 1786 2036 pec-

1017 2046 1080 2071 cata
1095 2044 1296 2080 infirmantur,
1314 2053 1375 2073 non
1395 2049 1535 2074 sanantur
1549 2046 1611 2073 sine
1632 2046 1784 2074 sanatione

1015 2091 1144 2118 interiori
1154 2101 1161 2125 3
1177 2091 1228 2118 sed
1242 2091 1295 2119 istc
1310 2091 1363 2119 1011
1381 2095 1500 2119 sanatus
1518 2095 1638 2128 propter
1659 2092 1786 2127 gloriam

1014 2137 1062 2163 Dei
1083 2137 1342 2170 manifestandam,
1363 2139 1394 2164 ut
1414 2137 1525 2165 dictum
1546 2140 1596 2165 est.
1617 2138 1785 2165 secundum

1013 2183 1206 2217 Augustinum
1220 2183 1241 2201 ²⁰
1255 2191 1324 2211 vero
1340 2183 1451 2211 eaecitas
1472 2184 1525 2211 ista
1543 2183 1663 2218 gerebat
1676 2186 1785 2219 myste-

1013 2228 1089 2256 rium
1109 2229 1243 2256 caecitatis
1259 2229 1373 2263 generis
1390 2229 1528 2263 humani3
1547 2229 1635 2256 Filius
1649 2237 1719 2256 vero
1735 2229 1784 2257 Dei

1013 2274 1066 2301 1011
1081 2275 1110 2302 in
1124 2277 1215 2309 terra,
1231 2276 1259 2302 ct
1272 2275 1366 2302 lutum
1383 2275 1466 2309 10011,
1484 2277 1553 2308 etc„
1571 2275 1642 2310 quia
1655 2275 1784 2302 Verbum

1013 2329 1081 2348 caro
1102 2321 1209 2348 sactum
1228 2323 1285 2356 est,
1309 2324 1336 2349 et
1353 2321 1468 2349 inunxit
1487 2321 1588 2348 oculos
1607 2320 1693 2349 eaeci:
1713 2320 1783 2348 inde

1013 2367 1091 2394 enim
1102 2367 1259 2402 collyrium
1273 2367 1383 2396 factum
1398 2368 1454 2402 est,
1473 2368 1500 2395 et
1513 2374 1604 2402 genus
1617 2367 1782 2394 humanum

1013 2462 1113 2491 ‚nm-al„
1129 2462 1171 2486 lib.
1187 2463 1276 2492 xxiii,
1292 2469 1314 2486 c.
1333 2468 1369 2492 vr,
1384 2462 1416 2486 al.
1432 2468 1478 2493 xu,
1493 2469 1518 2486 n.
1533 2463 1572 2486 22.
1585 2474 1614 2480 —
1626 2461 1647 2478 ¹⁶
1662 2460 1730 2489 Gal„
1744 2467 1781 2492 vx,

1014 2498 1048 2520 ιθ.
1075 2510 1104 2514 —
1132 2498 1149 2513 Η
1171 2498 1270 2528 Manli„
1296 2504 1356 2528 xxv,
1384 2500 1420 2521 13.
1441 2506 1475 2515 —·
1494 2497 1514 2514 ¹¹³
1537 2498 1620 2526 Prov.,
1648 2502 1680 2526 x,
1703 2498 1726 2520 5.
1750 2510 1781 2514 —

1011 2533 1030 2548 ¹³
1049 2532 1189 2563 Chrysost..
1213 2534 1256 2557 uhi
1280 2541 1346 2564 sup„
1368 2540 1393 2556 n.
1415 2535 1438 2558 2.
1457 2546 1488 2550 —
1509 2532 1529 2546 ²⁰
1554 2534 1628 2562 Aug„
1652 2532 1678 2554 in
1699 2532 1778 2560 Joan„

1011 2569 1083 2590 tract.
1100 2573 1170 2595 κων,
1187 2575 1212 2591 u.
1232 2571 1252 2598 1,
1267 2570 1320 2592 2³.-
1335 2569 1366 2598 (α)
1381 2569 1436 2598 Laq.
1453 2567 1614 2596 Augustinus.
1625 2580 1654 2584 —
1671 2566 1701 2597 (b)
1719 2567 1779 2592 Coet.

1010 2602 1068 2625 edic.
1085 2602 1180 2626 muudi>
1195 2616 1224 2620 —
1240 2604 1270 2634 (c)
1283 2603 1371 2634 Suppl.
1386 2602 1531 2634 Gregorius.
