1987 3032
76 1440 169 1460 Soanda-

73 1504 160 1529 quando

70 1534 165 1552 contem-

48 1584 54 1588 ,
63 1563 169 1583 nendum.

189 215 245 244 352

187 280 230 306 est
246 276 321 306 trabi
342 284 360 304 a
376 276 474 308 Patre,
496 273 661 301 secundum
679 271 812 299 Glossam
832 280 838 298 :
861 270 954 298 Omnis

185 326 232 359 qm?
247 324 354 351 audivit
368 331 384 349 α
400 323 491 354 Patre,
507 319 615 346 scilieet
630 318 742 345 interna
764 317 954 352 inspiratione

186 370 317 398 trahitur.
335 378 348 394 «
363 367 502 398 Audiam,
519 364 612 399 inquit
627 364 771 399 Propheta
782 363 801 397 ¹,
818 363 890 398 quid
913 362 955 390 lo-

186 419 292 452 quatur
307 416 337 442 in
351 422 397 441 me
415 411 553 440 Dominus
570 412 643 437 Deus
658 419 663 436 :
680 411 715 436 Et
731 410 830 436 didicit
846 409 954 436 doctri-

185 471 254 490 nam
264 458 521 497 (aJpraedicationis
532 466 556 484 z«
566 456 649 483 Fides
657 456 734 483 enim
744 455 754 470 ²
765 463 800 482 ex
808 455 926 482 auditu:
939 464 951 480 ¹)

185 510 235 538 Hic
248 510 320 536 venit
334 507 368 534 ad
383 514 423 532 me
433 526 440 539 ,
457 504 566 531 scilicet
580 502 739 530 credendo.

219 557 263 582 46.
276 555 335 581 Non
351 554 416 587 quia
432 552 536 578 Putrem
550 549 620 576 vidit
636 550 792 583 quisquam,
802 549 856 574 nisi
871 549 894 574 is
909 548 956 581 qui

185 604 223 629 est
233 610 250 628 a
264 601 325 633 Deo,
335 597 444 625 seilicet
457 595 658 630 «unigenitus,
675 594 725 629 qui
740 593 820 621 estin
831 592 896 620 sinu
906 594 955 620 Pa-

184 648 265 680 tris,›>
279 652 368 680 supra
379 645 400 671 ³.
419 645 456 670 De
472 643 525 670 ista
539 641 650 668 visione
666 640 738 673 Filii,
754 647 853 675 supra,
867 646 956 674 super

185 693 268 721 illud.
283 692 330 719 Hic
345 691 423 718 enim
437 689 510 716 vidit
525 689 637 715 Patrem
653 687 662 704 ¹·
679 695 685 713 z
698 687 814 714 «Nemo
833 685 905 712 vidit
920 685 954 720 (h)

186 742 317 772 Patrem,
340 737 393 764 nisi
415 735 541 763 Filius.»
560 735 591 761 Et
607 733 677 768 quia
699 740 754 767 ego
779 740 846 758 sum
868 731 956 758 Filius

186 784 354 820 unigenitus
378 783 417 818 (v.
441 781 484 815 47)
494 802 502 814 ‚
534 782 582 814 qui
606 779 690 806 credit
712 780 742 805 in
764 786 804 804 me
827 777 956 813 perfecta

186 832 260 866 fide,
281 831 356 857 habet
376 830 460 856 vitum
482 829 623 859 (eternam,
643 832 722 852 nune
744 824 774 851 in
795 831 857 859 spe,
879 825 956 858 post-

186 878 263 906 eain
278 885 309 904 re
319 897 326 910 ‚
343 878 374 903 ut
388 874 551 910 expositum
568 874 609 899 est
625 879 722 906 supra.
740 872 772 897 Et
787 870 891 896 merito
906 869 955 896 ha-

185 925 235 952 bet
249 924 338 950 vitam
353 924 490 949 aeternam
508 919 544 954 (v.
560 918 604 952 48)
622 927 628 944 :
645 918 701 951 Euo
716 917 866 950 sumpturis
881 917 952 942 vitoe.

185 972 289 1006 Supra,
298 967 439 996 eodem⁵:
458 965 609 998 Pam's,qui
623 964 655 990 de
669 964 730 989 coelo
745 962 890 995 descendit,
907 962 954 988 dat

185 1019 268 1044 vitam
282 1015 389 1042 mundo.
404 1012 461 1041 Sed
475 1011 614 1047 qureritur
629 1018 635 1036 2
651 1017 687 1036 ex
703 1017 774 1044 qu0,
792 1008 955 1036 secundum

185 1064 332 1095 Glossam‚
348 1060 464 1087 fuerunt
479 1056 665 1085 scandalizati
681 1055 718 1082 de
733 1063 787 1082 sua
802 1055 953 1088 doctrina,

185 1112 212 1137 et
226 1107 502 1138 murmuraverunt,
519 1111 571 1131 nee
587 1102 810 1135 intellexerunt3
828 1101 953 1135 videtur,

185 1155 268 1191 quod
290 1162 351 1182 non
375 1152 476 1180 debuit
502 1150 538 1177 de
562 1150 607 1176 his
630 1148 744 1176 arcanis
761 1156 812 1175 eos
837 1147 952 1174 docere.

183 1204 253 1230 Item
269 1201 374 1228 dieitur
384 1200 393 1215 ⁵
407 1207 413 1225 :
428 1197 540 1225 «Nolite
557 1197 691 1223 sanctuni
707 1195 778 1221 dare
791 1194 913 1221 canibus
925 1203 951 1220 z»

183 1250 258 1283 Ergo
274 1249 306 1274 ut
317 1246 407 1282 prius.
424 1246 456 1271 Et
470 1244 508 1271 ad
519 1243 596 1270 istud
611 1241 866 1277 respondendum,
881 1240 955 1267 sicut

183 1294 222 1322 ait
235 1294 336 1322 Glossa
349 1302 355 1319 ι
374 1290 497 1318 «Verbis
513 1289 581 1324 tegit
596 1289 646 1315 illa
658 1289 768 1321 saneta,
785 1286 894 1314 scilieet
909 1294 954 1313 ar-

183 1348 271 1371 cana,
301 1347 365 1374 quae
390 1337 526 1369 dicebat,
548 1338 579 1362 ut
605 1336 631 1362 et
657 1334 748 1369 aliqui
772 1332 952 1360 scandaliza-

182 1389 292 1419 rentur,
308 1386 336 1412 et
350 1383 476 1411 humiles
492 1382 642 1409 credentes
657 1381 854 1416 probarentur
871 1388 877 1406 :
895 1389 908 1404 »
927 1381 954 1406 et

184 1432 326 1468 quoniam
343 1441 356 1457 «
371 1429 546 1457 scandalum
568 1430 609 1455 est
637 1426 800 1462 aliquando
824 1427 953 1453 contem-

183 1479 334 1510 nendum,
358 1477 380 1503 si
401 1476 436 1503 de
458 1474 578 1502 veritate
598 1474 726 1500 nascitur
750 1482 756 1500 :
782 1475 851 1499 tune
875 1471 953 1499 enim

182 1526 282 1552 utilius
288 1523 462 1559 permittitur
469 1521 548 1548 nasei
556 1519 741 1551 scandalum,
748 1526 838 1554 quam
847 1517 953 1545 veritas

183 1570 377 1604 relinquatur,
394 1569 451 1594 «ut
470 1565 508 1592 ait
523 1564 678 1598 Gregorius
694 1565 713 1590 ⁷.
732 1563 870 1590 Dixeruut
892 1562 952 1589 dis-

183 1615 289 1651 01111111Β
306 1623 312 1641 :
331 1624 343 1639 «
357 1612 489 1640 Pharisaei
500 1614 566 1638 sunt
583 1609 781 1637 scandalizati.
802 1619 814 1634 ι)
832 1611 863 1636 Ε1
879 1608 953 1635 dixit

183 1661 323 1689 Dominus
337 1669 343 1687 :
363 1669 376 1684 «
391 1658 490 1687 Omnis
503 1657 645 1693 plantatio
657 1676 666 1690 ,
682 1664 772 1690 quam
788 1663 848 1682 non
862 1655 950 1690 plan--

182 1707 253 1734 tavit
272 1709 354 1734 Pater
368 1727 376 1740 ,
404 1703 610 1732 eradicabitur.
635 1713 648 1728 »
677 1702 745 1730 Ideo
769 1709 830 1728 non
856 1700 952 1728 omisit

182 1753 333 1780 veritatem
354 1751 475 1784 docere,
496 1750 564 1776 lieet
582 1750 676 1776 essent
698 1747 894 1775 scandalizati.
920 1748 952 1774 Et

182 1807 234 1835 per
252 1799 309 1826 1100
324 1798 363 1825 ad
380 1796 478 1830 aliud,
497 1795 567 1830 quia
591 1793 642 1821 illa
661 1796 761 1820 sancta
779 1800 904 1826 areana,
920 1794 952 1819 ut

184 1848 281 1873 tamen
297 1846 370 1871 tecta
381 1864 389 1877 ,
402 1841 557 1878 proposuit
571 1848 672 1868 coram
687 1840 738 1867 eis.

217 1891 262 1918 49.
279 1891 311 1916 Et
328 1889 459 1924 sequitur
472 1887 606 1920 tertium,
621 1885 731 1912 scilieet
750 1883 880 1911 exclusio
904 1890 950 1910 er-

181 1936 256 1964 ror1s
270 1945 276 1962 :
290 1937 382 1962 Patres
394 1935 478 1962 vestri
489 1933 715 1960 manducaverunt
724 1939 833 1964 mamm,
846 1933 871 1957 et
884 1937 951 1956 mor—

182 1985 224 2009 tui
235 1984 308 2009 sunt.
323 1981 395 2014 Quia
409 1981 544 2016 poterant
558 1979 665 2012 dicere,
679 1977 762 2013 quod
775 1984 886 2004 manna
898 1975 952 2002 suit

182 2028 267 2064 panis
287 2027 364 2062 vitre,
379 2027 446 2054 ideo
466 2027 523 2054 1100
542 2026 683 2059 removet,
702 2024 801 2052 dicens
826 2032 833 2050 ;
859 2024 952 2050 Patres

182 2076 229 2108 qui
252 2074 490 2106 manducaverunt,
510 2073 607 2099 mortui
629 2074 704 2098 sunt.
723 2070 779 2098 Sed
802 2069 950 2105 quaeritur,

183 2128 273 2155 quare
288 2120 328 2147 ait
343 2128 349 2146 :
363 2120 593 2146 Mandueaverunc
606 2119 633 2144 z'n
643 2118 755 2150 deserto,
767 2117 794 2143 et
808 2123 868 2143 non
882 2115 951 2141 sim-

180 2166 315 2201 pliciter?
337 2167 368 2193 Et
382 2165 420 2192 ad
434 2165 491 2192 hoc
511 2164 669 2199 respondet
682 2163 905 2198 Chrysostomus
918 2161 928 2177 ⁹
941 2182 948 2191 ,

183 2213 265 2247 quod
287 2222 299 2237 ι(
315 2212 372 2239 1100
388 2212 426 2239 ait
446 2213 565 2247 propter
580 2210 640 2237 duo
662 2218 669 2235 t
685 2209 793 2236 scilicet
807 2208 846 2235 ad
861 2207 951 2234 deno-

183 2258 315 2293 tandum,
332 2258 414 2294 quod
436 2265 496 2285 non
519 2258 581 2285 erat
598 2257 760 2287 extensum,
775 2254 807 2281 id
829 2255 880 2287 est,
897 2253 952 2280 du-

182 2306 314 2331 raturum
338 2304 376 2331 ad
397 2303 524 2331 multum
545 2305 670 2337 tempus,
685 2303 712 2328 et
734 2300 872 2335 quoniam
892 2306 952 2325 uon

184 2350 262 2377 venit
280 2358 379 2377 secun]
398 2350 428 2377 in
451 2352 557 2376 terram
575 2346 788 2384 promissionis.
805 2356 819 2371 »
836 2347 868 2372 Et
883 2345 951 2372 ideo

184 2396 291 2423 mortui
306 2398 382 2429 sunt,
397 2396 436 2423 ait
449 2395 624 2430 Augustinus
639 2394 671 2428 ¹⁰,
688 2403 701 2419 «
719 2392 789 2428 quia
809 2391 892 2427 quod
911 2390 952 2418 vi-

217 2456 303 2480 'Psal.
319 2461 425 2486 Lxxxw,
439 2457 462 2479 9.
475 2468 505 2473 -
520 2455 528 2469 ²
541 2455 616 2481 Rom„
632 2460 656 2484 x,
675 2454 753 2477 17.—
767 2452 777 2468 ⁸
791 2453 863 2482 Sup„
879 2457 896 2480 1,
913 2451 950 2474 18.

184 2505 215 2510 —
229 2492 239 2508 ⁴
253 2491 353 2520 Manli„
370 2497 406 2520 xi,
421 2493 459 2514 27.
475 2503 503 2507 —
515 2491 523 2504 ⁵
539 2491 611 2520 Sup„
626 2490 665 2513 33.
683 2501 709 2506 -
725 2488 734 2504 ⁶
747 2487 847 2516 Manli„
863 2492 908 2516 vu,
927 2487 950 2509 6.

185 2540 214 2545 -
239 2527 249 2544 ⁷
273 2528 358 2557 Greg.,
383 2527 408 2549 in
434 2525 519 2549 ἡξει-11.
542 2525 587 2548 lib.
614 2526 637 2555 l,
659 2525 729 2548 hom.
754 2528 804 2553 vn,
825 2529 851 2546 n.
877 2524 901 2545 5.
922 2534 951 2538 —

185 2563 195 2579 θ
222 2562 323 2592 ΜαίίΙι.,
351 2567 398 2592 xv,
427 2563 470 2591 12,
498 2563 519 2584 1.
546 2573 576 2577 -
606 2561 614 2573 '³
643 2560 784 2590 Chrysost„
815 2558 839 2581 in
867 2557 950 2588 Jomz.⁷

185 2599 255 2621 honi.
278 2603 342 2628 ην,
366 2597 399 2621 al.
423 2602 501 2626 nvi,
525 2602 551 2618 u.
579 2597 602 2619 2.
626 2608 656 2613 -
680 2596 698 2610 ¹⁰
722 2596 797 2624 Aug,
819 2594 845 2616 in
871 2593 952 2623 Joan„

187 2636 258 2657 tract.
274 2639 349 2663 xxvi,
368 2640 394 2656 n.
416 2634 453 2656 Η.
471 2645 500 2649 -
522 2632 537 2647 ¹¹
556 2631 619 2654 lbid.
636 2644 662 2648 —
684 2631 703 2646 *Ξ
724 2630 797 2659 ibid„
818 2636 843 2652 n.
868 2630 905 2652 ¹2.
922 2642 952 2646 —

706 204 920 236 EVANGELll
943 202 1083 234 SANCTI
1101 201 1265 234 JOANNIS

1011 269 1130 302 debant,
1151 268 1311 297 credebant
1333 278 1340 296 :
1365 268 1448 305 quod
1471 275 1532 296 non
1554 267 1706 301 videbant,
1719 274 1782 295 non

1010 314 1222 349 intelligebant.
1239 325 1252 341 n
1278 316 1310 343 Et
1330 316 1401 343 tales
1422 316 1505 342 erant
1525 314 1578 348 illi,
1594 314 1702 341 scilicet
1718 313 1780 340 infi-

1012 362 1123 389 delium
1146 364 1262 397 patrum
1284 362 1416 390 infideles
1438 362 1500 389 filii.
1517 361 1572 389 Sed
1596 361 1721 396 qualiter
1741 360 1782 388 eis

1011 409 1192 443 improperat
1206 408 1274 441 hoe,
1289 408 1359 443 quia
1373 408 1455 442 boni,
1467 410 1498 435 ut
1508 410 1620 442 Moyses
1633 409 1660 434 et
1674 409 1782 441 Aaron,

1011 454 1062 490 qui
1091 454 1343 482 manducaverunt
1375 462 1501 488 manna,
1529 453 1637 481 mortui
1665 452 1783 480 fuerunt

1011 502 1104 527 morte
1127 500 1285 536 corporali,
1307 508 1367 528 non
1390 500 1549 536 spirituali3
1575 499 1706 527 similiter
1729 498 1781 534 qui

1011 546 1192 574 manducant
1210 554 1319 581 panem
1338 546 1412 580 vitae,
1429 546 1466 574 de
1482 554 1541 582 quo
1557 545 1618 581 ipse
1639 545 1780 580 loquitur,

1011 592 1176 620 moriuntur
1191 594 1284 620 morte
1294 592 1462 628 corporali?
1473 593 1506 620 Et
1519 591 1558 619 ad
1571 591 1649 618 istud
1661 598 1782 627 respon-

1012 638 1060 666 det
1081 639 1259 673 Augustinus
1275 640 1310 673 ¹¹,
1328 638 1410 673 quod
1427 647 1440 663 α
1456 645 1558 665 verum
1577 640 1619 665 est
1640 640 1783 673 quantum

1011 684 1050 712 ad
1064 687 1190 712 mortem
1203 684 1360 718 visibilem,
1372 684 1424 712 sed
1439 686 1584 720 quantum
1597 683 1636 711 ad
1649 683 1783 719 spiritua-

1011 731 1080 771 lem,
1096 739 1157 758 non
1178 739 1184 757 :
1211 731 1280 767 quia
1303 731 1403 758 cibum
1427 730 1574 758 visibilem
1597 729 1785 765 spiritualiter

1011 778 1226 810 intellexerunt,
1249 778 1435 814 spiritualiter
1455 777 1627 811 esurierunt,
1650 775 1784 812 spiritua-

1011 824 1076 852 liter
1091 828 1290 860 gustaverunt,
1304 828 1335 853 ut
1349 825 1536 861 spiritualiter
1549 824 1731 852 satiarentur.
1743 823 1784 851 Si-

1012 873 1059 898 cut
1075 873 1117 899 est
1133 871 1169 899 de
1185 871 1271 899 nobis
1284 872 1390 900 :hodie
1405 872 1563 907 accipimus
1577 870 1725 898 visibilem
1743 870 1783 898 ci-

1011 917 1098 952 bum3
1115 917 1167 944 sed
1181 918 1261 945 aliud
1277 920 1318 945 est
1331 920 1558 951 sacramentum,
1575 917 1657 944 aliud
1671 919 1713 944 est
1725 916 1784 944 vir-

1011 965 1056 991 tus
1070 965 1254 991 sacramenti.
1271 966 1302 992 Et
1317 965 1367 1000 (sui
1381 964 1457 992 male
1472 964 1619 1000 accipiunt
1633 964 1670 992 de
1686 963 1781 998 altari,

1010 1012 1184 1038 moriuntur.
1209 1013 1434 1039 Murmuratores
1454 1019 1525 1046 ergo
1545 1013 1641 1047 patres
1660 1011 1782 1038 istorum

1010 1059 1260 1085 murmuratorum
1274 1057 1528 1085 manducaverunt
1536 1057 1625 1091 male,
1637 1057 1707 1092 quia
1720 1064 1781 1084 non

1010 1103 1226 1138 intellexerunt,
1253 1106 1280 1132 et
1302 1105 1410 1132 mortui
1433 1107 1509 1132 sunt.
1532 1114 1546 1131 >i
1577 1106 1640 1132 Haee
1669 1107 1781 1139 Augus-

1008 1149 1096 1176 tinus.

1044 1197 1088 1223 50.
1099 1197 1129 1223 Et
1139 1196 1270 1231 sequitur
1281 1196 1384 1224 ultima
1394 1204 1473 1232 pars,
1484 1197 1513 1224 in
1526 1204 1586 1232 qua
1596 1196 1722 1224 eruditio
1734 1204 1781 1224 ve-

1008 1241 1099 1269 ritatis
1117 1251 1123 1268 z
1143 1243 1195 1269 Hic
1207 1245 1244 1269 est
1260 1250 1318 1270 vere
1332 1244 1423 1277 panis,
1440 1245 1493 1270 ete.
1509 1243 1549 1270 lta
1564 1242 1676 1269 dictum
1688 1244 1730 1269 est
1743 1242 1781 1270 de

1009 1295 1130 1322 manna,
1143 1288 1216 1315 sicut
1241 1288 1278 1315 de
1298 1290 1368 1323 typo
1392 1290 1419 1315 et
1440 1288 1551 1323 figura,
1571 1289 1613 1315 hie
1633 1291 1722 1317 autem
1743 1291 1782 1316 est

1008 1342 1086 1361 verus
1107 1336 1197 1368 panis,
1219 1334 1327 1362 scilieet
1350 1335 1491 1369 figuratus
1514 1343 1567 1370 per
1589 1343 1698 1363 manna
1721 1345 1728 1363 :
1750 1335 1783 1363 Si

1009 1382 1069 1415 quis
1083 1388 1174 1407 verum
1188 1381 1399 1414 manducaverit,
1411 1381 1520 1409 scilicet
1530 1383 1606 1409 recte
1620 1381 1781 1415 credendo,

1008 1428 1035 1453 et
1056 1427 1132 1454 intus
1156 1427 1186 1454 in
1206 1426 1295 1454 eorde
1317 1427 1520 1462 intelligendo,
1537 1429 1565 1455 et
1584 1427 1726 1462 amando,
1743 1427 1783 1455 ait

1008 1472 1117 1506 Glossa,
1140 1481 1192 1500 non
1212 1474 1351 1507 morietur,
1373 1473 1481 1500 seilicet
1499 1475 1592 1501 morte
1614 1476 1732 1501 aeterna.
1749 1475 1782 1500 Ut

1008 1518 1086 1545 enim
1107 1518 1146 1544 ait
1168 1519 1344 1558 Augustinus
1359 1518 1378 1534 ¹¹
1395 1528 1401 1546 x
1422 1529 1435 1544 «
1453 1520 1534 1546 Hunc
1552 1527 1661 1554 panem
1681 1519 1779 1554 signa-

1007 1563 1048 1590 vit
1068 1564 1099 1599 (c)
1115 1571 1225 1591 manna
1242 1573 1248 1590 :
1270 1564 1348 1591 hune
1367 1573 1477 1599 panem
1492 1565 1619 1599 signavit
1636 1565 1670 1600 (c)
1689 1565 1779 1593 altare

1007 1609 1055 1636 Dei
1062 1618 1070 1643 3
1087 1609 1138 1636 illa
1151 1612 1333 1637 sacramenta
1343 1611 1373 1637 in
1388 1610 1478 1646 signis
1491 1611 1613 1638 diversis
1627 1610 1753 1639 fuerunt.
1763 1621 1777 1638 n

1008 1655 1027 1672 ¹³
1046 1665 1059 1680 «
1078 1656 1185 1683 Omnes
1209 1656 1263 1683 suh
1289 1657 1369 1684 nube
1390 1657 1518 1685 fuerunt.
1533 1667 1547 1683 n
1565 1659 1597 1684 Et
1617 1657 1749 1693 sequitur
1771 1666 1778 1684 :

1009 1710 1022 1727 α
1055 1702 1195 1729 Eamdem
1232 1710 1330 1730 escam
1364 1703 1546 1739 spiritualem
1578 1703 1779 1732 manducave-

1005 1750 1084 1782 runt,
1099 1758 1112 1774 »
1130 1750 1183 1775 etc.
1205 1748 1291 1782 Quod
1310 1757 1380 1784 ergo
1397 1750 1437 1777 ait
1449 1750 1496 1777 1110
1516 1759 1522 1776 :
1538 1750 1643 1784 Siquis
1661 1750 1778 1777 mandu-

1006 1796 1117 1828 caverit,
1132 1803 1185 1821 non
1200 1796 1340 1829 morietur,
1360 1805 1373 1821 «
1391 1795 1517 1830 pertinet
1531 1795 1570 1823 ad
1584 1795 1720 1823 virtutem
1739 1795 1776 1830 (d)

1006 1842 1190 1875 sacramenti,
1206 1848 1266 1868 non
1286 1841 1324 1869 ad
1343 1841 1459 1869 visibile
1478 1843 1704 1869 sacramentum.
1724 1841 1779 1874 Qui

1006 1886 1165 1914 manducat
1174 1887 1261 1920 intus,
1273 1895 1334 1914 non
1344 1887 1414 1915 foris
1421 1897 1429 1922 ς
1443 1888 1494 1923 qui
1505 1888 1665 1916 manducat
1676 1887 1777 1922 eorde,

1005 1940 1066 1961 non
1078 1932 1129 1968 qui
1142 1933 1247 1968 premit
1261 1933 1358 1967 dente,
1373 1945 1386 1960 1>
1405 1935 1445 1962 ait
1459 1935 1637 1969 Augustinus
1650 1935 1679 1962 ¹⁶.

1041 1981 1084 2006 51.
1105 1980 1137 2006 Et
1151 1980 1299 2014 specificat
1319 1980 1423 2014 magis,
1445 1981 1510 2015 quis
1529 1983 1571 2008 est
1592 1980 1640 2008 ille
1661 1980 1746 2016 panis
1768 1990 1776 2008 :

1006 2026 1062 2059 Eyo
1082 2033 1140 2052 sum
1161 2027 1240 2060 punis
1259 2027 1346 2060 vivus,
1361 2026 1470 2054 scilieet
1488 2026 1687 2061 essentialiter,
1707 2027 1778 2062 quia
1824 2064 1826 2068 ι

1005 2071 1079 2105 vita3
1100 2074 1127 2099 et
1150 2072 1348 2107 effectualiter,
1367 2074 1437 2107 quia
1452 2073 1526 2101 dans
1545 2073 1645 2101 vitam.
1671 2074 1725 2106 Qui·
1744 2074 1777 2101 de

1006 2119 1066 2145 caelo
1081 2118 1214 2151 descendi,
1225 2118 1334 2146 scilicet
1347 2119 1439 2147 factus
1448 2120 1549 2148 homo.
1566 2121 1602 2154 (v.
1614 2120 1658 2154 52)
1670 2120 1702 2147 Sz'
1715 2121 1777 2155 quis

1005 2165 1218 2197 manducaverit,
1228 2164 1321 2192 modo
1336 2165 1426 2198 dieto,
1440 2167 1511 2192 vivet
1525 2167 1555 2193 in
1566 2169 1703 2200 aeternum,
1715 2173 1776 2194 non

1006 2210 1104 2237 solum
1118 2210 1148 2237 in
1162 2210 1295 2245 praesenti
1309 2218 1362 2245 per
1374 2211 1527 2245 justitiam,
1543 2211 1582 2239 ait
1599 2211 1710 2246 messa,
1725 2212 1778 2240 sed

1006 2257 1037 2283 in
1050 2259 1201 2284 aeternum.
1214 2258 1246 2284 Ut
1260 2257 1339 2284 enim
1354 2258 1393 2284 ait
1408 2258 1632 2293 chrysostomus
1646 2259 1677 2293 ¹⁵,
1694 2268 1709 2284 «
1723 2266 1778 2294 pa-

1006 2311 1074 2331 nem
1087 2306 1173 2331 vocat
1181 2303 1229 2331 hic
1241 2303 1379 2331 salutaria
1392 2304 1425 2339 (e)
1443 2305 1630 2339 documenta,
1646 2307 1673 2332 et
1686 2305 1778 2333 fidem

1006 2350 1045 2377 ad
1060 2350 1168 2385 ipsum,
1179 2351 1229 2377 aut
1243 2358 1350 2386 corpus
1365 2359 1460 2378 suum.
1473 2361 1486 2376 ι)
1504 2351 1580 2378 Infra
1591 2351 1611 2368 ¹⁶
1622 2360 1628 2378 :
1640 2360 1654 2377 ι(
1668 2351 1696 2378 Si
1711 2350 1778 2386 quis

1006 2403 1174 2423 sermonem
1189 2403 1291 2424 meum
1304 2397 1474 2430 servaverit,
1489 2399 1614 2425 mortem
1627 2404 1688 2425 non
1707 2404 1776 2431 gus-

1005 2476 1025 2493 13
1042 2477 1048 2499 Ι
1066 2477 1134 2508 Cor„
1149 2483 1174 2508 x,
1190 2484 1209 2506 1,
1225 2479 1290 2502 3.-
1316 2479 1326 2495 ⁸
1338 2479 1414 2509 Aug„
1428 2478 1488 2503 ibid.
1500 2491 1528 2495 —
1545 2479 1562 2492 '⁵
1577 2478 1717 2509 Chrysost.‚
1732 2477 1776 2502 ubi

1006 2518 1072 2541 sup.‚
1094 2519 1119 2535 n.
1136 2514 1157 2536 1.
1171 2525 1200 2530 —
1219 2513 1240 2529 ¹⁶
1255 2513 1312 2544 tuf„
1326 2519 1382 2542 vxu,
1401 2515 1439 2538 52.

1040 2561 1068 2589 (a)
1093 2561 1154 2584 Cret.
1173 2561 1232 2586 edit.
1254 2562 1377 2586 doctrina.
1394 2574 1424 2579 —
1448 2561 1484 2592 (b)
1503 2561 1575 2592 Vuly.
1593 2562 1674 2586 novit.
1697 2562 1775 2587 Graec.

1006 2595 1168 2625 ἑπιγινιὶισκει.
1190 2609 1220 2614 -
1236 2598 1267 2628 (c)
1282 2597 1322 2622 Al.
1344 2597 1501 2628 significavit.
1521 2609 1552 2614 -
1572 2597 1610 2627 (d)
1635 2598 1694 2622 Coet.
1714 2598 1774 2622 edit.

1006 2630 1148 2655 veritatem.
1163 2645 1191 2650 --
1212 2632 1241 2663 (e)
1261 2633 1321 2657 Caet.
1338 2633 1399 2656 edit.
1413 2632 1527 2656 salutem.

1802 1193 1900 1214 Eruditio

1795 1224 1899 1246 veritatis.
