1987 3032
207 214 265 242 ‚isit
728 207 935 240 EVANGELll
959 207 1095 238 SANss'l't
1122 207 1283 239 JOANNIS

205 278 267 304 tulit
288 278 414 306 Christus
435 286 487 313 per
509 278 691 313 passionem,
716 276 745 303 in
771 276 854 310 qu'us
881 274 976 309 figura

204 324 303 352 velum
321 324 420 360 templi
442 325 562 352 scissum
585 326 636 351 est.
658 325 708 350 Per
730 323 864 355 hortum,
887 329 976 357 quem

203 370 321 398 intravit
334 379 401 398 cuin
417 370 582 405 discipulis,
599 369 780 404 significatur
792 367 976 395 fructuositas

203 424 327 452 operum
342 419 369 444 ct
383 417 628 444 documentorum
640 437 647 449 ,
665 424 731 451 quae
749 415 814 442 feeit
836 416 909 442 Deus
924 421 976 448 per

203 471 253 490 eos
268 465 334 498 post
348 463 530 498 passionem,
547 470 635 498 supra
651 464 657 478 ¹
673 471 678 488 :
695 463 776 488 Posui
787 468 850 495 vos,
866 463 895 487 ut
909 462 976 487 eatis

203 512 227 536 et
251 510 367 541 fructum
384 509 528 541 adferatis.
553 510 584 535 Et
603 508 639 535 de
661 508 706 535 his
728 508 756 534 in
779 506 940 535 collatione
954 504 973 532 ².

203 554 287 587 Quod
302 556 399 581 autem
414 556 557 581 venerunt
573 562 640 581 cum
655 553 773 580 laternis
789 555 815 580 et
833 552 920 579 armis
938 551 976 578 ad

203 600 381 635 capiendum
409 601 522 633 Jesum,
552 603 578 627 et
602 600 630 627 in
656 602 757 631 nocte,
780 598 875 633 figura
900 599 975 631 erat,

203 646 286 680 quod
301 648 383 673 erant
397 646 426 672 in
445 647 587 679 tenebris,
605 649 632 673 et
651 653 718 673 cum
734 645 840 672 ardore
855 643 975 677 suroris,

203 694 230 719 et
245 692 402 727 prudentia
416 695 515 719 astutae
530 692 708 727 sagacitatis,
723 693 866 718 venerunt
881 690 919 716 ad
933 697 978 716 ca—

202 738 345 773 piendum
367 740 474 765 Jesum.
499 739 578 765 Unde
598 738 751 773 signantur
773 737 842 771 tria,
867 736 977 771 quibus

203 785 329 812 Ecclesia
342 786 531 821 impugnatur
545 794 562 812 a
578 785 673 812 malis.
690 787 741 812 Per
755 784 897 816 laternas,
913 791 977 817 quae

204 831 341 859 dicuntur
356 840 372 858 a
383 833 500 865 Iutewlo,
512 832 643 865 signatur
654 831 757 858 astutia
768 829 974 865 hypocritalis;

204 885 256 913 per
265 877 353 911 faces,
367 878 455 904 ardor
470 878 576 905 suroris
589 887 596 911 ;
614 886 666 912 per
679 885 770 909 arma,
782 875 912 911 potentia
924 884 975 901 sae-

204 924 319 950 cularis.
330 924 410 951 Unde
423 924 564 959 Propheta
576 926 585 939 ²¹
596 933 602 950 ε
614 935 625 949 ιι
637 925 736 950 Dentes
749 930 851 949 eorum
860 921 976 956 gladius

203 972 314 997 acutus.
330 980 342 995 n
360 969 369 984 ⁴
392 980 404 995 (ι
416 972 447 997 Et
460 970 610 997 habebant
624 969 730 996 loricas
744 969 852 995 ferreas
863 990 869 1001 ,
886 979 898 992 n
922 971 974 995 etc.

204 1017 234 1043 Et
249 1017 278 1043 ὃς
298 1026 311 1041 a
328 1018 363 1043 De
379 1024 429 1043 ore
445 1024 548 1043 eorum
562 1015 696 1051 procedit
711 1016 784 1049 ignis
798 1017 825 1041 ct
838 1014 945 1041 sumus.
962 1024 974 1039 »

240 1065 265 1089 4.
287 1065 318 1089 Et
341 1063 471 1097 sequitur
499 1062 582 1089 tertia
606 1061 767 1097 particula:
791 1062 866 1088 Jesus
888 1064 977 1087 uucem

202 1111 286 1135 sciens
308 1111 412 1142 omnia,
431 1110 502 1142 etc.;
526 1111 553 1135 et
572 1108 611 1135 ibi
636 1108 689 1134 tria
708 1117 714 1134 :
740 1107 851 1143 primo,
875 1107 976 1134 christi

203 1155 351 1189 processio
367 1154 487 1182 obviam
503 1155 573 1189 illis5
597 1154 744 1187 secundo,
765 1153 802 1180 ab
824 1153 865 1179 eis
880 1153 977 1188 inqui-

203 1201 283 1234 sitio,
299 1201 339 1228 ibi
356 1210 362 1227 :
381 1201 463 1233 Quem
478 1202 619 1235 ueneritis?
635 1200 728 1234 tertio,
745 1199 816 1226 Petri
833 1199 975 1233 defensio,

203 1247 242 1273 ibi
256 1248 265 1263 θ
283 1256 288 1274 z
306 1247 394 1273 Simon
409 1255 484 1281 erqo,
500 1249 552 1274 etc.

238 1293 282 1320 Ait
296 1301 385 1327 ergo:
402 1294 492 1320 Sciens
507 1295 613 1326 omniu,
628 1295 682 1319 etc.
700 1295 762 1319 Non
779 1292 857 1319 enim
874 1299 977 1327 expec-

205 1340 274 1366 tavit
289 1347 306 1366 a
324 1339 528 1374 propalatione
544 1339 674 1374 ipsorum
693 1346 728 1366 ea
748 1339 875 1371 discere,
895 1340 925 1364 ut
940 1338 979 1364 ait

204 1387 462 1421 Chrysostomus73
479 1386 529 1412 sed
541 1388 685 1420 processu,
701 1396 714 1410 <i
728 1387 846 1420 paratus
860 1385 946 1418 mori,
963 1396 975 1409 υ

205 1432 244 1459 ait
258 1432 375 1466 Glossa;
393 1435 416 1459 et
437 1432 525 1466 dixu,
545 1443 556 1457 (ι
571 1432 795 1467 imperturbate,
809 1442 822 1457 u
838 1431 878 1457 ait
891 1431 978 1466 Chry-

205 1480 366 1505 sostomus:
383 1479 464 1510 [utem
480 1479 623 1512 quoert'cc's‘!
640 1479 670 1504 Et
684 1478 713 1504 in
729 1477 786 1504 hoc
802 1480 919 1504 notatur
934 1485 978 1503 se-

206 1525 351 1559 cundum,
374 1525 483 1551 scilicet
502 1532 554 1551 sua
574 1524 736 1559 inquisitio.
758 1523 812 1550 Sed
833 1532 923 1558 quare
940 1523 978 1550 ab

206 1572 247 1598 eis
261 1571 317 1598 hoc
341 1571 462 1607 quaerit‘?
483 1570 649 1605 Respondet
671 1570 788 1601 Glossa,
812 1569 893 1605 quod
919 1577 979 1596 non

206 1618 360 1652 ignorans3
378 1616 430 1643 sed
445 1619 476 1644 ut
488 1617 593 1643 seirent
607 1624 675 1643 eum
690 1624 751 1642 esse
767 1623 857 1650 quem
870 1623 980 1650 quaere-

206 1664 286 1698 bant,
302 1664 358 1690 hoc
373 1663 455 1690 dixit.

243 1712 268 1737 5.
285 1710 486 1744 Responderunt
501 1711 542 1735 ei:
562 1710 651 1735 Jesum
666 1709 852 1741 Nazarenum,
870 1707 909 1734 sie
926 1715 979 1734 no-

208 1757 351 1783 minatum
373 1764 390 1782 a
411 1755 476 1782 loco
495 1754 693 1788 educationis,
715 1762 805 1789 supra
819 1755 847 1780 ¹⁵:
866 1763 878 1778 «
895 1755 982 1780 Num-

208 1803 281 1838 quid
292 1811 309 1830 a
320 1802 458 1829 Nazareth
470 1804 563 1837 potest
576 1801 688 1836 aliquid
701 1801 772 1827 boni
785 1801 867 1827 esse?
877 1810 890 1824 »
903 1801 981 1826 Dixit

209 1851 246 1876 eis
259 1859 266 1876 .·
285 1851 339 1883 Eyo
354 1857 422 1875 sum.
440 1850 471 1875 Et
485 1848 515 1874 in
530 1848 587 1875 hoc
606 1850 722 1874 notatur
738 1855 791 1874 sua
813 1854 883 1873 vera
897 1848 980 1873 aeter-

208 1896 298 1929 uitas,
321 1895 351 1922 in
367 1897 510 1930 quantum
532 1896 622 1927 Deus;
646 1893 772 1929 snpra⁹2
792 1895 982 1927 «Antequam

209 1941 357 1969 Abraham
380 1940 477 1974 fieret,
500 1948 554 1975 ego
575 1949 650 1967 sum.
667 1951 679 1966 n
700 1942 770 1968 ltem
793 1941 910 1966 notatur
931 1946 983 1965 sua

210 1987 408 2023 spontaneitas
422 1987 459 2014 ad
472 1987 645 2022 patiendum
656 2008 663 2020 ,
674 1986 753 2013 unde
766 1986 882 2013 Glossa:
898 1995 910 2010 ι(
921 1986 983 2012 Non

211 2034 364 2062 abscondit
384 2042 430 2068 se,
444 2046 456 2057 υ
474 2036 526 2061 etc.
550 2033 674 2066 Quando
695 2033 773 2059 enim
795 2040 863 2059 eum
882 2031 984 2058 volue-

212 2084 279 2109 runt
289 2081 384 2108 facere
394 2089 493 2115 regem
506 2081 614 2116 (supra
624 2080 643 2095 ¹⁰
652 2080 672 2115 ),
681 2079 763 2114 fugit.
777 2079 900 2112 Quando
914 2086 983 2105 vero

213 2130 356 2155 venerunt
377 2127 415 2154 ad
433 2135 501 2153 eum
522 2126 698 2162 capiendum
720 2128 748 2152 et
769 2124 983 2158 occidendum,

215 2174 333 2201 obviam
340 2172 490 2209 prooessit,
500 2175 529 2200 ut
540 2173 602 2199 hic:
615 2172 689 2199 dans
700 2171 869 2206 exemplum
878 2170 985 2204 electis,

215 2219 422 2247 contemnendi
441 2219 476 2254 (a)
492 2218 595 2246 mundi
611 2217 796 2245 excellentias
821 2219 849 2244 et
868 2224 984 2252 prospe-

215 2266 323 2300 ritates,
335 2267 361 2292 et
370 2265 531 2292 sustinendi
544 2264 744 2292 tribulationes
753 2262 984 2290 etadversitates

217 2312 296 2339 Unde
316 2314 343 2338 ct
360 2312 450 2339 saneti
470 2311 536 2347 plus
550 2311 711 2338 l'oruiidant
728 2310 758 2336 in
778 2309 890 2336 mundo
906 2317 988 2344 pros-

216 2366 302 2393 pera,
317 2366 407 2394 quam
423 2358 562 2391 adversa,
578 2359 609 2384 ut
624 2357 663 2384 ait
685 2356 839 2391 Gregorius
856 2357 886 2382 ¹¹.
903 2356 988 2382 Iudas

250 2465 255 2480 ¹
276 2466 348 2494 Suu,
364 2470 405 2494 xv,
424 2466 459 2488 16.
476 2477 504 2481 —
521 2465 529 2480 Ξ
550 2464 604 2487 Vid.
623 2463 726 2491 Collat„
744 2468 832 2486 Lxx1x.
849 2475 878 2478 —
895 2461 987 2484 ³1'sal.

219 2505 270 2529 Lvi,
286 2501 310 2523 5.
326 2512 351 2516 -
371 2500 378 2513 ⁴
394 2500 476 2529 Alme„
494 2506 529 2529 ix,
546 2501 567 2523 9.
583 2512 612 2517 —
628 2504 636 2513 ³
651 2499 733 2529 Alme„
750 2503 786 2527 ix,
806 2498 840 2520 Π.
857 2509 884 2513 --
904 2496 913 2512 ὅ
930 2496 987 2527 tuf„

221 2537 258 2558 10.
271 2547 300 2553 --
315 2535 322 2549 7
338 2534 478 2565 Clirysost„
493 2535 535 2557 ubi
546 2542 602 2564 sup.
614 2547 643 2551 —
659 2534 668 2549 ⁸
681 2534 752 2563 Sup„
771 2539 787 2562 t,
801 2534 839 2556 [fiti-
851 2545 882 2549 —
893 2533 902 2546 ⁹
915 2534 988 2562 ἕως»,

221 2576 278 2600 vni,
295 2571 332 2593 58.
344 2583 373 2587 —
390 2570 407 2586 '⁰
422 2572 493 2600 ειη»,
511 2571 595 2598 v1,15.
611 2584 635 2586 —
654 2570 668 2585 '¹
683 2570 768 2599 Greg„
785 2567 986 2596 Mor-al.,1it›>v‚

221 2613 242 2629 c.
264 2611 286 2634 1,
307 2607 363 2635 post
382 2605 449 2628 med.
471 2617 500 2622 —-
521 2606 539 2620 ¹²
558 2607 673 2635 August„
695 2606 767 2627 tract.
788 2609 855 2632 exn,
873 2609 899 2625 n.
917 2604 939 2625 3.
958 2615 987 2620 -

222 2641 241 2657 ¹³
255 2640 395 2671 Chrysus-t„
412 2641 452 2663 ubi
465 2648 519 2670 sup.
538 2654 562 2657 -—
580 2641 596 2657 ¹¹
615 2641 675 2663 ibid.
688 2653 715 2656 —
733 2639 751 2655 ¹5
765 2640 837 2668 sup„
851 2644 908 2667 xm,
922 2641 945 2661 1.
960 2652 985 2654 —

1032 277 1120 301 autem
1134 274 1239 309 stabat,
1257 285 1271 300 «
1287 277 1319 302 ut
1332 275 1417 311 signo
1433 276 1525 303 osculi
1540 284 1605 303 eum
1620 277 1771 312 proderet,
1785 288 1798 302 n

1032 320 1072 348 ait
1088 320 1198 348 Glossa.

1069 370 1093 394 ὅ.
1114 367 1146 393 Γί
1159 375 1218 400 erqo
1235 367 1327 394 dixu:
1344 369 1398 402 Ego
1413 376 1488 400 sum3
1506 369 1630 395 abierunt
1642 372 1804 404 retrorsum,

1033 417 1055 439 et
1074 414 1236 440 ceciderunt.
1254 415 1285 440 Et
1305 414 1334 440 in
1356 414 1412 441 hoe
1427 415 1592 442 virtuositas
1612 415 1705 442 verbi.
1722 415 1802 444 Unde

1034 460 1208 494 Augustinus
1229 460 1268 486 ¹²:
1288 470 1301 484 α
1318 462 1370 494 Ego
1389 453 1462 494 sum,
1479 461 1563 494 dicit,
1585 463 1612 488 et
1626 461 1734 496 impios
1753 461 1804 489 de-

1030 505 1108 538 jecit.
1134 505 1207 538 Quid
1231 505 1415 540 judicaturus
1435 506 1534 540 faciet,
1557 507 1607 542 qui
1625 507 1805 542 judicandus

1033 551 1088 578 hoc
1110 551 1200 578 fecit?
1215 552 1290 584 Quid
1310 554 1481 586 regnaturus
1502 553 1623 587 poterit,
1644 554 1696 589 qui
1716 553 1806 581 mori-

1033 599 1115 624 turus
1130 597 1185 624 hoc
1199 597 1314 632 potuit?
1326 599 1379 625 »Et
1396 598 1434 625 ibi
1450 598 1524 626 bene
1540 599 1576 626 de
1590 600 1656 627 hoc.
1671 601 1702 627 Et
1714 600 1804 636 Chry-

1032 646 1178 670 sostomus
1195 644 1214 660 ¹³
1225 653 1230 670 :
1243 644 1286 669 «0
1302 643 1497 671 dementiam!
1515 645 1639 672 verbum
1654 646 1716 680 ejus
1730 646 1808 674 misit

1034 697 1084 716 eos
1105 690 1276 724 resupinos,
1300 698 1352 717 nec
1372 690 1411 717 ita
1437 691 1569 718 conversi
1592 693 1673 724 sunt,
1697 694 1806 720 tantam

1034 735 1177 762 discentes
1202 735 1348 763 virtutem.
1375 747 1386 761 n
1410 736 1489 763 Unde
1512 737 1614 772 quaerit
1634 737 1807 773 Chrysosto-

1033 789 1107 813 inus,
1121 789 1212 816 quare
1228 784 1371 809 venerunt
1385 790 1452 809 cum
1468 783 1575 810 armis?
1590 784 1621 810 Et
1637 783 1806 819 respondet,

1033 828 1115 862 quod
1144 837 1156 851 «
1179 827 1250 863 quia
1278 828 1496 862 formidabant;
1529 829 1701 865 intempesta
1728 829 1806 856 enim

1033 876 1118 900 nocte
1130 873 1300 901 institerunt.
1318 886 1329 899 n
1348 874 1418 901 Item
1437 874 1554 910 quaerit,
1571 883 1637 902 cum
1654 875 1807 911 lampades

1033 919 1196 953 habebant,
1213 920 1338 955 qualiter
1359 928 1426 947 eum
1447 928 1506 948 non
1529 921 1684 948 viderunt?
1700 923 1732 948 Et
1747 929 1807 948 res-

1033 966 1159 1000 pondet,
1176 966 1258 1001 quod
1277 977 1289 992 α
1302 967 1393 994 virtus
1408 967 1646 1002 inexpugnabilis
1663 967 1693 994 in
1708 967 1807 995 medio

1033 1011 1157 1038 existens
1180 1013 1334 1040 cxcaecavit
1355 1021 1414 1040 cos.
1440 1024 1451 1038 n
1470 1015 1539 1040 Item
1559 1014 1661 1048 quaerit
1681 1013 1808 1049 qualiter

1032 1058 1121 1085 iudas
1133 1066 1191 1085 non
1200 1059 1348 1094 cognovit,
1362 1059 1408 1086 vel
1419 1059 1565 1094 ignoravit
1574 1068 1676 1087 vocem
1685 1060 1806 1087 Christi?

1034 1105 1065 1130 Et
1083 1105 1122 1131 ad
1137 1105 1192 1131 hoc
1208 1105 1383 1140 respondet,
1400 1105 1482 1140 quod
1500 1115 1513 1130 «
1528 1105 1602 1132 nihil
1616 1105 1682 1140 plus
1697 1106 1807 1133 sciebat

1032 1150 1121 1177 Judas
1137 1151 1207 1178 illis:
1220 1151 1271 1178 sed
1284 1151 1438 1186 resupinus
1453 1151 1556 1178 cecidit
1568 1159 1636 1178 cum
1647 1151 1698 1179 eis.
1709 1153 1739 1179 Et
1749 1152 1805 1179 hoc

1034 1196 1099 1224 fecit
1117 1199 1211 1231 Jesns,
1232 1198 1404 1232 ostendens,
1429 1198 1510 1233 quod
1531 1206 1592 1225 non
1612 1198 1805 1234 comprehen-

1034 1244 1119 1276 dere,
1143 1252 1237 1279 neque
1259 1244 1359 1271 videre
1379 1244 1408 1270 in
1430 1244 1528 1271 medio
1551 1245 1720 1272 existentem
1735 1253 1806 1281 pos-

1034 1292 1113 1324 sent,
1129 1290 1183 1316 nisi
1200 1290 1260 1325 ipse
1277 1290 1460 1317 concederet.
1477 1300 1490 1315 »
1506 1292 1570 1318 Haec
1585 1290 1644 1318 ille.

1070 1339 1094 1362 7.
1112 1337 1142 1363 Et
1157 1337 1227 1371 quia
1246 1336 1346 1363 omnia
1363 1337 1577 1372 compleverat,
1592 1337 1698 1364 iteruin
1721 1337 1808 1365 inter—

1035 1383 1164 1418 rogavit:
1183 1384 1262 1416 Quem
1278 1386 1401 1418 quaerc'tt's
1413 1386 1426 1409 ἱ)
1440 1384 1518 1411 Sicut
1530 1384 1619 1419 prius.
1638 1385 1669 1410 Et
1682 1383 1724 1411 illi
1741 1384 1807 1412 obs-

1035 1429 1112 1456 tinati
1122 1450 1128 1462 ,
1143 1437 1195 1455 nec
1209 1429 1356 1461 conversi3
1373 1429 1424 1456 sed
1439 1430 1468 1456 in
1483 1430 1593 1457 malitia
1605 1430 1806 1465 persistentes:

1038 1477 1187 1502 ntaearmu:
1212 1476 1299 1502 lesum
1316 1477 1496 1503 Nazarenum.
1513 1478 1544 1503 Et
1566 1476 1636 1512 quia
1654 1484 1808 1512 permane-

1035 1522 1105 1549 bant
1120 1523 1148 1549 in
1163 1522 1288 1556 malitia,
1302 1525 1329 1549 ct
1348 1523 1459 1550 nullam
1479 1523 1628 1550 habebant
1642 1524 1807 1550 excusatio-

1034 1576 1117 1602 nem,
1140 1568 1179 1595 ait
1203 1569 1426 1604 Chrysostomus
1443 1569 1472 1603 ¹4,
1493 1569 1622 1604 seipsum
1641 1569 1761 1596 tradidit
1778 1569 1808 1596 in

1036 1622 1141 1642 manus
1153 1623 1268 1642 ssOl'Uln.

1071 1662 1096 1687 8.
1116 1663 1180 1687 nfaez·
1193 1662 1267 1688 vobis
1278 1683 1286 1695 ‚
1301 1664 1366 1695 quia
1381 1669 1426 1695 eqo
1441 1669 1516 1695 sum,
1537 1661 1646 1689 scilicet
1659 1661 1809 1690 voluntate

1036 1709 1154 1742 paratus
1174 1707 1213 1734 ad
1238 1707 1428 1743 patiendum:
1445 1708 1497 1734 Sed
1512 1710 1537 1734 εί
1552 1708 1586 1743 (ὁ)
1610 1716 1651 1735 me
1670 1710 1810 1742 quaeritis,

1036 1754 1145 1780 scilicet
1159 1754 1368 1788 occidendum,
1384 1756 1466 1781 sinite
1479 1755 1524 1781 hos
1537 1755 1620 1788 abire,
1636 1754 1709 1781 nihil
1723 1754 1810 1782 vobis

1037 1800 1072 1827 sit
1094 1800 1131 1826 ad
1155 1808 1204 1827 eos
1228 1808 1396 1827 commune.
1422 1810 1435 1825 «
1454 1801 1525 1827 Ecce
1547 1801 1626 1827 enim
1646 1808 1693 1828 me
1713 1800 1809 1836 ipsum

1036 1847 1132 1880 trado,
1147 1858 1158 1872 »
1177 1847 1216 1874 ait
1227 1847 1451 1882 Chrysostonius
1467 1848 1497 1874 ¹¹.
1509 1848 1541 1874 Et
1553 1847 1583 1874 in
1600 1847 1657 1874 hoc
1671 1849 1751 1883 patet
1766 1847 1810 1874 di-

1037 1893 1122 1920 lectio
1134 1893 1211 1921 circa
1223 1894 1397 1929 diseipulos3
1413 1902 1501 1929 supra
1513 1894 1566 1921 ¹⁵2«
1575 1894 1648 1921 Cum
1663 1893 1812 1922 dilexisset

1038 1948 1117 1974 suos,
1134 1940 1163 1967 in
1177 1940 1266 1967 finem
1279 1940 1384 1967 dilexit
1399 1948 1459 1968 eos.
1476 1950 1489 1965 »

1074 1989 1099 2013 9.
1121 1988 1153 2012 Ue
1167 1987 1335 2021 impleretur,
1350 1995 1434 2014 sermo
1451 1995 1526 2022 quem
1544 1987 1632 2019 dt'oet'c,
1649 1989 1702 2014 etc.
1720 1989 1809 2014 Tene-

1041 2035 1084 2059 tur
1100 2033 1130 2068 (c)
1147 2033 1193 2059 hic
1209 2033 1362 2060 causaliter
1376 2033 1436 2060 haec
1453 2033 1552 2067 dictio,
1570 2034 1601 2060 Ut
1612 2041 1622 2060 :
1636 2035 1718 2060 notat
1731 2033 1810 2060 enim

1040 2078 1174 2106 effectum
1195 2079 1277 2106 verbi
1298 2079 1510 2115 praecedentis:
1538 2081 1575 2113 Ut,
1588 2080 1754 2114 impleretur,
1769 2079 1812 2106 in-

1041 2133 1141 2160 quam,
1157 2133 1240 2152 sermo
1256 2134 1331 2159 quem
1352 2126 1441 2159 dimit,
1457 2133 1546 2160 supra
1567 2126 1584 2142 '⁴⁵
1608 2134 1614 2152 :
1637 2126 1696 2153 Non
1717 2126 1811 2160 perdi-

1040 2172 1084 2204 ιὶί,
1100 2173 1152 2198 etc.
1177 2172 1283 2204 Quoertt
1304 2172 1480 2206 Augustinus
1498 2172 1517 2188 ¹⁷
1534 2181 1540 2199 :
1561 2171 1613 2199 «Si
1632 2174 1702 2199 tunc
1717 2173 1812 2199 essent

1042 2217 1173 2245 morituri
1186 2240 1191 2250 ,
1209 2218 1354 2252 numquid
1369 2218 1505 2253 perderet
1519 2219 1590 2245 eos?
1606 2228 1618 2243 u
1642 2219 1674 2245 Et
1687 2226 1810 2254 respon-

1042 2263 1106 2297 det,
1130 2263 1211 2299 quod
1237 2263 1400 2290 «nondum
1422 2264 1451 2290 in
1477 2272 1543 2291 eum
1568 2264 1608 2291 sic
1633 2264 1810 2299 eredebant,

1043 2310 1196 2345 quomodo
1220 2310 1342 2337 credunt
1365 2310 1545 2346 quicumque
1566 2318 1626 2338 non
1645 2313 1777 2346 pereunt.
1795 2321 1809 2336 ι)

1042 2357 1092 2383 Vel
1101 2357 1263 2384 secundum
1272 2356 1511 2392 chrysostomum
1525 2358 1543 2374 ¹⁸
1555 2357 1751 2392 perditionem
1763 2355 1810 2383 hic

1042 2403 1095 2436 ait,
1110 2411 1170 2430 non
1191 2404 1267 2431 hanc
1283 2411 1348 2438 quae
1369 2403 1470 2430 mortis
1485 2405 1543 2437 est,
1562 2403 1614 2430 sed
1633 2402 1715 2430 illam
1731 2404 1810 2429 aeter-

1042 2456 1121 2476 nain.
1137 2450 1206 2477 ltein
1223 2450 1326 2485 quaerit
1335 2449 1558 2484 Chrysostomns
1570 2449 1602 2483 ¹⁹,
1614 2448 1738 2483 qualiter
1749 2455 1810 2475 non

1043 2525 1063 2540 ¹⁶
1081 2526 1133 2555 sup
1147 2543 1154 2555 ,
1174 2531 1242 2555 xvii,
1265 2527 1300 2549 11³..
1323 2538 1347 2542 —
1371 2526 1388 2540 ¹⁷
1412 2526 1525 2555 August„
1544 2523 1586 2547 ubi
1605 2530 1672 2554 sup„
1691 2530 1717 2547 n.
1739 2525 1762 2548 4.
1781 2537 1811 2542 —

1044 2560 1063 2576 ¹⁸
1077 2560 1219 2591 Chrysost„
1233 2561 1276 2584 ubi
1291 2568 1346 2591 sup.
1361 2573 1391 2578 -—
1410 2561 1428 2576 ¹³
1447 2560 1508 2584 thid.

1075 2604 1109 2634 (ai
1127 2607 1185 2628 Cret.
1204 2604 1263 2628 ethi.
1283 2607 1455 2628 contemnere.
1472 2616 1496 2620 —-
1517 2602 1548 2632 (b)
1564 2603 1639 2631 Vulg.
1655 2604 1684 2626 Si
1697 2611 1765 2634 erqo.
1780 2616 1810 2621 -

1045 2639 1075 2669 (c)
1092 2641 1150 2663 Cat.
1166 2640 1226 2663 edit.
1245 2642 1268 2663 et
1284 2642 1422 2664 teneretur.
