<?xml version="1.0" encoding="UTF-8"?>
<!DOCTYPE html PUBLIC "-//W3C//DTD XHTML 1.0 Transitional//EN"
    "http://www.w3.org/TR/xhtml1/DTD/xhtml1-transitional.dtd">
<html xmlns="http://www.w3.org/1999/xhtml" xml:lang="en" lang="en">
 <head>
  <title>
</title>
<meta http-equiv="Content-Type" content="text/html;charset=utf-8" />
  <meta name='ocr-system' content='tesseract 3.04.00' />
  <meta name='ocr-capabilities' content='ocr_page ocr_carea ocr_par ocr_line ocrx_word'/>
</head>
<body>
  <div class='ocr_page' id='page_1' title='image "./operaomniasixtiv11bonauoft/operaomniasixtiv11bonauoft_0276.png"; bbox 0 0 1987 3032; ppageno 0'>
   <div class='ocr_carea' id='block_1_1' title="bbox 187 213 1258 249">
    <p class='ocr_par' dir='ltr' id='par_1_1' title="bbox 187 213 1258 249">
     <span class='ocr_line' id='line_1_1' title="bbox 187 213 1258 249; baseline -0.002 -1"><span class='ocrx_word' id='word_1_1' title='bbox 187 220 246 249; x_wconf 71' lang='grc'>260</span> <span class='ocrx_word' id='word_1_2' title='bbox 705 214 914 247; x_wconf 79' lang='lat' dir='ltr'><strong>EVANGELH</strong></span> <span class='ocrx_word' id='word_1_3' title='bbox 937 213 1074 245; x_wconf 81' lang='lat' dir='ltr'>SANCTI</span> <span class='ocrx_word' id='word_1_4' title='bbox 1097 214 1165 245; x_wconf 81' lang='grc' dir='ltr'>,1οΑ</span> <span class='ocrx_word' id='word_1_5' title='bbox 1171 213 1258 246; x_wconf 80' lang='grc' dir='ltr'>ΝΝ18</span> 
     </span>
    </p>
   </div>
   <div class='ocr_carea' id='block_1_2' title="bbox 61 282 967 2606">
    <p class='ocr_par' dir='ltr' id='par_1_2' title="bbox 104 282 956 412">
     <span class='ocr_line' id='line_1_2' title="bbox 185 282 956 319; baseline -0.004 -8"><span class='ocrx_word' id='word_1_6' title='bbox 185 285 246 318; x_wconf 86' lang='lat' dir='ltr'>est,</span> <span class='ocrx_word' id='word_1_7' title='bbox 264 283 331 312; x_wconf 78' lang='lat' dir='ltr'>ficet</span> <span class='ocrx_word' id='word_1_8' title='bbox 345 283 435 312; x_wconf 84' lang='lat' dir='ltr'>altero</span> <span class='ocrx_word' id='word_1_9' title='bbox 451 284 602 312; x_wconf 81' lang='lat' dir='ltr'>frustretur</span> <span class='ocrx_word' id='word_1_10' title='bbox 615 284 736 319; x_wconf 86' lang='lat' dir='ltr'>propter</span> <span class='ocrx_word' id='word_1_11' title='bbox 755 282 870 317; x_wconf 85' lang='lat' dir='ltr'>aliquas</span> <span class='ocrx_word' id='word_1_12' title='bbox 885 289 956 309; x_wconf 84' lang='lat' dir='ltr'>cau·</span> 
     </span>
     <span class='ocr_line' id='line_1_3' title="bbox 184 331 454 366; baseline 0.007 -10"><span class='ocrx_word' id='word_1_13' title='bbox 184 337 230 358; x_wconf 83' lang='lat' dir='ltr'>sas</span> <span class='ocrx_word' id='word_1_14' title='bbox 245 331 454 366; x_wconf 81' lang='lat' dir='ltr'>contingentes.</span> 
     </span>
     <span class='ocr_line' id='line_1_4' title="bbox 104 375 955 412; baseline -0.005 -7"><span class='ocrx_word' id='word_1_15' title='bbox 104 379 171 399; x_wconf 76' lang='lat' dir='ltr'>Parti·</span> <span class='ocrx_word' id='word_1_16' title='bbox 219 378 252 404; x_wconf 88' lang='lat' dir='ltr'>Et</span> <span class='ocrx_word' id='word_1_17' title='bbox 265 377 394 412; x_wconf 89' lang='lat' dir='ltr'>sequitur</span> <span class='ocrx_word' id='word_1_18' title='bbox 410 377 553 412; x_wconf 85' lang='lat' dir='ltr'>particula</span> <span class='ocrx_word' id='word_1_19' title='bbox 577 376 659 403; x_wconf 82' lang='lat' dir='ltr'>tertia</span> <span class='ocrx_word' id='word_1_20' title='bbox 671 397 678 409; x_wconf 94' lang='lat'>,</span> <span class='ocrx_word' id='word_1_21' title='bbox 700 376 728 403; x_wconf 91' lang='lat' dir='ltr'>in</span> <span class='ocrx_word' id='word_1_22' title='bbox 744 383 803 411; x_wconf 87' lang='lat' dir='ltr'>qua</span> <span class='ocrx_word' id='word_1_23' title='bbox 818 375 955 402; x_wconf 82' lang='lat' dir='ltr'>differen-</span> 
     </span>
    </p>

    <p class='ocr_par' dir='ltr' id='par_1_3' title="bbox 65 410 730 432">
     <span class='ocr_line' id='line_1_5' title="bbox 65 410 730 432; baseline -0.006 -2"><span class='ocrx_word' id='word_1_24' title='bbox 65 410 114 430; x_wconf 75' lang='lat' dir='ltr'>cnla</span> <span class='ocrx_word' id='word_1_25' title='bbox 129 412 169 430; x_wconf 85' lang='lat' dir='ltr'>ter·</span> <span class='ocrx_word' id='word_1_26' title='bbox 197 423 201 428; x_wconf 94' lang='lat'>.</span> <span class='ocrx_word' id='word_1_27' title='bbox 245 423 249 428; x_wconf 95' lang='lat'>.</span> <span class='ocrx_word' id='word_1_28' title='bbox 291 424 295 428; x_wconf 94' lang='lat'>.</span> <span class='ocrx_word' id='word_1_29' title='bbox 431 425 436 432; x_wconf 70' lang='grc'>,</span> <span class='ocrx_word' id='word_1_30' title='bbox 477 423 481 427; x_wconf 94' lang='grc'><em>.</em></span> <span class='ocrx_word' id='word_1_31' title='bbox 644 423 648 427; x_wconf 94' lang='grc'>.</span> <span class='ocrx_word' id='word_1_32' title='bbox 726 422 730 426; x_wconf 98' lang='grc'>.</span> 
     </span>
    </p>

    <p class='ocr_par' dir='ltr' id='par_1_4' title="bbox 65 421 955 463">
     <span class='ocr_line' id='line_1_6' title="bbox 65 421 955 463; baseline -0.006 -12"><span class='ocrx_word' id='word_1_33' title='bbox 65 443 103 463; x_wconf 47' lang='grc' dir='ltr'>ω.</span> <span class='ocrx_word' id='word_1_34' title='bbox 184 425 229 451; x_wconf 76' lang='lat' dir='ltr'>tiae</span> <span class='ocrx_word' id='word_1_35' title='bbox 243 431 334 458; x_wconf 83' lang='lat' dir='ltr'>ipsms</span> <span class='ocrx_word' id='word_1_36' title='bbox 357 423 397 450; x_wconf 90' lang='lat' dir='ltr'>ad</span> <span class='ocrx_word' id='word_1_37' title='bbox 418 424 563 450; x_wconf 69' lang='lat' dir='ltr'>Lhristum</span> <span class='ocrx_word' id='word_1_38' title='bbox 584 423 763 457; x_wconf 73' lang='lat' dir='ltr'>subjunctio.</span> <span class='ocrx_word' id='word_1_39' title='bbox 789 422 826 456; x_wconf 91' lang='lat' dir='ltr'>(v.</span> <span class='ocrx_word' id='word_1_40' title='bbox 848 421 874 455; x_wconf 82' lang='lat'>8)</span> <span class='ocrx_word' id='word_1_41' title='bbox 896 421 955 447; x_wconf 79' lang='lat' dir='ltr'>Non</span> 
     </span>
    </p>

    <p class='ocr_par' dir='ltr' id='par_1_5' title="bbox 64 466 955 504">
     <span class='ocr_line' id='line_1_7' title="bbox 64 466 955 504; baseline -0.002 -10"><span class='ocrx_word' id='word_1_42' title='bbox 64 474 168 501; x_wconf 67' lang='lat' dir='ltr'>Quaestio,</span> <span class='ocrx_word' id='word_1_43' title='bbox 184 472 240 496; x_wconf 82' lang='lat' dir='ltr'>erat</span> <span class='ocrx_word' id='word_1_44' title='bbox 248 470 294 496; x_wconf 80' lang='lat' dir='ltr'>ille</span> <span class='ocrx_word' id='word_1_45' title='bbox 306 471 362 503; x_wconf 71' lang='lat' dir='ltr'>lum,</span> <span class='ocrx_word' id='word_1_46' title='bbox 375 471 426 496; x_wconf 88' lang='lat' dir='ltr'>etc.</span> <span class='ocrx_word' id='word_1_47' title='bbox 439 469 493 496; x_wconf 87' lang='lat' dir='ltr'>Sed</span> <span class='ocrx_word' id='word_1_48' title='bbox 507 469 645 504; x_wconf 75' lang='lat' dir='ltr'>quaeritur</span> <span class='ocrx_word' id='word_1_49' title='bbox 653 468 779 504; x_wconf 79' lang='lat' dir='ltr'>qualiter</span> <span class='ocrx_word' id='word_1_50' title='bbox 790 468 857 500; x_wconf 90' lang='lat' dir='ltr'>hoc,</span> <span class='ocrx_word' id='word_1_51' title='bbox 868 466 938 502; x_wconf 86' lang='lat' dir='ltr'>quia</span> <span class='ocrx_word' id='word_1_52' title='bbox 947 467 955 481; x_wconf 85' lang='lat'>¹</span> 
     </span>
    </p>

    <p class='ocr_par' dir='ltr' id='par_1_6' title="bbox 63 507 956 1062">
     <span class='ocr_line' id='line_1_8' title="bbox 63 507 956 560; baseline -0.006 -16"><span class='ocrx_word' id='word_1_53' title='bbox 63 507 169 560; x_wconf 45' lang='grc' dir='ltr'>ζὲεᾶῗζξ</span> <span class='ocrx_word' id='word_1_54' title='bbox 182 515 257 543; x_wconf 87' lang='lat' dir='ltr'>inter</span> <span class='ocrx_word' id='word_1_55' title='bbox 291 518 374 543; x_wconf 89' lang='lat' dir='ltr'>natos</span> <span class='ocrx_word' id='word_1_56' title='bbox 410 515 567 542; x_wconf 80' lang='lat' dir='ltr'>mulierum</span> <span class='ocrx_word' id='word_1_57' title='bbox 606 523 667 542; x_wconf 91' lang='lat' dir='ltr'>non</span> <span class='ocrx_word' id='word_1_58' title='bbox 703 514 827 542; x_wconf 75' lang='lat' dir='ltr'>surrexit</span> <span class='ocrx_word' id='word_1_59' title='bbox 861 513 956 547; x_wconf 86' lang='lat' dir='ltr'>maj0r</span> 
     </span>
     <span class='ocr_line' id='line_1_9' title="bbox 181 558 955 596; baseline -0.008 -6"><span class='ocrx_word' id='word_1_60' title='bbox 181 563 311 596; x_wconf 82' lang='lat' dir='ltr'>Joanne3</span> <span class='ocrx_word' id='word_1_61' title='bbox 329 562 380 589; x_wconf 88' lang='lat' dir='ltr'>sed</span> <span class='ocrx_word' id='word_1_62' title='bbox 395 562 431 589; x_wconf 88' lang='lat' dir='ltr'>de</span> <span class='ocrx_word' id='word_1_63' title='bbox 447 561 599 596; x_wconf 78' lang='lat' dir='ltr'>discipulis</span> <span class='ocrx_word' id='word_1_64' title='bbox 619 561 744 588; x_wconf 74' lang='lat' dir='ltr'>dicitur²</span> <span class='ocrx_word' id='word_1_65' title='bbox 762 569 768 587; x_wconf 73' lang='grc' dir='ltr'>ι</span> <span class='ocrx_word' id='word_1_66' title='bbox 790 570 803 585; x_wconf 78' lang='grc' dir='ltr'>α</span> <span class='ocrx_word' id='word_1_67' title='bbox 818 561 874 587; x_wconf 83' lang='lat' dir='ltr'>Vos</span> <span class='ocrx_word' id='word_1_68' title='bbox 889 558 955 586; x_wconf 83' lang='lat' dir='ltr'>estis</span> 
     </span>
     <span class='ocr_line' id='line_1_10' title="bbox 181 605 953 643; baseline -0.008 -7"><span class='ocrx_word' id='word_1_69' title='bbox 181 608 232 636; x_wconf 84' lang='lat' dir='ltr'>lux</span> <span class='ocrx_word' id='word_1_70' title='bbox 248 608 352 636; x_wconf 91' lang='lat' dir='ltr'>mundi</span> <span class='ocrx_word' id='word_1_71' title='bbox 370 617 376 635; x_wconf 95' lang='lat'>:</span> <span class='ocrx_word' id='word_1_72' title='bbox 392 618 404 634; x_wconf 87' lang='lat'>»</span> <span class='ocrx_word' id='word_1_73' title='bbox 427 616 498 643; x_wconf 85' lang='lat' dir='ltr'>ergo</span> <span class='ocrx_word' id='word_1_74' title='bbox 522 607 615 635; x_wconf 90' lang='lat' dir='ltr'>multo</span> <span class='ocrx_word' id='word_1_75' title='bbox 635 607 728 641; x_wconf 80' lang='lat' dir='ltr'>magis</span> <span class='ocrx_word' id='word_1_76' title='bbox 747 608 873 634; x_wconf 81' lang='lat' dir='ltr'>Jeanncs</span> <span class='ocrx_word' id='word_1_77' title='bbox 892 605 953 632; x_wconf 78' lang='lat' dir='ltr'>lux.</span> 
     </span>
     <span class='ocr_line' id='line_1_11' title="bbox 181 650 955 689; baseline -0.006 -7"><span class='ocrx_word' id='word_1_78' title='bbox 181 654 225 682; x_wconf 81' lang='lat' dir='ltr'>Ad</span> <span class='ocrx_word' id='word_1_79' title='bbox 252 654 330 682; x_wconf 88' lang='lat' dir='ltr'>istud</span> <span class='ocrx_word' id='word_1_80' title='bbox 357 653 600 689; x_wconf 86' lang='lat' dir='ltr'>respondendum</span> <span class='ocrx_word' id='word_1_81' title='bbox 629 652 792 680; x_wconf 82' lang='lat' dir='ltr'>secundum</span> <span class='ocrx_word' id='word_1_82' title='bbox 819 650 955 685; x_wconf 77' lang='lat' dir='ltr'>Augusti-</span> 
     </span>
     <span class='ocr_line' id='line_1_12' title="bbox 181 698 956 728; baseline -0.006 1"><span class='ocrx_word' id='word_1_83' title='bbox 181 708 253 728; x_wconf 89' lang='lat' dir='ltr'>num</span> <span class='ocrx_word' id='word_1_84' title='bbox 264 702 274 718; x_wconf 83' lang='lat'>³</span> <span class='ocrx_word' id='word_1_85' title='bbox 289 710 295 728; x_wconf 92' lang='lat'><strong>:</strong></span> <span class='ocrx_word' id='word_1_86' title='bbox 316 702 463 728; x_wconf 82' lang='lat' dir='ltr'>«Joannes</span> <span class='ocrx_word' id='word_1_87' title='bbox 472 702 533 727; x_wconf 91' lang='lat' dir='ltr'>erat</span> <span class='ocrx_word' id='word_1_88' title='bbox 545 699 727 726; x_wconf 87' lang='lat' dir='ltr'>illuminatus</span> <span class='ocrx_word' id='word_1_89' title='bbox 743 700 770 725; x_wconf 88' lang='lat' dir='ltr'>et</span> <span class='ocrx_word' id='word_1_90' title='bbox 783 698 857 725; x_wconf 86' lang='lat' dir='ltr'>sicut</span> <span class='ocrx_word' id='word_1_91' title='bbox 869 705 956 724; x_wconf 88' lang='lat' dir='ltr'>mons</span> 
     </span>
     <span class='ocr_line' id='line_1_13' title="bbox 181 745 956 782; baseline -0.006 -7"><span class='ocrx_word' id='word_1_92' title='bbox 181 755 323 782; x_wconf 83' lang='lat' dir='ltr'>magnus,</span> <span class='ocrx_word' id='word_1_93' title='bbox 338 755 399 775; x_wconf 90' lang='lat' dir='ltr'>non</span> <span class='ocrx_word' id='word_1_94' title='bbox 414 749 513 774; x_wconf 87' lang='lat' dir='ltr'>tamen</span> <span class='ocrx_word' id='word_1_95' title='bbox 528 746 579 773; x_wconf 78' lang='lat' dir='ltr'>lux</span> <span class='ocrx_word' id='word_1_96' title='bbox 593 745 774 772; x_wconf 90' lang='lat' dir='ltr'>illuminans.</span> <span class='ocrx_word' id='word_1_97' title='bbox 791 746 854 772; x_wconf 80' lang='lat' dir='ltr'>Non</span> <span class='ocrx_word' id='word_1_98' title='bbox 868 745 956 777; x_wconf 84' lang='lat' dir='ltr'>negat</span> 
     </span>
     <span class='ocr_line' id='line_1_14' title="bbox 181 789 954 829; baseline -0.006 -8"><span class='ocrx_word' id='word_1_99' title='bbox 181 801 251 829; x_wconf 86' lang='lat' dir='ltr'>ergo</span> <span class='ocrx_word' id='word_1_100' title='bbox 271 794 318 821; x_wconf 85' lang='lat' dir='ltr'>hic</span> <span class='ocrx_word' id='word_1_101' title='bbox 334 794 477 821; x_wconf 86' lang='lat' dir='ltr'>Joannem</span> <span class='ocrx_word' id='word_1_102' title='bbox 499 800 560 820; x_wconf 90' lang='lat' dir='ltr'>esse</span> <span class='ocrx_word' id='word_1_103' title='bbox 575 792 689 826; x_wconf 78' lang='lat' dir='ltr'>lucem,</span> <span class='ocrx_word' id='word_1_104' title='bbox 710 791 819 819; x_wconf 87' lang='lat' dir='ltr'>scilicet</span> <span class='ocrx_word' id='word_1_105' title='bbox 837 789 954 826; x_wconf 78' lang='lat' dir='ltr'>partici-</span> 
     </span>
     <span class='ocr_line' id='line_1_15' title="bbox 179 837 954 876; baseline -0.008 -7"><span class='ocrx_word' id='word_1_106' title='bbox 179 841 313 876; x_wconf 87' lang='lat' dir='ltr'>patione;</span> <span class='ocrx_word' id='word_1_107' title='bbox 343 841 396 868; x_wconf 90' lang='lat' dir='ltr'>sed</span> <span class='ocrx_word' id='word_1_108' title='bbox 418 842 506 875; x_wconf 84' lang='lat' dir='ltr'>negat</span> <span class='ocrx_word' id='word_1_109' title='bbox 527 848 595 867; x_wconf 88' lang='lat' dir='ltr'>eum</span> <span class='ocrx_word' id='word_1_110' title='bbox 617 847 678 866; x_wconf 88' lang='lat' dir='ltr'>esse</span> <span class='ocrx_word' id='word_1_111' title='bbox 702 838 831 874; x_wconf 82' lang='lat' dir='ltr'>primam</span> <span class='ocrx_word' id='word_1_112' title='bbox 857 837 954 864; x_wconf 84' lang='lat' dir='ltr'>lucem</span> 
     </span>
     <span class='ocr_line' id='line_1_16' title="bbox 180 883 955 918; baseline -0.005 -4"><span class='ocrx_word' id='word_1_113' title='bbox 180 887 397 915; x_wconf 79' lang='lat' dir='ltr'>illuminantem</span> <span class='ocrx_word' id='word_1_114' title='bbox 422 894 541 914; x_wconf 85' lang='lat' dir='ltr'>omnem</span> <span class='ocrx_word' id='word_1_115' title='bbox 566 886 727 913; x_wconf 89' lang='lat' dir='ltr'>hominem.</span> <span class='ocrx_word' id='word_1_116' title='bbox 759 884 846 918; x_wconf 83' lang='lat' dir='ltr'>Quasi</span> <span class='ocrx_word' id='word_1_117' title='bbox 874 883 955 911; x_wconf 88' lang='lat' dir='ltr'>idem</span> 
     </span>
     <span class='ocr_line' id='line_1_17' title="bbox 180 930 955 969; baseline -0.006 -8"><span class='ocrx_word' id='word_1_118' title='bbox 180 934 404 969; x_wconf 84' lang='lat' dir='ltr'>Chrysostomus</span> <span class='ocrx_word' id='word_1_119' title='bbox 422 934 442 966; x_wconf 46' lang='grc' dir='ltr'>Β,</span> <span class='ocrx_word' id='word_1_120' title='bbox 463 932 620 960; x_wconf 82' lang='lat' dir='ltr'>ostendens</span> <span class='ocrx_word' id='word_1_121' title='bbox 643 932 721 958; x_wconf 89' lang='lat' dir='ltr'>enim</span> <span class='ocrx_word' id='word_1_122' title='bbox 741 930 955 966; x_wconf 83' lang='lat' dir='ltr'>inopinabilem</span> 
     </span>
     <span class='ocr_line' id='line_1_18' title="bbox 181 976 955 1014; baseline -0.008 -6"><span class='ocrx_word' id='word_1_123' title='bbox 181 981 371 1008; x_wconf 81' lang='lat' dir='ltr'>eminentiam</span> <span class='ocrx_word' id='word_1_124' title='bbox 387 980 460 1014; x_wconf 88' lang='lat' dir='ltr'>ejus,</span> <span class='ocrx_word' id='word_1_125' title='bbox 474 979 520 1006; x_wconf 88' lang='lat' dir='ltr'>cui</span> <span class='ocrx_word' id='word_1_126' title='bbox 536 978 671 1014; x_wconf 85' lang='lat' dir='ltr'>perhibet</span> <span class='ocrx_word' id='word_1_127' title='bbox 686 977 900 1010; x_wconf 87' lang='lat' dir='ltr'>testimonium,</span> <span class='ocrx_word' id='word_1_128' title='bbox 917 976 955 1003; x_wconf 87' lang='lat' dir='ltr'>ad</span> 
     </span>
     <span class='ocr_line' id='line_1_19' title="bbox 180 1022 955 1062; baseline -0.006 -8"><span class='ocrx_word' id='word_1_129' title='bbox 180 1027 278 1062; x_wconf 90' lang='lat' dir='ltr'>ipsum</span> <span class='ocrx_word' id='word_1_130' title='bbox 294 1026 344 1062; x_wconf 87' lang='lat' dir='ltr'>qui</span> <span class='ocrx_word' id='word_1_131' title='bbox 360 1028 489 1059; x_wconf 88' lang='lat' dir='ltr'>testatur,</span> <span class='ocrx_word' id='word_1_132' title='bbox 504 1025 543 1052; x_wconf 87' lang='lat' dir='ltr'>ait</span> <span class='ocrx_word' id='word_1_133' title='bbox 562 1034 569 1051; x_wconf 87' lang='grc'>;</span> <span class='ocrx_word' id='word_1_134' title='bbox 586 1025 644 1052; x_wconf 81' lang='lat' dir='ltr'>Non</span> <span class='ocrx_word' id='word_1_135' title='bbox 666 1027 722 1051; x_wconf 79' lang='lat' dir='ltr'>erat</span> <span class='ocrx_word' id='word_1_136' title='bbox 745 1025 790 1050; x_wconf 85' lang='lat' dir='ltr'>ille</span> <span class='ocrx_word' id='word_1_137' title='bbox 805 1024 863 1050; x_wconf 66' lang='grc' dir='ltr'>[ιη’.</span> <span class='ocrx_word' id='word_1_138' title='bbox 886 1022 955 1049; x_wconf 91' lang='lat' dir='ltr'>Ideo</span> 
     </span>
    </p>

    <p class='ocr_par' dir='ltr' id='par_1_7' title="bbox 70 1069 956 1103">
     <span class='ocr_line' id='line_1_20' title="bbox 70 1069 956 1103; baseline -0.009 0"><span class='ocrx_word' id='word_1_139' title='bbox 70 1083 167 1103; x_wconf 60' lang='lat' dir='ltr'>stannes</span> <span class='ocrx_word' id='word_1_140' title='bbox 180 1074 307 1101; x_wconf 75' lang='lat' dir='ltr'>loannes</span> <span class='ocrx_word' id='word_1_141' title='bbox 322 1072 427 1099; x_wconf 88' lang='lat' dir='ltr'>dicitur</span> <span class='ocrx_word' id='word_1_142' title='bbox 442 1073 550 1099; x_wconf 79' lang='lat' dir='ltr'>lucerna</span> <span class='ocrx_word' id='word_1_143' title='bbox 564 1071 574 1087; x_wconf 75' lang='lat'>⁵</span> <span class='ocrx_word' id='word_1_144' title='bbox 591 1079 598 1097; x_wconf 79' lang='lat' dir='ltr'><em>z</em></span> <span class='ocrx_word' id='word_1_145' title='bbox 616 1080 629 1095; x_wconf 85' lang='lat'>«</span> <span class='ocrx_word' id='word_1_146' title='bbox 644 1070 694 1098; x_wconf 91' lang='lat' dir='ltr'>Ille</span> <span class='ocrx_word' id='word_1_147' title='bbox 707 1072 768 1097; x_wconf 85' lang='lat' dir='ltr'>erat</span> <span class='ocrx_word' id='word_1_148' title='bbox 776 1069 897 1096; x_wconf 88' lang='lat' dir='ltr'>lucerna</span> <span class='ocrx_word' id='word_1_149' title='bbox 911 1076 956 1096; x_wconf 84' lang='lat' dir='ltr'>ar-</span> 
     </span>
    </p>

    <p class='ocr_par' dir='ltr' id='par_1_8' title="bbox 61 1114 441 1165">
     <span class='ocr_line' id='line_1_21' title="bbox 61 1114 441 1165; baseline -0.013 -17"><span class='ocrx_word' id='word_1_150' title='bbox 61 1114 153 1165; x_wconf 45' lang='grc' dir='ltr'>,ἓξὲξ</span> <span class='ocrx_word' id='word_1_151' title='bbox 183 1120 255 1147; x_wconf 92' lang='lat' dir='ltr'>dens</span> <span class='ocrx_word' id='word_1_152' title='bbox 267 1121 294 1146; x_wconf 81' lang='lat' dir='ltr'>et</span> <span class='ocrx_word' id='word_1_153' title='bbox 305 1119 416 1146; x_wconf 87' lang='lat' dir='ltr'>lucens.</span> <span class='ocrx_word' id='word_1_154' title='bbox 428 1128 441 1143; x_wconf 86' lang='lat'>»</span> 
     </span>
    </p>

    <p class='ocr_par' dir='ltr' id='par_1_9' title="bbox 62 1158 959 1661">
     <span class='ocr_line' id='line_1_22' title="bbox 62 1158 955 1198; baseline -0.007 -4"><span class='ocrx_word' id='word_1_155' title='bbox 62 1161 67 1165; x_wconf 77' lang='grc'>’</span> <span class='ocrx_word' id='word_1_156' title='bbox 153 1158 158 1164; x_wconf 76' lang='grc'>’</span> <span class='ocrx_word' id='word_1_157' title='bbox 217 1168 244 1193; x_wconf 86' lang='grc'>9.</span> <span class='ocrx_word' id='word_1_158' title='bbox 260 1166 329 1192; x_wconf 79' lang='lat' dir='ltr'>Erat</span> <span class='ocrx_word' id='word_1_159' title='bbox 344 1166 392 1191; x_wconf 71' lang='lat' dir='ltr'>lum</span> <span class='ocrx_word' id='word_1_160' title='bbox 405 1172 483 1198; x_wconf 84' lang='lat' dir='ltr'>vera,</span> <span class='ocrx_word' id='word_1_161' title='bbox 504 1165 558 1190; x_wconf 86' lang='lat' dir='ltr'>etc.</span> <span class='ocrx_word' id='word_1_162' title='bbox 581 1162 741 1190; x_wconf 83' lang='lat' dir='ltr'>Praehabita</span> <span class='ocrx_word' id='word_1_163' title='bbox 761 1161 955 1196; x_wconf 85' lang='lat' dir='ltr'>descriptione</span> 
     </span>
     <span class='ocr_line' id='line_1_23' title="bbox 181 1208 956 1245; baseline -0.009 -5"><span class='ocrx_word' id='word_1_164' title='bbox 181 1211 259 1240; x_wconf 86' lang='lat' dir='ltr'>beati</span> <span class='ocrx_word' id='word_1_165' title='bbox 284 1211 417 1244; x_wconf 75' lang='lat' dir='ltr'>=Ioannis,</span> <span class='ocrx_word' id='word_1_166' title='bbox 441 1209 493 1245; x_wconf 90' lang='lat' dir='ltr'>qui</span> <span class='ocrx_word' id='word_1_167' title='bbox 513 1209 567 1236; x_wconf 80' lang='lat' dir='ltr'>suit</span> <span class='ocrx_word' id='word_1_168' title='bbox 588 1216 647 1236; x_wconf 74' lang='lat' dir='ltr'>vox</span> <span class='ocrx_word' id='word_1_169' title='bbox 662 1208 764 1241; x_wconf 85' lang='lat' dir='ltr'>Verbi,</span> <span class='ocrx_word' id='word_1_170' title='bbox 787 1209 814 1234; x_wconf 90' lang='lat' dir='ltr'>et</span> <span class='ocrx_word' id='word_1_171' title='bbox 829 1215 956 1242; x_wconf 82' lang='lat' dir='ltr'>praecur-</span> 
     </span>
     <span class='ocr_line' id='line_1_24' title="bbox 182 1253 956 1290; baseline -0.008 -5"><span class='ocrx_word' id='word_1_172' title='bbox 182 1266 231 1285; x_wconf 91' lang='lat' dir='ltr'>sor</span> <span class='ocrx_word' id='word_1_173' title='bbox 245 1257 307 1285; x_wconf 86' lang='lat' dir='ltr'>Filii</span> <span class='ocrx_word' id='word_1_174' title='bbox 323 1257 387 1290; x_wconf 90' lang='lat' dir='ltr'>Dei,</span> <span class='ocrx_word' id='word_1_175' title='bbox 402 1256 449 1283; x_wconf 78' lang='lat' dir='ltr'>hie</span> <span class='ocrx_word' id='word_1_176' title='bbox 465 1255 675 1282; x_wconf 83' lang='lat' dir='ltr'>determinatur</span> <span class='ocrx_word' id='word_1_177' title='bbox 690 1254 726 1281; x_wconf 86' lang='lat' dir='ltr'>de</span> <span class='ocrx_word' id='word_1_178' title='bbox 739 1253 888 1288; x_wconf 81' lang='lat' dir='ltr'>dignativo</span> <span class='ocrx_word' id='word_1_179' title='bbox 904 1253 956 1280; x_wconf 85' lang='lat' dir='ltr'>ad-</span> 
     </span>
     <span class='ocr_line' id='line_1_25' title="bbox 182 1299 957 1338; baseline -0.008 -7"><span class='ocrx_word' id='word_1_180' title='bbox 182 1305 272 1331; x_wconf 89' lang='lat' dir='ltr'>ventu</span> <span class='ocrx_word' id='word_1_181' title='bbox 293 1303 383 1338; x_wconf 88' lang='lat' dir='ltr'>ipsius</span> <span class='ocrx_word' id='word_1_182' title='bbox 405 1302 466 1329; x_wconf 87' lang='lat' dir='ltr'>Filii</span> <span class='ocrx_word' id='word_1_183' title='bbox 493 1301 558 1335; x_wconf 86' lang='lat' dir='ltr'>Dei,</span> <span class='ocrx_word' id='word_1_184' title='bbox 587 1304 615 1328; x_wconf 87' lang='lat' dir='ltr'>et</span> <span class='ocrx_word' id='word_1_185' title='bbox 639 1301 730 1335; x_wconf 88' lang='lat' dir='ltr'>ipsius</span> <span class='ocrx_word' id='word_1_186' title='bbox 760 1299 957 1334; x_wconf 86' lang='lat' dir='ltr'>dispensativa</span> 
     </span>
     <span class='ocr_line' id='line_1_26' title="bbox 183 1345 958 1383; baseline -0.008 -6"><span class='ocrx_word' id='word_1_187' title='bbox 183 1349 400 1382; x_wconf 82' lang='lat' dir='ltr'>incarnatione,</span> <span class='ocrx_word' id='word_1_188' title='bbox 417 1351 444 1375; x_wconf 89' lang='lat' dir='ltr'>et</span> <span class='ocrx_word' id='word_1_189' title='bbox 459 1347 613 1383; x_wconf 80' lang='lat' dir='ltr'>operibus,</span> <span class='ocrx_word' id='word_1_190' title='bbox 632 1349 660 1373; x_wconf 89' lang='lat' dir='ltr'>et</span> <span class='ocrx_word' id='word_1_191' title='bbox 673 1345 857 1374; x_wconf 85' lang='lat' dir='ltr'>documentis</span> <span class='ocrx_word' id='word_1_192' title='bbox 868 1345 958 1380; x_wconf 89' lang='lat' dir='ltr'>ipsius</span> 
     </span>
     <span class='ocr_line' id='line_1_27' title="bbox 183 1391 957 1430; baseline -0.009 -6"><span class='ocrx_word' id='word_1_193' title='bbox 183 1396 340 1430; x_wconf 86' lang='lat' dir='ltr'>incarnati;</span> <span class='ocrx_word' id='word_1_194' title='bbox 362 1398 388 1422; x_wconf 89' lang='lat' dir='ltr'>et</span> <span class='ocrx_word' id='word_1_195' title='bbox 406 1395 466 1422; x_wconf 81' lang='lat' dir='ltr'>haec</span> <span class='ocrx_word' id='word_1_196' title='bbox 486 1395 516 1422; x_wconf 92' lang='lat' dir='ltr'>in</span> <span class='ocrx_word' id='word_1_197' title='bbox 535 1396 592 1421; x_wconf 86' lang='lat' dir='ltr'>tres</span> <span class='ocrx_word' id='word_1_198' title='bbox 610 1395 728 1428; x_wconf 89' lang='lat' dir='ltr'>partes:</span> <span class='ocrx_word' id='word_1_199' title='bbox 750 1393 779 1419; x_wconf 93' lang='lat' dir='ltr'>in</span> <span class='ocrx_word' id='word_1_200' title='bbox 794 1392 905 1427; x_wconf 85' lang='lat' dir='ltr'>prima,</span> <span class='ocrx_word' id='word_1_201' title='bbox 920 1391 957 1417; x_wconf 82' lang='lat' dir='ltr'>de</span> 
     </span>
     <span class='ocr_line' id='line_1_28' title="bbox 183 1436 957 1478; baseline -0.009 -8"><span class='ocrx_word' id='word_1_202' title='bbox 183 1442 248 1478; x_wconf 88' lang='lat' dir='ltr'>ipso</span> <span class='ocrx_word' id='word_1_203' title='bbox 277 1442 406 1470; x_wconf 87' lang='lat' dir='ltr'>adventu</span> <span class='ocrx_word' id='word_1_204' title='bbox 434 1444 461 1468; x_wconf 90' lang='lat' dir='ltr'>et</span> <span class='ocrx_word' id='word_1_205' title='bbox 488 1440 705 1473; x_wconf 82' lang='lat' dir='ltr'>incarnatione3</span> <span class='ocrx_word' id='word_1_206' title='bbox 744 1437 891 1471; x_wconf 88' lang='lat' dir='ltr'>secundo,</span> <span class='ocrx_word' id='word_1_207' title='bbox 921 1436 957 1464; x_wconf 90' lang='lat' dir='ltr'>de</span> 
     </span>
     <span class='ocr_line' id='line_1_29' title="bbox 183 1485 958 1520; baseline -0.009 -4"><span class='ocrx_word' id='word_1_208' title='bbox 183 1488 303 1516; x_wconf 74' lang='lat' dir='ltr'>loannis</span> <span class='ocrx_word' id='word_1_209' title='bbox 328 1487 545 1519; x_wconf 85' lang='lat' dir='ltr'>testificatione,</span> <span class='ocrx_word' id='word_1_210' title='bbox 573 1487 600 1513; x_wconf 88' lang='lat' dir='ltr'>et</span> <span class='ocrx_word' id='word_1_211' title='bbox 628 1485 841 1520; x_wconf 86' lang='lat' dir='ltr'>discipulorum</span> <span class='ocrx_word' id='word_1_212' title='bbox 868 1491 958 1510; x_wconf 81' lang='lat' dir='ltr'>voca-</span> 
     </span>
     <span class='ocr_line' id='line_1_30' title="bbox 185 1529 957 1568; baseline -0.01 -5"><span class='ocrx_word' id='word_1_213' title='bbox 185 1535 275 1568; x_wconf 81' lang='lat' dir='ltr'>tione,</span> <span class='ocrx_word' id='word_1_214' title='bbox 288 1534 369 1562; x_wconf 58' lang='lat' dir='ltr'>ibis:</span> <span class='ocrx_word' id='word_1_215' title='bbox 385 1535 498 1560; x_wconf 79' lang='lat' dir='ltr'>Joannes</span> <span class='ocrx_word' id='word_1_216' title='bbox 515 1533 706 1565; x_wconf 74' lang='lat' dir='ltr'>testimonium,</span> <span class='ocrx_word' id='word_1_217' title='bbox 723 1532 793 1564; x_wconf 83' lang='lat' dir='ltr'>ete.;</span> <span class='ocrx_word' id='word_1_218' title='bbox 810 1529 906 1563; x_wconf 81' lang='lat' dir='ltr'>tertio,</span> <span class='ocrx_word' id='word_1_219' title='bbox 921 1529 957 1556; x_wconf 87' lang='lat' dir='ltr'>de</span> 
     </span>
     <span class='ocr_line' id='line_1_31' title="bbox 186 1575 957 1617; baseline -0.01 -8"><span class='ocrx_word' id='word_1_220' title='bbox 186 1589 311 1617; x_wconf 89' lang='lat' dir='ltr'>operum</span> <span class='ocrx_word' id='word_1_221' title='bbox 324 1580 388 1607; x_wconf 88' lang='lat' dir='ltr'>Filii</span> <span class='ocrx_word' id='word_1_222' title='bbox 405 1579 452 1607; x_wconf 88' lang='lat' dir='ltr'>Dei</span> <span class='ocrx_word' id='word_1_223' title='bbox 473 1578 612 1606; x_wconf 79' lang='lat' dir='ltr'>incarnati</span> <span class='ocrx_word' id='word_1_224' title='bbox 637 1577 793 1610; x_wconf 85' lang='lat' dir='ltr'>varietate,</span> <span class='ocrx_word' id='word_1_225' title='bbox 814 1577 842 1603; x_wconf 89' lang='lat' dir='ltr'>et</span> <span class='ocrx_word' id='word_1_226' title='bbox 865 1575 957 1602; x_wconf 85' lang='lat' dir='ltr'>docu-</span> 
     </span>
     <span class='ocr_line' id='line_1_32' title="bbox 186 1622 959 1661; baseline -0.009 -6"><span class='ocrx_word' id='word_1_227' title='bbox 186 1629 354 1655; x_wconf 84' lang='lat' dir='ltr'>mentorum</span> <span class='ocrx_word' id='word_1_228' title='bbox 369 1625 597 1661; x_wconf 79' lang='lat' dir='ltr'>dispensatione,</span> <span class='ocrx_word' id='word_1_229' title='bbox 612 1624 653 1650; x_wconf 89' lang='lat' dir='ltr'>ibi</span> <span class='ocrx_word' id='word_1_230' title='bbox 666 1625 676 1640; x_wconf 78' lang='lat'><strong>⁷</strong></span> <span class='ocrx_word' id='word_1_231' title='bbox 694 1633 700 1650; x_wconf 90' lang='lat'>:</span> <span class='ocrx_word' id='word_1_232' title='bbox 718 1625 751 1650; x_wconf 87' lang='lat' dir='ltr'>Et</span> <span class='ocrx_word' id='word_1_233' title='bbox 768 1623 804 1656; x_wconf 81' lang='lat' dir='ltr'>(a)</span> <span class='ocrx_word' id='word_1_234' title='bbox 822 1622 866 1649; x_wconf 67' lang='lat' dir='ltr'>elie</span> <span class='ocrx_word' id='word_1_235' title='bbox 877 1623 959 1649; x_wconf 76' lang='lat' dir='ltr'>tertia</span> 
     </span>
    </p>

    <p class='ocr_par' dir='ltr' id='par_1_10' title="bbox 68 1668 962 1802">
     <span class='ocr_line' id='line_1_33' title="bbox 95 1668 959 1708; baseline -0.01 -5"><span class='ocrx_word' id='word_1_236' title='bbox 95 1684 173 1704; x_wconf 58' lang='lat' dir='ltr'>Prima</span> <span class='ocrx_word' id='word_1_237' title='bbox 186 1676 290 1708; x_wconf 79' lang='lat' dir='ltr'>nuptiae</span> <span class='ocrx_word' id='word_1_238' title='bbox 301 1675 383 1706; x_wconf 79' lang='lat' dir='ltr'>factae</span> <span class='ocrx_word' id='word_1_239' title='bbox 395 1674 471 1705; x_wconf 79' lang='lat' dir='ltr'>sunt,</span> <span class='ocrx_word' id='word_1_240' title='bbox 480 1674 531 1698; x_wconf 86' lang='lat' dir='ltr'>etc.</span> <span class='ocrx_word' id='word_1_241' title='bbox 544 1672 576 1698; x_wconf 91' lang='lat' dir='ltr'>ln</span> <span class='ocrx_word' id='word_1_242' title='bbox 586 1670 684 1706; x_wconf 86' lang='lat' dir='ltr'>prima</span> <span class='ocrx_word' id='word_1_243' title='bbox 694 1671 838 1704; x_wconf 88' lang='lat' dir='ltr'>quatuor:</span> <span class='ocrx_word' id='word_1_244' title='bbox 851 1668 959 1703; x_wconf 71' lang='lat' dir='ltr'>primo,</span> 
     </span>
     <span class='ocr_line' id='line_1_34' title="bbox 68 1714 961 1766; baseline -0.009 -18"><span class='ocrx_word' id='word_1_245' title='bbox 68 1714 174 1766; x_wconf 51' lang='grc' dir='ltr'><strong>ξζὲἳάἱζ</strong></span> <span class='ocrx_word' id='word_1_246' title='bbox 188 1719 348 1754; x_wconf 72' lang='lat' dir='ltr'>majestatis</span> <span class='ocrx_word' id='word_1_247' title='bbox 371 1718 434 1746; x_wconf 87' lang='lat' dir='ltr'>Filii</span> <span class='ocrx_word' id='word_1_248' title='bbox 457 1718 505 1745; x_wconf 62' lang='lat' dir='ltr'>{lei</span> <span class='ocrx_word' id='word_1_249' title='bbox 526 1717 581 1744; x_wconf 90' lang='lat' dir='ltr'>sub</span> <span class='ocrx_word' id='word_1_250' title='bbox 601 1716 720 1743; x_wconf 89' lang='lat' dir='ltr'>nomine</span> <span class='ocrx_word' id='word_1_251' title='bbox 739 1715 827 1748; x_wconf 84' lang='lat' dir='ltr'>lucis,</span> <span class='ocrx_word' id='word_1_252' title='bbox 851 1717 878 1741; x_wconf 88' lang='lat' dir='ltr'>et</span> <span class='ocrx_word' id='word_1_253' title='bbox 899 1714 961 1748; x_wconf 87' lang='lat' dir='ltr'>ejus</span> 
     </span>
     <span class='ocr_line' id='line_1_35' title="bbox 70 1760 962 1802; baseline -0.011 -6"><span class='ocrx_word' id='word_1_254' title='bbox 70 1778 170 1802; x_wconf 82' lang='lat' dir='ltr'>quatuor.</span> <span class='ocrx_word' id='word_1_255' title='bbox 189 1766 333 1794; x_wconf 87' lang='lat' dir='ltr'>adventus</span> <span class='ocrx_word' id='word_1_256' title='bbox 346 1765 376 1792; x_wconf 91' lang='lat' dir='ltr'>in</span> <span class='ocrx_word' id='word_1_257' title='bbox 391 1764 538 1792; x_wconf 86' lang='lat' dir='ltr'>mundum</span> <span class='ocrx_word' id='word_1_258' title='bbox 549 1761 711 1798; x_wconf 65' lang='lat' dir='ltr'>praemissio</span> <span class='ocrx_word' id='word_1_259' title='bbox 723 1771 731 1796; x_wconf 76' lang='lat'><em>3</em></span> <span class='ocrx_word' id='word_1_260' title='bbox 746 1760 892 1793; x_wconf 86' lang='lat' dir='ltr'>secundo,</span> <span class='ocrx_word' id='word_1_261' title='bbox 904 1760 962 1786; x_wconf 88' lang='lat' dir='ltr'>dis-</span> 
     </span>
    </p>

    <p class='ocr_par' dir='ltr' id='par_1_11' title="bbox 190 1806 961 1840">
     <span class='ocr_line' id='line_1_36' title="bbox 190 1806 961 1840; baseline -0.01 -1"><span class='ocrx_word' id='word_1_262' title='bbox 190 1811 372 1839; x_wconf 88' lang='lat' dir='ltr'>credentium</span> <span class='ocrx_word' id='word_1_263' title='bbox 380 1811 435 1838; x_wconf 89' lang='lat' dir='ltr'>sibi</span> <span class='ocrx_word' id='word_1_264' title='bbox 444 1808 611 1837; x_wconf 89' lang='lat' dir='ltr'>advenienti</span> <span class='ocrx_word' id='word_1_265' title='bbox 622 1807 787 1840; x_wconf 61' lang='lat' dir='ltr'>excaecatio,</span> <span class='ocrx_word' id='word_1_266' title='bbox 796 1806 838 1833; x_wconf 89' lang='lat' dir='ltr'>ibi</span> <span class='ocrx_word' id='word_1_267' title='bbox 847 1806 871 1832; x_wconf 70' lang='lat'>⁹:</span> <span class='ocrx_word' id='word_1_268' title='bbox 881 1807 961 1832; x_wconf 79' lang='lat' dir='ltr'>Mun-</span> 
     </span>
    </p>

    <p class='ocr_par' dir='ltr' id='par_1_12' title="bbox 191 1852 962 1891">
     <span class='ocr_line' id='line_1_37' title="bbox 191 1852 962 1891; baseline -0.009 -6"><span class='ocrx_word' id='word_1_269' title='bbox 191 1858 240 1885; x_wconf 85' lang='lat' dir='ltr'>dus</span> <span class='ocrx_word' id='word_1_270' title='bbox 246 1866 303 1885; x_wconf 84' lang='lat' dir='ltr'>eum</span> <span class='ocrx_word' id='word_1_271' title='bbox 313 1866 365 1884; x_wconf 79' lang='lat' dir='ltr'>non</span> <span class='ocrx_word' id='word_1_272' title='bbox 376 1858 509 1891; x_wconf 66' lang='lat' dir='ltr'>cognovit,</span> <span class='ocrx_word' id='word_1_273' title='bbox 517 1857 569 1883; x_wconf 84' lang='lat' dir='ltr'>etc.</span> <span class='ocrx_word' id='word_1_274' title='bbox 574 1865 582 1889; x_wconf 82' lang='lat'>3</span> <span class='ocrx_word' id='word_1_275' title='bbox 591 1854 687 1887; x_wconf 89' lang='lat' dir='ltr'>tertio,</span> <span class='ocrx_word' id='word_1_276' title='bbox 699 1853 828 1880; x_wconf 77' lang='lat' dir='ltr'>utilitatis</span> <span class='ocrx_word' id='word_1_277' title='bbox 838 1852 962 1879; x_wconf 86' lang='lat' dir='ltr'>creden-</span> 
     </span>
    </p>

    <p class='ocr_par' dir='ltr' id='par_1_13' title="bbox 191 1902 963 1938">
     <span class='ocr_line' id='line_1_38' title="bbox 191 1902 963 1938; baseline -0.008 -7"><span class='ocrx_word' id='word_1_278' title='bbox 191 1903 264 1931; x_wconf 89' lang='lat' dir='ltr'>tium</span> <span class='ocrx_word' id='word_1_279' title='bbox 285 1903 451 1938; x_wconf 84' lang='lat' dir='ltr'>subjunctio</span> <span class='ocrx_word' id='word_1_280' title='bbox 470 1903 480 1918; x_wconf 82' lang='lat'>⁹</span> <span class='ocrx_word' id='word_1_281' title='bbox 503 1911 509 1928; x_wconf 90' lang='lat'>:</span> <span class='ocrx_word' id='word_1_282' title='bbox 528 1902 661 1935; x_wconf 80' lang='lat' dir='ltr'>Quotquot</span> <span class='ocrx_word' id='word_1_283' title='bbox 690 1903 778 1926; x_wconf 77' lang='lat' dir='ltr'>autem</span> <span class='ocrx_word' id='word_1_284' title='bbox 807 1902 963 1934; x_wconf 71' lang='lat' dir='ltr'>receperunt</span> 
     </span>
    </p>

    <p class='ocr_par' dir='ltr' id='par_1_14' title="bbox 192 1945 963 2028">
     <span class='ocr_line' id='line_1_39' title="bbox 192 1945 963 1984; baseline -0.009 -7"><span class='ocrx_word' id='word_1_285' title='bbox 192 1958 268 1983; x_wconf 85' lang='lat' dir='ltr'>eum,</span> <span class='ocrx_word' id='word_1_286' title='bbox 284 1951 354 1983; x_wconf 83' lang='lat' dir='ltr'>ete.;</span> <span class='ocrx_word' id='word_1_287' title='bbox 371 1950 492 1984; x_wconf 85' lang='lat' dir='ltr'>quarto,</span> <span class='ocrx_word' id='word_1_288' title='bbox 508 1946 663 1981; x_wconf 79' lang='lat' dir='ltr'>dignativae</span> <span class='ocrx_word' id='word_1_289' title='bbox 675 1945 884 1972; x_wconf 84' lang='lat' dir='ltr'>incarnationis</span> <span class='ocrx_word' id='word_1_290' title='bbox 898 1952 963 1980; x_wconf 86' lang='lat' dir='ltr'>spe-</span> 
     </span>
     <span class='ocr_line' id='line_1_40' title="bbox 193 1993 886 2028; baseline -0.009 -5"><span class='ocrx_word' id='word_1_291' title='bbox 193 1995 335 2028; x_wconf 81' lang='lat' dir='ltr'>cificatio,</span> <span class='ocrx_word' id='word_1_292' title='bbox 350 1995 392 2022; x_wconf 88' lang='lat' dir='ltr'>ibi</span> <span class='ocrx_word' id='word_1_293' title='bbox 403 1996 424 2011; x_wconf 90' lang='lat'>¹⁰</span> <span class='ocrx_word' id='word_1_294' title='bbox 441 2003 447 2021; x_wconf 90' lang='lat'>:</span> <span class='ocrx_word' id='word_1_295' title='bbox 463 1995 497 2021; x_wconf 81' lang='lat' dir='ltr'>Et</span> <span class='ocrx_word' id='word_1_296' title='bbox 517 1993 631 2020; x_wconf 82' lang='lat' dir='ltr'>Verbum</span> <span class='ocrx_word' id='word_1_297' title='bbox 646 2000 707 2018; x_wconf 83' lang='lat' dir='ltr'>caro</span> <span class='ocrx_word' id='word_1_298' title='bbox 721 1994 823 2024; x_wconf 76' lang='lat' dir='ltr'>sactum</span> <span class='ocrx_word' id='word_1_299' title='bbox 838 1994 886 2018; x_wconf 84' lang='lat' dir='ltr'>est.</span> 
     </span>
    </p>

    <p class='ocr_par' dir='ltr' id='par_1_15' title="bbox 83 2037 966 2077">
     <span class='ocr_line' id='line_1_41' title="bbox 83 2037 966 2077; baseline -0.01 -4"><span class='ocrx_word' id='word_1_300' title='bbox 83 2048 180 2073; x_wconf 71' lang='lat' dir='ltr'>Quaestio</span> <span class='ocrx_word' id='word_1_301' title='bbox 229 2043 275 2071; x_wconf 80' lang='lat' dir='ltr'>Ait</span> <span class='ocrx_word' id='word_1_302' title='bbox 288 2050 358 2077; x_wconf 86' lang='lat' dir='ltr'>ergo</span> <span class='ocrx_word' id='word_1_303' title='bbox 370 2051 377 2070; x_wconf 76' lang='lat' dir='ltr'><strong><em>z</em></strong></span> <span class='ocrx_word' id='word_1_304' title='bbox 394 2043 459 2068; x_wconf 84' lang='lat' dir='ltr'>Erat</span> <span class='ocrx_word' id='word_1_305' title='bbox 476 2042 524 2067; x_wconf 72' lang='lat' dir='ltr'>lua:</span> <span class='ocrx_word' id='word_1_306' title='bbox 535 2048 607 2067; x_wconf 84' lang='lat' dir='ltr'>vera.</span> <span class='ocrx_word' id='word_1_307' title='bbox 620 2038 676 2066; x_wconf 89' lang='lat' dir='ltr'>Sed</span> <span class='ocrx_word' id='word_1_308' title='bbox 690 2038 828 2073; x_wconf 78' lang='lat' dir='ltr'>quaeritur</span> <span class='ocrx_word' id='word_1_309' title='bbox 840 2037 966 2073; x_wconf 84' lang='lat' dir='ltr'>qualiter</span> 
     </span>
    </p>

    <p class='ocr_par' dir='ltr' id='par_1_16' title="bbox 84 2079 965 2133">
     <span class='ocr_line' id='line_1_42' title="bbox 84 2079 965 2133; baseline -0.01 -14"><span class='ocrx_word' id='word_1_310' title='bbox 84 2079 172 2133; x_wconf 44' lang='lat' dir='ltr'>22¹¹?oe</span> <span class='ocrx_word' id='word_1_311' title='bbox 195 2089 236 2118; x_wconf 84' lang='lat' dir='ltr'>ait</span> <span class='ocrx_word' id='word_1_312' title='bbox 248 2089 321 2124; x_wconf 87' lang='lat' dir='ltr'>hoc,</span> <span class='ocrx_word' id='word_1_313' title='bbox 345 2088 416 2124; x_wconf 88' lang='lat' dir='ltr'>quia</span> <span class='ocrx_word' id='word_1_314' title='bbox 437 2087 533 2115; x_wconf 89' lang='lat' dir='ltr'>omnis</span> <span class='ocrx_word' id='word_1_315' title='bbox 556 2086 608 2113; x_wconf 76' lang='lat' dir='ltr'>lux</span> <span class='ocrx_word' id='word_1_316' title='bbox 631 2087 673 2112; x_wconf 87' lang='lat' dir='ltr'>est</span> <span class='ocrx_word' id='word_1_317' title='bbox 695 2084 747 2111; x_wconf 76' lang='lat' dir='ltr'>lux</span> <span class='ocrx_word' id='word_1_318' title='bbox 770 2092 839 2111; x_wconf 83' lang='lat' dir='ltr'>vera</span> <span class='ocrx_word' id='word_1_319' title='bbox 860 2084 891 2111; x_wconf 91' lang='lat' dir='ltr'>in</span> <span class='ocrx_word' id='word_1_320' title='bbox 911 2091 965 2111; x_wconf 91' lang='lat' dir='ltr'>suo</span> 
     </span>
    </p>

    <p class='ocr_par' dir='ltr' id='par_1_17' title="bbox 140 2127 966 2171">
     <span class='ocr_line' id='line_1_43' title="bbox 140 2127 966 2171; baseline -0.01 -7"><span class='ocrx_word' id='word_1_321' title='bbox 140 2127 145 2132; x_wconf 52' lang='lat'>⁸</span> <span class='ocrx_word' id='word_1_322' title='bbox 196 2143 323 2171; x_wconf 84' lang='lat' dir='ltr'>genere,</span> <span class='ocrx_word' id='word_1_323' title='bbox 342 2143 378 2162; x_wconf 92' lang='lat' dir='ltr'>eo</span> <span class='ocrx_word' id='word_1_324' title='bbox 402 2133 486 2170; x_wconf 87' lang='lat' dir='ltr'>quod</span> <span class='ocrx_word' id='word_1_325' title='bbox 507 2132 640 2160; x_wconf 84' lang='lat' dir='ltr'>immixta</span> <span class='ocrx_word' id='word_1_326' title='bbox 664 2131 791 2158; x_wconf 88' lang='lat' dir='ltr'>tenebris</span> <span class='ocrx_word' id='word_1_327' title='bbox 806 2130 824 2146; x_wconf 84' lang='lat'>¹¹</span> <span class='ocrx_word' id='word_1_328' title='bbox 846 2139 852 2157; x_wconf 81' lang='lat' dir='ltr'>z</span> <span class='ocrx_word' id='word_1_329' title='bbox 869 2140 883 2155; x_wconf 90' lang='lat'>«</span> <span class='ocrx_word' id='word_1_330' title='bbox 897 2131 966 2163; x_wconf 83' lang='lat' dir='ltr'>Quae</span> 
     </span>
    </p>

    <p class='ocr_par' dir='ltr' id='par_1_18' title="bbox 197 2176 964 2212">
     <span class='ocr_line' id='line_1_44' title="bbox 197 2176 964 2212; baseline -0.01 -2"><span class='ocrx_word' id='word_1_331' title='bbox 197 2182 320 2210; x_wconf 82' lang='lat' dir='ltr'>societas</span> <span class='ocrx_word' id='word_1_332' title='bbox 342 2181 401 2208; x_wconf 91' lang='lat' dir='ltr'>luci</span> <span class='ocrx_word' id='word_1_333' title='bbox 429 2181 468 2208; x_wconf 87' lang='lat' dir='ltr'>ad</span> <span class='ocrx_word' id='word_1_334' title='bbox 497 2179 658 2207; x_wconf 68' lang='lat' dir='ltr'>tenebras?</span> <span class='ocrx_word' id='word_1_335' title='bbox 678 2188 691 2203; x_wconf 84' lang='lat'>»</span> <span class='ocrx_word' id='word_1_336' title='bbox 720 2177 804 2212; x_wconf 87' lang='lat' dir='ltr'>quasi</span> <span class='ocrx_word' id='word_1_337' title='bbox 831 2176 964 2203; x_wconf 88' lang='lat' dir='ltr'>diceret:</span> 
     </span>
    </p>

    <p class='ocr_par' dir='ltr' id='par_1_19' title="bbox 85 2222 967 2263">
     <span class='ocr_line' id='line_1_45' title="bbox 85 2222 967 2263; baseline -0.009 -6"><span class='ocrx_word' id='word_1_338' title='bbox 85 2237 183 2262; x_wconf 75' lang='lat' dir='ltr'>Respon-</span> <span class='ocrx_word' id='word_1_339' title='bbox 197 2229 281 2256; x_wconf 76' lang='lat' dir='ltr'>Nulla</span> <span class='ocrx_word' id='word_1_340' title='bbox 297 2237 304 2255; x_wconf 71' lang='grc' dir='ltr'>ε</span> <span class='ocrx_word' id='word_1_341' title='bbox 327 2236 397 2263; x_wconf 87' lang='lat' dir='ltr'>ergo</span> <span class='ocrx_word' id='word_1_342' title='bbox 412 2226 559 2262; x_wconf 87' lang='lat' dir='ltr'>superflue</span> <span class='ocrx_word' id='word_1_343' title='bbox 578 2225 639 2252; x_wconf 85' lang='lat' dir='ltr'>ait:</span> <span class='ocrx_word' id='word_1_344' title='bbox 657 2225 705 2251; x_wconf 71' lang='lat' dir='ltr'>lucc</span> <span class='ocrx_word' id='word_1_345' title='bbox 726 2232 798 2250; x_wconf 81' lang='lat' dir='ltr'>vera.</span> <span class='ocrx_word' id='word_1_346' title='bbox 819 2223 863 2250; x_wconf 81' lang='lat' dir='ltr'>Ad</span> <span class='ocrx_word' id='word_1_347' title='bbox 884 2222 967 2258; x_wconf 77' lang='lat' dir='ltr'>quod</span> 
     </span>
    </p>

    <p class='ocr_par' dir='ltr' id='par_1_20' title="bbox 79 2267 965 2310">
     <span class='ocr_line' id='line_1_46' title="bbox 79 2267 965 2310; baseline -0.01 -6"><span class='ocrx_word' id='word_1_348' title='bbox 79 2267 119 2287; x_wconf 68' lang='lat'>⁵³⁰⁴</span> <span class='ocrx_word' id='word_1_349' title='bbox 197 2274 450 2310; x_wconf 87' lang='lat' dir='ltr'>respondendum,</span> <span class='ocrx_word' id='word_1_350' title='bbox 462 2272 545 2308; x_wconf 86' lang='lat' dir='ltr'>quod</span> <span class='ocrx_word' id='word_1_351' title='bbox 554 2271 718 2299; x_wconf 84' lang='lat' dir='ltr'>secundum</span> <span class='ocrx_word' id='word_1_352' title='bbox 733 2269 926 2304; x_wconf 80' lang='lat' dir='ltr'>Augustinum</span> <span class='ocrx_word' id='word_1_353' title='bbox 936 2268 965 2302; x_wconf 76' lang='lat'>¹²,</span> 
     </span>
    </p>

    <p class='ocr_par' dir='ltr' id='par_1_21' title="bbox 197 2317 966 2350">
     <span class='ocr_line' id='line_1_47' title="bbox 197 2317 966 2350; baseline -0.009 -2"><span class='ocrx_word' id='word_1_354' title='bbox 197 2321 249 2349; x_wconf 78' lang='lat' dir='ltr'>lux</span> <span class='ocrx_word' id='word_1_355' title='bbox 263 2328 334 2348; x_wconf 89' lang='lat' dir='ltr'>vera</span> <span class='ocrx_word' id='word_1_356' title='bbox 348 2320 453 2347; x_wconf 84' lang='lat' dir='ltr'>dicitur</span> <span class='ocrx_word' id='word_1_357' title='bbox 468 2319 515 2346; x_wconf 91' lang='lat' dir='ltr'>hic</span> <span class='ocrx_word' id='word_1_358' title='bbox 535 2318 587 2345; x_wconf 81' lang='lat' dir='ltr'>lux</span> <span class='ocrx_word' id='word_1_359' title='bbox 601 2317 761 2348; x_wconf 85' lang='lat' dir='ltr'>mentium,</span> <span class='ocrx_word' id='word_1_360' title='bbox 782 2323 848 2350; x_wconf 77' lang='lat' dir='ltr'>quae</span> <span class='ocrx_word' id='word_1_361' title='bbox 860 2318 903 2342; x_wconf 91' lang='lat' dir='ltr'>est</span> <span class='ocrx_word' id='word_1_362' title='bbox 916 2323 966 2342; x_wconf 89' lang='lat' dir='ltr'>su-</span> 
     </span>
    </p>

    <p class='ocr_par' dir='ltr' id='par_1_22' title="bbox 197 2362 966 2402">
     <span class='ocr_line' id='line_1_48' title="bbox 197 2362 966 2402; baseline -0.009 -8"><span class='ocrx_word' id='word_1_363' title='bbox 197 2374 252 2402; x_wconf 88' lang='lat' dir='ltr'>pra</span> <span class='ocrx_word' id='word_1_364' title='bbox 270 2368 399 2400; x_wconf 83' lang='lat' dir='ltr'>mentes,</span> <span class='ocrx_word' id='word_1_365' title='bbox 421 2367 449 2393; x_wconf 89' lang='lat' dir='ltr'>et</span> <span class='ocrx_word' id='word_1_366' title='bbox 463 2364 577 2392; x_wconf 78' lang='lat' dir='ltr'>excedit</span> <span class='ocrx_word' id='word_1_367' title='bbox 598 2371 700 2391; x_wconf 87' lang='lat' dir='ltr'>omnes</span> <span class='ocrx_word' id='word_1_368' title='bbox 722 2364 849 2395; x_wconf 86' lang='lat' dir='ltr'>mentes,</span> <span class='ocrx_word' id='word_1_369' title='bbox 864 2364 891 2388; x_wconf 92' lang='lat' dir='ltr'>et</span> <span class='ocrx_word' id='word_1_370' title='bbox 910 2362 966 2389; x_wconf 89' lang='lat' dir='ltr'>hoc</span> 
     </span>
    </p>

    <p class='ocr_par' dir='ltr' id='par_1_23' title="bbox 197 2409 966 2446">
     <span class='ocr_line' id='line_1_49' title="bbox 197 2409 966 2446; baseline -0.008 -6"><span class='ocrx_word' id='word_1_371' title='bbox 197 2415 241 2441; x_wconf 87' lang='lat' dir='ltr'>est</span> <span class='ocrx_word' id='word_1_372' title='bbox 253 2413 304 2440; x_wconf 78' lang='lat' dir='ltr'>lux</span> <span class='ocrx_word' id='word_1_373' title='bbox 317 2420 403 2446; x_wconf 84' lang='lat' dir='ltr'>vera,</span> <span class='ocrx_word' id='word_1_374' title='bbox 418 2412 525 2439; x_wconf 84' lang='lat' dir='ltr'>scilicet</span> <span class='ocrx_word' id='word_1_375' title='bbox 544 2409 756 2438; x_wconf 79' lang='lat' dir='ltr'>essentialitate.</span> <span class='ocrx_word' id='word_1_376' title='bbox 779 2409 884 2436; x_wconf 79' lang='lat' dir='ltr'>mentes</span> <span class='ocrx_word' id='word_1_377' title='bbox 898 2416 966 2435; x_wconf 87' lang='lat' dir='ltr'>vero</span> 
     </span>
    </p>

    <p class='ocr_par' dir='ltr' id='par_1_24' title="bbox 228 2468 967 2501">
     <span class='ocr_line' id='line_1_50' title="bbox 228 2468 967 2501; baseline -0.008 -6"><span class='ocrx_word' id='word_1_378' title='bbox 228 2473 237 2489; x_wconf 90' lang='lat'><strong>¹</strong></span> <span class='ocrx_word' id='word_1_379' title='bbox 258 2471 360 2500; x_wconf 79' lang='lat' dir='ltr'>Matth.,</span> <span class='ocrx_word' id='word_1_380' title='bbox 379 2477 420 2501; x_wconf 78' lang='lat' dir='ltr'>xi,</span> <span class='ocrx_word' id='word_1_381' title='bbox 441 2474 476 2494; x_wconf 72' lang='lat' dir='ltr'>ti.</span> <span class='ocrx_word' id='word_1_382' title='bbox 491 2485 522 2488; x_wconf 97' lang='lat'><strong>—</strong></span> <span class='ocrx_word' id='word_1_383' title='bbox 541 2471 552 2486; x_wconf 73' lang='lat'><em>2</em></span> <span class='ocrx_word' id='word_1_384' title='bbox 572 2470 645 2499; x_wconf 62' lang='lat' dir='ltr'>ibid„</span> <span class='ocrx_word' id='word_1_385' title='bbox 668 2476 691 2497; x_wconf 83' lang='lat' dir='ltr'>v,</span> <span class='ocrx_word' id='word_1_386' title='bbox 714 2470 750 2492; x_wconf 69' lang='lat'>14.</span> <span class='ocrx_word' id='word_1_387' title='bbox 770 2481 801 2485; x_wconf 98' lang='lat'><strong>—</strong></span> <span class='ocrx_word' id='word_1_388' title='bbox 819 2468 828 2482; x_wconf 81' lang='lat'><strong>³</strong></span> <span class='ocrx_word' id='word_1_389' title='bbox 849 2469 922 2495; x_wconf 60' lang='lat' dir='ltr'>Aua..</span> <span class='ocrx_word' id='word_1_390' title='bbox 942 2468 967 2490; x_wconf 80' lang='lat' dir='ltr'>in</span> 
     </span>
    </p>

    <p class='ocr_par' dir='ltr' id='par_1_25' title="bbox 197 2504 967 2538">
     <span class='ocr_line' id='line_1_51' title="bbox 197 2504 967 2538; baseline -0.006 -7"><span class='ocrx_word' id='word_1_391' title='bbox 197 2508 281 2538; x_wconf 58' lang='lat' dir='ltr'>Joem„</span> <span class='ocrx_word' id='word_1_392' title='bbox 297 2509 370 2531; x_wconf 85' lang='lat' dir='ltr'>tract.</span> <span class='ocrx_word' id='word_1_393' title='bbox 390 2513 421 2536; x_wconf 74' lang='grc' dir='ltr'>ιι,</span> <span class='ocrx_word' id='word_1_394' title='bbox 443 2514 468 2530; x_wconf 86' lang='grc' dir='ltr'>ιι.</span> <span class='ocrx_word' id='word_1_395' title='bbox 489 2509 515 2534; x_wconf 73' lang='lat' dir='ltr'>u,</span> <span class='ocrx_word' id='word_1_396' title='bbox 535 2508 557 2529; x_wconf 83' lang='lat'>7.</span> <span class='ocrx_word' id='word_1_397' title='bbox 573 2520 599 2523; x_wconf 91' lang='lat'><strong>—</strong></span> <span class='ocrx_word' id='word_1_398' title='bbox 620 2506 630 2521; x_wconf 49' lang='grc' dir='ltr'><strong>ὅ</strong></span> <span class='ocrx_word' id='word_1_399' title='bbox 649 2506 788 2536; x_wconf 61' lang='lat' dir='ltr'>Chrysust.y</span> <span class='ocrx_word' id='word_1_400' title='bbox 810 2504 851 2527; x_wconf 89' lang='lat' dir='ltr'>ubi</span> <span class='ocrx_word' id='word_1_401' title='bbox 866 2511 922 2533; x_wconf 88' lang='lat' dir='ltr'>sup.</span> <span class='ocrx_word' id='word_1_402' title='bbox 937 2516 967 2520; x_wconf 92' lang='lat'>—</span> 
     </span>
    </p>

    <p class='ocr_par' dir='ltr' id='par_1_26' title="bbox 198 2538 966 2573">
     <span class='ocr_line' id='line_1_52' title="bbox 198 2538 966 2573; baseline -0.005 -7"><span class='ocrx_word' id='word_1_403' title='bbox 198 2543 280 2573; x_wconf 76' lang='lat' dir='ltr'>⁵1nf.‚</span> <span class='ocrx_word' id='word_1_404' title='bbox 294 2548 319 2572; x_wconf 83' lang='grc' dir='ltr'>ν,</span> <span class='ocrx_word' id='word_1_405' title='bbox 335 2543 372 2566; x_wconf 61' lang='lat'>35.</span> <span class='ocrx_word' id='word_1_406' title='bbox 390 2554 420 2559; x_wconf 94' lang='lat'><strong>—</strong></span> <span class='ocrx_word' id='word_1_407' title='bbox 433 2542 441 2554; x_wconf 65' lang='lat'>⁸</span> <span class='ocrx_word' id='word_1_408' title='bbox 458 2542 513 2571; x_wconf 60' lang='lat' dir='ltr'>ins„</span> <span class='ocrx_word' id='word_1_409' title='bbox 531 2543 567 2564; x_wconf 76' lang='lat'>15.</span> <span class='ocrx_word' id='word_1_410' title='bbox 586 2553 615 2557; x_wconf 94' lang='lat'>—-</span> <span class='ocrx_word' id='word_1_411' title='bbox 629 2542 635 2544; x_wconf 65' lang='grc'><strong>“</strong></span> <span class='ocrx_word' id='word_1_412' title='bbox 651 2540 709 2570; x_wconf 57' lang='lat' dir='ltr'>lus„</span> <span class='ocrx_word' id='word_1_413' title='bbox 725 2546 752 2567; x_wconf 88' lang='lat'>11,</span> <span class='ocrx_word' id='word_1_414' title='bbox 770 2538 929 2567; x_wconf 71' lang='lat' dir='ltr'>1.—⁸1ur.,</span> <span class='ocrx_word' id='word_1_415' title='bbox 948 2544 966 2568; x_wconf 79' lang='grc' dir='ltr'>ι,</span> 
     </span>
    </p>

    <p class='ocr_par' dir='ltr' id='par_1_27' title="bbox 200 2574 967 2606">
     <span class='ocr_line' id='line_1_53' title="bbox 200 2574 967 2606; baseline -0.007 -5"><span class='ocrx_word' id='word_1_416' title='bbox 200 2580 238 2601; x_wconf 84' lang='lat'>10.</span> <span class='ocrx_word' id='word_1_417' title='bbox 251 2590 282 2595; x_wconf 90' lang='lat'><em>-</em></span> <span class='ocrx_word' id='word_1_418' title='bbox 297 2578 308 2593; x_wconf 74' lang='lat'>⁹</span> <span class='ocrx_word' id='word_1_419' title='bbox 324 2577 381 2605; x_wconf 80' lang='lat' dir='ltr'>lnf.‚</span> <span class='ocrx_word' id='word_1_420' title='bbox 398 2583 416 2606; x_wconf 82' lang='lat'>1,</span> <span class='ocrx_word' id='word_1_421' title='bbox 435 2578 457 2599; x_wconf 71' lang='grc' dir='ltr'>Ξ.</span> <span class='ocrx_word' id='word_1_422' title='bbox 473 2589 503 2593; x_wconf 88' lang='grc'>-</span> <span class='ocrx_word' id='word_1_423' title='bbox 518 2577 538 2592; x_wconf 82' lang='lat'>¹⁰</span> <span class='ocrx_word' id='word_1_424' title='bbox 554 2576 610 2606; x_wconf 82' lang='lat' dir='ltr'>111r.,</span> <span class='ocrx_word' id='word_1_425' title='bbox 630 2577 665 2598; x_wconf 60' lang='grc' dir='ltr'>ιι.</span> <span class='ocrx_word' id='word_1_426' title='bbox 681 2588 710 2592; x_wconf 89' lang='grc'><strong>-</strong></span> <span class='ocrx_word' id='word_1_427' title='bbox 728 2575 743 2590; x_wconf 82' lang='lat'>¹¹</span> <span class='ocrx_word' id='word_1_428' title='bbox 760 2574 779 2597; x_wconf 88' lang='grc' dir='ltr'>ιι</span> <span class='ocrx_word' id='word_1_429' title='bbox 793 2574 860 2598; x_wconf 81' lang='lat' dir='ltr'>Cor..</span> <span class='ocrx_word' id='word_1_430' title='bbox 875 2580 909 2603; x_wconf 75' lang='lat' dir='ltr'>vi,</span> <span class='ocrx_word' id='word_1_431' title='bbox 931 2576 967 2597; x_wconf 75' lang='grc' dir='ltr'>ιι.</span> 
     </span>
    </p>
   </div>
   <div class='ocr_carea' id='block_1_3' title="bbox 199 2610 967 2676">
    <p class='ocr_par' dir='ltr' id='par_1_28' title="bbox 199 2610 967 2676">
     <span class='ocr_line' id='line_1_54' title="bbox 199 2610 966 2643; baseline -0.007 -6"><span class='ocrx_word' id='word_1_432' title='bbox 199 2625 229 2630; x_wconf 89' lang='grc'>-</span> <span class='ocrx_word' id='word_1_433' title='bbox 242 2613 263 2629; x_wconf 84' lang='lat'>¹²</span> <span class='ocrx_word' id='word_1_434' title='bbox 276 2614 352 2643; x_wconf 63' lang='lat' dir='ltr'>Aug„</span> <span class='ocrx_word' id='word_1_435' title='bbox 367 2612 398 2636; x_wconf 82' lang='lat' dir='ltr'>de</span> <span class='ocrx_word' id='word_1_436' title='bbox 412 2611 519 2641; x_wconf 67' lang='lat' dir='ltr'>nivers„</span> <span class='ocrx_word' id='word_1_437' title='bbox 533 2611 604 2634; x_wconf 87' lang='lat' dir='ltr'>hom.</span> <span class='ocrx_word' id='word_1_438' title='bbox 620 2616 689 2639; x_wconf 71' lang='lat' dir='ltr'>xmv,</span> <span class='ocrx_word' id='word_1_439' title='bbox 705 2610 736 2633; x_wconf 83' lang='lat' dir='ltr'>al.</span> <span class='ocrx_word' id='word_1_440' title='bbox 753 2616 829 2633; x_wconf 87' lang='lat' dir='ltr'>serm.</span> <span class='ocrx_word' id='word_1_441' title='bbox 844 2610 888 2639; x_wconf 67' lang='lat' dir='ltr'>lv,</span> <span class='ocrx_word' id='word_1_442' title='bbox 905 2614 928 2638; x_wconf 83' lang='lat' dir='ltr'>v,</span> <span class='ocrx_word' id='word_1_443' title='bbox 943 2610 966 2632; x_wconf 80' lang='lat' dir='ltr'>G.</span> 
     </span>
     <span class='ocr_line' id='line_1_55' title="bbox 199 2645 967 2676; baseline -0.007 -4"><span class='ocrx_word' id='word_1_444' title='bbox 199 2661 230 2666; x_wconf 93' lang='lat'><em>-</em></span> <span class='ocrx_word' id='word_1_445' title='bbox 249 2648 268 2664; x_wconf 75' lang='lat'>¹³</span> <span class='ocrx_word' id='word_1_446' title='bbox 283 2647 355 2671; x_wconf 80' lang='lat' dir='ltr'>Psal.</span> <span class='ocrx_word' id='word_1_447' title='bbox 377 2652 412 2676; x_wconf 82' lang='lat' dir='ltr'>iv,</span> <span class='ocrx_word' id='word_1_448' title='bbox 436 2647 460 2670; x_wconf 70' lang='grc' dir='ltr'>Ἰ,</span> <span class='ocrx_word' id='word_1_449' title='bbox 479 2659 505 2664; x_wconf 93' lang='grc'>-</span> <span class='ocrx_word' id='word_1_450' title='bbox 524 2646 544 2662; x_wconf 69' lang='lat'>¹⁸</span> <span class='ocrx_word' id='word_1_451' title='bbox 557 2645 614 2674; x_wconf 75' lang='lat' dir='ltr'>lob,</span> <span class='ocrx_word' id='word_1_452' title='bbox 636 2651 714 2674; x_wconf 71' lang='lat' dir='ltr'>xxxv,</span> <span class='ocrx_word' id='word_1_453' title='bbox 738 2647 774 2668; x_wconf 83' lang='grc' dir='ltr'>Η.</span> <span class='ocrx_word' id='word_1_454' title='bbox 789 2657 820 2662; x_wconf 92' lang='grc'><strong>-</strong></span> <span class='ocrx_word' id='word_1_455' title='bbox 840 2645 858 2661; x_wconf 78' lang='lat'>&#39;⁵</span> <span class='ocrx_word' id='word_1_456' title='bbox 881 2646 967 2675; x_wconf 82' lang='lat' dir='ltr'>Greg.,</span> 
     </span>
    </p>
   </div>
   <div class='ocr_carea' id='block_1_4' title="bbox 1009 281 1792 2438">
    <p class='ocr_par' dir='ltr' id='par_1_29' title="bbox 1009 281 1792 2438">
     <span class='ocr_line' id='line_1_56' title="bbox 1010 281 1782 319; baseline 0.006 -11"><span class='ocrx_word' id='word_1_457' title='bbox 1010 281 1174 309; x_wconf 87' lang='lat' dir='ltr'>illuminate</span> <span class='ocrx_word' id='word_1_458' title='bbox 1194 282 1330 311; x_wconf 85' lang='lat' dir='ltr'>dicuntur</span> <span class='ocrx_word' id='word_1_459' title='bbox 1353 284 1405 312; x_wconf 80' lang='lat' dir='ltr'>lux</span> <span class='ocrx_word' id='word_1_460' title='bbox 1429 284 1517 319; x_wconf 84' lang='lat' dir='ltr'>hujus</span> <span class='ocrx_word' id='word_1_461' title='bbox 1539 285 1612 312; x_wconf 86' lang='lat' dir='ltr'>lueis</span> <span class='ocrx_word' id='word_1_462' title='bbox 1631 285 1782 314; x_wconf 76' lang='lat' dir='ltr'>illumina-</span> 
     </span>
     <span class='ocr_line' id='line_1_57' title="bbox 1010 326 1783 363; baseline 0.008 -10"><span class='ocrx_word' id='word_1_463' title='bbox 1010 326 1090 354; x_wconf 84' lang='lat' dir='ltr'>tione</span> <span class='ocrx_word' id='word_1_464' title='bbox 1103 337 1109 354; x_wconf 88' lang='lat'>:</span> <span class='ocrx_word' id='word_1_465' title='bbox 1125 327 1189 362; x_wconf 84' lang='lat' dir='ltr'>ipsa</span> <span class='ocrx_word' id='word_1_466' title='bbox 1203 329 1282 357; x_wconf 89' lang='lat' dir='ltr'>enim</span> <span class='ocrx_word' id='word_1_467' title='bbox 1297 333 1339 357; x_wconf 88' lang='lat' dir='ltr'>cst</span> <span class='ocrx_word' id='word_1_468' title='bbox 1353 331 1402 357; x_wconf 70' lang='lat' dir='ltr'>lua:</span> <span class='ocrx_word' id='word_1_469' title='bbox 1421 331 1555 357; x_wconf 81' lang='lat' dir='ltr'>hominum</span> <span class='ocrx_word' id='word_1_470' title='bbox 1565 351 1574 363; x_wconf 93' lang='lat'>,</span> <span class='ocrx_word' id='word_1_471' title='bbox 1596 333 1627 358; x_wconf 93' lang='lat' dir='ltr'>ut</span> <span class='ocrx_word' id='word_1_472' title='bbox 1647 331 1783 359; x_wconf 86' lang='lat' dir='ltr'>habitum</span> 
     </span>
     <span class='ocr_line' id='line_1_58' title="bbox 1011 375 1783 411; baseline 0.008 -12"><span class='ocrx_word' id='word_1_473' title='bbox 1011 376 1053 400; x_wconf 88' lang='lat' dir='ltr'>est</span> <span class='ocrx_word' id='word_1_474' title='bbox 1067 381 1165 408; x_wconf 85' lang='lat' dir='ltr'>supra.</span> <span class='ocrx_word' id='word_1_475' title='bbox 1188 375 1268 402; x_wconf 84' lang='lat' dir='ltr'>Unde</span> <span class='ocrx_word' id='word_1_476' title='bbox 1283 376 1414 411; x_wconf 81' lang='lat' dir='ltr'>sequitur</span> <span class='ocrx_word' id='word_1_477' title='bbox 1429 386 1435 403; x_wconf 92' lang='grc'>;</span> <span class='ocrx_word' id='word_1_478' title='bbox 1459 378 1601 403; x_wconf 78' lang='lat' dir='ltr'>Illuminat</span> <span class='ocrx_word' id='word_1_479' title='bbox 1616 385 1716 404; x_wconf 83' lang='lat' dir='ltr'>omnem</span> <span class='ocrx_word' id='word_1_480' title='bbox 1735 378 1783 405; x_wconf 79' lang='lat' dir='ltr'>ho-</span> 
     </span>
     <span class='ocr_line' id='line_1_59' title="bbox 1011 420 1782 451; baseline 0.008 -6"><span class='ocrx_word' id='word_1_481' title='bbox 1011 421 1123 451; x_wconf 79' lang='lat' dir='ltr'>minem,</span> <span class='ocrx_word' id='word_1_482' title='bbox 1143 420 1251 447; x_wconf 85' lang='lat' dir='ltr'>scilicet</span> <span class='ocrx_word' id='word_1_483' title='bbox 1273 421 1402 448; x_wconf 72' lang='lat' dir='ltr'>viventes</span> <span class='ocrx_word' id='word_1_484' title='bbox 1416 424 1447 449; x_wconf 92' lang='lat' dir='ltr'>ut</span> <span class='ocrx_word' id='word_1_485' title='bbox 1466 423 1601 450; x_wconf 84' lang='lat' dir='ltr'>homines</span> <span class='ocrx_word' id='word_1_486' title='bbox 1617 432 1624 450; x_wconf 82' lang='lat'>2</span> <span class='ocrx_word' id='word_1_487' title='bbox 1645 431 1706 450; x_wconf 90' lang='lat' dir='ltr'>non</span> <span class='ocrx_word' id='word_1_488' title='bbox 1721 424 1782 451; x_wconf 84' lang='lat' dir='ltr'>dis-</span> 
     </span>
     <span class='ocr_line' id='line_1_60' title="bbox 1011 466 1784 504; baseline 0.008 -12"><span class='ocrx_word' id='word_1_489' title='bbox 1011 467 1072 492; x_wconf 83' lang='lat' dir='ltr'>tant</span> <span class='ocrx_word' id='word_1_490' title='bbox 1086 473 1103 492; x_wconf 83' lang='lat' dir='ltr'>a</span> <span class='ocrx_word' id='word_1_491' title='bbox 1117 474 1223 501; x_wconf 90' lang='lat' dir='ltr'>pecore</span> <span class='ocrx_word' id='word_1_492' title='bbox 1233 466 1288 493; x_wconf 88' lang='lat' dir='ltr'>nisi</span> <span class='ocrx_word' id='word_1_493' title='bbox 1299 467 1457 495; x_wconf 88' lang='lat' dir='ltr'>intellectu.</span> <span class='ocrx_word' id='word_1_494' title='bbox 1469 468 1532 495; x_wconf 84' lang='lat' dir='ltr'>Noli</span> <span class='ocrx_word' id='word_1_495' title='bbox 1543 469 1705 504; x_wconf 88' lang='lat' dir='ltr'>aliquando</span> <span class='ocrx_word' id='word_1_496' title='bbox 1719 470 1784 504; x_wconf 85' lang='lat' dir='ltr'>glo-</span> 
     </span>
     <span class='ocr_line' id='line_1_61' title="bbox 1010 511 1783 549; baseline 0.006 -11"><span class='ocrx_word' id='word_1_497' title='bbox 1010 511 1088 538; x_wconf 90' lang='lat' dir='ltr'>riari.</span> <span class='ocrx_word' id='word_1_498' title='bbox 1098 513 1129 538; x_wconf 86' lang='lat' dir='ltr'>Et</span> <span class='ocrx_word' id='word_1_499' title='bbox 1143 512 1211 539; x_wconf 82' lang='lat' dir='ltr'>huie</span> <span class='ocrx_word' id='word_1_500' title='bbox 1226 513 1385 540; x_wconf 87' lang='lat' dir='ltr'>concordat</span> <span class='ocrx_word' id='word_1_501' title='bbox 1398 514 1509 547; x_wconf 83' lang='lat' dir='ltr'>Glossa,</span> <span class='ocrx_word' id='word_1_502' title='bbox 1519 522 1585 549; x_wconf 82' lang='lat' dir='ltr'>quae</span> <span class='ocrx_word' id='word_1_503' title='bbox 1592 515 1632 542; x_wconf 90' lang='lat' dir='ltr'>ait</span> <span class='ocrx_word' id='word_1_504' title='bbox 1646 524 1652 542; x_wconf 72' lang='grc' dir='ltr'><strong><em>ε</em></strong></span> <span class='ocrx_word' id='word_1_505' title='bbox 1668 516 1783 544; x_wconf 72' lang='lat' dir='ltr'>«Omnis</span> 
     </span>
     <span class='ocr_line' id='line_1_62' title="bbox 1011 557 1782 596; baseline 0.008 -13"><span class='ocrx_word' id='word_1_506' title='bbox 1011 557 1085 584; x_wconf 83' lang='lat' dir='ltr'>homo</span> <span class='ocrx_word' id='word_1_507' title='bbox 1101 557 1206 585; x_wconf 90' lang='lat' dir='ltr'>dicitur</span> <span class='ocrx_word' id='word_1_508' title='bbox 1220 558 1270 586; x_wconf 86' lang='lat' dir='ltr'>iila</span> <span class='ocrx_word' id='word_1_509' title='bbox 1286 561 1390 586; x_wconf 88' lang='lat' dir='ltr'>natura</span> <span class='ocrx_word' id='word_1_510' title='bbox 1404 560 1434 586; x_wconf 92' lang='lat' dir='ltr'>in</span> <span class='ocrx_word' id='word_1_511' title='bbox 1449 560 1585 595; x_wconf 90' lang='lat' dir='ltr'>homine,</span> <span class='ocrx_word' id='word_1_512' title='bbox 1606 569 1672 596; x_wconf 82' lang='lat' dir='ltr'>quae</span> <span class='ocrx_word' id='word_1_513' title='bbox 1687 564 1730 588; x_wconf 92' lang='lat' dir='ltr'>est</span> <span class='ocrx_word' id='word_1_514' title='bbox 1743 562 1782 589; x_wconf 86' lang='lat' dir='ltr'>ad</span> 
     </span>
     <span class='ocr_line' id='line_1_63' title="bbox 1010 603 1782 638; baseline 0.008 -8"><span class='ocrx_word' id='word_1_515' title='bbox 1010 603 1169 638; x_wconf 82' lang='lat' dir='ltr'>imaginem</span> <span class='ocrx_word' id='word_1_516' title='bbox 1185 607 1213 632; x_wconf 88' lang='lat' dir='ltr'>et</span> <span class='ocrx_word' id='word_1_517' title='bbox 1226 605 1447 633; x_wconf 82' lang='lat' dir='ltr'>similitudinem</span> <span class='ocrx_word' id='word_1_518' title='bbox 1462 606 1510 633; x_wconf 91' lang='lat' dir='ltr'>Dei</span> <span class='ocrx_word' id='word_1_519' title='bbox 1523 615 1530 633; x_wconf 89' lang='lat'>:</span> <span class='ocrx_word' id='word_1_520' title='bbox 1548 606 1607 634; x_wconf 77' lang='lat' dir='ltr'>alia</span> <span class='ocrx_word' id='word_1_521' title='bbox 1620 610 1686 635; x_wconf 89' lang='lat' dir='ltr'>sunt</span> <span class='ocrx_word' id='word_1_522' title='bbox 1700 610 1782 636; x_wconf 75' lang='lat' dir='ltr'>extra</span> 
     </span>
     <span class='ocr_line' id='line_1_64' title="bbox 1009 649 1782 682; baseline 0.008 -6"><span class='ocrx_word' id='word_1_523' title='bbox 1009 649 1171 677; x_wconf 88' lang='lat' dir='ltr'>hominem.</span> <span class='ocrx_word' id='word_1_524' title='bbox 1188 661 1201 676; x_wconf 74' lang='lat' dir='ltr'>n</span> <span class='ocrx_word' id='word_1_525' title='bbox 1218 653 1250 678; x_wconf 89' lang='lat' dir='ltr'>Et</span> <span class='ocrx_word' id='word_1_526' title='bbox 1263 651 1304 678; x_wconf 93' lang='lat' dir='ltr'>ibi</span> <span class='ocrx_word' id='word_1_527' title='bbox 1316 652 1390 680; x_wconf 86' lang='lat' dir='ltr'>bene</span> <span class='ocrx_word' id='word_1_528' title='bbox 1405 653 1440 679; x_wconf 90' lang='lat' dir='ltr'>de</span> <span class='ocrx_word' id='word_1_529' title='bbox 1451 652 1518 680; x_wconf 88' lang='lat' dir='ltr'>hoc.</span> <span class='ocrx_word' id='word_1_530' title='bbox 1532 653 1652 680; x_wconf 87' lang='lat' dir='ltr'>Utenim</span> <span class='ocrx_word' id='word_1_531' title='bbox 1663 654 1702 681; x_wconf 85' lang='lat' dir='ltr'>ait</span> <span class='ocrx_word' id='word_1_532' title='bbox 1717 655 1782 682; x_wconf 84' lang='lat' dir='ltr'>Pro·</span> 
     </span>
     <span class='ocr_line' id='line_1_65' title="bbox 1009 696 1784 733; baseline 0.006 -11"><span class='ocrx_word' id='word_1_533' title='bbox 1009 696 1098 730; x_wconf 82' lang='lat' dir='ltr'>pheta</span> <span class='ocrx_word' id='word_1_534' title='bbox 1114 697 1134 713; x_wconf 79' lang='lat'>¹³</span> <span class='ocrx_word' id='word_1_535' title='bbox 1151 705 1156 723; x_wconf 93' lang='lat'>:</span> <span class='ocrx_word' id='word_1_536' title='bbox 1172 707 1185 721; x_wconf 73' lang='grc' dir='ltr'>ι(</span> <span class='ocrx_word' id='word_1_537' title='bbox 1201 697 1353 731; x_wconf 85' lang='lat' dir='ltr'>Signatum</span> <span class='ocrx_word' id='word_1_538' title='bbox 1369 700 1411 725; x_wconf 90' lang='lat' dir='ltr'>est</span> <span class='ocrx_word' id='word_1_539' title='bbox 1434 706 1523 733; x_wconf 90' lang='lat' dir='ltr'>supra</span> <span class='ocrx_word' id='word_1_540' title='bbox 1548 699 1583 733; x_wconf 80' lang='lat' dir='ltr'>(b)</span> <span class='ocrx_word' id='word_1_541' title='bbox 1604 707 1659 726; x_wconf 90' lang='lat' dir='ltr'>nos</span> <span class='ocrx_word' id='word_1_542' title='bbox 1681 699 1784 727; x_wconf 79' lang='lat' dir='ltr'>lumen</span> 
     </span>
     <span class='ocr_line' id='line_1_66' title="bbox 1011 741 1784 778; baseline 0.006 -10"><span class='ocrx_word' id='word_1_543' title='bbox 1011 741 1107 769; x_wconf 81' lang='lat' dir='ltr'>vultus</span> <span class='ocrx_word' id='word_1_544' title='bbox 1123 742 1173 776; x_wconf 90' lang='lat' dir='ltr'>tui,</span> <span class='ocrx_word' id='word_1_545' title='bbox 1190 744 1346 770; x_wconf 75' lang='lat' dir='ltr'>Domine.»</span> <span class='ocrx_word' id='word_1_546' title='bbox 1365 745 1396 771; x_wconf 87' lang='lat' dir='ltr'>Et</span> <span class='ocrx_word' id='word_1_547' title='bbox 1406 745 1453 771; x_wconf 86' lang='lat' dir='ltr'>Job</span> <span class='ocrx_word' id='word_1_548' title='bbox 1468 744 1486 760; x_wconf 74' lang='lat'>¹⁸</span> <span class='ocrx_word' id='word_1_549' title='bbox 1507 754 1513 771; x_wconf 92' lang='lat'>:</span> <span class='ocrx_word' id='word_1_550' title='bbox 1533 754 1545 770; x_wconf 76' lang='grc' dir='ltr'>α</span> <span class='ocrx_word' id='word_1_551' title='bbox 1561 745 1614 778; x_wconf 80' lang='lat' dir='ltr'>Qui</span> <span class='ocrx_word' id='word_1_552' title='bbox 1630 745 1716 773; x_wconf 88' lang='lat' dir='ltr'>docet</span> <span class='ocrx_word' id='word_1_553' title='bbox 1729 753 1784 773; x_wconf 89' lang='lat' dir='ltr'>nos</span> 
     </span>
     <span class='ocr_line' id='line_1_67' title="bbox 1010 788 1782 825; baseline 0.006 -11"><span class='ocrx_word' id='word_1_554' title='bbox 1010 795 1098 823; x_wconf 85' lang='lat' dir='ltr'>super</span> <span class='ocrx_word' id='word_1_555' title='bbox 1108 788 1241 822; x_wconf 87' lang='lat' dir='ltr'>jumcnta</span> <span class='ocrx_word' id='word_1_556' title='bbox 1255 791 1348 816; x_wconf 83' lang='lat' dir='ltr'>terrae.</span> <span class='ocrx_word' id='word_1_557' title='bbox 1359 800 1372 815; x_wconf 77' lang='lat' dir='ltr'><em>n</em></span> <span class='ocrx_word' id='word_1_558' title='bbox 1384 790 1425 818; x_wconf 81' lang='lat' dir='ltr'>lbi</span> <span class='ocrx_word' id='word_1_559' title='bbox 1440 791 1595 825; x_wconf 80' lang='lat' dir='ltr'>Gregorius</span> <span class='ocrx_word' id='word_1_560' title='bbox 1611 791 1643 824; x_wconf 77' lang='lat'>¹⁵,</span> <span class='ocrx_word' id='word_1_561' title='bbox 1657 793 1690 818; x_wconf 92' lang='lat' dir='ltr'>ut</span> <span class='ocrx_word' id='word_1_562' title='bbox 1701 791 1782 819; x_wconf 86' lang='lat' dir='ltr'>dice-</span> 
     </span>
     <span class='ocr_line' id='line_1_68' title="bbox 1010 834 1783 872; baseline 0.005 -12"><span class='ocrx_word' id='word_1_563' title='bbox 1010 835 1056 860; x_wconf 89' lang='lat' dir='ltr'>tur</span> <span class='ocrx_word' id='word_1_564' title='bbox 1071 834 1155 861; x_wconf 79' lang='lat' dir='ltr'>infra.</span> <span class='ocrx_word' id='word_1_565' title='bbox 1173 835 1230 862; x_wconf 82' lang='lat' dir='ltr'>Sed</span> <span class='ocrx_word' id='word_1_566' title='bbox 1246 835 1388 870; x_wconf 81' lang='lat' dir='ltr'>objicetur</span> <span class='ocrx_word' id='word_1_567' title='bbox 1404 836 1440 863; x_wconf 90' lang='lat' dir='ltr'>de</span> <span class='ocrx_word' id='word_1_568' title='bbox 1460 836 1516 864; x_wconf 87' lang='lat' dir='ltr'>hoc</span> <span class='ocrx_word' id='word_1_569' title='bbox 1531 837 1614 872; x_wconf 89' lang='lat' dir='ltr'>quod</span> <span class='ocrx_word' id='word_1_570' title='bbox 1628 837 1668 864; x_wconf 90' lang='lat' dir='ltr'>ait</span> <span class='ocrx_word' id='word_1_571' title='bbox 1684 846 1691 864; x_wconf 91' lang='lat'>:</span> <span class='ocrx_word' id='word_1_572' title='bbox 1714 838 1783 864; x_wconf 82' lang='lat' dir='ltr'>Illu-</span> 
     </span>
     <span class='ocr_line' id='line_1_69' title="bbox 1011 882 1783 918; baseline 0.005 -12"><span class='ocrx_word' id='word_1_573' title='bbox 1011 882 1095 907; x_wconf 79' lang='lat' dir='ltr'>mt&#39;nut</span> <span class='ocrx_word' id='word_1_574' title='bbox 1111 888 1211 907; x_wconf 83' lang='lat' dir='ltr'>omnem</span> <span class='ocrx_word' id='word_1_575' title='bbox 1222 882 1351 909; x_wconf 78' lang='lat' dir='ltr'>hominem</span> <span class='ocrx_word' id='word_1_576' title='bbox 1366 884 1511 909; x_wconf 82' lang='lat' dir='ltr'>venientem</span> <span class='ocrx_word' id='word_1_577' title='bbox 1523 885 1552 910; x_wconf 86' lang='lat' dir='ltr'>in</span> <span class='ocrx_word' id='word_1_578' title='bbox 1567 883 1635 910; x_wconf 83' lang='lat' dir='ltr'>hunc</span> <span class='ocrx_word' id='word_1_579' title='bbox 1644 884 1783 918; x_wconf 83' lang='lat' dir='ltr'>muudum,</span> 
     </span>
     <span class='ocr_line' id='line_1_70' title="bbox 1011 925 1783 962; baseline 0.006 -10"><span class='ocrx_word' id='word_1_580' title='bbox 1011 925 1084 952; x_wconf 89' lang='lat' dir='ltr'>sicut</span> <span class='ocrx_word' id='word_1_581' title='bbox 1096 926 1197 961; x_wconf 88' lang='lat' dir='ltr'>objicit</span> <span class='ocrx_word' id='word_1_582' title='bbox 1212 927 1436 962; x_wconf 76' lang='lat' dir='ltr'>Chrysostomus</span> <span class='ocrx_word' id='word_1_583' title='bbox 1452 929 1484 955; x_wconf 69' lang='lat'>¹⁶:</span> <span class='ocrx_word' id='word_1_584' title='bbox 1496 939 1509 954; x_wconf 75' lang='grc' dir='ltr'>α</span> <span class='ocrx_word' id='word_1_585' title='bbox 1522 929 1550 956; x_wconf 88' lang='lat' dir='ltr'>Si</span> <span class='ocrx_word' id='word_1_586' title='bbox 1564 929 1710 957; x_wconf 82' lang='lat' dir='ltr'>illuminat</span> <span class='ocrx_word' id='word_1_587' title='bbox 1719 937 1783 957; x_wconf 90' lang='lat' dir='ltr'>om-</span> 
     </span>
     <span class='ocr_line' id='line_1_71' title="bbox 1010 972 1784 1008; baseline 0.005 -10"><span class='ocrx_word' id='word_1_588' title='bbox 1010 979 1079 999; x_wconf 90' lang='lat' dir='ltr'>nem</span> <span class='ocrx_word' id='word_1_589' title='bbox 1094 972 1245 1000; x_wconf 87' lang='lat' dir='ltr'>hominem</span> <span class='ocrx_word' id='word_1_590' title='bbox 1254 995 1261 1007; x_wconf 93' lang='lat'><em>‚</em></span> <span class='ocrx_word' id='word_1_591' title='bbox 1272 974 1398 1008; x_wconf 86' lang='lat' dir='ltr'>qualiter</span> <span class='ocrx_word' id='word_1_592' title='bbox 1411 976 1453 1002; x_wconf 90' lang='lat' dir='ltr'>tot</span> <span class='ocrx_word' id='word_1_593' title='bbox 1461 974 1570 1001; x_wconf 78' lang='lat' dir='ltr'>scilicet</span> <span class='ocrx_word' id='word_1_594' title='bbox 1577 975 1711 1002; x_wconf 79' lang='lat' dir='ltr'>homines</span> <span class='ocrx_word' id='word_1_595' title='bbox 1721 975 1784 1003; x_wconf 89' lang='lat' dir='ltr'>sine</span> 
     </span>
     <span class='ocr_line' id='line_1_72' title="bbox 1009 1018 1782 1056; baseline 0.006 -12"><span class='ocrx_word' id='word_1_596' title='bbox 1009 1018 1119 1045; x_wconf 86' lang='lat' dir='ltr'>lumine</span> <span class='ocrx_word' id='word_1_597' title='bbox 1147 1022 1372 1053; x_wconf 86' lang='lat' dir='ltr'>permanserunt</span> <span class='ocrx_word' id='word_1_598' title='bbox 1385 1022 1398 1047; x_wconf 72' lang='lat'>?</span> <span class='ocrx_word' id='word_1_599' title='bbox 1422 1030 1436 1045; x_wconf 84' lang='lat'>»</span> <span class='ocrx_word' id='word_1_600' title='bbox 1463 1022 1532 1048; x_wconf 79' lang='lat' dir='ltr'>Item</span> <span class='ocrx_word' id='word_1_601' title='bbox 1553 1021 1730 1056; x_wconf 77' lang='lat' dir='ltr'>Augustinus</span> <span class='ocrx_word' id='word_1_602' title='bbox 1751 1022 1782 1049; x_wconf 88' lang='lat'>¹⁷.</span> 
     </span>
     <span class='ocr_line' id='line_1_73' title="bbox 1010 1064 1784 1101; baseline 0.006 -11"><span class='ocrx_word' id='word_1_603' title='bbox 1010 1064 1037 1091; x_wconf 90' lang='lat' dir='ltr'>Si</span> <span class='ocrx_word' id='word_1_604' title='bbox 1065 1064 1242 1092; x_wconf 86' lang='lat' dir='ltr'>illuminavit</span> <span class='ocrx_word' id='word_1_605' title='bbox 1265 1074 1385 1094; x_wconf 88' lang='lat' dir='ltr'>omnem</span> <span class='ocrx_word' id='word_1_606' title='bbox 1408 1067 1576 1101; x_wconf 89' lang='lat' dir='ltr'>hominem,</span> <span class='ocrx_word' id='word_1_607' title='bbox 1599 1075 1667 1094; x_wconf 86' lang='lat' dir='ltr'>cum</span> <span class='ocrx_word' id='word_1_608' title='bbox 1690 1067 1784 1095; x_wconf 78' lang='lat' dir='ltr'>activa</span> 
     </span>
     <span class='ocr_line' id='line_1_74' title="bbox 1010 1110 1784 1147; baseline 0.006 -11"><span class='ocrx_word' id='word_1_609' title='bbox 1010 1110 1115 1137; x_wconf 86' lang='lat' dir='ltr'>inferat</span> <span class='ocrx_word' id='word_1_610' title='bbox 1135 1119 1219 1138; x_wconf 90' lang='lat' dir='ltr'>suam</span> <span class='ocrx_word' id='word_1_611' title='bbox 1242 1113 1407 1147; x_wconf 83' lang='lat' dir='ltr'>passivam,</span> <span class='ocrx_word' id='word_1_612' title='bbox 1430 1121 1500 1147; x_wconf 84' lang='lat' dir='ltr'>ergo</span> <span class='ocrx_word' id='word_1_613' title='bbox 1522 1113 1617 1141; x_wconf 90' lang='lat' dir='ltr'>omnis</span> <span class='ocrx_word' id='word_1_614' title='bbox 1635 1114 1727 1141; x_wconf 89' lang='lat' dir='ltr'>homo</span> <span class='ocrx_word' id='word_1_615' title='bbox 1742 1116 1784 1141; x_wconf 85' lang='lat' dir='ltr'>est</span> 
     </span>
     <span class='ocr_line' id='line_1_75' title="bbox 1009 1156 1783 1193; baseline 0.006 -11"><span class='ocrx_word' id='word_1_616' title='bbox 1009 1156 1202 1184; x_wconf 83' lang='lat' dir='ltr'>illuminatus.</span> <span class='ocrx_word' id='word_1_617' title='bbox 1219 1159 1288 1185; x_wconf 75' lang='lat' dir='ltr'>lieni</span> <span class='ocrx_word' id='word_1_618' title='bbox 1302 1159 1325 1185; x_wconf 84' lang='lat' dir='ltr'>si</span> <span class='ocrx_word' id='word_1_619' title='bbox 1346 1159 1402 1193; x_wconf 84' lang='lat' dir='ltr'>sic,</span> <span class='ocrx_word' id='word_1_620' title='bbox 1420 1159 1494 1186; x_wconf 85' lang='lat' dir='ltr'>nulli</span> <span class='ocrx_word' id='word_1_621' title='bbox 1510 1159 1646 1186; x_wconf 89' lang='lat' dir='ltr'>homines</span> <span class='ocrx_word' id='word_1_622' title='bbox 1661 1161 1729 1186; x_wconf 79' lang='lat' dir='ltr'>sunt</span> <span class='ocrx_word' id='word_1_623' title='bbox 1742 1162 1783 1187; x_wconf 79' lang='lat' dir='ltr'>te-</span> 
     </span>
     <span class='ocr_line' id='line_1_76' title="bbox 1011 1203 1783 1241; baseline 0.005 -12"><span class='ocrx_word' id='word_1_624' title='bbox 1011 1203 1120 1230; x_wconf 81' lang='lat' dir='ltr'>nebrae.</span> <span class='ocrx_word' id='word_1_625' title='bbox 1130 1204 1170 1231; x_wconf 79' lang='lat' dir='ltr'>Ad</span> <span class='ocrx_word' id='word_1_626' title='bbox 1181 1204 1254 1231; x_wconf 86' lang='lat' dir='ltr'>illud</span> <span class='ocrx_word' id='word_1_627' title='bbox 1265 1205 1421 1240; x_wconf 81' lang='lat' dir='ltr'>respondet</span> <span class='ocrx_word' id='word_1_628' title='bbox 1437 1206 1671 1240; x_wconf 75' lang='lat' dir='ltr'>chrysostomus,</span> <span class='ocrx_word' id='word_1_629' title='bbox 1682 1206 1734 1233; x_wconf 88' lang='lat' dir='ltr'>ubi</span> <span class='ocrx_word' id='word_1_630' title='bbox 1751 1206 1783 1241; x_wconf 87' lang='lat' dir='ltr'>(c)</span> 
     </span>
     <span class='ocr_line' id='line_1_77' title="bbox 1011 1251 1783 1288; baseline 0.004 -12"><span class='ocrx_word' id='word_1_631' title='bbox 1011 1258 1117 1285; x_wconf 88' lang='lat' dir='ltr'>supra,</span> <span class='ocrx_word' id='word_1_632' title='bbox 1140 1251 1223 1286; x_wconf 88' lang='lat' dir='ltr'>quod</span> <span class='ocrx_word' id='word_1_633' title='bbox 1249 1255 1392 1287; x_wconf 82' lang='lat' dir='ltr'>quantum</span> <span class='ocrx_word' id='word_1_634' title='bbox 1413 1253 1536 1287; x_wconf 84' lang='lat' dir='ltr'>pertinet</span> <span class='ocrx_word' id='word_1_635' title='bbox 1559 1253 1598 1280; x_wconf 89' lang='lat' dir='ltr'>ad</span> <span class='ocrx_word' id='word_1_636' title='bbox 1621 1253 1718 1288; x_wconf 92' lang='lat' dir='ltr'>ipsum</span> <span class='ocrx_word' id='word_1_637' title='bbox 1743 1252 1783 1280; x_wconf 83' lang='lat' dir='ltr'>Fi-</span> 
     </span>
     <span class='ocr_line' id='line_1_78' title="bbox 1011 1295 1784 1333; baseline 0.005 -11"><span class='ocrx_word' id='word_1_638' title='bbox 1011 1295 1086 1322; x_wconf 90' lang='lat' dir='ltr'>lium</span> <span class='ocrx_word' id='word_1_639' title='bbox 1102 1297 1166 1329; x_wconf 89' lang='lat' dir='ltr'>Dei,</span> <span class='ocrx_word' id='word_1_640' title='bbox 1191 1297 1338 1325; x_wconf 88' lang='lat' dir='ltr'>illuminat</span> <span class='ocrx_word' id='word_1_641' title='bbox 1357 1306 1470 1325; x_wconf 88' lang='lat' dir='ltr'>omnes.</span> <span class='ocrx_word' id='word_1_642' title='bbox 1486 1298 1542 1325; x_wconf 86' lang='lat' dir='ltr'>Sed</span> <span class='ocrx_word' id='word_1_643' title='bbox 1557 1298 1681 1333; x_wconf 86' lang='lat' dir='ltr'>quidam</span> <span class='ocrx_word' id='word_1_644' title='bbox 1704 1298 1784 1327; x_wconf 86' lang='lat' dir='ltr'>clau-</span> 
     </span>
     <span class='ocr_line' id='line_1_79' title="bbox 1014 1341 1783 1379; baseline 0.004 -11"><span class='ocrx_word' id='word_1_645' title='bbox 1014 1341 1114 1369; x_wconf 86' lang='lat' dir='ltr'>dentes</span> <span class='ocrx_word' id='word_1_646' title='bbox 1126 1343 1229 1370; x_wconf 90' lang='lat' dir='ltr'>oculos</span> <span class='ocrx_word' id='word_1_647' title='bbox 1243 1344 1403 1371; x_wconf 89' lang='lat' dir='ltr'>noluerunt</span> <span class='ocrx_word' id='word_1_648' title='bbox 1417 1344 1563 1379; x_wconf 87' lang='lat' dir='ltr'>suscipere</span> <span class='ocrx_word' id='word_1_649' title='bbox 1580 1344 1654 1371; x_wconf 87' lang='lat' dir='ltr'>lueis</span> <span class='ocrx_word' id='word_1_650' title='bbox 1665 1344 1783 1372; x_wconf 87' lang='lat' dir='ltr'>radios:</span> 
     </span>
     <span class='ocr_line' id='line_1_80' title="bbox 1012 1390 1786 1424; baseline 0.003 -8"><span class='ocrx_word' id='word_1_651' title='bbox 1012 1397 1073 1416; x_wconf 90' lang='lat' dir='ltr'>non</span> <span class='ocrx_word' id='word_1_652' title='bbox 1088 1396 1158 1423; x_wconf 84' lang='lat' dir='ltr'>ergo</span> <span class='ocrx_word' id='word_1_653' title='bbox 1174 1397 1191 1416; x_wconf 93' lang='lat' dir='ltr'>a</span> <span class='ocrx_word' id='word_1_654' title='bbox 1201 1392 1306 1416; x_wconf 90' lang='lat' dir='ltr'>natura</span> <span class='ocrx_word' id='word_1_655' title='bbox 1318 1390 1391 1417; x_wconf 89' lang='lat' dir='ltr'>lucis</span> <span class='ocrx_word' id='word_1_656' title='bbox 1402 1390 1622 1424; x_wconf 86' lang='lat' dir='ltr'>obtenebratio,</span> <span class='ocrx_word' id='word_1_657' title='bbox 1633 1390 1686 1418; x_wconf 85' lang='lat' dir='ltr'>sed</span> <span class='ocrx_word' id='word_1_658' title='bbox 1695 1398 1713 1418; x_wconf 83' lang='lat' dir='ltr'>a</span> <span class='ocrx_word' id='word_1_659' title='bbox 1723 1398 1786 1418; x_wconf 87' lang='lat' dir='ltr'>ma-</span> 
     </span>
     <span class='ocr_line' id='line_1_81' title="bbox 1013 1436 1786 1472; baseline 0.003 -10"><span class='ocrx_word' id='word_1_660' title='bbox 1013 1436 1073 1463; x_wconf 87' lang='lat' dir='ltr'>litia</span> <span class='ocrx_word' id='word_1_661' title='bbox 1094 1444 1207 1463; x_wconf 91' lang='lat' dir='ltr'>eorum.</span> <span class='ocrx_word' id='word_1_662' title='bbox 1225 1438 1256 1463; x_wconf 85' lang='lat' dir='ltr'>Et</span> <span class='ocrx_word' id='word_1_663' title='bbox 1271 1436 1354 1471; x_wconf 88' lang='lat' dir='ltr'>ponit</span> <span class='ocrx_word' id='word_1_664' title='bbox 1368 1437 1537 1472; x_wconf 79' lang='lat' dir='ltr'>exemplum</span> <span class='ocrx_word' id='word_1_665' title='bbox 1559 1437 1596 1464; x_wconf 89' lang='lat' dir='ltr'>de</span> <span class='ocrx_word' id='word_1_666' title='bbox 1617 1437 1786 1465; x_wconf 86' lang='lat' dir='ltr'>nolentibus</span> 
     </span>
     <span class='ocr_line' id='line_1_82' title="bbox 1014 1482 1787 1518; baseline 0.004 -10"><span class='ocrx_word' id='word_1_667' title='bbox 1014 1482 1120 1509; x_wconf 88' lang='lat' dir='ltr'>intrare</span> <span class='ocrx_word' id='word_1_668' title='bbox 1141 1490 1248 1509; x_wconf 75' lang='lat' dir='ltr'>navem</span> <span class='ocrx_word' id='word_1_669' title='bbox 1264 1482 1346 1509; x_wconf 86' lang='lat' dir='ltr'>nullo</span> <span class='ocrx_word' id='word_1_670' title='bbox 1368 1483 1541 1517; x_wconf 84' lang='lat' dir='ltr'>prohibente</span> <span class='ocrx_word' id='word_1_671' title='bbox 1553 1505 1561 1517; x_wconf 91' lang='lat'>‚</span> <span class='ocrx_word' id='word_1_672' title='bbox 1586 1483 1656 1518; x_wconf 86' lang='lat' dir='ltr'>quia</span> <span class='ocrx_word' id='word_1_673' title='bbox 1675 1483 1787 1511; x_wconf 86' lang='lat' dir='ltr'>malitia</span> 
     </span>
     <span class='ocr_line' id='line_1_83' title="bbox 1013 1528 1787 1564; baseline 0.004 -10"><span class='ocrx_word' id='word_1_674' title='bbox 1013 1536 1066 1554; x_wconf 87' lang='lat' dir='ltr'>sua</span> <span class='ocrx_word' id='word_1_675' title='bbox 1080 1528 1349 1562; x_wconf 63' lang='lat' dir='ltr'>pereuntAEaecille.</span> <span class='ocrx_word' id='word_1_676' title='bbox 1363 1529 1557 1556; x_wconf 79' lang='lat' dir='ltr'>Adhocidem</span> <span class='ocrx_word' id='word_1_677' title='bbox 1567 1529 1787 1564; x_wconf 64' lang='lat' dir='ltr'>respondemu-</span> 
     </span>
     <span class='ocr_line' id='line_1_84' title="bbox 1015 1574 1786 1609; baseline 0.003 -9"><span class='ocrx_word' id='word_1_678' title='bbox 1015 1574 1148 1608; x_wconf 78' lang='lat' dir='ltr'>guslinus</span> <span class='ocrx_word' id='word_1_679' title='bbox 1161 1574 1177 1587; x_wconf 70' lang='lat'>¹³</span> <span class='ocrx_word' id='word_1_680' title='bbox 1189 1574 1272 1609; x_wconf 82' lang='lat' dir='ltr'>quod</span> <span class='ocrx_word' id='word_1_681' title='bbox 1282 1574 1360 1601; x_wconf 85' lang='lat' dir='ltr'>istud</span> <span class='ocrx_word' id='word_1_682' title='bbox 1375 1576 1416 1601; x_wconf 86' lang='lat' dir='ltr'>est</span> <span class='ocrx_word' id='word_1_683' title='bbox 1425 1574 1668 1609; x_wconf 85' lang='lat' dir='ltr'>intelligendum:</span> <span class='ocrx_word' id='word_1_684' title='bbox 1682 1576 1786 1602; x_wconf 81' lang='lat' dir='ltr'>Illumi-</span> 
     </span>
     <span class='ocr_line' id='line_1_85' title="bbox 1015 1621 1786 1657; baseline 0.004 -11"><span class='ocrx_word' id='word_1_685' title='bbox 1015 1624 1061 1647; x_wconf 77' lang='lat' dir='ltr'>nat</span> <span class='ocrx_word' id='word_1_686' title='bbox 1072 1629 1172 1647; x_wconf 76' lang='lat' dir='ltr'>omnem</span> <span class='ocrx_word' id='word_1_687' title='bbox 1186 1621 1327 1654; x_wconf 75' lang='lat' dir='ltr'>hominem,</span> <span class='ocrx_word' id='word_1_688' title='bbox 1339 1624 1405 1655; x_wconf 66' lang='lat' dir='ltr'>etc„</span> <span class='ocrx_word' id='word_1_689' title='bbox 1418 1629 1479 1648; x_wconf 91' lang='lat' dir='ltr'>non</span> <span class='ocrx_word' id='word_1_690' title='bbox 1491 1621 1561 1657; x_wconf 85' lang='lat' dir='ltr'>quia</span> <span class='ocrx_word' id='word_1_691' title='bbox 1571 1621 1670 1648; x_wconf 88' lang='lat' dir='ltr'>nullus</span> <span class='ocrx_word' id='word_1_692' title='bbox 1685 1622 1722 1656; x_wconf 85' lang='grc'>((1)</span> <span class='ocrx_word' id='word_1_693' title='bbox 1733 1625 1786 1656; x_wconf 86' lang='lat' dir='ltr'>est,</span> 
     </span>
     <span class='ocr_line' id='line_1_86' title="bbox 1016 1666 1788 1702; baseline 0.003 -9"><span class='ocrx_word' id='word_1_694' title='bbox 1016 1667 1066 1702; x_wconf 82' lang='lat' dir='ltr'>qui</span> <span class='ocrx_word' id='word_1_695' title='bbox 1082 1674 1143 1693; x_wconf 91' lang='lat' dir='ltr'>non</span> <span class='ocrx_word' id='word_1_696' title='bbox 1158 1666 1350 1701; x_wconf 86' lang='lat' dir='ltr'>illuminetur,</span> <span class='ocrx_word' id='word_1_697' title='bbox 1367 1666 1419 1693; x_wconf 84' lang='lat' dir='ltr'>sed</span> <span class='ocrx_word' id='word_1_698' title='bbox 1434 1667 1505 1702; x_wconf 86' lang='lat' dir='ltr'>quia</span> <span class='ocrx_word' id='word_1_699' title='bbox 1520 1667 1618 1694; x_wconf 91' lang='lat' dir='ltr'>nullus</span> <span class='ocrx_word' id='word_1_700' title='bbox 1638 1667 1788 1695; x_wconf 89' lang='lat' dir='ltr'>illumina-</span> 
     </span>
     <span class='ocr_line' id='line_1_87' title="bbox 1016 1712 1788 1748; baseline 0.001 -8"><span class='ocrx_word' id='word_1_701' title='bbox 1016 1715 1062 1740; x_wconf 92' lang='lat' dir='ltr'>tur</span> <span class='ocrx_word' id='word_1_702' title='bbox 1077 1713 1108 1748; x_wconf 82' lang='lat' dir='ltr'>(e)</span> <span class='ocrx_word' id='word_1_703' title='bbox 1118 1733 1126 1745; x_wconf 92' lang='lat'>,</span> <span class='ocrx_word' id='word_1_704' title='bbox 1142 1712 1196 1739; x_wconf 85' lang='lat' dir='ltr'>nisi</span> <span class='ocrx_word' id='word_1_705' title='bbox 1212 1713 1263 1747; x_wconf 88' lang='lat' dir='ltr'>qui</span> <span class='ocrx_word' id='word_1_706' title='bbox 1278 1712 1316 1739; x_wconf 88' lang='lat' dir='ltr'>ab</span> <span class='ocrx_word' id='word_1_707' title='bbox 1328 1713 1392 1747; x_wconf 89' lang='lat' dir='ltr'>ipso</span> <span class='ocrx_word' id='word_1_708' title='bbox 1404 1713 1602 1747; x_wconf 71' lang='lat' dir='ltr'>illuminatur,</span> <span class='ocrx_word' id='word_1_709' title='bbox 1619 1715 1646 1740; x_wconf 90' lang='lat' dir='ltr'>et</span> <span class='ocrx_word' id='word_1_710' title='bbox 1659 1712 1702 1740; x_wconf 91' lang='lat' dir='ltr'>ibi</span> <span class='ocrx_word' id='word_1_711' title='bbox 1711 1713 1788 1741; x_wconf 86' lang='lat' dir='ltr'>bene</span> 
     </span>
     <span class='ocr_line' id='line_1_88' title="bbox 1017 1758 1788 1793; baseline 0.001 -8"><span class='ocrx_word' id='word_1_712' title='bbox 1017 1758 1054 1785; x_wconf 91' lang='lat' dir='ltr'>de</span> <span class='ocrx_word' id='word_1_713' title='bbox 1068 1758 1134 1785; x_wconf 91' lang='lat' dir='ltr'>hoc.</span> <span class='ocrx_word' id='word_1_714' title='bbox 1151 1758 1238 1785; x_wconf 71' lang='lat' dir='ltr'>Aliter</span> <span class='ocrx_word' id='word_1_715' title='bbox 1251 1758 1409 1792; x_wconf 86' lang='lat' dir='ltr'>respondet</span> <span class='ocrx_word' id='word_1_716' title='bbox 1423 1758 1614 1793; x_wconf 83' lang='lat' dir='ltr'>Augustinus,</span> <span class='ocrx_word' id='word_1_717' title='bbox 1635 1759 1667 1785; x_wconf 83' lang='lat' dir='ltr'>de</span> <span class='ocrx_word' id='word_1_718' title='bbox 1682 1759 1788 1786; x_wconf 83' lang='lat' dir='ltr'>Proede-</span> 
     </span>
     <span class='ocr_line' id='line_1_89' title="bbox 1017 1805 1789 1841; baseline 0 -9"><span class='ocrx_word' id='word_1_719' title='bbox 1017 1807 1163 1832; x_wconf 66' lang='lat' dir='ltr'>stz&#39;natz‘one</span> <span class='ocrx_word' id='word_1_720' title='bbox 1173 1805 1328 1832; x_wconf 78' lang='lat' dir='ltr'>Sanctorum</span> <span class='ocrx_word' id='word_1_721' title='bbox 1345 1805 1375 1838; x_wconf 75' lang='lat'>¹⁹,</span> <span class='ocrx_word' id='word_1_722' title='bbox 1384 1813 1499 1840; x_wconf 86' lang='lat' dir='ltr'>ponens</span> <span class='ocrx_word' id='word_1_723' title='bbox 1513 1805 1690 1840; x_wconf 80' lang='lat' dir='ltr'>exemplum,</span> <span class='ocrx_word' id='word_1_724' title='bbox 1706 1805 1789 1841; x_wconf 87' lang='lat' dir='ltr'>quod</span> 
     </span>
     <span class='ocr_line' id='line_1_90' title="bbox 1018 1851 1791 1886; baseline 0 -8"><span class='ocrx_word' id='word_1_725' title='bbox 1018 1852 1092 1878; x_wconf 88' lang='lat' dir='ltr'>sicut</span> <span class='ocrx_word' id='word_1_726' title='bbox 1115 1851 1219 1878; x_wconf 84' lang='lat' dir='ltr'>dicitur</span> <span class='ocrx_word' id='word_1_727' title='bbox 1237 1860 1243 1878; x_wconf 79' lang='lat' dir='ltr'>z</span> <span class='ocrx_word' id='word_1_728' title='bbox 1271 1862 1284 1876; x_wconf 85' lang='lat'>«</span> <span class='ocrx_word' id='word_1_729' title='bbox 1299 1851 1429 1886; x_wconf 79' lang='lat' dir='ltr'>Magister</span> <span class='ocrx_word' id='word_1_730' title='bbox 1452 1851 1539 1878; x_wconf 84' lang='lat' dir='ltr'>docet</span> <span class='ocrx_word' id='word_1_731' title='bbox 1557 1859 1660 1878; x_wconf 87' lang='lat' dir='ltr'>omnes</span> <span class='ocrx_word' id='word_1_732' title='bbox 1681 1859 1791 1886; x_wconf 90' lang='lat' dir='ltr'>pueros</span> 
     </span>
     <span class='ocr_line' id='line_1_91' title="bbox 1018 1897 1791 1933; baseline 0.003 -9"><span class='ocrx_word' id='word_1_733' title='bbox 1018 1898 1110 1931; x_wconf 62' lang='lat' dir='ltr'>villze,</span> <span class='ocrx_word' id='word_1_734' title='bbox 1127 1907 1140 1923; x_wconf 70' lang='lat' dir='ltr'>n</span> <span class='ocrx_word' id='word_1_735' title='bbox 1159 1905 1219 1925; x_wconf 90' lang='lat' dir='ltr'>non</span> <span class='ocrx_word' id='word_1_736' title='bbox 1239 1897 1310 1932; x_wconf 89' lang='lat' dir='ltr'>quia</span> <span class='ocrx_word' id='word_1_737' title='bbox 1332 1905 1435 1924; x_wconf 86' lang='lat' dir='ltr'>omnes</span> <span class='ocrx_word' id='word_1_738' title='bbox 1458 1897 1630 1930; x_wconf 88' lang='lat' dir='ltr'>doceantur,</span> <span class='ocrx_word' id='word_1_739' title='bbox 1650 1897 1703 1924; x_wconf 89' lang='lat' dir='ltr'>sed</span> <span class='ocrx_word' id='word_1_740' title='bbox 1721 1897 1791 1933; x_wconf 87' lang='lat' dir='ltr'>quia</span> 
     </span>
     <span class='ocr_line' id='line_1_92' title="bbox 1019 1943 1789 1977; baseline 0.001 -7"><span class='ocrx_word' id='word_1_741' title='bbox 1019 1943 1117 1970; x_wconf 83' lang='lat' dir='ltr'>nullus</span> <span class='ocrx_word' id='word_1_742' title='bbox 1132 1943 1187 1970; x_wconf 92' lang='lat' dir='ltr'>nisi</span> <span class='ocrx_word' id='word_1_743' title='bbox 1202 1943 1240 1970; x_wconf 91' lang='lat' dir='ltr'>ab</span> <span class='ocrx_word' id='word_1_744' title='bbox 1255 1943 1306 1970; x_wconf 92' lang='lat' dir='ltr'>illo</span> <span class='ocrx_word' id='word_1_745' title='bbox 1326 1943 1466 1977; x_wconf 89' lang='lat' dir='ltr'>docetur;</span> <span class='ocrx_word' id='word_1_746' title='bbox 1482 1943 1673 1971; x_wconf 87' lang='lat' dir='ltr'>consimiliter</span> <span class='ocrx_word' id='word_1_747' title='bbox 1687 1945 1730 1971; x_wconf 86' lang='lat' dir='ltr'>est</span> <span class='ocrx_word' id='word_1_748' title='bbox 1743 1944 1789 1971; x_wconf 92' lang='lat' dir='ltr'>in-</span> 
     </span>
     <span class='ocr_line' id='line_1_93' title="bbox 1019 1989 1791 2024; baseline 0 -8"><span class='ocrx_word' id='word_1_749' title='bbox 1019 1989 1213 2024; x_wconf 84' lang='lat' dir='ltr'>telligendum</span> <span class='ocrx_word' id='word_1_750' title='bbox 1235 1997 1270 2016; x_wconf 80' lang='lat' dir='ltr'>ex</span> <span class='ocrx_word' id='word_1_751' title='bbox 1290 1991 1372 2024; x_wconf 87' lang='lat' dir='ltr'>parte</span> <span class='ocrx_word' id='word_1_752' title='bbox 1394 1989 1463 2022; x_wconf 89' lang='lat' dir='ltr'>ista,</span> <span class='ocrx_word' id='word_1_753' title='bbox 1483 1991 1510 2016; x_wconf 86' lang='lat' dir='ltr'>et</span> <span class='ocrx_word' id='word_1_754' title='bbox 1528 1989 1605 2016; x_wconf 89' lang='lat' dir='ltr'>bene</span> <span class='ocrx_word' id='word_1_755' title='bbox 1628 1991 1670 2016; x_wconf 87' lang='lat' dir='ltr'>est</span> <span class='ocrx_word' id='word_1_756' title='bbox 1686 1997 1791 2017; x_wconf 87' lang='lat' dir='ltr'>conce-</span> 
     </span>
     <span class='ocr_line' id='line_1_94' title="bbox 1021 2035 1791 2071; baseline 0 -9"><span class='ocrx_word' id='word_1_757' title='bbox 1021 2035 1277 2071; x_wconf 85' lang='lat' dir='ltr'>dendum,·quod</span> <span class='ocrx_word' id='word_1_758' title='bbox 1295 2036 1390 2062; x_wconf 72' lang='lat' dir='ltr'>activa</span> <span class='ocrx_word' id='word_1_759' title='bbox 1414 2035 1500 2062; x_wconf 82' lang='lat' dir='ltr'>infert</span> <span class='ocrx_word' id='word_1_760' title='bbox 1522 2043 1606 2062; x_wconf 89' lang='lat' dir='ltr'>suam</span> <span class='ocrx_word' id='word_1_761' title='bbox 1626 2035 1791 2070; x_wconf 83' lang='lat' dir='ltr'>passivam,</span> 
     </span>
     <span class='ocr_line' id='line_1_95' title="bbox 1021 2081 1790 2117; baseline 0 -8"><span class='ocrx_word' id='word_1_762' title='bbox 1021 2082 1091 2117; x_wconf 87' lang='lat' dir='ltr'>quia</span> <span class='ocrx_word' id='word_1_763' title='bbox 1117 2090 1192 2117; x_wconf 89' lang='lat' dir='ltr'>quos</span> <span class='ocrx_word' id='word_1_764' title='bbox 1213 2081 1359 2108; x_wconf 86' lang='lat' dir='ltr'>illuminat</span> <span class='ocrx_word' id='word_1_765' title='bbox 1385 2081 1437 2109; x_wconf 78' lang='lat' dir='ltr'>lux</span> <span class='ocrx_word' id='word_1_766' title='bbox 1458 2081 1559 2108; x_wconf 78' lang='lat' dir='ltr'>divina</span> <span class='ocrx_word' id='word_1_767' title='bbox 1587 2081 1790 2116; x_wconf 82' lang='lat' dir='ltr'>effectualiter,</span> 
     </span>
     <span class='ocr_line' id='line_1_96' title="bbox 1021 2127 1791 2163; baseline -0.001 -8"><span class='ocrx_word' id='word_1_768' title='bbox 1021 2127 1236 2163; x_wconf 74' lang='lat' dir='ltr'>periectibiliter</span> <span class='ocrx_word' id='word_1_769' title='bbox 1250 2127 1405 2155; x_wconf 85' lang='lat' dir='ltr'>illuminati</span> <span class='ocrx_word' id='word_1_770' title='bbox 1419 2130 1495 2161; x_wconf 90' lang='lat' dir='ltr'>sunt,</span> <span class='ocrx_word' id='word_1_771' title='bbox 1507 2129 1536 2154; x_wconf 87' lang='lat' dir='ltr'>et</span> <span class='ocrx_word' id='word_1_772' title='bbox 1549 2127 1692 2162; x_wconf 85' lang='lat' dir='ltr'>quoniam</span> <span class='ocrx_word' id='word_1_773' title='bbox 1706 2127 1745 2154; x_wconf 90' lang='lat' dir='ltr'>ad</span> <span class='ocrx_word' id='word_1_774' title='bbox 1756 2127 1791 2154; x_wconf 89' lang='lat' dir='ltr'>il-</span> 
     </span>
     <span class='ocr_line' id='line_1_97' title="bbox 1022 2173 1735 2208; baseline -0.001 -8"><span class='ocrx_word' id='word_1_775' title='bbox 1022 2174 1229 2202; x_wconf 90' lang='lat' dir='ltr'>luminandum</span> <span class='ocrx_word' id='word_1_776' title='bbox 1243 2174 1362 2208; x_wconf 80' lang='lat' dir='ltr'>praefata</span> <span class='ocrx_word' id='word_1_777' title='bbox 1376 2173 1428 2200; x_wconf 77' lang='lat' dir='ltr'>lux</span> <span class='ocrx_word' id='word_1_778' title='bbox 1440 2173 1520 2200; x_wconf 87' lang='lat' dir='ltr'>venit</span> <span class='ocrx_word' id='word_1_779' title='bbox 1535 2173 1565 2200; x_wconf 89' lang='lat' dir='ltr'>in</span> <span class='ocrx_word' id='word_1_780' title='bbox 1579 2173 1735 2199; x_wconf 89' lang='lat' dir='ltr'>mundum.</span> 
     </span>
     <span class='ocr_line' id='line_1_98' title="bbox 1058 2218 1791 2255; baseline -0.003 -8"><span class='ocrx_word' id='word_1_781' title='bbox 1058 2222 1102 2247; x_wconf 73' lang='lat'>10.</span> <span class='ocrx_word' id='word_1_782' title='bbox 1129 2220 1264 2255; x_wconf 82' lang='lat' dir='ltr'>Sequitur</span> <span class='ocrx_word' id='word_1_783' title='bbox 1283 2229 1289 2246; x_wconf 92' lang='lat'>:</span> <span class='ocrx_word' id='word_1_784' title='bbox 1321 2221 1354 2246; x_wconf 83' lang='lat' dir='ltr'>In</span> <span class='ocrx_word' id='word_1_785' title='bbox 1381 2220 1478 2246; x_wconf 80' lang='lat' dir='ltr'>mundo</span> <span class='ocrx_word' id='word_1_786' title='bbox 1502 2221 1576 2250; x_wconf 79' lang='lat' dir='ltr'>erat,</span> <span class='ocrx_word' id='word_1_787' title='bbox 1599 2218 1709 2246; x_wconf 88' lang='lat' dir='ltr'>scilicet</span> <span class='ocrx_word' id='word_1_788' title='bbox 1729 2226 1791 2246; x_wconf 89' lang='lat' dir='ltr'>non</span> 
     </span>
     <span class='ocr_line' id='line_1_99' title="bbox 1023 2264 1792 2302; baseline 0 -9"><span class='ocrx_word' id='word_1_789' title='bbox 1023 2268 1054 2293; x_wconf 94' lang='lat' dir='ltr'>ut</span> <span class='ocrx_word' id='word_1_790' title='bbox 1068 2274 1151 2302; x_wconf 83' lang='lat' dir='ltr'>pars,</span> <span class='ocrx_word' id='word_1_791' title='bbox 1167 2266 1219 2292; x_wconf 88' lang='lat' dir='ltr'>sed</span> <span class='ocrx_word' id='word_1_792' title='bbox 1235 2268 1266 2292; x_wconf 91' lang='lat' dir='ltr'>ut</span> <span class='ocrx_word' id='word_1_793' title='bbox 1279 2265 1372 2292; x_wconf 74' lang='lat' dir='ltr'>factor</span> <span class='ocrx_word' id='word_1_794' title='bbox 1386 2272 1490 2299; x_wconf 87' lang='lat' dir='ltr'>regens</span> <span class='ocrx_word' id='word_1_795' title='bbox 1505 2273 1578 2300; x_wconf 85' lang='lat' dir='ltr'>quas</span> <span class='ocrx_word' id='word_1_796' title='bbox 1600 2264 1668 2292; x_wconf 84' lang='lat' dir='ltr'>fecit</span> <span class='ocrx_word' id='word_1_797' title='bbox 1681 2266 1792 2293; x_wconf 85' lang='lat' dir='ltr'>creatu-</span> 
     </span>
     <span class='ocr_line' id='line_1_100' title="bbox 1022 2310 1790 2347; baseline -0.004 -7"><span class='ocrx_word' id='word_1_798' title='bbox 1022 2320 1089 2346; x_wconf 81' lang='lat' dir='ltr'>ras3</span> <span class='ocrx_word' id='word_1_799' title='bbox 1117 2315 1145 2339; x_wconf 86' lang='lat' dir='ltr'>ct</span> <span class='ocrx_word' id='word_1_800' title='bbox 1168 2312 1215 2339; x_wconf 84' lang='lat' dir='ltr'>hic</span> <span class='ocrx_word' id='word_1_801' title='bbox 1236 2311 1389 2347; x_wconf 81' lang='lat' dir='ltr'>praesentia</span> <span class='ocrx_word' id='word_1_802' title='bbox 1413 2311 1591 2345; x_wconf 85' lang='lat' dir='ltr'>divinitatis,</span> <span class='ocrx_word' id='word_1_803' title='bbox 1613 2310 1653 2338; x_wconf 82' lang='lat' dir='ltr'>ait</span> <span class='ocrx_word' id='word_1_804' title='bbox 1680 2310 1790 2338; x_wconf 79' lang='lat' dir='ltr'>Glossa.</span> 
     </span>
     <span class='ocr_line' id='line_1_101' title="bbox 1024 2357 1791 2392; baseline -0.004 -6"><span class='ocrx_word' id='word_1_805' title='bbox 1024 2359 1092 2386; x_wconf 89' lang='lat' dir='ltr'>ldeo</span> <span class='ocrx_word' id='word_1_806' title='bbox 1107 2358 1242 2385; x_wconf 87' lang='lat' dir='ltr'>subditur</span> <span class='ocrx_word' id='word_1_807' title='bbox 1255 2366 1262 2384; x_wconf 90' lang='lat'>:</span> <span class='ocrx_word' id='word_1_808' title='bbox 1278 2359 1313 2384; x_wconf 79' lang='lat' dir='ltr'>Et</span> <span class='ocrx_word' id='word_1_809' title='bbox 1329 2357 1444 2384; x_wconf 81' lang='lat' dir='ltr'>mundus</span> <span class='ocrx_word' id='word_1_810' title='bbox 1456 2366 1506 2392; x_wconf 76' lang='lat' dir='ltr'>per</span> <span class='ocrx_word' id='word_1_811' title='bbox 1526 2359 1613 2391; x_wconf 80' lang='lat' dir='ltr'>ipsum</span> <span class='ocrx_word' id='word_1_812' title='bbox 1630 2358 1721 2390; x_wconf 78' lang='lat' dir='ltr'>fuctus</span> <span class='ocrx_word' id='word_1_813' title='bbox 1741 2360 1791 2384; x_wconf 79' lang='lat' dir='ltr'>est.</span> 
     </span>
     <span class='ocr_line' id='line_1_102' title="bbox 1023 2403 1792 2438; baseline -0.003 -7"><span class='ocrx_word' id='word_1_814' title='bbox 1023 2404 1091 2438; x_wconf 79' lang='lat' dir='ltr'>Vel,</span> <span class='ocrx_word' id='word_1_815' title='bbox 1105 2406 1135 2431; x_wconf 82' lang='lat' dir='ltr'>in</span> <span class='ocrx_word' id='word_1_816' title='bbox 1151 2404 1249 2431; x_wconf 81' lang='lat' dir='ltr'>mundo</span> <span class='ocrx_word' id='word_1_817' title='bbox 1260 2407 1321 2431; x_wconf 77' lang='lat' dir='ltr'>erat</span> <span class='ocrx_word' id='word_1_818' title='bbox 1335 2403 1499 2431; x_wconf 88' lang='lat' dir='ltr'>secundum</span> <span class='ocrx_word' id='word_1_819' title='bbox 1519 2403 1731 2430; x_wconf 81' lang='lat' dir='ltr'>humanitatem</span> <span class='ocrx_word' id='word_1_820' title='bbox 1746 2410 1792 2430; x_wconf 89' lang='lat' dir='ltr'>as-</span> 
     </span>
    </p>
   </div>
   <div class='ocr_carea' id='block_1_5' title="bbox 1023 2467 1793 2676">
    <p class='ocr_par' dir='ltr' id='par_1_30' title="bbox 1023 2467 1793 2676">
     <span class='ocr_line' id='line_1_103' title="bbox 1025 2467 1792 2499; baseline -0.001 -6"><span class='ocrx_word' id='word_1_821' title='bbox 1025 2469 1125 2498; x_wconf 69' lang='lat' dir='ltr'>MoraL,</span> <span class='ocrx_word' id='word_1_822' title='bbox 1149 2469 1193 2493; x_wconf 88' lang='lat' dir='ltr'>lib.</span> <span class='ocrx_word' id='word_1_823' title='bbox 1216 2470 1305 2499; x_wconf 73' lang='lat' dir='ltr'>XXVI,</span> <span class='ocrx_word' id='word_1_824' title='bbox 1319 2475 1342 2492; x_wconf 86' lang='lat' dir='ltr'>c.</span> <span class='ocrx_word' id='word_1_825' title='bbox 1360 2475 1420 2498; x_wconf 60' lang='lat' dir='ltr'>xiii,</span> <span class='ocrx_word' id='word_1_826' title='bbox 1438 2468 1460 2492; x_wconf 70' lang='lat'>21</span> <span class='ocrx_word' id='word_1_827' title='bbox 1490 2474 1552 2492; x_wconf 75' lang='lat' dir='ltr'>xvii.</span> <span class='ocrx_word' id='word_1_828' title='bbox 1570 2481 1600 2485; x_wconf 92' lang='lat'>—</span> <span class='ocrx_word' id='word_1_829' title='bbox 1617 2468 1637 2483; x_wconf 77' lang='lat'>¹⁶</span> <span class='ocrx_word' id='word_1_830' title='bbox 1651 2467 1792 2498; x_wconf 71' lang='lat' dir='ltr'>chrysost..</span> 
     </span>
     <span class='ocr_line' id='line_1_104' title="bbox 1027 2504 1791 2534; baseline 0 -7"><span class='ocrx_word' id='word_1_831' title='bbox 1027 2506 1233 2534; x_wconf 75' lang='lat' dir='ltr'>1&#39;11szn.‚hom.</span> <span class='ocrx_word' id='word_1_832' title='bbox 1249 2511 1295 2534; x_wconf 72' lang='lat' dir='ltr'>vn,</span> <span class='ocrx_word' id='word_1_833' title='bbox 1310 2505 1342 2528; x_wconf 82' lang='lat' dir='ltr'>al.</span> <span class='ocrx_word' id='word_1_834' title='bbox 1359 2511 1418 2534; x_wconf 72' lang='lat' dir='ltr'>viii,</span> <span class='ocrx_word' id='word_1_835' title='bbox 1430 2511 1456 2527; x_wconf 91' lang='lat' dir='ltr'>n.</span> <span class='ocrx_word' id='word_1_836' title='bbox 1472 2506 1493 2527; x_wconf 78' lang='lat'>1.</span> <span class='ocrx_word' id='word_1_837' title='bbox 1505 2516 1533 2520; x_wconf 82' lang='lat'>-</span> <span class='ocrx_word' id='word_1_838' title='bbox 1550 2504 1567 2519; x_wconf 82' lang='lat'>¹⁷</span> <span class='ocrx_word' id='word_1_839' title='bbox 1582 2504 1656 2533; x_wconf 59' lang='lat' dir='ltr'>Aug„</span> <span class='ocrx_word' id='word_1_840' title='bbox 1673 2504 1697 2525; x_wconf 80' lang='lat' dir='ltr'>iu</span> <span class='ocrx_word' id='word_1_841' title='bbox 1711 2504 1791 2534; x_wconf 58' lang='lat' dir='ltr'>loon„</span> 
     </span>
     <span class='ocr_line' id='line_1_105' title="bbox 1026 2538 1793 2570; baseline 0 -8"><span class='ocrx_word' id='word_1_842' title='bbox 1026 2542 1098 2563; x_wconf 71' lang='lat' dir='ltr'>tract.</span> <span class='ocrx_word' id='word_1_843' title='bbox 1115 2547 1149 2569; x_wconf 83' lang='grc' dir='ltr'>ιι,</span> <span class='ocrx_word' id='word_1_844' title='bbox 1167 2548 1192 2563; x_wconf 92' lang='lat' dir='ltr'>n.</span> <span class='ocrx_word' id='word_1_845' title='bbox 1208 2542 1231 2564; x_wconf 74' lang='lat'>7.</span> <span class='ocrx_word' id='word_1_846' title='bbox 1253 2553 1279 2557; x_wconf 88' lang='lat'>——</span> <span class='ocrx_word' id='word_1_847' title='bbox 1297 2541 1316 2556; x_wconf 76' lang='lat'>¹⁵</span> <span class='ocrx_word' id='word_1_848' title='bbox 1330 2541 1404 2570; x_wconf 59' lang='lat' dir='ltr'>Aug„</span> <span class='ocrx_word' id='word_1_849' title='bbox 1420 2538 1561 2566; x_wconf 66' lang='grc' dir='ltr'>ΕιιεΙιίνίιΙ.θ</span> <span class='ocrx_word' id='word_1_850' title='bbox 1576 2544 1666 2567; x_wconf 80' lang='lat' dir='ltr'>c.c!11,</span> <span class='ocrx_word' id='word_1_851' title='bbox 1678 2545 1704 2562; x_wconf 92' lang='lat' dir='ltr'>n.</span> <span class='ocrx_word' id='word_1_852' title='bbox 1717 2540 1793 2562; x_wconf 77' lang='lat'>27.—</span> 
     </span>
     <span class='ocr_line' id='line_1_106' title="bbox 1025 2573 1792 2605; baseline -0.001 -7"><span class='ocrx_word' id='word_1_853' title='bbox 1025 2576 1044 2590; x_wconf 79' lang='lat'>1&#39;</span> <span class='ocrx_word' id='word_1_854' title='bbox 1059 2576 1084 2598; x_wconf 81' lang='lat' dir='ltr'>td</span> <span class='ocrx_word' id='word_1_855' title='bbox 1098 2594 1105 2605; x_wconf 88' lang='lat'>,</span> <span class='ocrx_word' id='word_1_856' title='bbox 1119 2577 1148 2598; x_wconf 71' lang='lat' dir='ltr'>de</span> <span class='ocrx_word' id='word_1_857' title='bbox 1160 2575 1277 2599; x_wconf 70' lang='lat' dir='ltr'>Proedest.</span> <span class='ocrx_word' id='word_1_858' title='bbox 1290 2576 1384 2602; x_wconf 54' lang='lat' dir='ltr'>Senon,</span> <span class='ocrx_word' id='word_1_859' title='bbox 1398 2580 1456 2603; x_wconf 80' lang='lat' dir='ltr'>vni,</span> <span class='ocrx_word' id='word_1_860' title='bbox 1469 2575 1539 2596; x_wconf 71' lang='lat'>14.-</span> <span class='ocrx_word' id='word_1_861' title='bbox 1553 2574 1588 2603; x_wconf 80' lang='grc' dir='ltr'>(ιι)</span> <span class='ocrx_word' id='word_1_862' title='bbox 1601 2573 1661 2597; x_wconf 80' lang='lat' dir='ltr'>Coet.</span> <span class='ocrx_word' id='word_1_863' title='bbox 1674 2573 1734 2597; x_wconf 78' lang='lat' dir='ltr'>edit.</span> <span class='ocrx_word' id='word_1_864' title='bbox 1745 2580 1792 2597; x_wconf 81' lang='lat' dir='ltr'>non</span> 
     </span>
     <span class='ocr_line' id='line_1_107' title="bbox 1023 2607 1793 2640; baseline -0.001 -7"><span class='ocrx_word' id='word_1_865' title='bbox 1023 2610 1113 2633; x_wconf 80' lang='lat' dir='ltr'>haben!</span> <span class='ocrx_word' id='word_1_866' title='bbox 1131 2611 1164 2633; x_wconf 84' lang='lat' dir='ltr'>ibi</span> <span class='ocrx_word' id='word_1_867' title='bbox 1180 2618 1185 2634; x_wconf 91' lang='lat'>:</span> <span class='ocrx_word' id='word_1_868' title='bbox 1202 2611 1243 2634; x_wconf 79' lang='lat' dir='ltr'>Et.</span> <span class='ocrx_word' id='word_1_869' title='bbox 1261 2623 1292 2628; x_wconf 91' lang='lat'><em>-</em></span> <span class='ocrx_word' id='word_1_870' title='bbox 1305 2609 1339 2640; x_wconf 87' lang='lat' dir='ltr'>(b)</span> <span class='ocrx_word' id='word_1_871' title='bbox 1363 2609 1433 2640; x_wconf 75' lang='lat' dir='ltr'>Vuly.</span> <span class='ocrx_word' id='word_1_872' title='bbox 1452 2615 1536 2638; x_wconf 89' lang='lat' dir='ltr'>super.</span> <span class='ocrx_word' id='word_1_873' title='bbox 1553 2622 1583 2626; x_wconf 91' lang='lat'>—</span> <span class='ocrx_word' id='word_1_874' title='bbox 1604 2608 1631 2637; x_wconf 82' lang='lat' dir='ltr'>(c)</span> <span class='ocrx_word' id='word_1_875' title='bbox 1654 2607 1698 2632; x_wconf 74' lang='lat' dir='ltr'>Al.</span> <span class='ocrx_word' id='word_1_876' title='bbox 1716 2608 1793 2632; x_wconf 85' lang='lat' dir='ltr'>ibi.—</span> 
     </span>
     <span class='ocr_line' id='line_1_108' title="bbox 1025 2643 1578 2676; baseline 0 -8"><span class='ocrx_word' id='word_1_877' title='bbox 1025 2645 1064 2675; x_wconf 79' lang='lat' dir='ltr'>(d)</span> <span class='ocrx_word' id='word_1_878' title='bbox 1080 2646 1139 2668; x_wconf 65' lang='lat' dir='ltr'>llum</span> <span class='ocrx_word' id='word_1_879' title='bbox 1158 2645 1233 2670; x_wconf 89' lang='lat' dir='ltr'>ullus.</span> <span class='ocrx_word' id='word_1_880' title='bbox 1251 2658 1283 2663; x_wconf 92' lang='lat'>—-</span> <span class='ocrx_word' id='word_1_881' title='bbox 1296 2646 1327 2676; x_wconf 84' lang='lat' dir='ltr'>(e)</span> <span class='ocrx_word' id='word_1_882' title='bbox 1341 2645 1402 2668; x_wconf 75' lang='lat' dir='ltr'>Item</span> <span class='ocrx_word' id='word_1_883' title='bbox 1416 2643 1578 2668; x_wconf 83' lang='lat' dir='ltr'>illuminatus.</span> 
     </span>
    </p>
   </div>
   <div class='ocr_carea' id='block_1_6' title="bbox 1977 1730 1987 2313">
    <p class='ocr_par' dir='ltr' id='par_1_31' title="bbox 1977 1730 1987 2313">
     <span class='ocr_line' id='line_1_109' title="bbox 1977 1730 1987 2313; textangle 90"><span class='ocrx_word' id='word_1_884' title='bbox 1977 1792 1987 2313; x_wconf 59' lang='lat'>-4-——-—-———-——</span> <span class='ocrx_word' id='word_1_885' title='bbox 1980 1730 1987 1773; x_wconf 68' lang='lat'>..-</span> 
     </span>
    </p>
   </div>
  </div>
 </body>
</html>
