1987 3032
181 218 239 247 606
686 209 950 241 COLLATIONES
975 208 1264 242 PRAEDICABILES

183 281 267 317 quod
285 279 387 307 invitat
410 277 496 305 Filius
524 277 583 304 Dei.
608 278 638 303 10
665 278 760 311 rigui-u
793 277 798 291 ¹
822 285 828 302 z
850 287 863 301 a
883 275 953 302 Veni

184 334 299 354 mecum
325 326 356 352 ut
384 323 546 359 prandeas,
573 324 600 349 ct
620 322 698 349 dabo
717 322 768 349 tibi
789 330 920 349 munera.
938 332 952 347 »

183 371 365 400 ²‹1Comedile
374 378 479 405 panem
490 369 649 396 moulan-³«
659 368 817 401 comedite,
829 367 950 401 a1nici‚»

183 418 291 445 scilicet
305 416 341 443 de
364 415 489 452 prandio
503 413 663 449 prfedieto,
691 413 751 440 sive
770 413 806 440 de
830 420 953 448 corpore

182 465 247 491 Jesu
262 462 365 490 Christi
380 472 387 497 3
408 472 420 487 «
437 463 464 488 et
477 460 579 492 bibite,
593 470 605 484 »
623 459 731 486 scilicet
745 459 781 486 de
794 459 952 493 sanguine3

188 519 201 535 «
221 512 248 537 et
263 507 460 540 inebriamini,
477 517 490 532 »
507 505 665 533 alienando
680 513 733 532 vos
746 505 784 532 ab
801 505 880 532 omni
896 504 955 532 alia

185 555 388 583 delectatione.
413 553 456 580 Ad
477 552 554 579 istud
579 551 738 587 prandium
764 559 824 578 non
846 550 955 578 debent

184 601 300 634 venire,
322 599 377 627 nisi
397 599 447 634 qni
467 606 497 625 se
518 599 757 633 praeparaverunt
777 606 783 623 ι
804 597 871 624 idco
891 597 953 624 ait:

188 648 292 680 Venite,
307 645 416 673 scilieet
429 644 574 671 elevando
590 651 642 671 vos
659 643 696 670 ab
717 651 817 670 amore
835 643 954 670 inferio-

186 701 251 720 rum
265 713 273 726 ,
290 694 317 718 et
334 690 524 718 sublimando
545 690 582 716 ad
600 697 733 717 amorem
758 689 953 724 superiorum.

186 741 218 766 Ut
243 738 321 766 enim
347 737 385 764 ait
409 736 585 771 Augustinus
613 735 622 750 ‘⁴
649 745 656 762 ε
680 745 693 760 «
721 738 797 763 lmus
816 735 845 762 in
866 736 955 761 Deum

185 792 245 812 nou
267 782 465 816 ambulando,
482 782 533 809 sed
549 781 678 809 amando
690 802 697 814 ,
717 781 787 816 quia
807 780 845 808 ad
868 782 956 807 Deum

186 831 242 858 itur
260 837 321 857 non
335 828 472 864 pedibuS,
489 827 541 854 sed
555 827 698 854 moribus.
716 837 728 851 n
751 826 793 854 Illi
816 834 885 860 ergo
906 826 957 861 qui

187 876 326 910 elongant
337 882 367 901 se
384 874 421 901 ab
437 881 537 901 amore
551 873 732 905 inferiorum,
747 875 774 899 et
789 872 904 898 elevant
919 871 957 898 ad

187 929 317 949 amorem
331 927 542 956 supernorum,
559 921 591 946 ut
610 918 778 945 reficiantur
797 917 898 944 divina
916 925 959 944 re-

187 967 310 995 sectione
338 967 367 993 in
395 965 563 1001 supradicto
590 964 737 1000 prandio,
768 963 891 990 veniunt
921 963 959 990 ad

187 1012 395 1049 prandendum
427 1019 494 1038 cum
517 1010 640 1038 Christo.
660 1011 669 1026 ⁵
692 1009 818 1036 «Venite
843 1009 881 1035 ad
900 1016 958 1042 me,

190 1067 292 1086 omnes
307 1058 357 1093 qui
372 1057 531 1090 laboratis,
548 1058 576 1083 et
589 1064 644 1090 ego
659 1055 789 1083 reficiam
805 1063 868 1082 vos.
886 1066 897 1079 n
916 1054 961 1081 Sic

190 1105 268 1132 enim
292 1104 392 1132 venire
415 1105 457 1131 est
481 1102 657 1138 praeparari,
681 1104 712 1128 ut
732 1101 882 1128 venientes
906 1100 962 1127 sint

191 1150 272 1185 digni
296 1150 346 1177 tali
369 1149 495 1185 prandio
521 1148 626 1175 deifico
646 1149 655 1164 ¹³
677 1158 684 1174 :
717 1158 730 1173 u
755 1146 830 1174 Beati
851 1146 901 1181 qui
923 1146 962 1173 ad

191 1205 305 1224 eoenam
327 1196 497 1231 nuptiarum
516 1194 584 1229 agni
608 1194 703 1222 vocati
723 1196 799 1220 sunt.
821 1203 834 1219 »
858 1195 890 1220 Et
909 1192 962 1219 ibi-

192 1243 260 1270 dem
288 1244 298 1260 ⁷
319 1252 326 1270 :
353 1252 365 1268 «
386 1244 461 1269 Uxor
481 1242 544 1275 ejus
559 1240 737 1276 praeparavit
755 1248 784 1267 se
797 1261 806 1273 ,
824 1249 837 1265 »
869 1239 899 1265 id
922 1240 964 1266 est

192 1289 328 1316 Ecclesia.
344 1290 406 1316 Non
422 1287 548 1315 venienti
563 1288 662 1314 autem
676 1286 716 1313 sic
732 1287 834 1320 parato
853 1284 964 1311 dicetur

192 1335 267 1362 illud
295 1335 305 1351 ⁸
323 1344 331 1361 .·
352 1344 365 1359 η
387 1333 542 1367 Quomodo
562 1333 619 1359 huc
645 1332 754 1359 intrasti
772 1339 833 1358 non
851 1330 965 1357 habens

194 1382 303 1407 vestem
318 1379 480 1414 nuptialem
499 1380 513 1405 ἰ)
528 1388 541 1403 1)
562 1377 697 1405 Similiter
714 1377 750 1404 dc
775 1384 836 1403 non
854 1384 964 1411 praepa-

194 1425 327 1453 rantibus
347 1433 376 1452 50
398 1427 430 1452 01
450 1424 569 1451 veniant
587 1424 627 1450 sic
644 1424 676 1450 ⁹:
697 1433 710 1448 »
730 1425 822 1450 Homo
842 1421 964 1456 quidam

196 1472 261 1499 fecit
285 1479 398 1499 coenam
422 1478 571 1505 magnam.
604 1480 617 1495 »
646 1471 678 1496 Et
704 1468 835 1503 sequitur
860 1467 900 1494 ibi
928 1467 965 1494 de

195 1515 411 1547 excusantibus,
428 1523 464 1541 ne
484 1514 634 1546 venirent,
657 1513 693 1540 de
713 1512 821 1547 quibus
840 1511 881 1538 ibi
900 1513 967 1538 Gre-

195 1562 294 1597 gorius
317 1562 337 1579 ¹⁰
362 1561 547 1588 sufficienter.
578 1562 654 1586 Patet
672 1567 741 1593 ergo
761 1557 877 1592 prandii
897 1557 967 1583 deli·

197 1609 329 1642 ciositas,
350 1607 412 1634 Filii
432 1607 479 1634 Dei
501 1606 647 1633 invitantis
666 1604 826 1638 curialitas,
849 1603 967 1630 venien-

198 1655 268 1682 tium
284 1654 321 1681 ad
336 1653 494 1689 prandium
511 1652 612 1679 debita
626 1649 799 1678 virtuositas.

318 1734 431 1759 Collatia
451 1733 638 1765 noyzaqesima,
657 1738 717 1764 xm,
742 1731 791 1763 15,
814 1730 854 1756 1⁴3.

233 1807 323 1834 Simon
345 1807 471 1840 Joanm's,
488 1806 582 1840 clilz'qz's
605 1808 666 1831 me?
682 1804 763 1831 Pasce
787 1810 867 1837 agnos
889 1809 968 1829 meos.

198 1852 486 1887 Quaeverbasupplet
495 1851 671 1886 Augustinus
684 1855 701 1871 ¹¹
713 1859 737 1876 2«
747 1851 833 1882 Quam
841 1848 950 1875 diceret
962 1857 968 1874 :

199 1900 226 1926 Si
247 1907 294 1926 me
310 1898 423 1933 diligis,
439 1905 500 1924 non
521 1899 549 1924 te
564 1904 683 1932 pascere
699 1896 811 1929 cogita,
827 1894 879 1921 sed
901 1902 971 1921 oves

200 1953 289 1972 meas.
300 1955 313 1970 n
333 1946 363 1971 Et
382 1943 545 1970 secundum
559 1943 616 1970 1100
630 1942 684 1969 tria
698 1941 744 1968 hic
755 1962 763 1975 ,
782 1948 847 1976 quae
862 1940 971 1966 debent

200 1999 261 2018 esse
275 1991 305 2018 in
315 1990 440 2026 praelatis
452 1999 458 2017 ε
476 1997 603 2025 quorum
615 1988 745 2024 primum
759 1987 823 2014 vitae
833 1985 970 2021 perfectio

201 2040 257 2071 est,
275 2039 303 2064 et
316 2037 456 2064 virtutum
476 2035 652 2068 multitudo,
668 2034 725 2061 ibi:
742 2034 971 2066 Simcmommz's,

201 2085 229 2110 et
242 2083 299 2110 hoe
320 2083 350 2110 in
374 2084 464 2116 5101ος
483 2081 647 2108 secundum
671 2082 712 2107 est
733 2079 838 2106 fervidi
862 2078 972 2106 amoris

201 2129 319 2156 relectio
330 2149 338 2162 ,
354 2128 394 2155 ibi
412 2137 418 2154 ε
436 2129 536 2161 Diligis
551 2135 607 2158 me,
622 2128 649 2153 et
663 2126 719 2153 hoe
733 2125 763 2152 in
779 2124 900 2158 affectu3
918 2126 972 2151 ter-

202 2175 275 2202 tium
309 2177 351 2202 est
386 2173 553 2201 animarum
591 2171 813 2199 commissarum
848 2169 973 2197 salubris

236 2254 240 2269 ¹
259 2254 288 2277 lit
307 2253 373 2283 neq„
386 2259 443 2282 xiii,
458 2254 481 2276 7.
495 2265 525 2269 —
541 2252 548 2265 ²
562 2251 774 2281 P1·0v.,1x,=·;.-—
790 2250 800 2266 ³
811 2249 894 2277 Cant„
911 2254 935 2278 ν,
950 2250 971 2272 1.

203 2290 252 2307 —⁴
269 2290 384 2318 August„
403 2288 436 2311 ael
453 2288 555 2313 Maced..
572 2287 645 2317 epist.
662 2292 713 2316 ιιι,
731 2286 762 2309 nl.
778 2291 834 2314 CLV,
850 2292 876 2308 n.
894 2286 931 2307 13.
946 2296 973 2300 —-

205 2325 213 2338 ⁵
227 2324 326 2351 Mamm,
351 2329 386 2351 xl,
406 2324 444 2346 28.
466 2335 495 2340 -—
514 2322 524 2338 ⁶
543 2322 627 2351 Apoc„
652 2327 712 2349 xix,
735 2322 758 2344 9.
775 2333 800 2337 „-
825 2320 834 2336 Ἴ
861 2319 933 2348 lbid.,
949 2320 972 2342 Τ.

204 2373 235 2377 -
260 2359 270 2375 ⁸
284 2359 386 2387 Mami„
410 2365 480 2388 xxti,
498 2360 532 2381 12.
551 2371 575 2374 »-
595 2360 603 2372 '³
622 2357 687 2387 Luc„
712 2362 765 2386 xw,
790 2358 815 2379 16
831 2357 856 2379 et
874 2362 927 2385 seq.
944 2367 973 2372 -—

206 2395 227 2411 ¹⁰
241 2396 326 2424 Greg.,
344 2394 368 2416 in
385 2395 491 2423 Evzmy„
508 2393 578 2416 hom.
597 2398 691 2421 xxxvl,
709 2399 734 2415 11.
753 2393 800 2414 ῑῐ-ῑί.
817 2404 846 2408 -
868 2392 882 2404 ¹¹
899 2392 974 2419 Aug„

206 2432 276 2453 tract.
294 2435 385 2457 cxxiii,
403 2436 428 2451 11.
449 2430 472 2451 5.
489 2442 514 2445 ἡ
536 2428 554 2443 ¹²
570 2429 630 2452 Haec
647 2427 820 2457 interpretatio
840 2432 892 2449 uon
913 2432 974 2455 qua-

206 2465 262 2488 drat
282 2471 339 2487 eum
359 2463 494 2493 Evangelio
513 2463 631 2492 Joannis,
649 2463 675 2485 iu
696 2469 746 2492 qno
765 2461 864 2492 legitur,
882 2466 903 2490 1,
923 2461 952 2482 42
968 2467 972 2483 :

208 2500 239 2523 Τιι
256 2500 379 2523 vocaberis
394 2498 497 2527 clephas,
511 2498 576 2528 quod
590 2499 768 2528 inlenjirelulm·
783 2498 878 2519 Petrus.
896 2496 974 2518 Porro

207 2535 295 2558 Petrus
315 2542 367 2558 nou
393 2536 480 2564 vaput,
498 2533 541 2556 scd
560 2534 656 2563 petram
678 2532 810 2563 siguificat.
836 2530 974 2554 Dicendum

207 2570 282 2599 Igitur
293 2572 408 2600 superest
420 2575 513 2592 nomeu
525 2568 619 2598 Cephas
632 2568 692 2591 oriri
704 2576 718 2592 a
730 2574 793 2591 voce
805 2567 887 2590 chald.
901 2565 976 2604 822,

209 2618 323 2649 Cephah‚
348 2618 444 2641 scilicet
461 2619 543 2647 petra.
564 2629 594 2634 —
616 2618 633 2630 ¹³
654 2618 672 2639 A
694 2617 771 2640 verbo
793 2614 866 2639 hebr.
889 2614 974 2653 Ώῷζ),

1010 275 1136 309 affectio,
1153 276 1194 303 ibi
1207 285 1213 304 :
1232 278 1312 304 Pasce
1325 285 1406 311 equos
1419 285 1498 312 meos,
1512 279 1540 305 et
1552 278 1609 305 hoc
1621 278 1652 304 in
1665 277 1780 305 effectu.

1046 322 1098 348 Per
1122 323 1239 349 Petrum
1259 330 1328 357 ergo
1353 323 1484 357 signatur
1504 323 1640 358 praelatus
1655 323 1684 350 in
1707 325 1782 351 statu

1010 366 1154 401 perfectus
1176 376 1182 394 :
1209 367 1263 394 suit
1286 368 1364 395 enim
1393 370 1492 396 Petrus
1517 369 1755 404 quadrinominis
1774 377 1781 396 :

1011 412 1164 440 dicebatur
1179 413 1257 440 enim
1269 414 1381 448 cephas,
1395 422 1430 441 00
1443 415 1524 450 quod
1540 416 1568 442 in
1584 415 1678 450 eapite
1693 417 1783 450 Apos-

1011 459 1139 486 tolorum
1148 460 1232 487 suerit
1242 460 1411 488 constitutus
1423 470 1429 488 :
1441 462 1532 495 κεῳπλὴ
1540 464 1627 497 00001
1638 461 1743 488 dicitur
1752 460 1780 488 ¹².

1011 505 1081 531 Item
1102 505 1254 533 dicebatur
1273 506 1373 533 Simon
1385 527 1393 540 ,
1409 507 1491 541 quod
1507 507 1707 542 interpretatur
1730 514 1782 534 au-

1012 550 1094 577 dieus
1123 552 1143 567 ¹³
1163 551 1209 578 vel
1232 552 1384 579 obediens.
1412 554 1481 580 ltem
1505 552 1656 580 dicebatur
1674 554 1782 586 Petrus,

1012 596 1092 631 quod
1118 597 1322 632 interpretatur
1344 606 1484 631 agnoscens
1503 599 1532 625 ¹⁸.
1549 599 1581 625 Et
1600 597 1700 625 Simon
1717 599 1783 625 Bar-

1008 641 1094 675 jona,
1111 642 1193 677 quod
1209 643 1289 670 idem
1305 645 1347 670 est
1362 643 1444 678 quod
1458 645 1533 678 filius
1548 645 1671 671 columboe
1682 644 1720 678 ¹⁶5
1735 643 1784 671 vel

1012 687 1092 714 idem
1115 688 1196 723 quod
1216 690 1307 716 Simon
1327 690 1441 716 loannis
1461 690 1625 717 secundum
1648 690 1731 717 alios.
1752 691 1784 717 Et

1013 733 1050 760 de
1072 733 1117 760 his
1137 733 1263 761 Isidorus
1278 734 1307 761 ¹⁶.
1331 736 1362 762 Et
1380 743 1432 770 per
1450 735 1517 762 istas
1535 735 1712 763 differentias
1731 742 1785 763 no-

1013 778 1099 805 minis
1107 782 1229 814 possunt
1243 780 1362 814 figurari
1375 783 1501 816 quatuor
1517 789 1582 816 quae
1597 781 1707 809 debent
1721 789 1784 809 esse

1013 825 1042 851 in
1057 825 1194 859 praelatis,
1209 826 1317 853 scilicet
1331 826 1397 853 vitae
1411 827 1568 854 eminentia
1583 836 1589 854 :
1605 828 1624 846 ¹⁷
1637 827 1673 854 de
1688 826 1783 861 Saule,

1015 870 1094 905 quod
1114 880 1126 895 «
1145 871 1213 898 Saul
1227 871 1313 899 altior
1335 871 1389 898 fuit
1409 873 1546 900 universo
1570 873 1722 908 populo.»
1739 873 1786 901 Se-

1015 916 1146 944 cundum
1173 919 1214 944 est
1236 917 1385 945 humilitas
1401 918 1576 946 obedientiae
1596 928 1602 946 :
1620 919 1639 939 ¹⁸
1656 929 1669 944 t(
1683 921 1784 947 Nonne

1016 969 1082 988 cum
1095 962 1236 998 parvulus
1251 971 1337 994 esses,
1353 964 1444 991 sactus
1459 972 1489 991 es
1504 967 1590 1000 caput
1605 965 1634 992 in
1649 965 1786 992 tribubus

1016 1008 1102 1035 lsrael
1124 1010 1138 1034 ἰ)
1159 1018 1171 1033 1)
1199 1009 1324 1036 Tertium
1348 1012 1390 1036 cst
1417 1010 1532 1037 claritas
1565 1011 1762 1046 intelligentiae
1775 1020 1784 1045 ;

1017 1054 1095 1082 unde
1111 1055 1147 1082 ¹⁹:
1163 1065 1175 1080 «
1189 1055 1262 1088 Quia
1276 1057 1306 1082 tu
1322 1056 1472 1083 scientiam
1487 1057 1630 1092 repulisti,
1644 1056 1787 1092 repellam

1017 1110 1072 1136 ego
1090 1104 1125 1136 te,
1141 1110 1178 1129 nc
1194 1102 1358 1130 sacerdotio
1370 1102 1502 1137 fungaris
1516 1103 1598 1130 mihi.
1614 1113 1627 1128 n
1645 1105 1787 1136 Quartum

1017 1150 1059 1174 est
1082 1148 1251 1183 simplicitas
1278 1148 1470 1182 innocentum
1501 1149 1580 1176 unde
1609 1149 1720 1177 dictum
1746 1151 1789 1177 est

1019 1193 1199 1228 discipulis20
1213 1204 1238 1219 2«
1249 1196 1342 1222 Estote
1358 1194 1506 1229 simplices
1520 1195 1593 1222 sicut
1607 1195 1761 1223 columbae.
1772 1206 1785 1220 n

1019 1240 1072 1272 Qui
1097 1240 1174 1266 enim
1193 1240 1257 1267 talis
1278 1242 1335 1273 est,
1355 1242 1397 1267 est
1418 1242 1516 1267 Petrus
1543 1241 1745 1276 spiritualiter,
1761 1243 1790 1269 et

1019 1287 1113 1320 potest
1135 1294 1197 1313 esse
1217 1294 1366 1313 successor
1385 1295 1391 1313 z
1416 1288 1444 1313 et
1463 1286 1527 1314 talis
1553 1286 1641 1314 debet
1667 1287 1789 1322 diligere

1020 1333 1126 1364 Deum,
1142 1339 1203 1359 non
1225 1332 1364 1367 seipsum.
1387 1332 1467 1358 Unde
1489 1333 1664 1366 Augustinus
1677 1332 1724 1360 hic
1740 1333 1763 1351 ²¹
1779 1343 1786 1361 :

1022 1387 1035 1402 «
1050 1377 1077 1405 Si
1097 1377 1195 1412 diligis
1214 1386 1279 1412 me,
1295 1385 1383 1413 pasce
1405 1385 1476 1405 oves
1494 1386 1591 1412 01005,
1608 1386 1669 1406 non
1691 1381 1789 1406 autem

1020 1425 1102 1457 tuas3
1119 1423 1245 1457 gloriam
1266 1431 1363 1450 meam
1384 1431 1497 1458 quaere,
1517 1431 1577 1451 non
1592 1425 1692 1459 tuam3
1708 1424 1790 1453 luera

1021 1474 1096 1503 mea,
1113 1477 1173 1496 non
1184 1470 1243 1496 tua.
1255 1480 1267 1494 »
1287 1471 1350 1497 Haec
1366 1470 1424 1497 ille.
1442 1470 1560 1498 Dilectio
1573 1471 1652 1498 enim
1667 1478 1734 1498 mea
1748 1473 1790 1499 est

1021 1515 1156 1542 voluntas
1180 1515 1218 1542 ad
1238 1515 1397 1542 fruendum
1418 1516 1531 1551 aliquid
1554 1518 1711 1552 appetens,
1729 1517 1790 1544 sive

1021 1562 1131 1587 tenens.
1148 1561 1191 1588 Ait
1207 1562 1382 1596 Augustinus
1398 1561 1420 1578 2²
1434 1570 1460 1588 :a
1473 1564 1576 1589 Amare
1591 1570 1653 1589 rem
1668 1565 1710 1589 est
1724 1570 1790 1589 eam

1021 1609 1141 1642 propter
1161 1616 1191 1634 se
1212 1611 1384 1643 appetere.»
1402 1610 1433 1635 Et
1456 1608 1536 1635 idem
1556 1609 1732 1643 Augustinus
1744 1609 1788 1636 ²³:

1025 1655 1152 1679 «Amare
1168 1655 1256 1680 Deum
1272 1653 1371 1688 gratis,
1381 1655 1424 1680 est
1437 1654 1495 1680 alia
1504 1656 1610 1688 praeter
1620 1654 1716 1690 ipsum
1730 1662 1791 1681 non

1023 1701 1174 1734 expectare
1189 1699 1278 1726 bona.
1293 1710 1306 1723 ι)
1323 1699 1451 1732 Qualiter
1466 1701 1565 1726 autem
1579 1701 1651 1727 Deus
1665 1700 1792 1735 diligen-

1024 1744 1097 1779 dus,
1111 1752 1201 1780 supra
1214 1745 1238 1762 ²⁴
1258 1753 1263 1771 :
1283 1745 1334 1772 «Si
1350 1745 1416 1780 quis
1434 1745 1527 1780 diligit
1541 1753 1605 1779 me,
1625 1754 1792 1774 sermonem

1023 1798 1123 1817 meum
1137 1790 1300 1817 servabit.»
1316 1792 1349 1818 Ut
1364 1791 1442 1818 euim
1457 1791 1496 1818 ait
1509 1791 1662 1827 Dionysius
1672 1791 1710 1819 ²⁵:
1722 1802 1735 1816 «
1746 1793 1793 1819 Est

1024 1837 1102 1863 enim
1115 1836 1237 1863 ecstasin
1251 1836 1360 1863 faciens
1374 1836 1492 1864 divinus
1507 1845 1602 1871 amor,
1617 1845 1678 1865 non
1693 1837 1791 1866 dimit-

1024 1884 1086 1910 tens
1099 1883 1144 1910 501
1159 1883 1250 1918 105105
1263 1883 1300 1919 (a)
1310 1885 1466 1916 amatores,
1482 1883 1535 1910 sed
1549 1885 1747 1911 amatorum.»
1759 1884 1792 1911 Et

1025 1929 1095 1964 quia
1108 1928 1148 1956 sic
1163 1929 1323 1956 amantium
1340 1930 1446 1961 Deum,
1460 1929 1521 1956 sive
1536 1929 1736 1964 diligentium,
1752 1931 1795 1957 est

1024 1982 1143 2010 pascere
1163 1983 1233 2002 oves
1259 1975 1393 2008 Domini,
1414 1983 1487 2010 quas
1506 1975 1630 2002 redemit
1652 1975 1794 2010 sanguine

1025 2028 1079 2048 suo
1092 2030 1100 2054 3
1119 2020 1187 2047 ideo
1203 2021 1335 2056 sequitur
1350 2020 1398 2047 hic
1419 2030 1426 2047 ε
1443 2022 1522 2048 Pasce
1537 2029 1619 2055 agnos
1632 2029 1718 2055 meos,
1733 2020 1793 2047 sive

1025 2076 1101 2100 oves‚·
1116 2067 1147 2094 id
1159 2069 1219 2095 est:
1235 2067 1261 2095 Si
1277 2067 1377 2102 diligis
1391 2074 1452 2101 me,
1468 2074 1555 2102 pasce
1571 2067 1636 2094 illas
1647 2088 1656 2101 ,
1670 2067 1743 2094 sicut
1754 2066 1795 2094 ait

1026 2113 1202 2148 Augustinus
1210 2112 1332 2140 homilia
1341 2113 1417 2140 dicta
1427 2113 1458 2139 2⁶.
1469 2114 1501 2140 Et
1507 2111 1527 2129 ²⁷
1542 2122 1568 2139 z«
1578 2114 1675 2140 Petrus
1683 2121 1750 2140 cum
1764 2120 1794 2139 se

1026 2167 1126 2186 amare
1139 2158 1348 2195 respondisset,
1362 2158 1474 2186 audivit
1485 2168 1491 2185 ι
1502 2158 1532 2185 Si
1543 2159 1639 2193 diligis
1653 2167 1703 2193 me,
1716 2165 1796 2193 pasce

1027 2242 1158 2271 Schamah,
1174 2242 1198 2265 id
1214 2244 1260 2271 est,
1275 2240 1380 2264 audivit.
1393 2254 1423 2259 —
1436 2241 1455 2257 ¹⁸
1467 2241 1581 2269 Mluime,
1598 2241 1641 2264 sed
1655 2243 1736 2272 petra,
1751 2247 1796 2265 seu

1027 2285 1107 2308 rupes.
1125 2290 1155 2295 —
1179 2277 1196 2293 ¹⁵
1213 2277 1250 2299 Ab
1271 2276 1343 2299 hebr.
1371 2276 1424 2299 sive
1457 2276 1540 2299 chald.
1558 2276 1614 2305 52,
1632 2277 1692 2307 Bar,
1712 2276 1737 2300 id
1759 2277 1798 2300 est.

1027 2326 1110 2357 filius,
1133 2328 1158 2350 et
1181 2325 1253 2364 ἶἹέῬ,
1278 2324 1364 2354 lonast,
1385 2324 1408 2348 id
1431 2327 1469 2348 esi
1490 2324 1613 2348 columba.
1635 2338 1665 2342 —
1689 2325 1706 2341 ’θ
1727 2324 1796 2355 isid„

1028 2370 1148 2401 Etyma„
1172 2370 1215 2393 lib.
1243 2369 1303 2398 vti,
1326 2375 1349 2391 e.
1374 2374 1410 2392 tx.
1434 2381 1460 2385 —-
1488 2368 1507 2384 ¹⁷
1533 2369 1539 2391 l
1566 2369 1634 2399 neq„
1654 2375 1687 2399 x,
1709 2369 1748 2392 23.
1767 2380 1798 2386 —-·

1029 2405 1065 2429 ¹⁸¹
1084 2406 1150 2435 Rey„
1167 2411 1208 2434 xv,
1224 2405 1259 2428 Π.
1275 2416 1305 2420 —-
1319 2404 1339 2419 ¹⁹
1357 2403 1470 2433 Ose.,1v,
1486 2405 1509 2426 G.
1524 2416 1553 2420 —
1568 2404 1588 2420 ²⁰
1603 2403 1702 2433 Mateta„
1718 2408 1743 2433 x,
1760 2403 1797 2426 16.

1031 2454 1056 2457 —
1075 2441 1090 2456 ²¹
1105 2442 1179 2469 Aug„
1196 2439 1238 2463 ubi
1254 2446 1308 2469 sup.
1327 2451 1352 2455 -
1369 2439 1389 2454 ²³
1403 2442 1477 2469 1108.ν
1496 2438 1611 2469 Soliloq.,
1626 2438 1669 2462 lib.
1683 2438 1703 2468 1,
1716 2444 1742 2462 n.
1758 2438 1797 2467 22,

1029 2476 1112 2506 quoad
1134 2482 1245 2499 sensum.
1264 2487 1289 2491 —
1310 2474 1330 2490 ’ὦ
1348 2474 1396 2504 1ι1.,
1412 2473 1441 2496 de
1458 2473 1524 2497 verb.
1545 2475 1639 2504 Apost..
1658 2480 1734 2498 serm.
1747 2477 1798 2503 vu,

1029 2512 1062 2535 al.
1082 2516 1156 2540 cmv,
1178 2517 1203 2534 0.
1226 2511 1248 2534 4.
1271 2522 1299 2526 —
1321 2509 1339 2524 ⁹⁸
1361 2509 1442 2539 Joan„
1461 2514 1514 2539 xiv,
1530 2511 1567 2532 23.
1583 2522 1614 2526 -
1632 2510 1650 2525 ²⁵
1667 2508 1750 2535 Dion..
1770 2506 1800 2531 de

1032 2547 1088 2569 Diu.
1101 2546 1182 2576 Nom,
1195 2553 1216 2569 0.
1231 2552 1266 2574 iv,
1281 2546 1386 2568 0.13,-
1399 2544 1418 2560 ²⁶
1430 2546 1503 2574 Aug„
1514 2546 1586 2568 tract.
1597 2549 1691 2574 exigui,
1703 2551 1730 2568 n.
1743 2545 1800 2567 5.-

1030 2582 1048 2597 Ὴ
1059 2582 1136 2606 Cone.
1148 2581 1297 2612 Aquisgren.
1308 2587 1349 2603 an.
1365 2581 1420 2609 816,
1429 2579 1472 2603 lib.
1487 2580 1504 2610 l,
1517 2585 1612 2609 e.xv11,
1624 2586 1656 2603 ex
1666 2579 1796 2611 Gregorio.

1062 2628 1095 2658 (a)
1106 2628 1161 2658 Leq.
1174 2628 1297 2657 ipsorum,
1308 2627 1368 2658 quin
1379 2628 1427 2650 imo
1437 2626 1535 2650 consule
1545 2633 1649 2658 qroecam
1663 2626 1798 2650 lectionem.
