1987 3032
716 195 756 226 IN
777 194 864 225 CAP.
886 195 939 227 XX
959 195 1098 227 SANCTI
1119 197 1292 229 JOANNIS.

211 261 253 289 ibi
265 270 272 289 :
283 263 377 289 Ferens
388 263 535 299 mixturam
548 262 671 295 myrrhoe.
687 261 802 297 Myrrha
816 261 894 288 enim
910 272 923 286 «
937 264 979 289 est

211 307 301 334 arbor
313 307 426 334 Arabiae
440 306 572 342 quinque
587 307 769 341 cubitorum,
780 309 807 334 et
821 307 883 342 ejus
897 309 978 342 gutta

211 360 312 380 amara
322 352 457 380 etviridis
469 361 475 379 :
487 353 566 380 unde
574 365 586 377 n
603 356 631 380 et
640 353 903 388 arcetputredines,
916 353 978 380 vul-

211 406 282 425 nera
296 398 475 431 consolidat,
488 400 515 426 et
528 399 682 426 morticina
697 400 860 433 conservat,
876 406 978 426 secun-

212 443 285 470 dum
299 443 442 471 Isidorum
464 445 498 479 (a)
514 445 532 471 ¹.
549 446 581 472 Et
594 444 697 471 dicitur
712 444 832 480 myrrha
846 445 978 479 pigmen-

212 492 274 516 tum
286 491 313 516 et
326 492 524 524 unguentum,
541 490 580 517 ait
594 491 714 525 Papias,
730 492 758 517 et
773 490 867 524 signat
884 490 978 525 poeni-

212 534 333 562 tentiam
346 555 354 569 ,
376 536 539 562 secundum
563 536 736 570 Gregorium
753 534 763 550 ²
784 538 978 571 exponentem

212 579 287 607 illud
302 581 312 597 ³
329 589 335 607 :
351 582 393 607 Ea:
414 582 578 608 aromatibus
593 582 706 615 myrrhae
720 584 743 608 et
758 582 854 608 thuris.
871 582 978 614 Quarto

213 625 355 661 figuratur
376 627 524 661 suavitas,
545 627 594 654 vel
617 627 693 654 odor
718 627 804 654 honre
830 626 924 654 famae.
947 628 979 655 Ut

213 672 292 699 enim
313 672 352 700 ait
372 673 474 708 Papias
501 682 506 700 :
532 684 544 696 u
563 673 648 701 Aloes
669 674 699 700 in
722 673 803 701 India
826 676 853 701 et
874 673 980 701 Arabia

215 717 357 752 gignitur,
372 720 400 745 et
415 720 456 745 est
471 718 571 746 odoris
585 718 750 746 suavissimi
767 728 774 745 z
791 729 804 744 »
823 719 918 754 qualis
932 719 981 746 de-

214 764 264 791 bet
276 771 337 791 esse
349 763 498 798 vitajusti,
510 764 618 791 scilicet
628 764 778 791 odorifera
787 764 797 779 n
810 774 818 791 .-
832 775 845 789 «
861 764 929 791 Aliis
945 766 979 800 (b)

215 810 293 837 enim
311 817 411 837 sumus
426 809 501 837 odor
515 810 580 837 vitae
593 810 623 837 in
638 810 739 837 vitam.
753 820 767 836 n
784 812 816 837 Et
829 811 838 826 5
856 819 862 837 :
878 820 892 835 «
907 812 981 838 Cum

214 855 336 891 myrrha
361 857 388 882 et
409 855 515 883 aloe.»
538 857 630 891 Supra
646 857 656 873 ⁶
672 865 678 882 :
696 867 708 880 «
731 858 838 883 Domus
861 856 981 891 impleta

216 903 258 928 est
273 909 309 928 ex
322 901 414 929 odore
428 902 579 936 unguenti.
598 913 610 925 »
628 903 659 929 Et
673 902 710 929 de
730 901 775 928 his
797 902 905 929 debent
920 909 981 929 esse

215 951 319 976 centum
334 949 418 975 libroe.
434 950 486 975 Per
498 947 588 975 libras
600 948 744 975 rectitudo
757 948 874 982 justitiae
888 948 982 983 signa-

216 996 271 1021 tur.
287 995 380 1029 Supra
393 995 403 1011 ⁷
421 1003 428 1020 :
445 1005 458 1017 u
473 994 589 1029 Accepit
606 994 714 1021 libram
729 994 870 1028 unguenti
887 1003 893 1020 :
912 1006 924 1017 n
940 994 983 1021 ibi

216 1040 381 1067 secundum
397 1039 588 1074 Augustinum
602 1041 630 1073 ¹³,
647 1042 678 1066 ut
692 1039 826 1067 habitum
840 1042 882 1066 est
895 1040 914 1071 ⁹,
931 1048 983 1074 per

215 1085 323 1113 libram
334 1085 444 1119 justitia
459 1085 637 1120 designatur.
657 1087 709 1112 Per
724 1087 840 1112 centum
856 1085 934 1112 enim
950 1086 981 1120 (c)

216 1139 282 1166 spes
304 1133 480 1158 aeternorum
498 1131 517 1146 ¹0
539 1140 578 1157 :«
593 1131 767 1165 Centuplum
789 1131 944 1166 accipietis.
966 1142 980 1157 n

216 1177 263 1204 His
277 1176 431 1203 virtutibus
452 1176 571 1203 condita
591 1177 689 1203 anima
712 1179 811 1204 sancta
834 1176 922 1204 debet
942 1177 984 1204 in-

216 1224 291 1249 trare
314 1222 504 1257 sepulchrum
527 1222 781 1257 contemplationis
797 1223 815 1238 ¹¹
835 1231 842 1249 :
860 1233 872 1246 α
888 1224 984 1257 Ingre-

217 1267 304 1294 dieris
317 1268 348 1294 in
369 1267 552 1295 abundantia
572 1268 771 1303 sepulchrum.
788 1279 800 1292 n
819 1268 861 1295 lbi
876 1269 983 1303 Grego-

216 1313 276 1340 rius
291 1313 310 1328 ¹²
326 1321 332 1339 ε
353 1322 366 1338 ι(
382 1313 574 1348 Sepulchrum
591 1313 695 1340 mentis
711 1316 752 1341 est
775 1314 983 1349 contemplatio

216 1359 394 1392 Conditoris,
410 1367 475 1394 quae
489 1359 526 1386 ab
541 1360 598 1387 hoc
618 1360 732 1386 mundo
754 1361 885 1387 mortuos
901 1368 984 1396 sepe-

216 1406 264 1441 lit,
280 1406 351 1433 dum
366 1413 383 1432 a
398 1405 518 1433 terrenis
533 1405 684 1433 desideriis
706 1408 854 1440 susceptos
873 1406 904 1433 in
919 1407 985 1433 inti-

216 1453 272 1480 mis
298 1452 491 1479 abscondit.»
514 1452 545 1478 Et
568 1452 610 1479 ibi
632 1452 708 1479 bene
732 1452 768 1479 de
794 1452 860 1480 hoc.
884 1454 915 1480 Et
938 1453 983 1480 ¹³:

219 1509 233 1525 «
246 1499 377 1527 Gaudent
391 1499 578 1526 vehementer
587 1519 597 1532 ,
621 1506 688 1525 cum
702 1498 864 1525 invenerint
890 1498 986 1533 sepul-

217 1545 330 1572 chrum.
358 1554 372 1570 »
399 1546 476 1572 Patet
505 1552 576 1578 ergo
602 1544 639 1571 de
666 1544 808 1579 spirituali
836 1544 985 1578 sepultura

217 1590 323 1618 animae
348 1589 603 1625 contemplativae,
628 1591 656 1616 et
679 1589 716 1616 de
739 1589 893 1616 virtutibus
917 1597 985 1616 cum

218 1636 326 1672 quihus
341 1635 429 1662 debet
446 1635 562 1670 sepeliri
583 1636 613 1662 in
634 1635 789 1670 sepulchro
805 1635 985 1670 contempla—

219 1682 313 1709 tionis,
327 1683 357 1708 Et
367 1683 438 1708 nota
452 1680 534 1716 quod
548 1680 674 1708 Christus
688 1680 739 1707 fuit
750 1680 862 1715 positus
874 1680 903 1706 in
918 1680 984 1708 loco

219 1727 317 1764 tritici,
332 1727 363 1754 in
376 1726 518 1762 praesepio
528 1747 537 1760 ,
552 1728 580 1753 et
593 1726 623 1753 in
637 1726 694 1753 hoc
705 1726 873 1760 exemplum
893 1726 986 1752 humi-

218 1773 304 1800 litatis
331 1775 358 1800 et
379 1772 560 1807 paupertatis
576 1773 597 1788 ¹⁵
618 1781 624 1799 ;
648 1781 662 1797 «
676 1772 830 1799 Invenietis
844 1771 985 1799 infantem

217 1819 348 1854 positum
363 1818 394 1845 in
406 1817 559 1853 praesepio.
577 1819 671 1845 »Item
686 1817 739 1844 fuit
755 1817 867 1852 positus
887 1817 917 1844 in
936 1825 986 1852 pa-

218 1864 329 1898 tibulo,
344 1871 433 1899 supra
448 1863 554 1890 eodem
566 1864 583 1879 ¹⁵
601 1865 712 1890 :Ea-ivit
725 1865 754 1889 in
768 1871 824 1890 eum
840 1864 924 1890 Iocum
939 1865 986 1897 qui

217 1910 322 1936 dicitur
336 1910 475 1937 Calvamoe.
490 1910 520 1935 ln
532 1908 629 1943 figura
645 1910 665 1926 ¹⁶
682 1918 689 1935 :
701 1918 715 1933 «
729 1909 826 1936 Posuit
839 1916 887 1936 me
901 1909 985 1944 quasi

218 1955 334 1990 signum
360 1955 399 1982 ad
420 1954 566 1990 sagittam.
590 1965 603 1980 »
630 1956 660 1981 Et
684 1955 741 1982 hoc
764 1955 794 1981 in
817 1955 984 1989 exemplum

218 2000 382 2035 patientiae,
399 2002 425 2027 et
439 2000 614 2027 sustinendae
628 2000 772 2035 passionis
786 2008 840 2035 pro
854 2000 983 2027 veritate.

218 2048 287 2074 ltem
302 2046 355 2073 fuit
374 2046 486 2081 positus
499 2046 530 2073 in
548 2047 738 2073 monumento
758 2045 805 2072 hic
823 2055 828 2072 :
844 2047 871 2072 et
884 2046 940 2073 hoc
953 2046 984 2073 in

219 2091 389 2126 exemplum
405 2091 599 2126 elongationis
614 2100 631 2119 a
644 2091 773 2124 mundo,
788 2094 815 2119 et
829 2092 984 2119 mortifica-

218 2137 305 2164 tionis
316 2137 371 2172 ipsi
383 2137 497 2164 mundo
506 2158 515 2171 ,
531 2140 559 2164 et
572 2137 735 2173 tranquillae
747 2139 774 2165 et
786 2137 903 2165 elevatae
917 2145 984 2164 con-

218 2182 432 2218 templationis,
448 2183 518 2218 quia
532 2190 585 2218 per
599 2183 787 2218 sepulchrum
808 2183 983 2218 contempla-

218 2228 258 2256 tio
273 2228 420 2263 signatur,
434 2231 466 2256 ut
480 2228 590 2256 dictum
605 2230 647 2256 est
665 2236 762 2264 supra.

252 2320 258 2335 ¹
275 2319 341 2348 isid„
362 2319 482 2349 Elymol„
501 2320 544 2344 lib.
561 2320 644 2349 XVH,
664 2327 685 2343 c.
702 2325 757 2342 viu.
776 2332 806 2337 —
825 2321 833 2334 ²
851 2322 936 2350 Crem,
958 2323 984 2344 ιἰι

220 2355 318 2379 ΕεεσΙι,,
334 2354 376 2377 lib.
389 2355 417 2382 ΙΙ,
428 2354 499 2378 hom.
511 2360 575 2384 xxii,
590 2355 621 2378 al.
635 2361 660 2385 x,
671 2362 696 2378 u.
708 2356 782 2378 23.—
793 2354 802 2370 ³
813 2355 896 2384 Cant„
909 2362 948 2386 111,
959 2358 982 2380 6.

218 2403 246 2406 -—
262 2390 270 2402 ⁴
288 2389 305 2412 ll
321 2388 388 2417 Con,
405 2395 437 2417 ιι,
455 2391 521 2412 ίϋ.-
533 2390 542 2406 ⁵
555 2390 687 2418 Ca71!.,1v‚
706 2391 740 2412 14.
752 2390 890 2417 —5Joau..
902 2394 983 2421 x11‚3.

220 2437 245 2441 -
260 2424 270 2440 '¹
283 2424 377 2447 lbid.—
387 2423 521 2453 ⁸August.,
537 2426 607 2448 tract.
625 2431 648 2454 L,
661 2432 686 2447 n.
698 2426 751 2447 6.—
761 2426 769 2439 '⁴
780 2426 851 2455 Sup.,
864 2433 887 2456 p.
899 2428 984 2449 faui.—

219 2460 239 2475 ¹⁰
253 2459 354 2486 Mami„
370 2465 424 2488 xm,
440 2460 506 2482 29.-
525 2460 538 2473 ¹¹
554 2459 607 2489 Job,
623 2466 646 2488 v,
658 2462 736 2483 26.—
750 2461 768 2476 ¹²
783 2461 868 2491 Greg„
883 2461 983 2491 Moml„

219 2493 262 2517 lib.
280 2495 320 2523 Vl,
336 2500 438 2517 c.xv11.
451 2506 479 2510 —
493 2494 512 2510 ¹³
526 2494 634 2523 Jol»‚111,
651 2497 688 2517 23.
704 2495 765 2512 -u
778 2496 886 2524 Luc.,11‚
905 2498 940 2519 12.
955 2509 983 2513 —

220 2528 332 2557 ¹³Joa1‹.‚
346 2534 399 2557 xix,
418 2530 455 2552 Π.
469 2541 499 2546 -
516 2530 533 2543 ¹⁶
548 2528 746 2559 1l1ren.,111,12.
759 2543 789 2547 -
805 2531 823 2547 ¹⁷
834 2531 914 2559 joam,
930 2537 982 2559 mx,

219 2563 241 2585 6.
254 2574 284 2580 -
303 2564 321 2579 ¹⁸
335 2563 439 2593 Philip..
460 2569 495 2593 ιι,
515 2564 536 2586 8.
553 2576 583 2581 —
600 2564 619 2579 ¹⁹
640 2564 715 2592 Rom„
736 2570 760 2594 v,
779 2566 802 2588 8.
817 2577 846 2582 ·-
865 2565 884 2581 2⁰
902 2566 982 2593 doum,

219 2602 261 2626 xv,
289 2600 325 2621 13.
352 2610 381 2615 -
405 2598 421 2613 ²¹
452 2598 470 2621 ll
497 2598 565 2628 Con,
589 2604 635 2622 xm
647 2617 654 2629 ,
678 2600 700 2622 4.
723 2612 753 2616 —
777 2599 796 2614 ²²
821 2601 873 2623 {mo
896 2602 984 2624 auctor

1738 203 1796 232 603

1103 318 1216 344 Collatia
1234 320 1506 353 octogesimaseptima
1529 320 1581 355 (cl),
1602 329 1657 355 xx,
1680 323 1723 349 19.

1068 401 1209 434 Oportebat
1229 409 1287 428 eum
1310 409 1326 428 a
1351 403 1464 428 mortuis
1488 410 1632 436 resurgere.
1652 405 1798 436 Quoniam

1031 445 1078 472 hic
1093 447 1230 473 tractatur
1248 446 1285 473 de
1302 448 1530 481 resurrectione,
1549 448 1617 476 ideo
1635 449 1713 476 istud
1732 458 1798 477 ver-

1032 492 1105 519 bum
1119 495 1282 527 exponatur
1296 493 1332 520 de
1343 493 1444 520 Christi
1458 495 1682 527 resurrectione,
1695 495 1725 522 in
1737 504 1798 531 quo

1033 537 1087 564 tria
1101 538 1251 572 signantur
1267 547 1273 565 ι
1292 546 1420 573 quorum
1444 539 1574 574 primum
1595 542 1637 567 est
1654 541 1798 576 passionis

1032 583 1221 618 praecedentis
1236 583 1423 618 magnitudo,
1441 584 1482 611 ibi
1497 594 1503 611 :
1520 586 1544 611 A
1557 589 1666 613 mortuis
1675 596 1684 619 ;
1699 594 1799 614 secun-

1034 628 1105 655 dum
1120 631 1161 656 est
1171 630 1374 664 consequentis
1387 630 1606 658 resurrectionis
1618 631 1725 659 veritas
1738 632 1798 659 sive

1033 674 1201 709 plenitudo,
1216 674 1258 702 ibi
1284 683 1290 701 :
1314 676 1475 709 Resurgere,
1496 676 1613 703 tertium
1632 679 1674 704 est
1694 678 1800 704 utrius-

1034 728 1091 754 que
1105 728 1236 754 congrua
1256 720 1316 747 sive
1332 720 1430 748 debita
1451 721 1524 748 ratio
1535 742 1544 756 ,
1559 722 1600 749 ibi
1617 731 1623 749 ι
1639 723 1797 757 Oportebat,

1034 766 1095 793 sive
1110 769 1274 800 oportuerat.

1070 812 1113 839 Ait
1138 820 1208 846 ergo
1231 821 1236 839 :
1260 813 1284 838 A
1305 814 1436 845 mortuis,-
1458 814 1486 840 et
1508 813 1538 840 in
1561 813 1618 840 hoc
1636 814 1800 849 passionis,

1036 865 1126 892 quam
1147 858 1273 885 Christus
1296 858 1445 892 sustinuit,
1466 859 1654 893 magnitudo,
1676 859 1736 886 sive
1760 860 1801 886 in—

1035 903 1127 930 tensio
1144 912 1151 929 z
1168 911 1227 930 non
1248 903 1344 931 solum
1364 904 1442 930 enim
1456 904 1584 931 Verbum
1605 912 1672 931 caro
1692 904 1801 932 factum

1036 951 1092 982 est,
1108 951 1134 976 et
1157 949 1244 976 Filius
1268 950 1317 976 Dei
1339 950 1431 977 factus
1451 950 1557 984 homo,
1575 958 1629 977 nec
1648 950 1745 978 solum
1759 951 1801 978 la-

1036 994 1123 1022 bores
1135 994 1288 1028 sustinuit,
1304 1003 1356 1022 nec
1377 995 1526 1030 passiones
1547 997 1733 1031 corporales;
1749 996 1801 1023 sed

1036 1041 1124 1067 etiam
1137 1043 1262 1068 mortem
1276 1049 1431 1076 perpessus
1446 1043 1497 1075 est,
1507 1049 1573 1076 quae
1588 1041 1709 1077 quidem
1721 1050 1801 1069 mors

1036 1086 1281 1114 terribilissimum
1296 1089 1351 1120 est,
1372 1087 1442 1122 quia
1457 1087 1596 1114 terminus
1609 1088 1781 1122 passionum
1791 1109 1798 1119 ‚

1037 1132 1076 1159 ait
1091 1132 1218 1167 Sapiens
1235 1134 1267 1159 Et
1287 1132 1374 1159 etiam
1395 1133 1470 1159 mori
1494 1132 1631 1167 dignatus
1646 1135 1688 1159 est
1708 1134 1802 1160 morte

1037 1178 1254 1214 poenalitatibus
1275 1178 1376 1213 plena,
1397 1180 1424 1205 et
1444 1178 1643 1211 amarissima,
1668 1180 1698 1205 ut
1721 1178 1803 1205 habi-

1037 1226 1100 1250 tum
1115 1225 1157 1250 est
1177 1231 1275 1258 supra,
1286 1223 1422 1258 proximo
1434 1223 1451 1240 ¹⁷
1469 1231 1476 1250 ε
1489 1232 1502 1248 «
1515 1223 1679 1258 Crucifigite
1694 1231 1771 1250 eum.
1786 1234 1800 1249 »

1038 1271 1070 1296 Et
1084 1270 1124 1297 ibi
1145 1269 1181 1296 de
1195 1269 1260 1297 hoc.
1280 1269 1348 1296 ldeo
1363 1269 1540 1296 admirando
1555 1277 1640 1296 suam
1661 1269 1803 1303 dignatio-

1037 1317 1111 1349 tem,
1126 1315 1165 1342 ait
1179 1315 1332 1350 Apostolus
1346 1315 1366 1331 ¹⁸
1382 1323 1388 1341 :
1404 1324 1417 1339 «
1434 1315 1599 1353 Humiliavit
1614 1315 1803 1350 semetipsum

1038 1369 1131 1396 usque
1150 1361 1188 1388 ad
1209 1363 1343 1388 mortem.
1367 1362 1429 1388 »Et
1448 1360 1623 1388 admirando
1643 1369 1727 1388 suam
1750 1361 1804 1387 im-

1038 1414 1167 1433 mensam
1182 1406 1362 1439 charitatem‚
1377 1407 1416 1433 ait
1429 1406 1509 1433 idem
1525 1407 1543 1423 ¹⁹
1561 1415 1567 1433 ε
1583 1416 1596 1431 κ
1612 1406 1803 1433 Commendat

1039 1460 1122 1479 suam
1137 1452 1315 1486 charitatem,
1325 1452 1466 1487 quoniam
1480 1460 1547 1478 cum
1558 1452 1654 1478 adhuc
1663 1452 1804 1487 (e)pecca-

1039 1500 1115 1525 tores
1129 1506 1268 1531 essemus,
1279 1505 1333 1533 pro
1345 1497 1431 1524 nobis
1441 1499 1574 1524 mortuus
1586 1499 1654 1524 est.»
1665 1498 1758 1532 Supra
1766 1497 1803 1524 ²⁰:

1042 1553 1054 1568 ι(
1072 1545 1209 1578 majorem
1222 1551 1310 1570 nemo
1325 1543 1493 1570 charitatem
1507 1543 1619 1575 hahuit,
1630 1544 1662 1570 ut
1675 1543 1803 1570 animam

1040 1596 1124 1616 suam
1136 1591 1227 1624 ponat
1240 1588 1291 1624 qui
1303 1597 1356 1623 pro
1371 1588 1472 1615 amicis
1487 1588 1555 1615 suis.
1567 1598 1581 1613 n
1595 1590 1626 1616 Et
1640 1588 1706 1615 licet
1720 1588 1806 1616 fuerit

1039 1637 1171 1661 mortuus
1185 1634 1217 1667 ²¹,
1235 1646 1246 1657 ιι
1265 1634 1420 1661 crucifixus
1435 1642 1472 1661 ex
1486 1634 1667 1667 infirmitate,
1683 1634 1753 1661 vivit
1768 1636 1806 1662 ta-

1040 1689 1108 1708 men
1129 1689 1164 1708 ex
1183 1681 1299 1708 virtute.
1323 1690 1336 1705 »
1362 1681 1430 1707 Ideo
1452 1680 1491 1707 ait
1513 1680 1560 1707 hic
1576 1689 1582 1707 z
1598 1681 1633 1707 Et
1651 1688 1803 1714 resumere,

1039 1726 1146 1753 scilicet
1170 1727 1315 1761 oportebat.
1343 1727 1375 1753 Ut
1403 1726 1481 1753 enim
1500 1726 1539 1753 ait
1563 1726 1738 1760 Augustinus
1760 1725 1803 1752 ²²:

1043 1782 1056 1797 «
1068 1774 1141 1800 Mors
1151 1774 1351 1806 resurgentem
1363 1774 1458 1798 tenere
1472 1779 1533 1798 non
1542 1771 1649 1804 valuit,
1662 1771 1803 1807 quoniam

1041 1816 1117 1843 victa
1129 1818 1156 1843 et
1170 1816 1314 1851 prostrata
1330 1817 1380 1842 est.
1394 1824 1406 1839 n
1423 1815 1446 1831 ²³
1463 1824 1477 1839 «
1492 1815 1584 1847 Quem
1598 1816 1671 1841 Deus
1684 1814 1804 1842 suseita-

1039 1861 1098 1894 vit,
1116 1861 1219 1888 solutis
1240 1861 1393 1888 doloribus
1407 1859 1529 1894 inferni,
1547 1860 1630 1894 juxta
1650 1860 1731 1895 quod
1752 1860 1805 1887 im-

1041 1907 1182 1942 possibile
1210 1909 1271 1933 crat
1295 1906 1386 1933 teneri
1412 1905 1495 1933 illum
1519 1906 1557 1933 ab
1580 1914 1656 1932 eo.»
1680 1905 1700 1921 Ξ*
1725 1907 1804 1934 «Fui

1039 1954 1191 1985 mortuus,
1207 1954 1234 1978 et
1248 1959 1314 1978 ecce
1330 1959 1394 1978 sum
1408 1951 1518 1978 vivens.
1534 1962 1547 1976 »
1566 1951 1745 1985 Resurrexit,
1760 1951 1804 1978 in-

1041 2006 1146 2033 quam,
1163 2000 1311 2033 potenter,
1329 1996 1555 2032 triumphaliter,
1572 1997 1680 2023 scilicet
1699 2005 1735 2024 ex
1752 2004 1805 2024 sua

1040 2045 1144 2071 virtute
1165 2045 1256 2070 uxorte
1276 2043 1388 2076 occisa,
1411 2042 1526 2069 devicto
1545 2042 1645 2069 mortis
1658 2042 1803 2077 principe,

1039 2089 1162 2116 liberata
1188 2089 1304 2123 captiva
1332 2088 1417 2123 plebe
1431 2109 1439 2122 ,
1465 2090 1590 2115 reserata
1618 2088 1706 2122 janua
1729 2088 1803 2115 vitae.

1040 2136 1060 2151 ⁴²³
1077 2146 1088 2158 «
1108 2137 1137 2162 ln
1158 2135 1214 2161 hoc
1229 2134 1356 2161 Christus
1370 2136 1504 2161 mortuus
1525 2136 1566 2160 est
1586 2135 1613 2160 et
1630 2133 1803 2167 resurrexit,

1040 2183 1071 2208 ut
1098 2183 1284 2208 mortuorum
1311 2182 1339 2206 et
1358 2179 1493 2207 vivorum
1512 2179 1685 2207 dominetur.
1703 2190 1716 2205 »
1735 2181 1805 2206 Item

1039 2227 1196 2254 resurrexit
1221 2226 1379 2260 veraciter,
1401 2233 1462 2253 non
1483 2225 1677 2260 phantastice,
1698 2225 1805 2253 scilicet

1039 2272 1078 2300 ad
1102 2280 1203 2300 veram
1227 2272 1318 2299 vitam
1333 2270 1354 2287 ²⁸
1370 2280 1377 2298 :
1401 2280 1415 2296 α
1430 2271 1594 2299 Resurrexit
1612 2271 1648 2306 (f)
1666 2271 1804 2299 Dominus

1039 2346 1157 2375 Hypanin.
1183 2352 1226 2367 seu
1253 2344 1411 2374 Hypoynost„
1434 2343 1475 2367 lib.
1497 2345 1519 2373 1,
1541 2350 1566 2366 n.
1589 2345 1616 2373 7,
1640 2343 1705 2367 inter
1723 2345 1805 2373 Opera

1039 2382 1064 2404 S.
1084 2382 1198 2409 August.v
1223 2378 1337 2408 Appeud.
1359 2380 1420 2401 tom.
1442 2379 1481 2401 lx.
1502 2391 1531 2395 —-
1548 2378 1567 2394 2⁸
1585 2379 1648 2408 Act„
1668 2384 1699 2407 11,
1720 2380 1758 2402 24.
1773 2391 1804 2396 —

1039 2418 1057 2430 τ’
1072 2416 1156 2444 Almam,
1173 2420 1191 2443 t,
1204 2416 1242 2437 18.
1255 2427 1286 2430 -
1300 2414 1317 2427 ²⁵
1330 2414 1406 2441 Rom„
1421 2419 1472 2442 xiv,
1489 2415 1511 2437 9.
1527 2414 1588 2430 —26
1600 2413 1666 2443 Luc„
1683 2419 1751 2443 xxrv,
1763 2414 1802 2436 34.

1070 2459 1103 2487 (a)
1120 2458 1175 2487 Leqs.
1194 2459 1263 2487 gutta
1281 2457 1367 2480 viridis
1382 2459 1456 2487 atque
1472 2463 1571 2487 amara,
1588 2457 1653 2480 unde
1671 2459 1696 2480 et.
1710 2464 1804 2481 nomen

1038 2493 1134 2523 accepit
1156 2492 1275 2522 myrrha,
1296 2500 1308 2514 ι)
1332 2492 1470 2515 secundum
1495 2491 1636 2521 isidorum,
1657 2494 1682 2515 et
1706 2494 1802 2516 arcet...

1038 2530 1180 2553 conservat.
1204 2540 1229 2544 —
1255 2526 1286 2555 (b)
1310 2526 1369 2550 Caet.
1389 2526 1448 2550 edit.
1470 2526 1524 2550 Alii.
1542 2539 1572 2543 —
1593 2526 1621 2555 (ι’)
1644 2526 1699 2557 leq.
1718 2526 1803 2550 etiam.

1039 2564 1072 2593 (A)
1091 2564 1150 2587 caet.
1165 2562 1224 2586 edit.
1239 2562 1404 2591 octuagesima
1423 2561 1535 2591 septima.
1555 2573 1579 2577 —-
1600 2561 1629 2590 (e)
1642 2561 1724 2585 adhuc
1736 2567 1802 2584 cum.

1041 2612 1065 2615 —-
1082 2599 1115 2628 (f)
1135 2597 1206 2628 ναῖς.
1222 2596 1346 2621 Surrexit.
