1987 3032
188 166 247 196 216

187 233 251 269 tes,
267 230 436 262 recondere
459 230 660 268 Occidentes‚
686 230 862 270 praesertim
883 239 957 262 cum

187 284 275 316 lunae
289 284 426 321 deesset,
442 285 472 315 et
487 293 544 314 nec
558 285 731 314 conventus
746 285 872 323 tempus
886 292 957 323 pro-

188 338 391 378 pinquaret,=›
409 339 466 367 010.
479 336 517 367 Ε1
530 336 604 375 quia
616 336 758 367 Christus
773 345 836 366 non
854 336 957 367 solum

188 394 256 422 erat
268 391 419 422 Dominus
434 392 574 427 naturae,
596 398 711 420 verum
725 392 756 420 et
770 389 882 429 legalis
896 390 956 421 00-

187 444 357 475 servantiae
369 467 377 481 ,
403 443 472 473 ideo
501 443 586 473 addit
609 452 617 474 ε
639 443 685 474 Et
714 443 820 474 velum
849 443 960 483 templi

187 497 318 528 scissum
328 500 373 526 est
383 495 535 541 medium
548 494 575 526 Ν
577 504 611 526 00
624 497 747 526 tantum
759 496 830 534 hoc,
842 505 956 527 verum

187 551 219 580 et
232 549 302 580 aliae
317 550 471 580 creaturae
484 548 544 579 5101
559 557 732 588 compassae
749 551 823 579 sunt
836 552 844 568 ¹
859 560 865 579 z
880 561 894 578 α
904 549 957 580 Ρο-

185 604 244 633 trae
253 602 358 633 scissae
369 603 454 639 sunt,
466 603 497 632 et
506 603 714 632 monumenta
723 604 831 642 aperta
842 604 927 633 sunt.
937 614 951 631 »

186 654 225 685 Et
249 654 308 685 1100
342 656 443 685 101001
476 654 510 684 10
534 655 751 685 testimonium
782 655 957 686 divinitatis

186 705 311 736 Christi.
325 706 557 746 Hieronymus:
575 706 709 737 «Etideo
722 707 957 746 compatiuntur

186 759 339 790 elementa
362 758 520 789 Conditori
540 768 598 790 suo
621 770 627 790 :
653 760 774 799 refugit
797 760 861 796 sol,
881 760 957 800 quia

186 820 250 842 non
265 812 366 851 potuit
379 812 486 843 videre
497 814 632 843 mortem
646 812 771 849 Christi,
788 812 957 843 collaborat

185 864 357 902 laboranti,
371 866 402 895 et
415 865 710 905 blasphemantibus
725 874 792 896 suae
807 866 886 896 lucis
901 866 956 896 be-

184 918 335 948 neficium
351 912 517 949 retraxit.»
530 918 610 949 Nam
623 919 669 949 sol
684 919 882 956 ohscuratur,
898 922 957 950 ter-

185 979 222 1001 ra
236 972 396 1009 movetur,
414 972 512 1010 petrae
529 971 728 1009 scinduntur,
749 972 857 1002 velum
872 974 956 1002 tem-

185 1024 229 1064 pli
243 1023 406 1062 dividitur,
418 1024 563 1063 sepulcra
577 1024 780 1064 aperiuntur;
796 1025 882 1055 solus
898 1025 957 1056 mi-

184 1085 236 1108 ser
264 1077 361 1108 homo
390 1086 454 1108 non
485 1077 693 1117 compatitur,
720 1087 777 1117 pro
799 1087 863 1117 quo
890 1077 956 1109 solo

186 1129 328 1161 Christus
342 1130 472 1170 patitur.
493 1130 729 1161 Attendeudum
749 1132 855 1162 autem
870 1131 955 1171 quod

184 1183 219 1213 in
234 1183 289 1213 illa
305 1183 379 1213 solis
401 1183 622 1214 obscuratione
637 1184 829 1222 intelligitur
851 1184 954 1216 01)οε0-

184 1236 265 1266 03110
278 1237 295 1266 J
299 1236 480 1273 udaeorum,
498 1238 528 1266 et
542 1237 576 1266 in
589 1236 738 1267 scissione
757 1237 818 1268 veli
833 1238 954 1268 revela-

183 1289 227 1319 tio
251 1289 503 1328 Scripturarum‚
527 1298 600 1328 quae
621 1289 701 1319 facta
726 1291 772 1320 est
793 1291 953 1329 gentibus.

184 1340 273 1373 Unde
287 1341 444 1372 dieitur2:
466 1341 527 1372 «In
549 1342 706 1382 ,iudicium
729 1351 792 1382 ego
810 1343 845 1373 in
869 1344 955 1374 hunc

185 1394 343 1425 mundum
365 1394 457 1432 veni,
475 1397 511 1425 ut
531 1394 587 1434 qui
610 1404 674 1425 non
688 1395 797 1426 vident
811 1395 953 1435 videant,

147 1460 154 1465 ·
185 1449 214 1478 et
230 1447 284 1486 qui
299 1447 409 1478 vident
423 1448 498 1478 caeci
514 1448 602 1478 fiant.
620 1458 635 1476 i>
649 1447 705 1479 Vel
720 1448 759 1478 ad
775 1450 900 1488 tempus
914 1450 956 1479 fi-

184 1500 255 1530 nale
267 1502 368 1540 potest
382 1501 503 1539 referri,
515 1501 554 1531 de
568 1501 675 1540 quoin
688 1492 817 1533 Psalmo
832 1502 842 1518 ³
854 1511 862 1532 ε
875 1513 890 1531 α
901 1502 956 1533 Po-

185 1552 275 1584 suisti
290 1553 448 1591 tenebras,
466 1555 496 1583 et
510 1553 590 1584 facta
600 1555 647 1584 est
660 1562 742 1591 nox;
756 1554 790 1584 in
804 1555 873 1594 ipsa
886 1564 956 1595 per-

184 1606 367 1637 transibunt
382 1615 493 1637 omnes
507 1606 615 1637 bestiae
631 1606 731 1637 silvae.
744 1617 759 1635 »

223 1658 388 1697 Secundo,
405 1661 561 1698 quantum
579 1659 618 1689 ad
632 1659 842 1698 lacrymosam
865 1660 953 1699 expi-

184 1711 340 1742 rationem
362 1711 494 1750 Christi,
519 1712 625 1742 subdit
644 1713 690 1750 (v.
715 1712 762 1751 46)
787 1722 794 1742 ε
825 1712 856 1743 E
859 1716 870 1742 t
890 1713 954 1742 cla-

183 1772 276 1794 mans
292 1773 365 1795 voce
377 1774 498 1804 mamm
513 1765 612 1798 Jesus,
630 1765 694 1795 ait:
710 1764 817 1803 Pater,
834 1768 868 1795 in
883 1775 954 1796 ma-

183 1826 244 1847 nus
259 1821 330 1847 tuas
345 1817 530 1848 commendo
544 1818 693 1857 spiritum
703 1827 822 1849 meum.
835 1818 896 1849 Sed
911 1819 956 1849 vi-

184 1870 278 1901 detur
294 1871 499 1901 contrarietas
518 1871 600 1901 inter
619 1871 838 1910 Evangelistas
856 1883 862 1902 :
879 1881 955 1902 nam

184 1922 353 1953 Matthaeus
366 1925 396 1953 et
410 1923 534 1954 Marcus
549 1923 674 1954 dicunt'*
685 1924 768 1963 quod
779 1924 927 1955 clamavit
944 1936 951 1956 :

185 1976 252 2013 Eli,
269 1976 336 2007 Eli.
360 1976 397 2006 Et
414 1976 552 2007 Joannes
565 1977 641 2007 dicit
655 1978 738 2016 quod
759 1977 905 2008 clamavit
918 1979 928 1995 ¹⁵
944 1987 952 2009 :

188 2030 454 2061 Consummatum
472 2034 526 2061 est.
552 2030 612 2061 Sed
636 2033 739 2061 totum
762 2031 822 2061 hoc
842 2040 954 2062 verum

186 2083 255 2119 est,
272 2082 347 2121 quia
362 2085 409 2113 ter
424 2082 571 2114 clamavit
588 2094 595 2113 z
614 2086 644 2114 et
659 2084 762 2123 prImo
777 2084 857 2114 dixit
871 2084 954 2124 quod

185 2135 264 2165 dixit
278 2135 446 2166 Matthaeus
457 2146 465 2174 ;
478 2136 589 2167 deinde
603 2137 756 2175 seeundo,
769 2137 853 2176 quod
863 2138 955 2168 ,1030-

185 2196 240 2218 nes
247 2198 255 2224 ;
272 2190 303 2218 01
317 2189 429 2227 tertio,
450 2189 535 2229 quod
555 2189 656 2220 Lucas
666 2201 674 2227 3
691 2192 722 2220 et
738 2190 798 2220 1100
816 2191 955 2222 insinuat

186 2240 252 2279 ipse
267 2240 472 2280 Evangelista
486 2241 587 2273 Lucas
602 2243 634 2272 in
648 2242 707 2273 hoc
722 2243 806 2283 quod
823 2244 928 2274 subdit
944 2254 951 2275 :

185 2292 218 2324 E
220 2296 230 2322 ί
236 2292 302 2323 lzoec
308 2293 412 2324 dicens
423 2295 592 2334 expiravit.
601 2293 649 2326 Ex
657 2304 720 2335 quo
731 2298 860 2336 apparet
869 2298 953 2336 quod

185 2345 342 2384 expiravit
357 2347 451 2378 simul
465 2347 630 2379 clamando
646 2350 676 2379 et
689 2349 809 2380 orando
819 2372 829 2387 ,
851 2352 886 2380 01
901 2360 954 2381 05-

185 2398 326 2428 tenderet
340 2399 425 2438 quod
440 2401 505 2439 ipse
519 2402 564 2431 est
578 2401 660 2432 Deus
674 2410 770 2433 verus
779 2425 788 2439 ‚
810 2401 954 2433 Pontifex

185 2453 305 2490 noster3
322 2453 447 2491 propter
462 2453 547 2492 quod
561 2453 675 2485 dicitur
685 2455 695 2471 ὅ
709 2466 715 2485 :
739 2466 753 2484 (ι
765 2454 825 2492 Qui
839 2455 872 2486 in
887 2455 951 2486 die—

216 2550 224 2564 1
235 2548 336 2579 Manli„
351 2554 435 2578 xxvii,
451 2550 534 2573 51-52.
549 2563 579 2568 —
593 2551 603 2567 ²
619 2552 698 2582 loom,
715 2559 754 2583 1x‚
766 2554 803 2578 39.
819 2566 849 2570 -
863 2553 873 2570 ⁸
886 2552 952 2577 Psal.

141 2580 143 2583 ”
185 2589 240 2613 ΕΙΙΙ,
257 2586 296 2608 20.
311 2584 365 2602 —5
383 2584 483 2615 Mami„
510 2592 591 2616 xxvn,
614 2589 655 2616 «16;
682 2589 769 2619 Marc„
793 2595 835 2618 xv,
860 2591 897 2613 34.
922 2603 952 2608 —

186 2619 195 2635 ⁶
208 2619 289 2649 loun„
305 2625 360 2649 nx,
375 2621 413 2644 30.
429 2633 459 2638 —
473 2621 481 2634 ⁰
496 2621 582 2647 Hebr„
597 2628 620 2652 v,
636 2623 659 2652 7,
674 2625 739 2647 9-10.
759 2637 788 2642 —
799 2625 808 2641 '¹
826 2626 909 2656 loun„
926 2631 952 2655 x,

731 163 942 195 EVANGELII
965 163 1105 196 SANCTI
1129 164 1239 197 LUCAE

1012 231 1071 262 bus
1085 232 1189 262 carnis
1211 240 1298 270 suae,
1322 242 1449 273 preces,
1473 234 1780 276 supplicationesque

1013 284 1051 314 ad
1074 293 1148 315 eum
1179 286 1234 325 qui
1254 286 1351 326 possit
1370 287 1462 318 illum
1490 287 1614 318 salvum
1640 288 1741 319 facere
1760 297 1780 319 a

1013 339 1115 368 morte
1128 361 1135 375 ,
1152 347 1226 368 eum
1242 338 1380 370 clamore
1400 340 1504 371 valido
1521 342 1551 371 et
1571 340 1719 380 lacrymis
1732 341 1781 372 01·-

1012 390 1132 428 ferens,
1156 391 1323 422 exauditus
1347 394 1394 422 est
1409 402 1465 432 pro
1478 402 1535 423 sua
1557 394 1746 425 reverentia.
1760 405 1775 423 n

1014 441 1165 482 Sequitur
1182 454 1188 474 :
1204 455 1218 471 (ι
1233 444 1271 474 Et
1286 447 1526 476 consummatus
1540 446 1640 477 factus
1655 449 1701 477 est
1715 455 1781 478 om-

1013 495 1108 526 nibus
1132 496 1422 536 obtemperantibus
1449 498 1507 528 sibi
1521 522 1529 536 ,
1552 508 1646 530 eausa
1670 500 1781 531 salutis

1014 550 1143 579 aeternae
1152 573 1161 586 ,
1175 549 1349 589 appellatus
1363 559 1381 580 a
1396 549 1458 581 Deo
1470 550 1616 582 Pontifex
1623 553 1717 591 ,iuxta
1731 562 1780 584 or-

1013 601 1121 633 dinem
1145 602 1379 633 Melchisedech.
1403 614 1418 631 »
1450 604 1521 634 ldeo
1551 607 1657 636 autem
1684 605 1781 637 simul

1014 654 1154 685 clamans
1167 657 1198 686 et
1211 655 1390 695 lacrymans
1402 657 1569 696 expiravit,
1585 659 1621 688 ut
1634 658 1668 688 in
1682 657 1781 698 lacry-

1014 708 1075 737 mis
1088 708 1288 747 intelligatur
1306 718 1382 740 vera
1400 709 1513 740 Christi
1534 711 1639 749 passio
1662 713 1694 741 et
1715 711 1781 741 hu-

1013 761 1161 799 manitas,
1184 762 1218 792 in
1245 762 1383 793 clamore
1405 771 1483 793 vero
1516 763 1663 794 divinitas
1674 787 1682 800 ,
1706 764 1782 803 quia

1012 823 1085 844 cum
1101 814 1209 845 nullus
1223 815 1319 854 possit
1335 815 1374 854 (a)
1392 814 1528 846 clamare
1544 825 1599 856 per
1614 818 1779 855 naturam,

1011 866 1072 897 nisi
1096 867 1152 906 qui
1174 867 1270 897 habet
1298 868 1491 906 sanguinem
1517 869 1726 900 sufficientem
1747 869 1780 900 in

1012 920 1116 958 corde,
1134 922 1164 951 et
1178 920 1328 960 spiritum
1343 920 1382 951 ad
1398 921 1652 961 respirationem,
1667 923 1783 963 impos·

1012 973 1100 1004 sibile
1115 976 1162 1004 est
1184 974 1270 1013 quod
1286 983 1342 1013 per
1356 976 1503 1005 naturam
1523 975 1594 1015 quis
1609 975 1731 1015 expiret
1751 978 1783 1007 et

1013 1026 1137 1057 clamet.
1155 1026 1226 1057 Ideo
1244 1027 1386 1065 [ostendit
1404 1027 1438 1056 in
1453 1027 1590 1058 clamore
1614 1028 1724 1059 mortis
1749 1037 1783 1060 se

1012 1080 1262 1119 omnipotentem
1274 1104 1283 1117 ,
1301 1081 1331 1110 et
1347 1089 1461 1111 verum
1475 1089 1542 1111 esse
1555 1081 1639 1120 quod
1652 1080 1731 1112 dixit
1746 1081 1757 1097 ⁷
1772 1091 1779 1113 :

1017 1143 1031 1161 α
1045 1132 1234 1163 Ρο105131001
1250 1133 1352 1164 habeo
1362 1133 1498 1172 ponendi
1509 1134 1649 1165 animam
1663 1142 1780 1171 meam,

1013 1187 1043 1216 et
1058 1187 1244 1225 potestatem
1256 1186 1358 1216 habeo
1373 1187 1490 1217 iterum
1505 1187 1651 1217 sumendi
1666 1195 1748 1218 eam.
1761 1197 1777 1216 n

1012 1238 1049 1269 Et
1064 1238 1158 1277 paulo
1172 1239 1340 1278 superius:
1361 1250 1376 1267 a
1389 1239 1488 1270 Nemo
1500 1239 1580 1270 tollit
1593 1248 1664 1270 eam
1678 1248 1698 1270 a
1713 1248 1764 1271 me
1770 1250 1779 1277 ;

1012 1291 1066 1322 sed
1075 1300 1136 1330 ego
1147 1300 1230 1331 pono
1238 1300 1308 1322 eam
1320 1301 1338 1322 a
1347 1292 1504 1331 meipso.»
1516 1291 1554 1322 Et
1564 1292 1634 1323 ideo
1646 1292 1742 1323 Isaias
1751 1294 1780 1331 ’,ε

1017 1355 1031 1373 (ι
1045 1343 1078 1374 Si
1094 1344 1233 1384 posuerit
1246 1353 1303 1384 pro
1317 1347 1442 1384 peccato
1457 1345 1598 1376 animam
1613 1353 1716 1383 suam,
1730 1344 1780 1376 vi·

1012 1397 1096 1428 debit
1111 1406 1218 1428 semen
1233 1398 1437 1438 longaevum,
1450 1400 1482 1429 et
1496 1398 1645 1430 voluntas
1656 1397 1782 1429 Domini

1011 1450 1045 1480 in
1060 1459 1157 1480 manu
1170 1452 1239 1490 ejus
1255 1450 1422 1489 dirigetur.
1435 1461 1450 1478 n

1052 1502 1157 1533 Tertio
1167 1527 1175 1541 ‚
1191 1504 1346 1542 quantum
1361 1503 1400 1534 ad
1414 1503 1539 1533 fidelem
1554 1503 1781 1535 confessionem

1012 1556 1219 1594 Centurionis,
1236 1556 1383 1595 adjungit
1399 1556 1441 1595 (v.
1453 1557 1500 1595 47)
1515 1566 1522 1587 :
1543 1555 1657 1589 Videns
1672 1560 1781 1588 autem

1013 1609 1160 1640 Centurio
1181 1608 1270 1649 quod
1286 1609 1412 1648 sactum
1433 1610 1543 1648 fuerat
1556 1632 1568 1647 ,
1591 1609 1783 1648 glorificavit

1011 1661 1135 1699 Deum,
1152 1661 1256 1692 dicens
1269 1670 1279 1692 .·
1302 1662 1378 1693 Vere
1401 1661 1450 1692 lzz‘c
1465 1662 1558 1692 homo
1574 1662 1678 1700 justus
1699 1665 1779 1693 erat.

1011 1714 1086 1745 Haec
1099 1716 1205 1745 autem
1218 1714 1320 1745 fidelis
1334 1715 1488 1746 confessio
1498 1718 1605 1746 ortum
1615 1715 1728 1746 habuit
1740 1724 1781 1746 ex

1011 1768 1132 1799 viSione
1150 1767 1345 1798 mirabilium
1355 1791 1365 1805 ,
1382 1777 1455 1807 quae
1470 1769 1551 1799 facta
1563 1770 1638 1799 sunt
1652 1768 1685 1799 in
1699 1776 1781 1799 com-

1011 1820 1150 1850 motione
1165 1820 1297 1856 mundi,
1323 1822 1353 1850 et
1373 1821 1512 1851 maxime
1535 1821 1568 1851 in
1590 1821 1685 1852 modo
1708 1829 1781 1851 mo-

1011 1873 1124 1903 riendi.
1142 1872 1229 1903 Unde
1240 1872 1409 1903 Matthaeus
1420 1873 1430 1888 ⁹
1444 1882 1451 1903 :
1469 1884 1483 1902 α
1494 1873 1642 1904 Centurio
1660 1876 1779 1911 autem,

1012 1927 1042 1955 et
1056 1925 1110 1965 qui
1121 1934 1194 1955 cum
1204 1934 1241 1955 eo
1251 1928 1341 1956 erant
1353 1925 1564 1957 custodientes
1575 1925 1697 1964 Jesum,
1712 1926 1780 1957 viso

1012 1982 1103 2009 terrae
1118 1981 1206 2010 motu
1217 2003 1224 2016 ,
1249 1982 1279 2010 01
1294 1979 1343 2009 his
1360 1988 1432 2019 quae
1447 1979 1562 2010 fiebant
1573 2003 1580 2017 ,
1603 1980 1781 2011 timuerunt

1011 2032 1103 2063 valde
1115 2056 1124 2070 ,
1143 2032 1280 2063 dicentes
1296 2041 1303 2062 :
1320 2032 1399 2063 Vere
1413 2032 1498 2062 filius
1513 2032 1568 2063 Dei
1589 2035 1657 2063 erat
1675 2033 1744 2063 iste.
1759 2043 1775 2061 n

1012 2084 1072 2115 Sed
1087 2085 1210 2115 Marcus
1225 2085 1299 2115 dicit
1320 2086 1341 2103 ¹⁰
1356 2085 1441 2124 quod
1460 2084 1592 2115 «videns
1615 2085 1777 2123 Centurio,

1011 2138 1087 2177 quia
1105 2138 1149 2167 510
1164 2137 1303 2167 01301305
1321 2137 1513 2176 expirasset,
1537 2137 1602 2167 ait:
1628 2136 1707 2167 Vere
1727 2137 1779 2167 hic

1011 2190 1108 2220 homo
1119 2190 1202 2220 filius
1214 2190 1269 2220 Dei
1282 2192 1358 2220 erat.
1373 2200 1388 2218 1)
1403 2189 1504 2220 Lucas
1516 2191 1623 2219 autem
1638 2198 1779 2229 compre-

1011 2242 1121 2273 hendit
1135 2244 1320 2281 utrumque,
1336 2250 1410 2272 cum
1429 2241 1520 2272 dicit:
1542 2241 1655 2273 Videas
1670 2246 1778 2273 autem

1014 2295 1166 2327 Centurio
1185 2294 1272 2335 quod
1286 2295 1409 2334 suctum
1424 2295 1551 2334 fuerat,
1567 2298 1625 2326 010.
1644 2295 1731 2326 Unde
1744 2296 1778 2326 10

1011 2349 1071 2379 hoc
1081 2348 1270 2379 Centurione
1278 2348 1423 2387 apparuit
1433 2348 1647 2387 promptitudo
1657 2348 1689 2378 in
1700 2356 1777 2386 gen-

1011 2401 1094 2432 tibus
1108 2401 1147 2432 ad
1160 2401 1255 2432 fidem
1265 2424 1275 2438 ,
1292 2403 1323 2431 et
1336 2410 1353 2431 e
1367 2401 1522 2431 contrario
1540 2400 1573 2430 10
1587 2400 1704 2431 Judaeis
1718 2400 1774 2431 ob-

1010 2454 1134 2485 duratio
1156 2454 1194 2485 ad
1212 2453 1473 2484 incredulitatem.
1490 2453 1621 2493 Propter
1635 2453 1720 2493 quod
1745 2455 1777 2484 et

1010 2546 1048 2569 18.
1069 2557 1094 2561 ·”
1121 2545 1129 2558 ‘⁴
1153 2544 1212 2574 Ῑδθυ
1233 2549 1294 2574 Lm,
1313 2545 1352 2568 10-
1373 2556 1403 2562 -
1421 2543 1432 2560 ⁹
1453 2543 1552 2573 Mami„
1574 2548 1661 2573 xxvu,
1683 2543 1721 2567 54,
1746 2556 1776 2561 .-

1011 2581 1030 2595 ¹⁰
1045 2581 1134 2610 Marc„
1151 2586 1192 2610 xv,
1211 2582 1250 2604 39,

1041 2625 1073 2654 (α)
1088 2624 1147 2648 Coet.
1163 2624 1223 2649 edit.
1240 2625 1335 2654 posset.
