1987 3032
696 197 900 229 EXPOSITIO
923 198 964 229 IN
987 199 1072 230 CAP.
1094 198 1187 230 XVII.
1703 205 1740 234 59

148 264 181 293 in
195 263 356 294 voluntate
368 263 546 300 rectificari3
559 265 590 293 et
601 263 668 294 ideo
679 264 793 294 dicitur
805 273 812 294 :
826 265 914 295 Dum

147 317 247 354 irent,
277 315 426 346 mundati
451 320 540 354 sunt,
567 316 740 346 secundum
768 317 845 346 illud
869 318 876 333 ²
904 329 910 347 ;

151 380 165 397 «
186 369 255 398 Dixi
278 377 286 398 z
312 368 489 398 Confitebor
514 369 681 399 adversum
708 378 759 399 me
786 370 913 408 injusti-

145 422 220 451 tiam
231 445 239 459 ,
250 432 264 448 n
281 423 338 451 etc.
356 420 403 451 Ex
418 421 477 451 hoc
493 421 655 451 manseste
670 425 799 461 apparet
813 423 913 452 effica-

145 474 193 503 cia
217 474 418 504 confessionis
443 474 582 504 curantis
607 483 736 504 omnem
763 476 912 506 morbum

144 528 238 565 atque
263 526 472 565 languorem;
502 529 632 566 apparet
657 527 751 557 etiam
776 528 913 566 dignitas

143 579 358 616 sacerdotalis,
375 588 470 618 quam
488 579 541 618 qui
561 580 733 609 contemnit
747 588 766 610 a
781 579 912 610 Domino

144 632 246 661 sanari
257 634 375 671 potest?
387 632 525 671 Apparet
535 632 629 662 etiam
643 632 724 662 mira
736 632 788 661 Dei
800 633 909 671 pietas,

142 693 214 724 quae
228 693 337 715 omnes
352 687 551 715 occurrentes
566 686 670 722 curat,
688 685 862 714 secundum
878 685 912 714 il-

140 737 195 767 lud
211 738 221 753 ²
238 748 244 768 :
263 737 371 767 «Eum
387 737 441 776 qui
457 737 542 767 veuit
560 737 599 767 ad
621 746 685 774 me,
704 746 767 766 non
786 737 910 775 ejiciam

140 790 234 820 foras.
247 800 261 818 1)
279 791 417 830 Apparet
431 790 525 820 etiam
545 799 585 819 ex
606 790 666 820 hoc
681 792 799 829 quanta
820 790 911 820 debet

141 851 208 873 esse
224 843 321 882 pietas
338 843 371 873 iu
387 843 539 873 ministris
554 843 608 872 Dei
623 842 663 873 ad
674 842 801 872 infirma
814 852 911 872 mem-

140 895 197 925 bra
212 895 324 926 Christi
337 896 346 911 ³
363 907 369 926 z
392 908 406 924 «
423 896 585 934 Rogamus
600 904 672 932 vos,
688 896 817 932 fratres,
833 904 908 925 con-

139 948 285 978 solamini
311 949 542 988 pusillanimeS,
572 948 718 987 suscipite
745 948 908 985 infirmos,

140 1001 291 1040 patientes
312 1003 410 1031 estote
435 1001 472 1031 ad
496 1010 616 1031 omnes.
640 999 747 1030 Videte
772 1009 811 1030 ne
840 1000 911 1039 quis

140 1053 259 1084 malum
270 1077 278 1091 ,
290 1065 304 1081 n
323 1056 380 1084 etc.
404 1053 534 1092 Propter
548 1054 608 1083 hoc
626 1053 734 1083 divina
750 1053 910 1092 dispositio

140 1108 233 1145 caput
257 1106 472 1146 apostolorum
494 1106 603 1136 cadere
632 1106 791 1145 permisit,
820 1109 853 1136 ut
879 1107 910 1136 in

140 1168 197 1190 suo
212 1169 286 1190 casu
301 1160 430 1190 disceret
444 1159 579 1199 qualiter
592 1159 661 1188 aliis
677 1159 820 1189 misereri
836 1168 908 1198 pos-

139 1215 199 1249 set,
217 1215 312 1252 atque
328 1213 464 1243 deberet.

181 1267 228 1295 15.
253 1266 340 1296 Unus
357 1270 464 1295 aulem
483 1274 521 1295 esc
541 1265 620 1302 illis,
641 1267 699 1295 etc.
724 1264 796 1295 Post
818 1274 910 1295 cura-

141 1318 259 1348 tionem
280 1318 464 1348 incurabilis
487 1318 589 1347 morbi
612 1318 662 1347 vel
686 1318 908 1355 aegritudini5‚

141 1370 328 1401 describitur
354 1371 406 1401 hic
431 1370 568 1401 secundo
595 1370 826 1400 commendatio
854 1379 911 1409 ap-

141 1423 311 1461 probabilis
320 1424 524 1462 gratitudinis
540 1434 545 1452 :
564 1423 645 1452 circa
659 1432 755 1462 quam
771 1423 912 1453 introdu-

140 1477 256 1505 cuntur
269 1476 343 1513 triti,
361 1476 476 1506 sci-licet
491 1476 670 1513 gratiarum
686 1477 786 1513 actio,
803 1476 910 1514 ingra-

139 1527 280 1557 titudinis
302 1528 488 1567 increpatio,
514 1530 544 1558 ct
567 1528 774 1566 gratitudinis
795 1538 908 1568 appro-

140 1581 235 1613 batio.
273 1582 416 1612 Primum
432 1606 439 1620 ,
470 1584 627 1621 quantum
662 1581 699 1611 ad
731 1582 910 1620 gratiarum

141 1637 312 1673 actionem,
337 1635 501 1675 praeniittit
519 1645 525 1664 z
549 1635 636 1665 L'tms
652 1638 759 1664 (tutem
775 1643 814 1663 ez
829 1634 909 1671 illis,

141 1695 175 1721 ut
189 1690 268 1720 vidit
286 1690 363 1729 qula
384 1688 556 1718 mundatus
573 1692 634 1724 cst,
650 1697 705 1726 per
720 1687 910 1726 recognitio-

139 1753 214 1775 ucm
237 1743 352 1773 scilicet
371 1741 535 1772 beneficii'*
555 1752 562 1771 z
590 1741 698 1772 «Vide
722 1750 801 1779 crgo
823 1741 856 1770 iu
881 1743 911 1770 te

137 1797 308 1828 bonitatem
327 1796 395 1833 Dei,
415 1795 440 1825 si
462 1794 672 1834 permanseris
684 1794 716 1823 in
731 1794 878 1823 bonitale.
893 1805 906 1821 ι)

138 1851 307 1889 Reqressns
323 1852 367 1879 est
380 1858 453 1878 cum
465 1856 586 1886 masma
601 1856 673 1876 voce
696 1846 911 1885 muqnz'fi'cmzs

138 1905 255 1939 Deum,
273 1911 329 1941 per
343 1900 607 1940 glorificationem
624 1898 842 1933 benefactoris,
867 1908 912 1928 se-

137 1956 277 1987 cundum
291 1955 389 1985 illud³
406 1963 413 1984 :
435 1953 636 1983 «benedicite
656 1952 743 1982 Danu
765 1952 852 1990 coeli,
881 1954 911 1982 et

137 2018 242 2039 coram
262 2008 410 2038 omnibus
432 2007 614 2037 viventibus
638 2005 832 2035 confitemini
859 2005 908 2043 ei,

136 2062 210 2101 quia
224 2061 296 2092 fecit
309 2060 474 2091 vobiscum
497 2058 747 2089 misericordiam
770 2067 873 2088 suam.
892 2069 907 2085 »

135 2115 221 2145 Etss:
248 2126 261 2142 (ι
283 2113 419 2144 Cantabo
445 2113 590 2149 Domino,
616 2111 669 2151 qui
695 2112 778 2141 bona
800 2111 910 2141 tribuit

135 2168 224 2198 mihi.
247 2178 261 2196 1)
291 2169 339 2207 (v.
361 2168 412 2201 16)
439 2167 484 2197 Et
506 2165 616 2196 cecidit
637 2165 669 2195 in
691 2164 811 2203 faciem
837 2168 909 2194 ante

129 2222 226 2260 pedes
253 2221 341 2259 ιγἰιε,
368 2220 489 2259 φτιῑίαε
510 2227 608 2257 asymis
634 2218 686 2255 ei,
713 2217 828 2246 scilicet
856 2226 912 2256 per

135 2274 363 2304 exhibitionem
374 2272 560 2302 reverentiae
571 2273 600 2301 et
610 2270 741 2301 honoris
749 2273 758 2288 ⁷
773 2280 778 2299 :
797 2280 811 2297 (ι
820 2269 886 2299 Vidi
897 2293 906 2307 ,

134 2328 164 2357 et
185 2326 282 2356 cecidi
306 2326 339 2355 in
367 2325 479 2355 faciem
504 2333 607 2354 meam
623 2334 629 2353 ς
645 2334 658 2351 n
681 2323 718 2353 Et
732 2323 741 2338 ⁸
763 2333 769 2352 ε
797 2334 810 2350 «
829 2322 908 2352 Cum

134 2379 283 2410 vidissem
297 2387 386 2415 eum,
403 2377 498 2408 ccc-idi
512 2377 549 2406 ad
567 2377 659 2415 pedes
675 2377 744 2414 cjiis
754 2377 908 2414 tanquam

134 2433 291 2461 mortuus.
304 2442 318 2458 n
333 2431 377 2461 Ec
391 2430 440 2460 hic
455 2433 523 2459 crat
538 2429 765 2460 Samaritanus
775 2452 785 2466 ,
802 2429 841 2458 ad
857 2438 907 2459 ex-

134 2484 329 2523 pressionem
355 2484 471 2523 figurae
497 2485 528 2513 et
558 2481 811 2521 significationis.
848 2481 908 2511 Iste

168 2545 256 2569 1Ρειιῐ.
272 2551 350 2575 xxxi,
366 2546 388 2568 5.
403 2557 432 2561 —
450 2545 460 2559 ·-’
473 2545 554 2571 duan..
571 2549 606 2572 νῐ,
622 2544 660 2566 37.
677 2556 702 2559 -
723 2543 755 2565 ³1
774 2542 863 2571 Thess„
884 2548 907 2572 v,

137 2582 218 2604 ili-15.
234 2592 264 2598 -
279 2581 289 2596 ⁶
304 2581 381 2609 Rern„
397 2586 434 2610 XI,
450 2581 488 2603 22.
505 2591 535 2596 —-
549 2579 558 2594 Β
576 2578 640 2605 Tob.,
658 2584 710 2608 xil,
725 2579 748 2602 G.
766 2590 796 2594 -—
811 2578 821 2593 ⁶
836 2577 908 2600 Psal.

138 2621 189 2643 xii,
209 2616 233 2637 ὃ.
251 2628 280 2633 -
301 2615 309 2631 7
330 2615 430 2644 Εεεεὴ,,
450 2620 520 2644 nm,
544 2615 565 2637 -i,
586 2626 616 2631 —
637 2614 644 2625 ⁵¹
666 2613 751 2643 Apum,
778 2619 800 2641 1,
824 2614 860 2636 17.
877 2626 906 2630 —

134 2651 144 2665 ⁹
158 2650 238 2678 joan„
255 2657 288 2681 iv,
304 2653 316 2674 7
332 2652 357 2674 et
374 2658 458 2681 serp*
480 2651 498 2667 ¹⁰
513 2650 598 2679 Cant„
615 2655 642 2679 Η,
659 2651 728 2673 10.-
741 2649 756 2665 '¹
771 2649 778 2671 1
792 2650 905 2678 Condit,

968 266 1070 301 enim,
1087 266 1162 305 quia
1182 265 1400 296 Samaritanus
1417 267 1447 296 et
1461 266 1637 306 alienigena
1648 292 1655 306 ,
1672 269 1740 308 sig-

968 318 1074 348 nificat
1089 317 1224 356 gentiles
1238 318 1276 347 ad
1293 318 1413 348 cultum
1429 318 1543 349 Christi
1558 320 1737 360 redeuntes,

968 371 1048 400 sicut
1067 371 1163 401 etiam
1182 371 1236 400 illa
1259 371 1374 401 mulier
1396 370 1595 402 Samaritana
1611 375 1632 403 ⁹.
1653 373 1741 405 Unde

968 422 1101 453 Glossa:
1130 435 1144 453 (1
1167 424 1254 454 Unus
1278 433 1441 462 regressus
1465 425 1621 463 significat
1644 427 1740 457 unius

968 475 1114 506 Ecclesiae
1143 477 1290 507 devotam
1316 476 1440 507 Christo
1469 478 1694 509 humilitatem.
1722 490 1736 507 »

968 528 1003 558 ln
1019 530 1113 568 cujUs
1128 529 1382 568 designationem
1397 530 1511 560 dicitur
1521 531 1542 547 ¹⁰
1556 541 1562 561 :
1581 542 1594 559 α
1609 531 1678 562 Una
1694 534 1741 562 est

967 581 1113 611 columba
1129 591 1209 612 mea.
1223 592 1236 609 n
1255 582 1292 612 Et
1309 584 1331 600 ¹¹
1351 591 1380 612 τα
1393 582 1509 613 Omnes
1524 583 1651 622 quidem
1666 593 1739 614 cur-

967 636 1058 671 runt,
1080 634 1133 664 sed
1152 644 1237 664 unus
1258 635 1370 674 accipit
1391 635 1580 665 bravium.»
1609 636 1741 675 Propter

967 687 1051 725 quod
1067 696 1152 717 unus
1166 687 1379 717 introducitur
1393 687 1445 717 hic
1458 696 1624 726 regressus
1634 712 1643 726 ,
1660 689 1741 719 sicut

966 740 999 769 in
1014 739 1068 770 illa
1083 740 1284 770 multitudine
1298 749 1382 770 nnus
1400 740 1540 771 salvatur
1554 741 1575 756 ¹2
1592 751 1623 770 z«
1638 741 1742 773 Move-

966 795 1019 822 tur
1028 801 1110 831 aqua
1118 815 1127 829 ,
1139 794 1210 830 etc,
1224 795 1254 822 et
1264 801 1360 822 sanus
1371 793 1480 830 fiebat,
1491 804 1505 820 u
1520 795 1577 823 etc.
1590 793 1628 823 Et
1639 794 1742 824 Chris-

966 846 1018 874 tus
1031 854 1133 875 unum
1149 847 1273 875 tantum
1290 845 1332 874 ibi
1349 845 1492 882 curavit,
1508 847 1558 883 ut,
1574 846 1655 875 sicut
1667 846 1742 876 dicit

966 897 1170 936 Augustinus
1181 898 1212 935 ²³,
1225 898 1404 928 ostenderet
1415 898 1500 937 quod
1515 898 1621 928 nullus
1636 899 1741 929 sanari

965 953 1066 989 potest
1095 951 1155 980 nisi
1186 951 1269 981 intra
1295 951 1538 982 ecclesiasticam
1564 951 1740 987 unitatem,

966 1003 1003 1032 de
1021 1012 1086 1041 qua
1107 1003 1228 1033 unitate
1252 1003 1398 1033 dicitur¹‘
1416 1013 1444 1033 z«
1460 1002 1598 1032 Sollicite
1619 1005 1742 1034 servate

966 1056 1122 1085 unitatem
1138 1056 1271 1094 spiritus
1289 1056 1321 1085 in
1337 1056 1466 1086 vinculo
1480 1056 1584 1095 pacis:
1601 1067 1615 1084 »
1632 1056 1743 1087 Subdi-

965 1111 1017 1138 tur
1042 1119 1048 1138 :
1075 1120 1089 1136 <t
1104 1108 1192 1138 Unus
1219 1108 1388 1146 Dominus,
1417 1118 1481 1138 una
1514 1109 1608 1146 fideS,
1640 1118 1742 1140 unum

966 1161 1139 1200 baptisma,
1152 1171 1166 1188 ›)
1186 1163 1245 1190 etc.
1264 1161 1321 1190 Ilic
1339 1170 1423 1191 unus
1446 1161 1560 1191 dicitur
1581 1161 1690 1192 cadere
1710 1162 1743 1192 in

966 1214 1091 1251 faciem,
1109 1214 1183 1253 quia
1197 1222 1262 1243 non
1277 1215 1402 1243 tantum
1413 1214 1508 1244 habet
1519 1214 1674 1244 unitatem
1686 1224 1742 1253 per

966 1276 1109 1297 amorem
1118 1290 1127 1303 ,
1145 1275 1256 1296 verum
1269 1266 1364 1296 etiam
1378 1275 1434 1305 per
1447 1267 1675 1305 humilitatem,
1687 1277 1743 1306 per

968 1320 1197 1358 gratitudinem
1218 1321 1247 1349 et
1266 1319 1426 1349 timorem.
1443 1319 1481 1349 Et
1500 1319 1560 1349 hoc
1584 1320 1743 1358 significat

967 1372 1033 1411 ipse
1051 1381 1141 1402 casus
1157 1373 1190 1402 in
1206 1372 1328 1402 faciem.
1347 1372 1443 1402 Casus
1466 1372 1552 1402 enim
1578 1373 1611 1401 in
1631 1372 1743 1402 faciem

967 1425 1126 1463 significat
1153 1425 1382 1461 reverentiam,
1408 1425 1582 1454 secundum
1605 1425 1683 1455 illud
1700 1425 1741 1456 ¹⁵:

972 1479 1034 1509 «Et
1048 1488 1157 1509 omues
1175 1479 1283 1518 angeli
1299 1479 1423 1508 stabant
1442 1479 1474 1508 in
1496 1479 1632 1509 circuitu
1650 1479 1742 1509 thro-

966 1532 1015 1569 ni,
1032 1542 1046 1559 ›)
1065 1533 1122 1561 etc.
1148 1531 1208 1562 Sed
1229 1540 1320 1561 casus
1343 1533 1414 1570 post
1434 1533 1566 1570 tergum
1584 1531 1743 1570 significat

967 1584 1094 1614 ruinam
1110 1583 1129 1603 ¹ss
1147 1595 1176 1614 2«
1189 1584 1344 1614 Abierunt
1363 1585 1556 1621 retrorsum,
1573 1586 1603 1614 et
1622 1584 1740 1615 cecide-

967 1639 1044 1667 runt
1075 1637 1108 1666 in
1132 1640 1287 1667 terram.»
1313 1636 1352 1667 Et
1371 1636 1392 1653 ¹⁷
1417 1647 1423 1667 :
1449 1648 1463 1665 (ι
1483 1636 1597 1667 Cecidit
1616 1637 1685 1667 Heli
1704 1637 1742 1668 de

967 1689 1042 1719 sella
1056 1692 1271 1720 retrorsum.»
1291 1689 1380 1720 Unde
1396 1689 1507 1720 Glossa
1521 1698 1529 1719 ε
1549 1700 1563 1718 (ι
1575 1689 1635 1726 Qui
1649 1690 1681 1720 in
1696 1691 1740 1720 fa—

967 1742 1047 1772 ciem
1064 1743 1161 1779 cadit,
1177 1743 1265 1773 videt
1278 1751 1342 1782 quo
1354 1742 1461 1779 cadat,
1475 1742 1530 1780 qui
1545 1744 1630 1772 retro
1645 1743 1738 1780 cadit,

968 1804 1032 1825 non
1057 1796 1180 1826 videt.»
1208 1795 1287 1825 Boni
1311 1803 1388 1834 ergo
1412 1795 1445 1824 in
1470 1795 1580 1824 faciem
1604 1795 1737 1834 cadunt,

967 1848 1043 1886 quia
1057 1848 1228 1878 humiliant
1242 1857 1274 1878 se
1289 1848 1323 1877 in
1338 1848 1387 1877 his
1405 1847 1603 1885 visibilibus,
1620 1849 1676 1878 ubi
1691 1849 1739 1880 vi-

967 1901 1041 1931 dent
1053 1900 1130 1939 quid
1145 1909 1197 1931 eos
1213 1902 1375 1939 sequatur,
1392 1902 1428 1930 ut
1441 1900 1479 1930 ad
1496 1900 1668 1930 invisibilia
1682 1902 1741 1932 eri-

967 1956 1099 1992 gantur3
1118 1953 1191 1983 mali
1211 1962 1288 1984 vero
1311 1955 1486 1983 retrorsum
1509 1953 1644 1991 cadunt,
1665 1955 1740 1993 quia

967 2007 1081 2037 cadunt
1096 2007 1128 2036 in
1143 2006 1372 2043 invisibilibus,
1389 2006 1445 2036 ubi
1462 2015 1526 2036 non
1541 2006 1650 2036 vident
1664 2007 1739 2046 qnid

967 2068 1019 2089 eos
1043 2061 1203 2098 sequatur.
1233 2059 1320 2089 Cadit
1344 2061 1452 2088 autem
1477 2059 1549 2098 quis
1572 2059 1605 2088 iu
1628 2059 1739 2090 faciem

968 2113 995 2142 1.
1008 2112 1041 2142 in
1050 2112 1089 2151 (a)
1101 2120 1313 2151 supernorum
1325 2111 1521 2141 mirabilium
1532 2111 1735 2151 revelatione,

967 2165 1047 2195 sicut
1061 2165 1174 2195 dicitur
1193 2164 1214 2183 ¹⁸
1231 2175 1237 2194 2
1254 2175 1267 2192 α
1281 2164 1396 2194 Audivi
1420 2172 1531 2194 vocem
1554 2172 1739 2194 sermonum

966 2218 1056 2256 ejus:
1074 2219 1104 2247 et
1125 2217 1257 2247 audiens
1281 2217 1424 2255 jacebam
1447 2218 1665 2246 consternatus
1684 2225 1738 2247 su-

966 2279 1022 2310 per
1036 2271 1148 2301 faciem
1164 2280 1266 2301 meam
1278 2294 1285 2308 ,
1303 2272 1333 2299 et
1355 2269 1463 2299 vultus
1485 2278 1575 2299 meus
1597 2270 1739 2301 haerebat

966 2326 1069 2353 terrae.
1084 2334 1098 2350 »
1119 2325 1148 2353 Ξ.
1166 2323 1202 2353 In
1220 2322 1400 2353 divinorum
1416 2321 1644 2352 charismatum
1664 2332 1736 2362 pos-

966 2376 1117 2407 tulatione
1134 2379 1154 2394 ¹⁹
1171 2387 1177 2406 :
1194 2387 1209 2405 ct
1228 2375 1337 2405 Omnis
1352 2375 1487 2414 populns
1504 2375 1614 2406 cecidit
1629 2376 1663 2406 in
1686 2377 1736 2406 sa-

965 2429 1043 2460 ciem
1054 2453 1061 2466 ‚
1078 2430 1244 2459 adorantes
1259 2427 1429 2458 Dominum
1440 2452 1448 2464 ‚
1467 2429 1498 2458 et
1514 2429 1676 2459 communi
1695 2429 1737 2460 la-

966 2482 1157 2513 mentatione
1181 2483 1211 2511 ct
1236 2481 1312 2511 ssetu
1338 2481 1505 2511 unanimes
1527 2490 1635 2520 preces
1661 2490 1736 2512 suas

965 2539 1061 2563 24.—¹²
1073 2539 1154 2569 loun„
1166 2544 1190 2569 V,
1207 2540 1261 2562 4.-
1278 2539 1369 2569 ¹³Aug.
1384 2539 1408 2561 in
1423 2539 1547 2568 Joa71.‚tr,
1561 2545 1624 2569 xvu,
1640 2546 1665 2562 n.
1681 2541 1734 2562 3.-

968 2575 984 2590 ¹⁴
996 2574 1137 2605 Eplie.5.,1v,
1149 2575 1172 2603 3,
1183 2576 1238 2597 5.-
1249 2574 1359 2604 ¹⁵Apoc.‚
1368 2574 1523 2604 vu‚11.——¹⁸
1534 2574 1615 2603 Joan„
1628 2580 1702 2606 xv111,
1712 2577 1735 2598 6.

965 2622 994 2627 -
1008 2610 1025 2626 '⁷
1040 2610 1046 2632 Ι
1059 2610 1126 2640 Κεφ,
1142 2615 1176 2639 ιν,
1192 2610 1261 2633 18.—-
1274 2610 1291 2623 ¹⁸
1308 2610 1381 2638 Dan„
1397 2615 1423 2638 x,
1437 2610 1493 2632 9.-
1506 2609 1525 2625 ¹⁹
1538 2609 1636 2635 Juditlz.
1646 2615 1680 2640 VI,
1697 2612 1734 2633 14.

998 2650 1029 2679 (a)
1045 2649 1104 2673 Coet.
1120 2649 1179 2673 edit.
1193 2649 1259 2672 deest
1277 2651 1298 2673 ί.
1310 2649 1350 2679 in,
1364 2650 1387 2672 el
1404 2648 1508 2672 ulterius
1524 2650 1547 2672 2.
1561 2650 1586 2672 et
1602 2651 1624 2675 3.
