1987 3032
45 920 144 940 Secunda

53 955 140 976 respon-

44 986 84 1000 sio.

52 2030 139 2049 Sancto*

62 2066 108 2079 rum

40 2092 132 2115 quatuor

44 2120 124 2140 anima-

33 2151 85 2171 lium
106 2153 135 2171 si-

38 2182 129 2208 gnifica-

33 2212 70 2232 tio.

772 201 975 233 EXPOSITIO
999 202 1038 233 ΙΝ
1060 201 1146 234 CAP.
1170 203 1192 233 Ι.

169 270 257 298 nitate
271 269 333 297 Filii
348 268 396 295 Dei
419 266 641 300 determinavit,
657 268 684 294 et
698 267 736 294 ab
758 275 792 295 ea
806 268 933 303 incoepit.

171 316 250 343 L'nde
265 315 486 350 Chrysostomus
499 312 507 328 ¹
521 321 528 339 :
548 322 562 339 «
576 312 630 345 Qui
645 313 764 340 tonitrui
780 316 820 341 est
834 314 913 341 filius
924 335 932 348 ,

170 363 221 397 qui
235 362 354 389 dilectus
369 359 488 392 Christi,
503 359 554 394 qui
569 359 707 386 columna
721 359 913 387 Ecclesiarum
923 381 932 395 ,

169 417 234 444 quae
248 409 314 434 sunt
333 406 496 433 secundm
510 405 628 439 orbem,
653 406 703 441 qui
725 406 822 433 claves
844 406 934 434 babet

169 454 252 487 coeli,
268 452 318 488 qui
342 452 462 479 calicem
483 451 585 479 Christi
606 451 701 485 bibit,
727 452 778 487 qui
798 453 932 480 recubuit

167 507 255 534 supra
269 500 368 534 pectus
384 497 516 529 Domini,
531 505 599 524 cum
620 497 824 533 propalatione
838 499 932 526 multa

166 545 252 572 intrat
272 544 311 572 ad
330 552 393 571 nos.
409 554 422 569 »
438 545 470 571 Et
490 544 620 579 sequitur
633 545 643 561 ²
661 553 666 571 :
684 553 697 569 «
718 544 807 579 Igitur
826 544 930 572 audia-

166 599 232 618 mus
242 611 252 624 ‚
266 593 297 617 ut
310 598 371 618 non
391 590 561 618 existentem
575 590 671 617 filium
689 590 841 625 piscatoris
853 611 862 624 ,
877 598 930 618 ne-

166 645 223 672 que
238 637 388 671 Zebedaei3
412 637 464 664 sed
488 637 550 671 ejus
563 636 615 671 (a),
639 636 690 671 qui
710 636 858 671 profunda
882 637 931 664 Dei

165 683 282 710 novit.»
299 683 362 709 Haec
386 682 435 709 ille
456 691 463 709 ε
483 682 628 717 «Spiritus
655 682 733 709 enim
754 683 764 699 ³
788 684 932 710 scrutatur

165 729 314 764 profunda
327 728 461 756 Christi.»
473 730 504 756 Et
517 736 569 764 per
583 728 644 755 haec
657 728 695 755 ad
708 728 788 764 prius
803 728 930 762 obJecta,

165 777 194 803 et
211 775 249 802 ad
268 774 451 802 auctoritates
473 782 540 809 quae
558 774 716 809 prohibent
738 782 867 809 quaerere
885 774 929 802 al-

164 821 240 848 tiora
253 820 301 847 vel
314 820 446 854 scrutari,
462 820 565 855 spiritu
579 820 710 848 humano
725 822 929 855 praesumente,

164 868 212 895 vel
228 867 375 894 diabolico
388 867 551 901 instigante,
572 874 633 894 non
648 866 751 902 spiritu
766 867 866 894 divino
882 875 931 894 su-

163 913 304 941 blimante
320 915 347 940 et
358 912 514 939 revelante.
526 912 569 940 Ad
581 912 662 940 aliud
676 913 927 948 respondendum,

164 960 246 995 quod
269 958 451 993 Evangelista
465 966 519 993 ea,
544 966 609 993 quae
631 958 704 985 dixit
718 958 754 986 de
779 959 928 986 divinitate

162 1006 224 1033 Filii
240 1005 303 1039 Dei,
329 1005 434 1040 Spiritu
456 1005 604 1032 revelante
620 1005 713 1032 dixit:
735 1005 803 1032 ideo
825 1005 862 1032 ab
878 1005 929 1033 illa

160 1051 279 1086 incoepit
288 1071 297 1084 ,
311 1052 338 1078 et
355 1059 421 1077 cum
435 1050 595 1078 constantia
608 1050 737 1078 veritatis
750 1052 777 1078 et
788 1050 858 1078 fidei
870 1051 926 1078 ait:

160 1097 192 1124 Ia
202 1098 341 1131 principio
361 1099 417 1123 erat
442 1097 570 1129 Verbum,
585 1098 636 1123 etc.
654 1097 734 1124 Unde
756 1097 928 1132 Chrysosto·

159 1151 225 1170 mus
238 1143 248 1158 ⁶
264 1151 270 1169 :
292 1142 400 1169 «Vides
415 1142 575 1169 verborum
589 1144 763 1177 potestatem
775 1163 783 1176 ,
802 1143 929 1178 qualiter

159 1188 233 1216 nihil
245 1188 382 1215 dubitans
393 1188 432 1215 ait
443 1196 449 1214 :
461 1189 493 1214 In
502 1189 655 1222 principio,
667 1190 720 1216 etc.
732 1190 791 1216 Hoc
801 1189 835 1224 (b)
849 1189 927 1216 enim

160 1237 201 1262 est
218 1234 360 1269 magistri,
379 1242 439 1261 non
461 1234 658 1268 circumferri,
678 1234 709 1261 id
729 1237 771 1262 est
788 1235 927 1263 vacillare

158 1281 189 1307 in
202 1280 262 1314 his,
287 1288 352 1315 quae
376 1279 454 1307 dicit.
470 1290 482 1305 »
500 1280 545 1307 Ad
568 1280 650 1307 aliud
663 1281 924 1316 respondendum,

159 1325 241 1360 quod
256 1323 439 1358 Evangelista
452 1324 499 1350 hic
523 1324 696 1352 determinat
719 1325 756 1352 de
776 1325 926 1353 divinitate

159 1372 177 1398 1⁴*
179 1370 220 1398 liii
236 1370 285 1397 Dei
297 1372 324 1397 et
338 1370 532 1404 humanitate3
545 1372 571 1397 et
586 1370 656 1405 quia
670 1371 814 1406 prolixius
828 1379 927 1406 prose-

158 1417 256 1453 quitur
281 1425 363 1444 sacra
387 1416 564 1444 documenta
587 1420 613 1444 et
636 1418 813 1445 miraculosa
836 1426 927 1454 opera

157 1463 219 1490 Filii
241 1463 290 1490 Dei
304 1463 338 1489 in
360 1465 503 1498 quantum
524 1463 634 1496 homo,
659 1463 726 1491 ideo
750 1464 924 1491 convenien-

156 1511 199 1536 ter
225 1509 361 1544 praemisit
390 1509 475 1536 Verbi
503 1509 602 1536 aeterni
632 1509 830 1544 divinitatem,
855 1511 925 1537 sub-

153 1557 281 1590 Jungens
299 1555 432 1589 ejusdem
452 1555 701 1590 incarnationem,
721 1556 842 1591 quando
862 1557 900 1584 ait
916 1565 923 1584 :

160 1603 272 1629 Verbum
290 1609 350 1628 caro
370 1602 470 1634 factum
491 1604 543 1634 esl3
563 1609 745 1638 prosequens
767 1602 857 1637 ipsius
879 1602 924 1629 in-

156 1647 266 1675 carnati
296 1647 520 1683 dispensationis
551 1656 642 1683 opera
674 1650 701 1675 et
736 1648 920 1676 documenta.

156 1695 188 1721 Et
218 1693 281 1721 haec
312 1693 351 1721 ad
380 1701 508 1728 praesens
537 1694 682 1722 sufficiant
714 1695 750 1722 de
784 1694 923 1722 doctrinae

1698 208 1756 237 249

990 269 1164 304 evangelicae
1184 270 1341 305 qualitate,
1366 270 1505 305 veritate,
1526 272 1553 298 et
1572 272 1753 300 certitudine.

1021 315 1067 342 His
1081 316 1237 350 praemissis
1251 316 1290 344 ad
1304 317 1447 351 majorem
1462 316 1640 344 evidentiam
1655 318 1753 345 subse-

988 361 1103 396 quentis
1118 361 1298 390 collectionis
1313 371 1349 390 ex
1369 362 1452 390 dictis
1473 363 1646 390 Sanctorum
1657 384 1666 397 ‚
1681 371 1755 398 prae-

987 407 1151 434 notandum
1166 409 1218 441 est,
1228 408 1310 443 quod
1325 408 1399 435 sacri
1414 409 1548 436 doctores
1560 409 1647 443 hujus
1662 410 1755 436 Evan-

988 452 1056 486 gelii
1064 452 1180 480 suerunt
1189 456 1304 482 sanctus
1311 454 1498 489 Augustinus,
1508 456 1535 481 et
1542 456 1657 482 sanctus
1665 455 1756 490 Chry-

988 500 1143 533 sostomus,
1155 502 1243 534 prout
1251 500 1356 528 dicitur
1365 500 1412 527 hic
1423 500 1453 527 in
1461 500 1603 536 prologo⁵
1618 501 1755 536 Chrysos-

987 543 1059 570 tomi
1066 546 1169 578 supraJ
1170 553 1289 573 oannem.
1298 547 1416 573 Sanctus
1423 547 1519 574 autem
1525 546 1700 581 Augustinus
1707 554 1754 575 ex-

986 589 1069 624 ponit
1092 590 1193 625 aliqua
1215 591 1385 626 litteraliter,
1402 594 1429 619 et
1450 593 1551 628 aliqua
1577 592 1752 628 allegorice,

987 635 1159 670 quaestiones
1179 636 1293 672 aliquas
1305 638 1441 666 litterales
1456 638 1645 666 insinuando.
1661 640 1752 666 Sanc-

986 682 1031 708 tus
1044 689 1115 709 vero
1129 682 1377 718 ,Chrysostomuffi
1400 687 1432 712 ut
1448 685 1554 712 dicitur
1573 685 1604 712 in
1625 685 1753 720 prologo

986 726 1080 761 dicto,
1098 729 1232 763 exposuit
1247 729 1324 757 hunc
1338 729 1470 763 librum,
1489 732 1516 758 et
1529 731 1652 766 partitus
1667 733 1709 758 est
1722 731 1753 758 in

986 773 1132 808 octoginta
1152 777 1217 802 octo
1238 775 1395 810 homilias,
1420 784 1494 812 quas
1516 777 1546 803 in
1571 784 1751 812 unaquaque

984 819 1147 854 septimana
1167 820 1284 848 duobus
1300 821 1423 856 diebus,
1443 822 1588 856 Sabbato,
1611 825 1637 849 et
1655 823 1752 850 Domi-

984 865 1066 900 nica,
1088 866 1200 902 populo
1220 867 1251 893 in
1275 867 1397 895 ecclesia
1411 868 1541 895 adunato
1563 867 1697 895 confecit.
1723 870 1753 896 lu

984 919 1162 947 unaquaque
1184 920 1255 940 vcro
1275 913 1482 941 homiliassfieri
1496 913 1527 940 in
1543 913 1624 940 initio
1653 914 1752 949 prolo-

985 965 1056 992 gum
1066 979 1075 992 ,
1092 960 1120 985 et
1134 958 1164 985 in
1174 959 1230 986 fine
1241 967 1277 986 ex
1286 961 1364 987 textu
1373 960 1404 995 (c)
1413 960 1643 996 uniuscujusque
1658 961 1752 988 homi-

984 1003 1029 1030 liae
1044 1004 1165 1032 materia
1177 1007 1303 1041 sumpta,
1319 1006 1431 1033 morale
1442 1014 1634 1041 componenS,
1650 1007 1751 1034 omnia

983 1050 1069 1085 hujus
1084 1052 1232 1086 Evangelii
1247 1052 1286 1079 ad
1299 1052 1425 1079 litteram
1440 1052 1498 1079 fere
1515 1052 1652 1087 exponit,
1667 1054 1695 1080 et
1711 1053 1750 1080 ad

982 1096 1177 1124 moralitatem
1209 1099 1405 1132 competenter
1436 1097 1567 1131 reducit,
1593 1098 1750 1133 allegorias

982 1149 1052 1168 vero
1068 1150 1119 1177 per
1133 1144 1226 1170 totum
1241 1143 1319 1170 hunc
1335 1151 1410 1178 pene
1424 1143 1535 1170 librum
1550 1144 1671 1171 omnino
1686 1144 1750 1171 fieri

981 1187 1096 1221 refugit.
1110 1189 1172 1215 Haec
1182 1189 1234 1216 ibi.
1246 1189 1399 1216 Anselmus
1408 1197 1478 1216 vero
1490 1190 1625 1224 exposuit
1637 1191 1646 1206 ⁶
1656 1191 1749 1218 Evan-

983 1234 1093 1267 gelium
1116 1234 1226 1262 alicubi
1236 1256 1245 1269 ,
1273 1236 1357 1270 quasi
1383 1235 1460 1263 dicta
1482 1236 1573 1263 sancti
1597 1236 1749 1270 Augustini

981 1279 1196 1308 abbreviando.
1219 1282 1282 1308 Haec
1305 1289 1376 1309 vero
1402 1282 1552 1316 collectio,
1576 1283 1633 1309 Deo
1653 1282 1747 1316 duce,

981 1333 1016 1352 ex
1031 1325 1115 1353 dictis
1130 1327 1340 1361 praedictorum
1360 1328 1522 1363 colligetur.
1544 1330 1575 1356 Et
1595 1328 1634 1356 ad
1655 1329 1749 1364 majo-

980 1378 1043 1398 rem
1063 1372 1255 1407 evidentiam,
1281 1373 1332 1401 ubi
1358 1374 1498 1409 incipiant
1525 1375 1653 1402 homiliae
1676 1383 1749 1410 prae-

981 1418 1125 1445 dictorum
1154 1421 1322 1446 sanctorum
1349 1420 1379 1447 in
1408 1420 1592 1455 marginibus
1621 1423 1712 1448 textus
1739 1422 1748 1437 ⁷

980 1466 1144 1498 apponetur
1152 1473 1160 1498 3
1185 1465 1360 1499 quaestiones
1382 1467 1410 1493 et
1432 1466 1616 1500 magistrales
1641 1467 1681 1495 ad
1700 1467 1747 1494 lit·
1773 1496 1786 1510 u

979 1510 1072 1536 teram
1108 1511 1286 1545 pertinentes
1323 1520 1390 1539 cum
1428 1512 1610 1547 expositione
1648 1513 1748 1541 litterae

979 1555 1162 1591 inserentur,
1188 1557 1358 1585 collationes
1383 1566 1452 1585 vero
1478 1558 1698 1593 praedicabiles,
1722 1562 1749 1587 et

979 1602 1107 1629 themata
1128 1610 1195 1630 cum
1221 1604 1431 1639 divisionibus,
1456 1607 1575 1641 propter
1594 1606 1747 1641 J'uniores,

978 1650 1010 1675 ut
1033 1648 1163 1676 habeant
1191 1650 1376 1678 occasionem
1403 1659 1456 1686 per
1483 1659 1530 1685 se,
1558 1651 1746 1680 subscriben-

978 1696 1032 1722 tur.

866 1809 1030 1816 ——..-

362 1926 503 1959 CAPUT
527 1925 708 1959 PRIMUM.

189 2020 344 2056 Supposito
360 2027 395 2047 ex
410 2020 505 2054 dictis,
522 2020 604 2055 quod
618 2027 670 2055 per
683 2021 781 2047 sancta
795 2020 917 2048 anima--

152 2067 191 2094 lia
214 2066 287 2094 sacri
312 2066 497 2100 Evangelistae
523 2066 733 2100 significentur,
753 2066 916 2093 secundum

151 2116 281 2147 sanctos,
298 2115 328 2139 ut
342 2112 474 2140 habitum
495 2114 536 2140 cst
553 2121 558 2139 :
575 2120 628 2147 per
641 2112 792 2139 hominem
807 2112 917 2146 signifi-

152 2162 233 2187 catur
254 2159 413 2192 MatthmuS,
431 2159 481 2194 qui
502 2158 639 2185 describit
661 2159 757 2185 ortum
783 2158 843 2184 Filii
868 2159 917 2186 Dei

151 2214 186 2232 cx
207 2205 294 2240 stirpe
314 2206 414 2239 regia,
436 2207 465 2231 et
486 2205 646 2231 humanam
669 2204 868 2238 nativitatem3
889 2207 917 2232 et

151 2251 232 2287 quod
247 2258 298 2286 per
312 2250 451 2284 vitulum,
468 2252 572 2284 Lucas,
588 2250 638 2285 qui
659 2250 796 2277 describit
817 2250 916 2284 digni—

151 2300 237 2324 tatem
253 2297 480 2331 sacerdotalem,
496 2298 523 2324 et
538 2296 600 2324 Filii
617 2296 664 2323 Dei
684 2304 713 2322 se
729 2296 915 2323 sacrificantis

150 2343 377 2377 mactationem3
401 2345 427 2369 et
449 2342 531 2377 quod
552 2350 604 2378 per
625 2343 743 2369 leonem
758 2363 766 2376 ,
787 2344 913 2377 Marcus,

150 2390 201 2425 qui
217 2389 355 2417 describit
369 2388 527 2416 clamorem
540 2388 753 2423 praedicationis
769 2388 831 2415 Filii
847 2388 914 2423 Dei,

150 2438 177 2463 et
188 2435 404 2464 resurrectionis
418 2436 591 2470 potestatem
603 2444 610 2469 3
623 2436 649 2461 ct
663 2434 745 2470 quod
766 2442 818 2469 per
830 2435 914 2469 aqui-

180 2519 342 2549 *Chry-soa„
358 2520 383 2542 in
396 2519 477 2549 lofin„
491 2519 560 2542 hom.
578 2525 594 2548 1,
610 2525 635 2541 n.
654 2520 674 2541 1.
690 2530 719 2535 —
736 2518 744 2531 ²
761 2517 832 2547 ibid„
847 2524 873 2542 n.
889 2520 912 2543 2.

148 2565 178 2571 —
192 2554 200 2567 ³
217 2555 223 2576 1
241 2555 308 2584 Cor„
327 2560 359 2584 ιι,
380 2556 415 2578 ¹0.
436 2567 462 2571 —
485 2556 490 2568 ³
507 2554 647 2584 Chrysost„
666 2554 691 2576 in
708 2554 790 2582 Joan„
809 2553 879 2577 hom.
896 2560 913 2584 1,

149 2589 180 2611 al.
199 2594 232 2618 11,
252 2596 277 2612 n.
293 2591 316 2612 3.
334 2602 359 2606 ——
381 2590 390 2605 ⁵
407 2590 432 2613 td
451 2591 502 2619 est,
518 2589 587 2612 hom.
608 2595 625 2612 i.
644 2601 673 2605 —
693 2588 703 2604 θ
720 2588 848 2618 Expositis)
867 2589 912 2612 ista

150 2623 314 2654 desideratur,
328 2631 375 2648 nec
389 2625 514 2655 reperitur
524 2625 590 2648 iuter
603 2630 680 2654 opera
695 2623 805 2647 Ansctmi
820 2623 911 2647 hucus-

975 1927 1035 1955 lam
1053 1927 1156 1955 beatus
1182 1929 1309 1956 Joannes
1324 1949 1333 1963 ,
1353 1929 1405 1964 qui
1431 1929 1610 1958 nativitatem
1638 1932 1741 1966 Verbi,

975 1974 1058 2009 quasi
1081 1975 1177 2001 ortum
1198 1975 1325 2002 solarem
1338 1996 1347 2009 ,
1367 1977 1398 2002 ut
1417 1976 1517 2012 aquila
1538 1977 1657 2005 intuitus
1681 1981 1740 2013 est3

974 2019 1050 2053 licet,
1062 2020 1223 2047 secundum
1232 2021 1425 2056 Augustinum
1437 2023 1456 2056 ⁸,
1471 2024 1680 2058 congruentius
1693 2024 1741 2051 ille

975 2067 1024 2101 qui
1040 2066 1152 2101 regiam
1166 2067 1267 2094 Christi
1282 2075 1452 2102 personam,
1465 2069 1573 2096 scilicet
1584 2070 1739 2104 MatthaeuS,

973 2120 1025 2148 per
1051 2112 1168 2140 leonem
1204 2113 1382 2147 significatus
1415 2115 1603 2149 accipiatur3
1631 2117 1741 2143 Marcus

972 2166 1058 2191 vero,
1078 2159 1128 2193 qui
1153 2161 1340 2186 conversatus
1362 2160 1523 2187 ostenditur
1544 2160 1574 2187 in
1596 2161 1656 2195 eiS,
1676 2170 1740 2197 quae

972 2204 1098 2231 Christus
1121 2205 1211 2232 homo
1242 2207 1377 2240 operatus
1406 2208 1447 2232 est
1462 2226 1471 2238 ,
1495 2205 1590 2240 figura
1612 2207 1739 2235 hominis

970 2250 1149 2285 significatus
1176 2251 1321 2279 videtur:
1352 2253 1594 2288 prosequendum
1626 2255 1668 2281 est
1703 2255 1739 2282 de

971 2304 1053 2324 sacro
1075 2298 1232 2332 Evangelio
1255 2298 1331 2325 beati
1354 2298 1492 2333 ioannis,
1507 2299 1537 2326 in
1563 2307 1624 2335 quo
1646 2300 1739 2329 deter-

970 2344 1097 2372 minatur
1118 2345 1154 2371 de
1174 2345 1324 2372 divinitate
1353 2348 1380 2372 et
1398 2346 1578 2374 humanitate
1597 2335 1668 2374 Filii'
1678 2348 1737 2375 Dei.

972 2390 1002 2417 Ut
1022 2389 1100 2417 enim
1123 2391 1162 2418 ait
1183 2391 1357 2425 Augustinus
1376 2392 1403 2418 ⁹:
1423 2400 1436 2417 «
1460 2393 1525 2419 Tres
1546 2394 1736 2428 Evangelistae

968 2480 1016 2504 que
1037 2474 1110 2497 edita.
1126 2487 1151 2490 —
1169 2475 1176 2487 ⁷
1195 2474 1229 2497 na
1244 2474 1345 2504 quidem
1361 2474 1386 2498 iu
1407 2475 1502 2499 caeteris
1523 2476 1690 2506 editionibus3
1711 2477 1735 2500 iu

968 2508 1015 2532 huc
1042 2516 1100 2532 vcro
1121 2509 1152 2531 ml
1176 2509 1270 2533 calcent
1292 2510 1400 2541 paginae.
1422 2523 1453 2527 —-
1477 2511 1487 2527 θ
1511 2512 1585 2542 Aug„
1609 2512 1638 2535 de
1662 2512 1734 2536 Cone.

968 2544 1074 2573 Emmq„
1090 2544 1132 2567 lib.
1150 2544 1168 2574 l,
1185 2552 1206 2567 c.
1224 2550 1259 2573 vl,
1277 2551 1301 2568 n.
1318 2546 1340 2568 9.
1355 2558 1381 2562 -
1398 2546 1406 2558 ²¹
1422 2545 1494 2575 ibid,
1510 2553 1532 2569 c.
1547 2552 1579 2576 ιν,
1596 2553 1621 2570 u.
1635 2548 1658 2577 7,
1673 2547 1735 2570 etin

967 2578 1047 2608 Joan„
1063 2580 1135 2602 tract.
1152 2585 1240 2610 xxxvx,
1255 2586 1280 2603 n.
1298 2581 1319 2604 1.

999 2625 1033 2655 (a)
1045 2626 1101 2655 ιαμ.
1113 2632 1171 2650 eum
1183 2639 1213 2643 —
1225 2626 1256 2656 (b)
1268 2626 1326 2651 Coet.
1338 2627 1397 2652 edit.
1411 2628 1479 2652 l-laec.
1488 2640 1519 2646 ·—
1529 2627 1559 2658 (c)
1573 2628 1632 2652 Item
1643 2629 1733 2652 textus.

1798 1337 1868 1364 Hujus

1779 1369 1850 1393 operis

1765 1398 1867 1424 intentio,

1764 1430 1784 1449 et
1800 1436 1866 1456 argu-

1783 1466 1844 1480 men—

1764 1491 1771 1509 t
1789 1496 1823 1515 m,
1847 1493 1868 1512 et

1764 1521 1824 1542 ordo.
