1987 3032
41 349 118 369 Pastor

30 379 100 404 legiti-

26 416 84 430 mus.

713 227 918 259 EXPOSITIO
940 226 979 257 IN
999 227 1084 257 CAP.
1106 227 1143 257 X.

137 308 150 323 ι(
163 298 219 326 Fur
233 297 381 333 ingressus
391 297 432 324 est
445 295 585 331 spolians,
598 294 779 322 latrunculus
791 294 870 321 foris.
883 304 896 318 »

168 346 195 371 ⁰2.
211 346 243 372 Et
258 343 391 371 subditur
407 341 563 376 descriptio
577 341 686 368 boniet
700 339 821 375 legitimi
833 347 898 374 pas-

133 390 203 417 toris
223 399 229 416 :
252 390 304 422 Qui
325 391 412 415 autem
438 389 523 414 intrat
542 395 591 421 per
613 388 725 419 ostium,
750 388 843 420 pastor
862 388 899 411 est

134 438 232 468 ovium,
246 435 277 461 id
291 436 342 468 est,
359 433 409 469 qui
429 433 516 460 intrat
534 441 587 468 per
601 433 754 459 Christum.
778 431 822 458 Ait
846 433 900 457 Au-

133 481 283 516 gustinus¹
306 489 311 507 :
332 490 344 505 ιι
359 479 480 507 Humilis
492 479 584 513 janua
599 478 725 506 Christus
741 477 899 504 Dominus:

133 527 184 562 qui
199 527 284 553 intrat
298 533 351 561 per
365 526 441 553 hanc
458 525 592 560 januam,
608 526 721 560 oportet
742 523 824 559 quod
845 523 900 550 hu-

133 572 224 599 miliet
237 579 277 605 se,
299 573 331 598 ut
350 579 422 598 sano
438 572 530 606 capite
553 571 645 606 possit
666 571 784 597 intrare.
803 579 817 595 ι)
839 571 901 596 flaec

133 618 317 652 Augustinus
341 617 384 644 Sic
410 617 591 644 intraverunt
611 616 735 652 apostoli
749 616 758 630 Ξ
781 625 786 642 :
806 625 819 640 ιι
846 617 900 642 Pro

134 664 244 691 Christo
260 663 405 697 legatione
420 663 580 698 fungimur.
597 673 610 688 n
627 662 753 689 Christus
769 661 846 688 enim
861 663 902 688 est

135 710 242 737 ostium
256 711 266 726 ³
282 719 287 736 :
301 721 313 733 ιι
324 711 395 736 Ecce
413 710 519 736 ostium
533 710 666 744 apertum
677 708 707 735 iu
722 708 806 742 coelo,
818 718 831 733 ι)
848 709 902 734 θῖθ.

170 757 196 782 3.
212 757 244 783 Et
261 765 267 783 z
283 757 354 782 Huic
373 757 501 782 ostiarius
522 756 624 789 aperit,
645 754 677 781 id
695 756 746 788 est,
763 753 901 787 ChristUS,

135 801 187 836 qui
204 803 245 828 est
263 804 290 828 et
309 801 415 828 ostium
435 802 461 827 et
479 799 652 827 ostiarius‘:
673 809 685 825 ιι
705 800 767 835 lpse
790 801 831 826 est
853 799 903 834 qui

136 847 242 882 aperit,
267 849 294 874 et
318 855 405 874 nemo
426 846 545 873 claudit.
572 856 584 870 »ι
610 846 662 873 Vel
683 854 736 881 per
752 845 904 873 ostiarium

135 895 248 928 Moyses
262 894 357 927 potest
374 892 508 927 intelligi,
527 902 540 917 «
562 892 608 919 cui
629 891 748 927 eloquia
768 891 816 918 Dei
840 893 906 918 sunt

137 938 256 973 credita,
269 949 281 962 n
301 938 340 966 ait
353 939 602 974 Chrysostomus⁵.
623 939 657 965 Et
671 945 728 965 oves
748 946 833 964 rocem
850 939 906 973 ejus

137 985 262 1018 audiunt,
278 984 309 1011 id
327 986 379 1017 est,
401 984 504 1011 fideles
525 983 696 1017 credentes,
721 985 809 1018 prout
832 983 907 1010 infra

137 1030 301 1065 exponitur.
315 1031 349 1056 Et
368 1032 494 1064 proprios
508 1038 565 1057 oves
579 1033 664 1063 vocat,
688 1030 757 1065 quia
781 1029 908 1057 Christus

137 1076 226 1102 habet
240 1076 361 1102 nomina
377 1076 536 1102 electorum
551 1076 656 1110 scripta
669 1076 699 1102 in
712 1076 789 1102 libro
806 1075 906 1102 vitaess:

140 1131 154 1146 ιι
168 1121 251 1148 Liber
266 1124 394 1156 apertus,
411 1122 461 1156 qui
476 1124 517 1149 est
532 1122 607 1149 liber
620 1122 696 1148 vitae.
713 1132 727 1147 »

173 1169 199 1194 4.
213 1169 247 1194 Et
262 1176 319 1194 cum
333 1170 460 1202 proprias
482 1176 540 1194 oves
561 1170 690 1198 emiserit,
710 1168 818 1194 seilicet
833 1167 906 1194 edu-

139 1213 233 1240 cendo
248 1221 297 1240 eas
308 1213 344 1240 de
357 1215 480 1249 :Egypto
488 1213 637 1247 vitiorum,
648 1216 736 1249 prout
747 1214 786 1241 ait
798 1214 908 1247 Glossa,

139 1263 201 1286 ante
225 1267 268 1286 eas
291 1260 382 1293 vadit,
404 1260 474 1295 quia
497 1259 545 1286 via
567 1262 617 1286 est.
641 1259 720 1286 Unde
743 1260 911 1295 Chrysosto-

140 1313 205 1331 mus
221 1306 250 1331 ⁷:
269 1314 282 1329 «
297 1307 360 1340 lpse
376 1305 500 1332 ostendit
520 1305 661 1340 quoniam
676 1313 777 1332 omnes
793 1305 911 1332 deducit

140 1350 179 1377 ad
202 1350 364 1377 veritatem.
380 1361 393 1375 »
411 1352 420 1366 Β
444 1361 456 1375 ιι
474 1351 602 1377 Edueam
622 1358 672 1377 eos
694 1351 730 1378 de
750 1351 878 1386 populis.
895 1361 909 1376 »

140 1398 172 1423 Et
185 1395 316 1431 sequitur
338 1404 344 1423 ε
368 1406 381 1421 ιι
398 1396 538 1423 inducam
560 1397 590 1423 in
610 1399 716 1423 terram
737 1405 830 1424 suam.
850 1407 862 1421 »
882 1399 911 1425 ln

139 1442 246 1469 Psalmo
270 1443 279 1457 ²¹
309 1450 315 1468 :
349 1452 362 1467 «
388 1442 537 1469 Deduxisti
565 1443 638 1469 sicut
666 1451 736 1470 oves
764 1443 911 1478 populum

140 1490 234 1514 tuum.
251 1494 270 1513 >5

176 1535 208 1560 Et
221 1533 351 1568 sequitur
366 1533 498 1567 tertium,
520 1534 629 1561 scilicet
654 1534 772 1561 devotio
795 1534 913 1562 creden-

141 1579 213 1605 tium
228 1579 267 1606 ad
282 1579 369 1606 talem
385 1582 532 1614 pastorem
550 1589 556 1606 :
573 1581 607 1607 Εῖ
628 1588 685 1607 oves
704 1582 781 1607 illum
796 1588 912 1615 sequun-

143 1627 196 1658 tur,
213 1625 243 1651 id
259 1627 315 1659 est,
331 1625 482 1652 credentes
500 1626 595 1661 ipsum
617 1626 822 1659 imitabuntur,
838 1635 913 1661 quos

140 1673 227 1698 vocat
246 1671 294 1698 hic
315 1679 401 1705 oves,
421 1673 453 1698 ut
475 1672 586 1706 patebit
606 1672 690 1699 infra.
715 1672 734 1687 ¹⁰
758 1682 771 1697 ιι
785 1672 914 1707 Populus

142 1725 232 1751 quem
252 1724 313 1743 non
335 1717 476 1751 cognovi,
498 1718 630 1744 obedivit
653 1717 740 1750 mihi,
758 1728 770 1743 »
788 1718 827 1744 ait
850 1720 914 1744 Pro-

141 1762 240 1797 pheta.
265 1763 334 1795 Quia
359 1764 446 1789 sciunt
469 1771 553 1789 rocem
569 1764 641 1797 ejus,
661 1763 868 1797 intelligendo,
888 1765 915 1790 et

143 1808 340 1842 approbando
358 1810 384 1834 et
397 1809 624 1843 perseverando.
638 1808 657 1825 ¹¹
672 1819 684 1833 «
700 1809 726 1836 Si
739 1809 805 1844 quis
821 1809 916 1844 diligit

144 1861 205 1886 mc,
222 1861 389 1880 sermonem
402 1862 502 1880 meum
519 1855 655 1882 servabit.
674 1865 686 1879 n
700 1855 721 1871 ¹2
740 1865 751 1879 ιι
768 1857 823 1882 Vos
836 1856 915 1889 estis,

145 1898 195 1933 qui
206 1899 405 1933 permansistis
418 1907 534 1926 meeum
544 1900 574 1927 in
586 1900 794 1928 tentationibus
809 1902 890 1928 meis.
902 1912 913 1927 n

145 1944 166 1961 ¹³
184 1954 197 1969 «
211 1946 273 1971 Vox
288 1945 366 1971 enim
381 1945 566 1973 exultationis
582 1949 608 1974 et
619 1947 719 1974 salutis
734 1947 763 1974 in
778 1948 916 1975 taberna-

147 1990 219 2016 culis
233 1990 390 2024 justorum.
408 2002 421 2017 »

181 2038 206 2063 5.
224 2037 350 2063 Alienum
372 2040 457 2064 aulem
472 2046 524 2065 uon
543 2042 706 2074 sequuntur,
723 2040 773 2075 qui
798 2040 918 2068 aliunde

147 2082 278 2109 ascendit
304 2083 360 2110 Sed
376 2083 500 2118 qualiter
515 2084 555 2111 ait
577 2084 649 2118 hoc,
668 2085 738 2119 quia
752 2086 835 2112 multi
850 2094 919 2113 con-

146 2128 223 2154 versi
238 2128 276 2155 ad
298 2129 388 2155 fidem
405 2129 539 2156 abierunt
564 2132 741 2157 retrorsum?
759 2133 865 2166 Supra,
881 2133 920 2160 ait

147 2173 278 2201 Salvator
290 2174 309 2189 ¹³
330 2183 336 2201 :
356 2185 368 2199 «
384 2175 533 2210 Numquid
550 2177 577 2202 et
596 2184 647 2202 vos
667 2177 753 2204 vultis
768 2177 849 2204 abire
874 2186 918 2205 re-

147 2221 290 2247 trorsum?
306 2230 319 2246 ))
337 2222 406 2248 ltem
421 2221 441 2237 ¹⁵
463 2231 468 2248 :
487 2233 498 2245 ιι
516 2222 593 2249 Multi
609 2225 676 2249 sunt
698 2223 809 2258 vocati,
833 2225 919 2259 pauci

149 2273 217 2293 vero
232 2267 322 2294 electi.
339 2278 352 2293 »
369 2269 401 2294 Et
415 2268 454 2295 ita
468 2269 552 2296 multi
572 2277 633 2296 non
648 2272 820 2305 sequuntur.
838 2272 869 2298 Et
884 2270 920 2298 de

149 2312 206 2339 hoc
221 2313 397 2347 Augustinus
412 2313 432 2330 ¹⁸
447 2315 572 2342 multum
594 2325 600 2343 :
615 2316 697 2351 quod
715 2327 727 2341 ιι
743 2317 773 2343 ιιι
788 2316 858 2351 ipsis
872 2324 920 2344 ca-

150 2357 263 2385 tholicis
292 2359 459 2386 Christianis
493 2361 585 2388 multa
618 2362 698 2389 mala
735 2362 920 2397 contingunt,

182 2430 189 2445 ¹
209 2430 283 2460 Aug,
300 2430 341 2453 ubi
358 2437 413 2460 sup.
428 2443 458 2447 ——
473 2432 483 2446 ²
499 2432 515 2453 11
535 2432 604 2460 Com,
621 2438 645 2461 v,
659 2434 697 2456 20.
714 2446 743 2450 —
762 2433 772 2448 ³
787 2433 869 2463 Almia,
886 2439 921 2464 iv,

154 2465 191 2487 13.
210 2477 238 2481 -
262 2466 269 2478 ⁴
293 2465 365 2494 thid„
392 2471 434 2495 ιιι,
455 2467 477 2488 7.
500 2479 530 2482 —
554 2466 562 2479 ⁵
585 2467 725 2498 Clii'ysost„
752 2468 794 2491 ubi
818 2475 873 2498 sup.
892 2482 921 2485 —

153 2498 163 2512 ⁴²
177 2499 261 2529 Apoc„
282 2505 329 2529 xx,
346 2502 383 2523 12.
399 2512 429 2516 -
443 2501 453 2516 7
469 2500 608 2532 Οιιι)ἐοεῖ,,
625 2502 666 2525 nbi
682 2510 737 2532 sup.
753 2516 783 2520 -
797 2502 807 2518 Β
824 2503 921 2532 [izecle.y

155 2538 242 2563 xxxiv,
261 2541 287 2557 ιι.
306 2536 344 2558 13.
360 2547 390 2551 —-
404 2537 412 2548 2·
428 2535 493 2558 Psul.
516 2541 607 2566 Lxxvi,
623 2538 661 2560 21.
680 2550 710 2554 —
731 2538 749 2553 ¹⁰
769 2537 837 2561 Psal.
858 2544 921 2568 xvii,

155 2568 194 2590 41.
208 2581 234 2584 —
253 2569 266 2584 ¹¹
283 2569 338 2599 lun,
354 2575 407 2599 xm,
423 2573 462 2593 255.
477 2583 507 2588 --
525 2571 541 2584 *²
557 2571 623 2599 Luc„
641 2578 705 2601 xxu,
722 2574 760 2596 2⁸.
775 2586 805 2589 —
825 2573 842 2589 ¹³
856 2574 921 2596 Μαί.

156 2608 235 2631 own,
251 2605 288 2626 15.
301 2616 329 2620 -
347 2604 366 2621 ¹⁴
381 2606 451 2634 Suu,
469 2611 504 2634 vi,
519 2607 556 2628 158⁴
573 2619 602 2623 -—
618 2607 636 2622 ¹⁵
648 2608 745 2637 Mutm„
762 2613 825 2636 xxii,
842 2610 878 2632 ι’.
892 2621 922 2626 -

157 2637 176 2652 ¹⁶
194 2638 268 2667 Aug„
290 2638 332 2662 ubi
352 2645 419 2669 sup„
441 2646 468 2664 n.
491 2642 530 2665 ¹1.
553 2653 583 2658 —
609 2643 623 2655 ¹7
646 2642 664 2665 ΙΙ
688 2642 759 2672 Tem„
778 2649 812 2672 ιι,
836 2644 872 2666 19.
893 2656 922 2660 -

1663 227 1720 256 397

955 293 1075 328 quando
1095 292 1206 320 seducti
1220 293 1286 319 sunt
1305 291 1336 319 in
1349 298 1493 325 errorem,
1512 291 1539 318 et
1553 290 1723 325 rebaptizati

955 340 1035 372 sunt,
1056 340 1083 365 et
1101 340 1199 365 tamen
1218 338 1298 373 prius
1316 345 1386 364 oves
1404 339 1499 370 erant,
1515 338 1542 363 et
1557 336 1595 363 ita
1609 336 1724 363 videtur

956 385 1037 420 quod
1058 393 1161 412 vocem
1184 384 1308 420 pastoris
1330 383 1432 411 Christi
1450 391 1511 410 non
1528 382 1692 410 audierunt.
1708 393 1721 408 >³

956 432 988 457 Et
1010 431 1048 458 ad
1072 431 1151 458 istud
1174 430 1333 466 respondet
1357 429 1532 464 Augustinus
1550 429 1581 455 in
1595 435 1724 461 summa,

956 477 1118 504 secundum
1142 477 1217 504 illud
1237 476 1367 512 Apostoli
1385 476 1415 509 ¹⁷,
1440 477 1512 502 novit
1532 476 1660 501 Dominus
1678 475 1726 508 qui

955 526 1017 550 sunt
1042 524 1096 557 ejus
1124 524 1154 549 ¹⁸.
1183 523 1267 550 Novit
1294 523 1372 550 enim
1393 522 1628 558 praedestinato&
1651 528 1726 556 quos

958 570 977 585 ¹⁹
992 571 1127 603 proescz'vz't
1149 572 1173 595 et
1197 569 1400 603 praedestinavit
1424 570 1569 601 conformes
1584 569 1644 601 fieri
1659 568 1727 593 ima-

958 617 1029 649 ginis
1047 615 1102 648 filii
1125 614 1190 648 ejus.
1205 615 1226 630 2⁰
1250 615 1281 641 Et
1309 614 1345 641 de
1369 614 1414 640 his
1438 613 1570 649 loquitur
1593 613 1651 646 hic,
1676 612 1728 647 qui

959 661 1083 688 audiunt
1107 660 1184 687 hanc
1208 667 1312 687 vocem
1326 659 1344 674 ²¹
1366 668 1372 686 ε
1392 660 1444 692 Qui
1458 659 1668 694 perseveraverit
1686 665 1729 685 us-

959 715 1008 740 que
1030 709 1058 733 in
1072 708 1162 740 finem,
1178 707 1266 733 saluus
1291 707 1351 732 crit.
1384 707 1415 732 Et
1431 705 1481 740 qui
1499 705 1570 732 tales
1588 706 1666 738 sunt,
1683 704 1728 731 fu-

959 753 1041 787 giunt
1056 753 1093 779 ab
1113 752 1210 780 alieno
1232 752 1355 779 intrante
1374 759 1434 778 non
1454 759 1507 786 per
1526 751 1686 784 Christum,
1703 751 1730 777 et

960 799 1083 826 docente
1099 798 1156 825 alia
1171 806 1188 825 a
1203 798 1336 825 doctrina
1350 797 1461 824 Christi.
1478 797 1558 824 Unde
1574 798 1600 823 et
1613 797 1649 823 de
1664 796 1730 823 tali-

960 845 1017 872 bus
1039 844 1060 860 ‘³²
1077 854 1083 872 ;
1100 845 1334 879 Pseudoapostoli,
1350 845 1469 878 operarii
1483 843 1606 877 subdoli,
1622 844 1728 876 transfi-

961 894 1086 925 gurantes
1102 899 1127 917 se
1142 893 1171 917 in
1187 892 1330 925 apostolos,
1346 900 1361 915 ³>
1378 892 1431 917 etc.

997 940 1022 964 6.
1039 939 1070 964 Et
1084 937 1219 964 subditur
1233 938 1369 972 quartum
1384 945 1390 963 ε
1408 937 1462 963 Hoc
1474 936 1644 970 proverbium
1659 935 1732 961 dimit

962 985 1014 1017 eis,
1030 983 1061 1010 in
1076 991 1135 1018 quo
1152 983 1299 1010 oecultum
1309 982 1481 1018 mysterium
1495 982 1649 1009 denotatur
1662 989 1732 1016 pree-

963 1031 1045 1058 diclae
1060 1029 1267 1057 similitudinis.
1277 1031 1309 1056 Ut
1319 1029 1396 1056 enim
1408 1029 1448 1056 ait
1462 1029 1614 1056 Anselmus
1629 1037 1634 1055 :
1651 1037 1664 1053 «
1676 1027 1733 1055 lllis

963 1077 1014 1111 qui
1034 1076 1182 1111 jactabant
1211 1076 1244 1110 (a)
1271 1083 1300 1102 εθ
1327 1083 1387 1102 esse
1409 1075 1557 1108 videntes,
1580 1074 1735 1109 proposuit

963 1123 1102 1149 Dominus
1118 1121 1262 1148 occultam
1287 1121 1481 1156 parabolam,
1504 1128 1594 1155 quam
1615 1128 1683 1146 cum
1699 1120 1733 1155 (b)

963 1176 1023 1195 non
1032 1170 1150 1203 possent
1159 1167 1331 1201 intelligere,
1340 1167 1554 1194 convincuntur
1564 1174 1624 1193 esse
1634 1165 1710 1193 caeci.
1719 1176 1733 1191 »

965 1214 1155 1242 Proverbium
1164 1213 1270 1240 dicitur
1282 1213 1365 1248 quasi
1376 1221 1426 1247 pro
1436 1213 1511 1239 verbo
1522 1213 1642 1246 dictum,
1655 1211 1736 1239 aliud

965 1261 1128 1294 intendens,
1139 1260 1221 1288 aliud
1231 1260 1427 1296 praetendens,
1440 1259 1471 1286 id
1482 1261 1533 1292 est,
1545 1259 1626 1286 aliud
1634 1259 1664 1285 in
1673 1266 1736 1285 sen-

965 1306 1150 1340 tentia,aliud
1158 1307 1187 1333 in
1196 1306 1359 1341 superficie.
1368 1305 1423 1333 Sed
1433 1305 1570 1340 quaeritur
1577 1313 1668 1340 quare
1676 1312 1737 1332 non

965 1352 1079 1380 locutus
1102 1354 1143 1379 est
1164 1352 1204 1379 eis
1218 1352 1322 1387 plane,
1338 1351 1465 1378 dicendo
1480 1351 1536 1385 eis,
1553 1351 1635 1386 quod
1657 1353 1738 1377 erant

967 1398 1037 1425 mali
1052 1400 1196 1433 pastores,
1217 1406 1271 1425 nec
1286 1398 1464 1425 intraverant
1483 1397 1623 1432 legitime.
1647 1398 1679 1424 Et
1700 1396 1738 1423 ad

966 1445 1022 1472 hoc
1036 1444 1195 1480 respondet
1209 1444 1432 1479 chrysostomus
1448 1444 1482 1477 2³³,
1504 1443 1587 1478 quod
1604 1452 1618 1468 «
1633 1443 1739 1469 imma.-

966 1490 1067 1517 niseste
1087 1491 1159 1517 dixit
1174 1490 1228 1524 eis,
1246 1490 1411 1517 attentiores
1433 1497 1483 1516 eos
1504 1489 1597 1517 facere
1612 1489 1736 1515 volens:

968 1545 1058 1572 quam
1084 1536 1390 1563 immanisestationem
1415 1536 1518 1570 postea
1544 1534 1647 1567 solvit,
1671 1544 1683 1559 u
1709 1534 1740 1561 id

968 1585 1010 1609 est
1021 1582 1194 1609 manifestat.
1212 1582 1379 1609 Secundum
1393 1581 1548 1608 litteralem
1561 1580 1741 1607 intellectum

968 1631 1047 1664 patet
1059 1629 1141 1664 quod
1162 1628 1290 1656 Christus
1307 1628 1361 1654 fuit
1383 1628 1480 1654 bonus
1500 1628 1616 1662 past0r3
1633 1628 1660 1653 ct
1676 1626 1740 1660 alii,

969 1683 1029 1701 non
1042 1675 1180 1701 intrantes
1194 1683 1247 1709 per
1262 1675 1356 1708 hunc,
1373 1676 1447 1706 fures
1468 1676 1492 1700 et
1513 1674 1627 1700 latrones
1647 1674 1685 1708 (v.
1703 1673 1740 1707 8),

969 1723 1001 1747 ut
1016 1722 1058 1747 est
1081 1721 1256 1755 expositum.
1275 1720 1419 1748 Moraliter
1440 1727 1510 1746 vero
1530 1719 1578 1745 hic
1599 1718 1743 1752 figuratur
1757 1727 1861 1754 Maligni-

971 1766 1136 1800 malignitas
1150 1766 1275 1801 pastoris
1295 1766 1325 1792 in
1340 1765 1432 1792 tribus
1449 1774 1455 1791 ε
1481 1765 1511 1791 ιιι
1532 1764 1682 1798 illegitime
1698 1764 1742 1790 iu·
1757 1762 1863 1812 mimi?-

970 1812 1090 1846 trando,
1107 1812 1177 1847 quia
1194 1820 1255 1839 non
1276 1819 1328 1847 per
1344 1811 1505 1845 Christum3
1526 1813 1553 1837 et
1568 1811 1598 1837 in
1613 1811 1743 1837 alienum

971 1858 1157 1893 usurpando,
1174 1858 1244 1893 quia
1258 1858 1304 1884 sur
1323 1859 1380 1890 est:
1397 1859 1423 1884 et
1440 1857 1470 1883 in
1484 1856 1641 1884 mactando
1654 1856 1742 1891 pesti-

971 1904 1095 1931 lentioso
1116 1904 1254 1938 dogmate
1270 1906 1297 1931 et
1312 1904 1507 1937 documento,
1520 1903 1568 1929 vel
1577 1903 1743 1937 pernicioso

973 1950 1125 1985 exemplo,
1140 1950 1188 1976 vel
1203 1958 1340 1985 perverso
1356 1949 1480 1984 imperio
1491 1970 1499 1983 ‚
1517 1949 1564 1975 vel
1579 1948 1744 1976 doctrinam

973 1996 1103 2023 debitam
1118 1996 1329 2023 subtrahendo.
1344 1995 1365 2011 Ἢ
1383 2005 1396 2020 ιι
1412 1995 1467 2030 Ipsi
1488 1997 1701 2029 regnaverunt,
1717 1997 1745 2022 et

973 2050 1032 2069 non
1048 2050 1100 2077 per
1120 2050 1166 2069 me
1183 2051 1189 2069 ι
1214 2042 1361 2077 principes
1384 2042 1553 2075 extiterunt,
1575 2043 1602 2068 et
1616 2049 1676 2068 non
1694 2049 1744 2068 co-

974 2088 1074 2122 gnovi.
1085 2098 1097 2113 »
1108 2088 1127 2103 ²³
1137 2099 1149 2112 ιι
1163 2089 1208 2115 Vae
1218 2088 1396 2123 pastoribus,
1410 2087 1460 2122 qui
1471 2087 1745 2122 pascebantsemet—

973 2134 1062 2169 ipsos.
1091 2134 1175 2166 Quod
1192 2142 1320 2161 crassum
1336 2136 1396 2160 erat
1417 2133 1605 2160 occidebatis.
1624 2143 1637 2158 »
1660 2134 1691 2158 Et
1705 2132 1745 2158 sic

975 2180 1010 2207 de
1026 2180 1100 2214 aliiS,
1117 2188 1182 2215 quae
1194 2180 1236 2207 ihi
1249 2181 1409 2208 enumerat.
1419 2178 1439 2194 ²⁶
1451 2189 1464 2203 ιι
1477 2179 1530 2211 Qui
1543 2186 1665 2212 regnare
1680 2178 1747 2205 facit

974 2226 1125 2253 hominem
1150 2226 1349 2261 hypocritam,
1376 2226 1495 2261 propter
1522 2227 1673 2260 peccatum
1692 2231 1746 2258 po-

974 2272 1047 2307 puli.
1065 2283 1077 2297 »
1098 2273 1138 2300 lbi
1154 2273 1279 2299 multum
1294 2272 1330 2299 de
1343 2272 1399 2298 hoc
1413 2273 1439 2299 et
1453 2272 1528 2298 bene
1544 2269 1699 2305 Gregorius
1713 2270 1744 2296 2⁷.

974 2318 995 2333 ‘²⁸
1011 2319 1112 2346 «Dabo
1128 2319 1179 2345 tibi
1191 2326 1274 2352 reges
1289 2318 1318 2344 in
1334 2317 1431 2344 furore
1444 2325 1521 2344 meo.
1539 2326 1552 2342 ι)
1568 2318 1587 2343 Ε
1599 2315 1745 2343 contrario

975 2372 1046 2392 vero
1061 2365 1224 2399 figurantur
1239 2364 1336 2391 officia
1356 2363 1428 2391 boni
1442 2363 1567 2398 pastoris
1581 2362 1747 2398 multiplici-

977 2428 996 2443 ¹³
1011 2429 1084 2457 Ait—¹4,
1100 2429 1171 2458 ibid„
1191 2436 1217 2451 ιι.
1238 2430 1273 2451 12.
1288 2440 1318 2444 —
1335 2428 1352 2443 1''
1369 2428 1446 2455 Itone,
1465 2433 1524 2457 vm,
1540 2429 1578 2451 29.
1596 2440 1625 2444 ·-—
1638 2428 1655 2441 ²⁰
1672 2427 1746 2458 Aug„

979 2463 1091 2491 ihid.‚11.
1110 2467 1145 2486 13,
1161 2475 1190 2480 —
1207 2464 1224 2479 ²¹
1243 2463 1342 2492 Mamm,
1358 2468 1383 2492 λ’,
1399 2465 1436 2486 22.
1455 2474 1484 2479 —
1502 2463 1553 2486 Η11
1572 2464 1637 2491 Cor„
1655 2469 1689 2492 M,
1709 2466 1746 2486 1-1.

978 2509 1007 2513 -
1023 2497 1044 2513 ²³
1060 2498 1200 2528 Chrys-ost.y
1219 2498 1261 2520 ubi
1276 2504 1342 2527 sup„
1357 2504 1381 2520 u.
1404 2500 1427 2520 3.
1443 2510 1472 2515 -
1486 2497 1507 2513 ’ὶῦ
1523 2498 1588 2528 Oeen,
1609 2503 1663 2525 vlit,
1680 2500 1702 2520 4.
1718 2510 1747 2514 —

978 2533 998 2548 ²⁵
1013 2533 1245 2563 l:’:ecl1.‚xxx1v,:’.‚
1260 2536 1283 2555 3.
1295 2546 1324 2550 -
1337 2533 1357 2549 ²¹³
1368 2533 1420 2561 Job,
1435 2539 1523 2563 xxxiv,
1536 2536 1575 2556 30.
1588 2546 1614 2549 -
1626 2532 1646 2548 '³7
1661 2535 1746 2562 Greg„

977 2567 1079 2595 Mor-nl„
1092 2568 1134 2591 lib.
1150 2569 1226 2597 XXV,
1243 2575 1264 2591 r.
1282 2573 1334 2597 ιιιν,
1349 2567 1381 2591 al.
1399 2573 1452 2598 xvi,
1468 2575 1493 2591 n.
1508 2570 1591 2592 31-36.
1605 2581 1632 2585 -
1649 2569 1668 2584 ²³
1683 2568 1746 2596 Ose„

979 2608 1035 2631 xm,
1055 2606 1059 2625 1
1071 2606 1075 2625 Ι
1086 2621 1090 2625 .

1011 2645 1044 2673 (ιι)
1061 2646 1120 2668 (zer.
1137 2645 1198 2667 edit.
1213 2645 1342 2674 optabant.
1356 2658 1385 2661 —
1403 2645 1433 2674 (h)
1450 2646 1509 2669 Cael.
1522 2646 1582 2669 edit.
1598 2646 1666 2669 deest
1679 2653 1746 2672 cum.
