1987 3032
698 211 901 243 ExposlTlo
926 210 963 240 lN
987 209 1071 240 ltAP.
1095 210 1172 240 XIX.

144 280 337 311 voluntatem
351 279 448 319 patris
462 279 524 309 mei
538 279 593 319 qui
608 279 640 309 in
657 279 742 309 coelis
756 280 818 315 est,
840 277 908 317 ipse

143 332 272 363 intrabit
292 332 325 362 in
339 341 480 371 regnum
497 332 660 363 coelorum.
677 342 691 359 i>
712 331 785 361 Haec
800 333 907 361 autem

144 386 289 416 voluntas
303 385 356 415 Dei
371 385 511 416 consistit
523 386 556 415 in
571 385 655 415 fideli
670 394 731 415 usu
744 386 774 415 et
788 385 909 424 dispen-

144 438 260 468 satione
266 437 423 468 bonorum
431 438 644 478 spiritualium
654 437 907 476 commissorum,

143 490 316 520 secundum
332 491 409 521 illud
426 492 433 507 ¹
451 500 459 521 ε
481 502 494 519 «
511 491 601 529 QuiS,
620 492 712 530 putas
725 514 732 527 ‚
749 491 795 521 est
809 491 910 521 fidelis

143 543 336 582 dispensator
350 545 380 574 et
394 544 542 583 prudens,
565 554 660 584 quem
676 544 835 574 constituit
849 544 908 574 Do-

144 596 249 626 minus
270 605 364 636 super
384 597 535 627 familiam
552 598 669 627 suam?
692 609 705 625 ι)
734 597 906 636 Sequitur:

148 661 162 678 «
177 649 256 679 Vere
270 649 337 680 dico
348 650 447 688 vobiS,
459 650 609 689 quoniam
622 659 717 690 super
725 651 831 681 omnia
839 659 910 690 quae

144 702 298 741 possidet,
315 703 482 734 constituet
496 703 597 734 illum.

185 757 232 784 1⁶2.
255 755 346 786 DAz-it
359 765 434 795 erqo
451 765 461 786 :
477 756 581 786 Homo
597 756 746 796 quidam,
764 758 821 787 etc.
840 756 912 787 Post

144 808 339 838 occasionem
359 808 595 839 introducendae
610 809 782 848 parabolae,
803 810 909 840 subdi-

144 864 196 890 tur
209 860 263 890 hic
276 861 419 891 ordinata
433 862 593 900 expressio
609 862 794 893 introductae
810 874 817 893 z
831 863 912 894 circa

145 922 242 952 quam
257 914 359 952 primo
374 914 562 944 describitur
575 916 673 944 status
694 915 798 945 meriti
813 917 843 946 et
858 916 911 946 de-

146 966 265 1003 meriti;
283 967 420 997 secundo
442 976 538 1005 vero,
561 969 660 998 status
682 970 712 998 et
735 969 836 999 forma
854 971 911 1008 ju-

145 1019 226 1056 dicii⁷
243 1019 285 1049 ibi
303 1030 309 1050 :
326 1020 372 1051 Et
393 1021 518 1059 factmn
534 1024 587 1058 est,
611 1025 646 1050 ut
659 1020 776 1051 rediret
787 1026 912 1062 accepto

145 1081 253 1111 requo,
271 1075 330 1103 etc.
347 1073 434 1103 Circa
453 1075 569 1103 statum
584 1073 687 1104 meriti
704 1076 734 1104 et
750 1074 911 1112 demeriti,

144 1125 204 1154 tria
216 1125 471 1163 introducuntur,
484 1126 599 1156 scilicet
612 1126 782 1157 subtractio
795 1127 912 1158 divinae

145 1178 322 1217 praesentiae
350 1178 382 1208 in
415 1178 526 1209 Christi
558 1179 738 1209 ascensione
752 1189 759 1217 3
790 1180 912 1210 collatio

146 1240 292 1270 supernae
308 1231 420 1270 gratiae
436 1231 468 1261 in
485 1231 620 1271 Spiritus
635 1232 733 1262 sancti
747 1232 910 1270 missione;

147 1284 312 1314 obduratio
335 1284 487 1314 humanae
510 1284 649 1323 perfidiae
673 1285 707 1314 in
729 1285 913 1316 Judaeorum

146 1337 326 1367 rebellione.

187 1391 293 1421 Primo
319 1400 396 1429 ergo
420 1393 577 1430 quantum
604 1391 644 1421 ad
669 1392 913 1423 subtractionem

146 1444 262 1474 divinae
278 1443 454 1483 praeseutiae
469 1443 501 1472 in
523 1444 703 1474 ascensione
718 1444 849 1479 Christi,
866 1445 912 1475 di-

146 1497 227 1526 citur
247 1505 255 1526 ε
282 1497 371 1527 Dioec't
392 1505 466 1535 erqo
489 1505 498 1526 :
520 1496 623 1527 Homo
646 1496 779 1535 quidam
802 1498 914 1528 nolu'lt's

147 1550 225 1579 abiit
243 1550 275 1579 in
301 1550 462 1588 reqionem
489 1549 709 1589 lonssinquam.
732 1550 834 1580 Homo
858 1552 915 1581 iste

148 1602 261 1632 nobilis
275 1602 415 1632 Christus
432 1604 495 1640 est,
517 1603 571 1641 qui
587 1603 700 1633 nobilis
721 1606 787 1633 erat
802 1613 913 1634 secun-

148 1656 224 1686 dum
239 1665 364 1686 carnem
375 1680 384 1693 ,
401 1665 473 1686 cum
488 1658 568 1686 esset
581 1656 619 1686 de
641 1665 758 1695 genere
772 1657 863 1696 regio
877 1658 887 1673 ²
906 1668 912 1688 :

149 1720 163 1738 (ι
180 1709 254 1739 Jesu
266 1709 310 1739 fili
324 1709 434 1747 David,
446 1720 460 1737 »
476 1711 533 1739 etc.
547 1708 687 1739 Nobilior
697 1710 756 1739 erit
767 1710 805 1749 (a)
820 1719 916 1749 quan-

148 1765 217 1793 tum
242 1763 281 1793 ad
305 1763 538 1802 superadditam
562 1764 762 1801 potestatem;
790 1765 916 1802 propter

148 1816 231 1854 quod
246 1816 360 1846 dicitur
375 1816 384 1832 ³
407 1827 413 1845 :
441 1827 455 1844 ε(
470 1815 587 1845 Nobilis
604 1816 636 1845 in
651 1816 748 1855 portis
763 1817 812 1847 vir
826 1818 913 1856 ejus,

148 1869 275 1908 quando
294 1869 409 1899 sederit
423 1878 494 1898 cum
510 1869 709 1899 senatoribus
724 1872 827 1900 terrae.
844 1881 858 1897 n
879 1870 917 1900 Et

149 1923 208 1952 hoc
238 1921 296 1952 erit
323 1923 355 1952 in
378 1922 510 1961 judicio.
541 1922 599 1951 Sed
633 1922 846 1953 nobilissimus
871 1926 916 1954 est

148 1976 305 2014 quantum
319 1975 358 2005 ad
378 1975 536 2013 originem
551 1975 650 2013 ipsius
665 1984 705 2005 ex
722 1975 828 2013 Patre;
846 1977 916 2007 ideo

149 2028 263 2059 dicitur
279 2028 288 2044 ⁴
305 2037 312 2058 :
335 2039 348 2056 «
363 2028 461 2058 Habet
473 2028 506 2057 in
518 2027 703 2057 vestimento
713 2030 743 2058 et
754 2029 787 2058 in
798 2029 916 2060 femore

149 2091 206 2113 suo
221 2082 371 2121 scriptum
389 2090 396 2111 :
414 2081 479 2111 Rex
503 2090 619 2120 regum
641 2083 670 2111 et
690 2081 842 2113 Dominus
863 2084 916 2114 do-

150 2135 353 2165 minantium.
370 2146 384 2162 »
404 2134 483 2164 Vere
506 2134 637 2171 nobilis,
655 2135 693 2165 ad
709 2137 801 2174 quus
819 2145 916 2175 gene-

148 2188 303 2218 rationem
317 2187 526 2224 laudandam,
552 2187 791 2226 exprimendam
817 2193 847 2219 et
869 2200 917 2221 co-

150 2242 313 2280 gitandam
327 2241 432 2271 deficit
446 2240 550 2271 omnis
566 2240 678 2279 lingua
694 2244 703 2259 ⁵
719 2252 725 2271 :
749 2253 762 2269 (ι
777 2242 915 2274 Genera-

150 2301 267 2324 lionem
283 2295 351 2332 ejus
366 2293 436 2333 quis
451 2293 628 2323 enarrabit?
648 2304 662 2322 ι)
687 2294 758 2324 Ideo
774 2295 917 2334 Angelus

150 2347 186 2377 ad
202 2346 367 2385 Virginem
382 2346 462 2377 dixit
476 2346 485 2361 ‘³
503 2356 509 2375 ε
536 2357 549 2374 «
568 2346 625 2376 Hic
638 2347 697 2376 erit
712 2356 869 2387 magnus,
887 2352 917 2380 et

150 2399 233 2430 filius
247 2399 397 2429 Altissimi
410 2398 585 2436 vocabitur,
609 2401 638 2429 et
651 2400 736 2429 dabit
751 2400 796 2430 illi
811 2401 916 2432 Domi—

149 2463 220 2491 nus⁷
231 2464 245 2482 ι)
253 2455 312 2484 etc.
323 2452 379 2483 Hic
388 2452 463 2483 abiit
472 2452 505 2482 in
516 2452 681 2490 regionem
692 2452 914 2494 longinquam,

181 2553 188 2567 ¹
204 2554 277 2583 sup„
294 2558 338 2582 Διιι,
355 2554 393 2582 102,
408 2553 446 2575 44.
463 2564 494 2568 -
509 2551 518 2566 2⁷
534 2552 606 2580 sup„
624 2557 696 2581 xviii,
712 2553 750 2576 26.
768 2565 795 2570 —-
812 2554 820 2567 ³
833 2554 916 2584 Pron,

152 2593 222 2618 xxxi,
237 2589 276 2610 23.
296 2601 325 2605 -
346 2589 352 2601 ⁴
376 2587 460 2617 Apoc.y
481 2592 534 2616 xlx,
558 2589 593 2610 ¹16.
609 2599 640 2603 ——
660 2587 669 2602 ⁵
691 2587 750 2618 lm„
770 2594 825 2619 Lm,
841 2592 863 2613 8.
886 2604 916 2607 —

151 2622 326 2652 ⁶Sup.‚1,:32.
355 2636 364 2638 -
385 2623 395 2638 ⁷
409 2623 492 2650 Pron„
507 2628 552 2651 vn,
570 2623 606 2645 10.
622 2623 670 2639 —⁸
686 2623 753 2646 Psal.
772 2630 850 2653 van,
876 2626 914 2649 34.

154 2671 178 2674 --
199 2659 275 2687 ‘lsa.,
291 2664 330 2688 ιν,
345 2660 368 2681 9.
385 2671 413 2675 -
431 2659 449 2673 ¹⁰
464 2658 528 2685 Act„
544 2663 561 2687 1,
583 2660 617 2681 ll.
633 2671 663 2675 —
681 2658 697 2674 ¹¹
720 2658 777 2689 lsa.‚
792 2666 855 2690 xxx,
876 2662 914 2685 27.

1676 213 1730 242 105

965 286 1038 307 cum
1059 277 1198 307 ascendit
1217 277 1250 307 in
1271 277 1386 308 coelum
1399 301 1406 315 ,
1431 280 1462 308 et
1484 278 1518 308 in
1542 278 1731 309 altissimum

965 329 1078 359 eoelum
1088 353 1097 367 ,
1113 329 1197 369 quod
1213 330 1353 361 maxime
1367 331 1535 370 elongatur
1549 341 1567 361 a
1581 333 1664 361 terra
1677 354 1684 368 ‚
1702 333 1733 361 et

965 382 1055 412 locali
1083 382 1246 420 distantia,
1276 384 1306 413 et
1334 383 1519 423 qualitativa
1543 383 1730 414 differentia.

967 434 1038 465 Ideo
1053 436 1084 464 in
1098 435 1196 474 huJus
1213 435 1353 474 figuram
1376 436 1489 467 dicitur
1510 439 1520 456 ⁷
1538 448 1545 467 z
1567 436 1665 467 «Non
1688 438 1734 467 est

966 488 1017 517 vir
1038 488 1071 517 in
1086 488 1180 518 domo
1195 497 1268 525 sua,
1285 489 1361 519 abiit
1375 489 1428 520 via
1447 489 1645 529 longissima.
1663 500 1677 517 ι)
1697 489 1735 520 Et

966 539 1026 570 hoc
1054 541 1182 580 quidem
1212 541 1328 572 factum
1356 544 1402 572 est
1435 543 1468 572 in
1492 542 1672 573 ascensione
1692 542 1702 557 ⁸
1725 551 1733 572 ι

972 605 985 621 «
1009 593 1133 624 Psallite
1154 594 1234 632 Deo,
1256 594 1310 634 qui
1334 596 1472 626 ascendit
1498 605 1592 635 snper
1618 596 1735 626 ooelum

967 646 1036 676 coeli
1055 647 1094 677 ad
1109 647 1273 678 orientem.
1290 658 1303 675 n
1324 648 1361 678 Et
1375 650 1451 680 tunc
1470 649 1670 680 verificatum
1691 651 1736 679 est

968 699 1046 730 illud
1058 700 1068 716 ‘³
1087 710 1093 730 :
1114 711 1128 728 α
1143 699 1229 730 Sicut
1243 701 1422 732 exaltantur
1442 702 1511 732 coeli
1528 712 1547 732 a
1564 704 1649 732 terra
1661 726 1669 740 ,
1693 702 1737 733 sic

968 753 1113 784 exaltata}
1128 755 1202 783 sunt
1225 753 1286 784 viae
1309 763 1389 784 meae
1410 764 1428 784 a
1450 755 1509 784 viis
1525 754 1649 785 vestris.
1668 764 1683 782 ›>
1700 754 1738 785 Et

968 806 1119 845 quoniam
1134 806 1177 835 sic
1192 806 1268 836 abiit
1289 806 1322 836 in
1344 807 1475 845 coelum.
1493 809 1530 837 ut
1550 816 1737 838 reversurus

968 860 1049 889 esset
1065 859 1103 889 ad
1116 859 1282 898 JudIcium,
1300 859 1370 890 ideo
1386 860 1508 890 subdit:
1522 860 1670 900 Accipere
1679 860 1739 890 sibi

968 921 1114 951 reqnum,
1131 916 1161 941 et
1172 912 1297 942 reverti.
1312 913 1398 942 Abiit
1409 913 1525 943 scilicet
1535 913 1572 943 ad
1584 921 1734 951 regnum3

968 966 1019 995 sed
1036 974 1173 1004 regnans
1188 967 1365 995 revertetur
1384 965 1423 996 ad
1434 965 1607 1005 judicium,
1624 974 1736 996 secun-

969 1018 1045 1048 dum
1058 1018 1135 1047 illud
1151 1018 1172 1037 ¹⁰
1190 1029 1220 1047 z«
1234 1017 1298 1048 Viri
1315 1018 1445 1056 Galilcei,
1463 1019 1539 1058 quid
1555 1018 1642 1048 statis
1658 1018 1739 1057 aspi-

969 1071 1083 1101 cientes
1097 1072 1129 1101 in
1149 1071 1289 1101 coelum?
1313 1081 1327 1098 ι)
1343 1073 1402 1101 etc.
1420 1071 1531 1102 Veniet
1552 1073 1659 1101 autem
1682 1080 1738 1102 rex

968 1134 1041 1154 cum
1056 1126 1208 1164 potestate
1223 1134 1357 1163 magna,
1374 1127 1404 1155 et
1420 1127 1492 1155 tunc
1506 1127 1683 1156 revertetur
1700 1125 1737 1156 de

968 1181 1052 1209 terra
1075 1179 1251 1218 longinqua
1271 1179 1290 1195 ¹¹
1313 1188 1320 1208 :
1346 1178 1452 1209 «Ecce
1474 1187 1591 1208 nomen
1615 1178 1738 1209 Domini

968 1233 1055 1263 venit
1076 1233 1113 1262 de
1134 1232 1313 1271 longinquo
1338 1243 1344 1262 z
1369 1231 1483 1262 ardens
1503 1232 1591 1262 furor
1614 1233 1684 1271 eJ'us
1709 1233 1739 1262 et

970 1285 1079 1323 gravis
1093 1286 1131 1315 ad
1147 1285 1350 1324 portandum.
1367 1295 1381 1312 n

1009 1338 1165 1375 Secundo,
1181 1340 1337 1376 quantum
1352 1337 1390 1367 ad
1410 1336 1607 1367 collationem
1625 1337 1738 1375 gratiae

969 1392 1001 1421 in
1017 1391 1167 1421 missione
1179 1390 1216 1429 (b)
1227 1390 1362 1429 Spiritus
1373 1390 1482 1426 sancti,
1493 1390 1597 1420 subdit
1613 1391 1657 1428 (v.
1669 1391 1735 1428 13):

976 1445 1098 1477 {focatis
1120 1449 1227 1475 autem
1242 1444 1348 1475 decem
1363 1445 1460 1475 servis
1483 1444 1567 1481 suis,
1588 1443 1673 1474 (ledit
1696 1445 1739 1474 eis

970 1498 1075 1527 decem
1090 1507 1194 1528 onnus.
1216 1497 1277 1527 Per
1292 1497 1490 1528 vocationem
1509 1505 1675 1527 servorum
1690 1496 1738 1527 in-

971 1550 1143 1589 telligimus
1157 1550 1354 1582 vocationem
1370 1550 1612 1589 praedicatorum
1625 1551 1656 1579 et
1663 1558 1739 1588 prae-

969 1604 1118 1641 latorum,
1135 1604 1189 1643 qui
1204 1604 1318 1634 debent
1336 1604 1455 1641 vocari,
1472 1603 1548 1642 quia
1563 1602 1678 1633 dicitur
1693 1603 1714 1618 ¹²
1730 1613 1737 1632 ;

974 1668 988 1685 (ι
1012 1657 1074 1687 Nec
1098 1657 1268 1696 quisquam
1289 1656 1387 1687 sumit
1411 1656 1470 1686 sibi
1491 1656 1663 1693 honorem,
1686 1655 1740 1686 sed

970 1711 1025 1750 qui
1052 1712 1184 1741 vocatur
1207 1719 1226 1740 a
1249 1710 1330 1748 Deo7
1347 1712 1499 1749 tanquam
1523 1709 1558 1748 (e)
1581 1709 1698 1739 Aaron.
1720 1720 1735 1737 ›)

971 1764 1009 1793 Ili
1029 1764 1180 1793 dicuntur
1202 1763 1285 1793 servi
1306 1772 1324 1793 a
1345 1762 1521 1794 Servienclo
1534 1786 1542 1800 ⁷
1569 1764 1600 1793 et
1620 1771 1638 1792 a
1660 1763 1738 1793 Ser-
1754 1768 1860 1803 Sei-viqur

971 1817 1075 1848 vando
1092 1826 1102 1847 :
1117 1826 1136 1847 a
1147 1816 1322 1848 Servienclo
1338 1825 1393 1855 per
1407 1815 1619 1847 reverentiam
1633 1815 1739 1845 humi·
1768 1800 1854 1851 ζ’ξῃῗᾷξ,

970 1870 1083 1907 litatis,
1110 1869 1285 1900 secuudum
1312 1868 1389 1899 illud
1415 1868 1435 1884 ¹³
1454 1879 1461 1898 :
1483 1879 1497 1897 «
1520 1868 1580 1905 Qui
1604 1867 1741 1898 voluerit

972 1923 1052 1953 inter
1067 1931 1124 1953 vos
1138 1922 1260 1961 primus
1273 1931 1341 1952 esse
1354 1944 1362 1960 ,
1378 1922 1437 1951 erit
1451 1922 1555 1952 vester
1572 1929 1694 1951 servus.
1721 1932 1736 1949 »

971 1975 1124 2005 Dicuntur
1139 1975 1233 2005 etiam
1250 1975 1333 2005 servi
1346 1983 1365 2004 a
1381 1973 1548 2005 Sei-vando
1565 1983 1620 2012 per
1635 1975 1739 2004 custo-

971 2028 1055 2058 diam
1069 2037 1221 2066 gregum,
1235 2027 1310 2066 quia
1323 2027 1436 2057 debent
1454 2036 1588 2066 gregem
1604 2026 1741 2057 domini-

972 2090 1045 2111 cum
1060 2090 1187 2111 servare
1202 2083 1232 2111 et
1243 2080 1400 2110 custodire
1415 2080 1435 2096 ¹⁹
1449 2091 1479 2110 2«
1492 2080 1618 2110 Custodi
1633 2080 1740 2110 virum

972 2135 1069 2165 istum
1086 2145 1092 2164 ;
1110 2134 1164 2174 qui
1180 2134 1206 2163 si
1225 2134 1330 2173 lapsus
1349 2133 1460 2169 fuerit,
1482 2133 1542 2163 erit
1562 2133 1668 2162 anima
1687 2135 1742 2163 tua

972 2197 1029 2227 pro
1044 2188 1151 2217 anima
1162 2188 1241 2226 ejus.
1259 2198 1273 2214 ι)
1292 2186 1330 2216 Et
1345 2186 1383 2216 de
1399 2185 1585 2216 hoedlcitur
1599 2186 1618 2201 ¹⁵
1636 2196 1642 2215 :
1662 2196 1676 2214 (t
1690 2185 1742 2216 Se-

972 2241 1088 2278 niores⁷
1105 2240 1218 2279 pascite
1229 2240 1283 2279 qui
1298 2239 1331 2269 in
1344 2238 1434 2270 vobis
1446 2240 1636 2276 estgregem
1645 2238 1737 2268 Dei.»

973 2293 1125 2324 Subditur
1142 2304 1148 2323 z
1171 2292 1306 2331 «Neque
1319 2294 1354 2322 ut
1368 2291 1565 2322 dominantes
1584 2291 1617 2321 in
1633 2291 1739 2329 cleris,

972 2347 1026 2378 sed
1040 2347 1141 2377 forma
1164 2346 1235 2376 facti
1260 2345 1370 2383 gregis
1394 2353 1433 2374 ex
1448 2344 1566 2374 animo.
1591 2355 1605 2372 »
1632 2343 1669 2373 Ili
1692 2344 1740 2374 di-

972 2402 1088 2430 cuntur
1113 2408 1180 2430 esse
1208 2399 1315 2428 decem
1326 2421 1334 2435 ,
1363 2398 1430 2428 sive
1457 2399 1585 2437 propter
1614 2397 1741 2427 numeri

972 2452 1192 2484 sufficientiam
1205 2476 1212 2490 ,
1232 2451 1297 2482 sive
1319 2453 1446 2491 propter
1467 2451 1526 2481 hoc
1542 2450 1625 2489 quod
1647 2458 1741 2480 omne

972 2559 1001 2564 -
1014 2546 1032 2561 1²
1045 2544 1129 2574 Helm,
1146 2550 1169 2572 v,
1185 2545 1208 2567 4.
1223 2557 1252 2562 -
1271 2542 1292 2559 1³
1306 2537 1404 2572 Mattlzj,
1421 2549 1464 2574 xx,
1484 2544 1523 2566 27.
1548 2555 1573 2559 -
1591 2543 1608 2559 ²⁴
1626 2543 1655 2565 ιιι
1673 2542 1739 2572 aeq„

972 2588 1014 2607 xx.
1031 2582 1068 2603 39.
1084 2593 1115 2597 —
1134 2580 1152 2595 ¹⁵
1169 2580 1174 2603 l
1194 2580 1270 2609 Petra,
1288 2586 1313 2608 v,
1335 2581 1354 2608 1,
1374 2581 1396 2608 2,
1411 2580 1434 2602 3.

1005 2625 1038 2655 (a)
1056 2625 1115 2648 Caet.
1131 2623 1189 2646 edit.
1206 2625 1267 2647 erat.
1283 2636 1312 2640 —
1333 2623 1362 2653 (b)
1380 2623 1440 2647 Cret.
1458 2623 1518 2647 edil.
1534 2622 1692 2646 missionem.
1711 2632 1741 2639 —

974 2662 1000 2689 (a)
1020 2662 1079 2684 Item
1095 2659 1309 2690 quemadmodum
1326 2661 1360 2682 et.
