1987 3032
178 217 236 248 234
728 209 941 241 EVANGELII
965 208 1103 240 SANCTI
1125 208 1237 240 LUCAE

178 283 313 315 fortabat
338 290 408 319 eos,
432 280 507 320 quia
529 279 654 310 insolito
679 286 767 308 more
791 278 874 307 inter
897 285 951 307 eos

179 335 368 376 apparebat,
384 335 415 364 et
432 332 503 363 talis
518 332 631 362 modus
651 330 822 371 apparendi
839 332 949 368 terret,

180 391 211 420 et
225 388 345 424 turbat;
363 389 491 426 propter
505 385 590 424 quod
605 384 711 414 subdit
728 385 769 423 (v.
787 384 850 422 373:
870 383 952 415 Con-

181 441 302 472 turbati
325 449 397 470 vero
421 443 450 468 e!
473 438 651 474 conterriti,
677 437 903 467 existimabant
921 444 953 466 se

183 495 332 535 spiritum
359 492 477 522 videre.
504 491 575 520 ideo
602 492 708 520 autem
735 490 835 520 territi
861 491 950 526 sunt,

185 549 261 588 quia
275 556 349 578 eum
364 548 402 584 (a)
416 547 579 575 mortuum
594 544 627 574 in
642 552 735 574 eruce
749 543 907 579 viderant,
924 544 955 572 et

185 601 261 640 quia
284 599 437 629 timebant
457 606 497 628 ne
513 597 644 627 Satanas
660 597 904 634 transfiguraret
922 604 954 625 se

185 654 218 683 in
245 651 399 690 angelum
424 651 521 688 lucis,
549 652 578 680 et
600 650 675 689 quia
697 650 828 680 venerat
847 647 955 687 januis

184 705 308 736 clausis.
319 703 407 734 Unde
418 703 449 733 in
459 703 583 734 Jomme
595 702 632 741 (bi
647 703 655 719 ¹
670 713 699 733 :a
708 702 786 732 Cum
795 710 874 739 ergo
885 709 954 730 sero

185 760 267 789 esset
278 757 328 788 die
338 756 402 794 illa,
414 764 479 786 una
491 756 706 792 sabbatorum,
719 756 749 785 et
761 754 844 784 fores
853 754 957 784 essent

186 811 314 846 clausae,
327 809 382 840 ubi
398 811 488 840 erant
503 807 648 847 discipuli
663 807 851 846 congregati
867 814 958 846 prop-

186 867 234 895 ter
249 865 369 894 metum
384 862 585 898 Judaeorum,
602 861 688 892 venit
702 860 807 897 JesuS,
831 861 862 889 et
876 858 959 889 stetit

186 917 221 947 in
242 916 357 952 medio,
373 916 403 945 et
418 914 497 944 dixit
518 914 583 944 eis:
610 912 676 943 Pax
697 912 828 943 vobis.»
848 911 909 942 Sed
924 912 958 941 in

186 969 248 1000 hoc
274 968 402 999 videtur
433 966 636 997 contrarietas
669 965 752 996 inter
783 965 900 995 Lucam
929 966 959 994 et

187 1022 358 1057 Joannem,
376 1020 451 1059 quia
471 1020 609 1050 Jommes
629 1018 674 1048 ait
686 1019 714 1048 ²:
735 1030 749 1048 «
764 1017 869 1048 Gavisi
886 1019 959 1048 sunt

189 1074 334 1114 discipuli
349 1073 417 1103 viso
433 1073 576 1103 Domino.
592 1083 606 1099 »
626 1071 682 1102 Sed
699 1081 762 1102 non
779 1074 824 1102 est
839 1073 961 1101 contra·

190 1127 299 1164 rietaS,
327 1126 402 1165 quia
422 1126 526 1165 primo
551 1127 625 1156 sunt
646 1125 764 1160 territi,
789 1124 843 1154 sed
870 1126 958 1163 post,

190 1180 322 1210 ostensis
336 1179 484 1209 manibus
499 1180 529 1209 et
543 1179 639 1209 latere
649 1202 656 1214 ,
672 1180 746 1208 sunt
757 1177 871 1216 gavisi.
886 1178 962 1207 Con-

190 1233 334 1263 trarietas
357 1232 452 1262 etiam
475 1232 610 1269 videtur,
634 1231 709 1270 quia
731 1231 868 1261 Joannes
889 1230 962 1261 dicit

191 1286 276 1325 quod
286 1285 424 1315 Thomas
440 1294 502 1315 11011
517 1287 583 1314 erat
594 1294 667 1314 cuin
679 1284 724 1314 eis
734 1284 862 1323 quando
876 1284 963 1314 venit

192 1339 298 1375 .]05115;
316 1338 414 1368 Lucas
428 1340 533 1367 autem
548 1337 640 1367 dicit³
654 1336 737 1376 quod
748 1336 964 1366 «invenerunt

193 1391 341 1422 undecim
360 1392 582 1429 congregatos.
598 1400 611 1417 n
627 1389 686 1419 Sed
702 1388 741 1418 ad
756 1388 817 1418 1100
831 1396 961 1427 respon-

194 1444 245 1474 det
266 1443 466 1482 Augustinus
490 1445 511 1480 ⁵,
537 1442 622 1482 quod
643 1442 780 1472 Thomas
803 1442 870 1470 erat
890 1449 964 1470 011111

194 1496 354 1536 discipulis
383 1495 508 1535 quando
536 1494 581 1524 illi
610 1495 673 1524 duo
701 1494 883 1530 redierunt,
911 1493 964 1523 sed

194 1548 395 1589 postmodum
410 1548 509 1578 exivit
524 1549 694 1586 antequam
705 1547 750 1576 eis
763 1546 965 1585 loquentibus

196 1602 349 1633 Dominus
363 1603 538 1640 appareret.

237 1657 285 1685 38.
302 1655 347 1685 Et
363 1654 443 1683 delcit
460 1654 523 1683 ee's:
547 1652 634 1691 Quid
654 1651 775 1681 turbati
797 1651 882 1688 estis,
906 1652 965 1680 etc.

197 1707 271 1738 Post
286 1707 475 1746 descriptam
491 1705 724 1745 apparitionum
738 1704 965 1743 pluralitatem,

196 1760 249 1790 hic
264 1758 400 1789 secundo
416 1758 564 1788 describit
578 1756 783 1796 apparitionis
798 1755 966 1795 probabili-

197 1815 306 1844 tatem.
334 1811 505 1850 Dupliciter
530 1812 636 1841 autem
664 1809 791 1849 probari
818 1808 914 1838 habet
939 1810 969 1838 et

199 1865 335 1896 discerni
348 1866 433 1894 certa
445 1863 632 1894 discretione
645 1870 769 1901 corpus,
784 1861 900 1891 scilicet
913 1869 969 1900 per

200 1927 296 1949 usum
317 1919 436 1954 tactus,
458 1918 488 1947 et
510 1918 641 1955 gustus:
665 1917 695 1945 et
717 1914 891 1944 secundum
910 1914 969 1943 1100

199 1972 310 2011 probat
325 1970 466 2000 Christus
487 1969 651 2008 dupliciter
671 1977 704 1998 se
724 1967 842 1997 habere
856 1976 970 1997 verum

201 2032 331 2063 coerS,
348 2022 521 2052 secundum
539 2022 623 2051 1111110
637 2020 794 2060 duplicem
811 2028 951 2050 sensum.

242 2075 367 2112 Primo,
384 2076 539 2113 quantum
559 2074 597 2103 ad
617 2073 836 2103 testimonium
851 2074 968 2109 tactus,

201 2129 294 2160 dicit:
312 2128 357 2158 Et
370 2127 452 2157 elisit
465 2127 507 2156 eis
518 2136 528 2157 .·
548 2126 634 2165 Quid
648 2126 767 2156 turbati
781 2126 862 2163 estis,
879 2130 910 2155 et
921 2135 971 2155 co-

202 2180 370 2221 qz'tatz'ones
395 2180 569 2210 ascendunt
591 2180 623 2209 in
646 2179 743 2209 corda
766 2179 898 2209 vestra?
923 2178 971 2209 Si-

204 2235 341 2272 gnanter
355 2232 440 2270 dicit,
453 2231 637 2268 ascendunt,
652 2231 727 2270 quia
739 2231 832 2261 bonae
848 2231 973 2261 descen-

204 2286 283 2316 dunt
298 2295 316 2315 a
331 2285 484 2323 superiori
494 2285 520 2315 ⁵:
538 2295 551 2313 (1
567 2285 666 2315 Omne
680 2285 788 2314 datum
802 2284 972 2323 optimum,

205 2337 374 2367 desursum
387 2340 444 2375 est,
457 2338 658 2374 descendens,
669 2348 683 2365 »
698 2339 757 2367 etc.
769 2348 776 2373 3
794 2337 886 2367 uialae
898 2346 974 2367 vero

205 2391 245 2420 ab
264 2389 405 2419 inferiori
424 2390 596 2420 ascendunt
614 2390 643 2420 ⁶:
670 2401 684 2418 «
703 2390 851 2420 Ascendit
869 2391 976 2419 fumus

205 2442 308 2482 putei,
328 2444 358 2471 et
380 2442 565 2472 obscuratus
587 2445 633 2473 est
652 2442 696 2473 sol
717 2445 747 2472 et
765 2451 818 2473 aer
836 2442 874 2472 de
889 2442 975 2472 sunio

207 2494 306 2534 putei.
324 2504 339 2522 1)
354 2493 393 2524 Et
413 2494 487 2533 quia
502 2495 711 2533 cogitationes
724 2496 792 2526 istae
807 2495 976 2526 veniebant

240 2593 343 2621 ¹Joan.‚
363 2598 410 2622 xx,
435 2593 472 2616 ¹19.
492 2604 521 2609 —
545 2593 554 2608 ²
572 2593 645 2621 ibid,
666 2595 703 2617 20.
722 2606 752 2611 -
771 2594 779 2608 ³
798 2595 871 2624 Sup„
890 2595 928 2617 33.
948 2606 978 2610 —

212 2628 217 2640 ‘
235 2628 309 2657 Aug„
323 2626 352 2650 [Ie
367 2626 483 2651 Concord.
503 2626 608 2658 Evnuy.,
623 2628 666 2651 lib.
683 2629 725 2656 111,
740 2636 762 2652 0.
777 2635 837 2657 xxv,
854 2635 880 2652 11.
894 2629 931 2652 74.
949 2641 978 2646 —

211 2663 221 2679 ⁵
234 2663 438 2692 JaC.‚1,17.—
453 2662 462 2678 ⁶
477 2662 617 2692 Apoc.,ix‚
637 2663 726 2686 “.’.-7
746 2665 892 2693 1J0c1n.,1‚
914 2666 978 2686 1.-

1008 277 1048 307 ab
1059 276 1210 314 inferiori,
1226 275 1296 307 ideo
1309 277 1448 308 exterius
1463 278 1609 317 proponit
1623 286 1679 317 per
1692 279 1775 318 quod

1009 331 1203 369 purgantur,
1220 338 1293 359 cum
1309 330 1414 360 subdit
1430 331 1476 369 (v.
1492 332 1548 367 39)
1564 340 1571 360 :
1596 330 1700 361 lv'idete
1712 340 1778 361 ma-

1009 392 1069 413 nus
1084 391 1170 412 meus
1185 386 1214 412 et
1223 382 1331 421 perles,
1347 383 1424 421 quia
1439 392 1496 422 eqo
1511 386 1576 422 ipse
1589 392 1672 420 sum,
1687 384 1777 423 quasi

1009 437 1089 467 dicat
1101 447 1108 466 ε
1125 436 1157 466 Si
1174 436 1290 475 putatis
1300 445 1355 475 per
1366 436 1471 466 visum
1482 437 1585 474 illudi,
1599 437 1707 467 saltem
1722 446 1778 476 per

1011 497 1141 518 sensum
1157 490 1258 517 tactus
1273 488 1454 517 efficiamini
1469 489 1555 518 certi.
1573 488 1609 519 Et
1625 489 1693 519 ideo
1708 489 1779 520 sub-

1011 542 1056 571 dit
1071 550 1078 571 :
1094 540 1226 577 Pulpate
1241 544 1270 570 et
1286 540 1402 578 videte,
1418 541 1495 580 quia
1509 542 1638 581 spiritus
1649 551 1779 573 carnem

1012 597 1042 623 et
1058 603 1128 623 ossa
1149 603 1213 623 non
1229 593 1335 630 hahet,
1354 594 1434 625 sicul
1455 603 1506 623 me
1525 594 1635 625 videtis
1652 595 1776 626 habere.

1012 647 1078 677 ssoc
1088 647 1157 677 fecit
1166 647 1197 676 in
1208 649 1436 685 argumentum
1450 648 1689 678 resurrectionis
1700 657 1778 680 suae.

1013 699 1101 729 Unde
1120 699 1235 729 dicitur
1249 700 1278 729 ⁷:
1301 710 1315 727 «
1330 699 1418 736 Quod
1435 699 1494 730 t'uit
1513 700 1552 730 ab
1575 700 1679 738 initio,
1695 700 1781 740 quod

1013 752 1193 782 audivimus
1204 775 1212 789 ‚
1242 752 1325 791 quod
1353 752 1492 783 vidimus
1520 752 1618 783 oculis
1644 754 1760 783 nostris
1770 776 1779 792 ‚

1014 804 1099 844 quod
1119 804 1354 844 perspeximm,
1380 807 1411 834 et
1430 814 1545 835 manus
1568 807 1683 836 nostrae
1707 815 1784 836 con-

1014 859 1228 888 trectaverunt
1243 857 1281 887 de
1295 857 1394 888 verbo
1411 858 1496 895 vitae,
1513 860 1543 888 et
1558 858 1622 888 vita
1635 859 1784 889 manifes-

1015 913 1079 941 tata
1093 912 1157 947 est,
1174 912 1205 940 et
1219 910 1357 941 vidimus
1376 913 1406 941 01
1425 913 1590 949 testamur,
1608 913 1637 942 et
1659 920 1786 942 annun—

1015 964 1132 994 tiamus
1152 963 1242 994 vobis
1265 964 1363 994 vitam
1383 966 1544 994 aeternam.
1571 976 1585 993 1)
1605 964 1671 995 Ηο0
1692 965 1786 995 etiam

1016 1017 1086 1047 fecit
1098 1017 1130 1046 in
1141 1019 1367 1055 argumentum
1380 1017 1630 1055 resurrectionis,
1642 1020 1788 1048 010110111-

1016 1070 1105 1109 plum
1130 1072 1247 1100 nostra}
1268 1070 1518 1108 glorificationis.
1546 1069 1632 1100 Unde
1654 1070 1761 1101 Glossa
1777 1073 1788 1090 ⁸

1017 1121 1108 1152 dicit:
1133 1133 1147 1150 «
1166 1121 1248 1152 Dum
1271 1122 1426 1161 palpanda
1444 1122 1606 1161 discipulis
1627 1131 1699 1152 ossa
1717 1131 1784 1152 car-

1018 1183 1154 1214 nemque
1175 1176 1413 1213 praemonstrat,
1437 1177 1542 1214 aperte
1566 1176 1684 1205 statum
1701 1184 1786 1206 verae

1018 1228 1272 1265 resurrectioniS,
1292 1237 1364 1266 (111εο
1380 1228 1414 1258 111
1434 1237 1466 1258 50
1489 1228 1584 1264 sacta,
1601 1229 1631 1258 et
1645 1228 1679 1258 in
1697 1228 1788 1259 nobis

1019 1283 1065 1313 est
1078 1283 1194 1319 sutura,
1212 1281 1380 1319 significat,
1394 1281 1427 1310 in
1439 1290 1501 1320 qua
1515 1290 1630 1320 corpus
1642 1283 1788 1311 nostrum

1020 1337 1050 1364 et
1065 1334 1179 1364 subtile
1193 1333 1252 1364 erit
1267 1342 1323 1373 per
1335 1333 1482 1364 effectum
1495 1333 1667 1373 spiritualis
1682 1336 1789 1373 poten-

1020 1387 1092 1424 tiae,
1118 1389 1149 1417 et
1175 1386 1330 1426 palpabile
1352 1395 1408 1425 per
1430 1386 1596 1416 veritatem
1618 1389 1754 1417 naturae.
1771 1398 1785 1415 n

1021 1439 1080 1469 Sed
1095 1440 1163 1470 haec
1179 1440 1242 1470 duo
1257 1440 1407 1470 videntur
1422 1449 1489 1469 esse
1504 1439 1599 1469 simul
1614 1440 1787 1478 contraria,

1021 1495 1050 1523 et
1065 1492 1159 1522 fidem
1178 1501 1243 1522 non
1258 1494 1412 1528 astruere,
1433 1492 1486 1522 sed
1504 1493 1607 1531 potius
1622 1492 1785 1531 impedire.

1022 1545 1110 1575 Unde
1137 1545 1244 1575 Glossa
1266 1545 1362 1575 dicit:
1392 1556 1406 1572 ‹<
1431 1544 1504 1575 Post
1525 1545 1790 1574 resurrectionem

1021 1598 1172 1628 Dominus
1191 1597 1222 1627 in
1246 1606 1375 1636 corpore
1395 1606 1451 1626 suo
1481 1597 1544 1627 duo
1569 1597 1725 1627 contraria
1739 1606 1790 1627 os-

1021 1650 1135 1687 tendit,
1153 1652 1183 1679 01
1197 1659 1311 1689 corpus
1327 1649 1481 1689 palpabile
1495 1650 1636 1688 eiusdem
1653 1652 1790 1687 naturae,

1022 1705 1059 1733 ut
1074 1703 1220 1732 informet
1238 1703 1277 1732 ad
1291 1702 1397 1740 fidem,
1419 1704 1448 1732 et
1463 1702 1699 1741 incorruptibile
1715 1702 1791 1733 alte-

1023 1756 1090 1786 rius
1105 1755 1234 1794 gloriae,
1256 1757 1292 1785 ut
1310 1755 1422 1786 invitet
1443 1755 1482 1785 ad
1501 1755 1682 1794 praemium.
1699 1766 1712 1783 n
1732 1755 1793 1786 Sed

1025 1809 1196 1848 Gregorius
1212 1809 1280 1838 haee
1293 1808 1448 1845 dissolvit,
1465 1808 1570 1838 diceus
1583 1816 1590 1837 :
1603 1819 1617 1836 (1
1632 1807 1700 1838 Duo
1713 1808 1794 1838 mira

1025 1864 1055 1892 et
1073 1863 1166 1901 juxta
1186 1861 1362 1891 humanam
1385 1860 1540 1890 rationem
1559 1860 1617 1890 sibi
1639 1861 1796 1891 contraria

1025 1915 1178 1945 Dominus
1195 1913 1349 1944 ostendit:
1371 1913 1425 1943 sed
1442 1913 1616 1943 secundum
1631 1914 1795 1944 veritatem

1025 1977 1089 1998 non
1107 1968 1180 1997 sunt
1198 1966 1370 2003 contraria,
1391 1966 1467 2005 quia
1485 1974 1600 2004 corpus
1620 1965 1796 2004 gloriosum

1026 2029 1082 2060 per
1101 2021 1286 2059 potestatem
1304 2020 1405 2058 potest
1424 2018 1594 2048 immutare
1607 2027 1750 2056 sensum,
1767 2021 1798 2049 et

1027 2073 1170 2103 resistere
1195 2081 1251 2102 seu
1274 2080 1403 2101 movere
1427 2071 1513 2101 aliud
1535 2080 1590 2110 per
1613 2071 1795 2108 veritatem3

1027 2127 1127 2165 potest
1155 2125 1252 2155 etiam
1280 2126 1445 2163 penetrare
1474 2123 1613 2162 corporis
1640 2132 1770 2153 sensum
1789 2133 1795 2153 ε

1027 2179 1111 2209 unde
1130 2177 1218 2207 nulla
1232 2179 1278 2206 est
1298 2176 1341 2205 ibi
1357 2175 1578 2211 contrarietas,
1597 2175 1668 2205 licet
1690 2176 1798 2206 videa-

1028 2233 1091 2261 tur.
1115 2241 1129 2258 »
1146 2229 1307 2266 Similiter,
1324 2229 1363 2258 ad
1383 2229 1538 2267 majorem
1560 2228 1798 2266 certitudinem,

1029 2292 1093 2314 non
1108 2285 1233 2313 tantum
1253 2290 1367 2320 corpus
1384 2280 1531 2311 exhibuit
1550 2280 1724 2320 palpabile,
1743 2289 1799 2311 ve-

1030 2345 1102 2366 rum
1118 2336 1214 2365 etiam
1228 2334 1362 2365 ostendit
1377 2334 1518 2372 corporis
1531 2334 1700 2363 cicatrices.
1713 2333 1800 2363 Unde

1030 2389 1136 2419 subdit
1156 2390 1205 2425 (v.
1222 2388 1260 2416 40
1271 2387 1296 2425 );
1314 2387 1445 2417 Etcum
1465 2386 1522 2416 hoc
1540 2386 1683 2422 dixisset,
1701 2389 1801 2415 osten-

1031 2441 1077 2470 dic
1099 2441 1141 2470 eis
1163 2449 1278 2470 mames
1303 2443 1334 2469 et
1358 2439 1469 2478 pedes,
1494 2448 1568 2468 cum
1591 2438 1799 2468 cicatricibus

1032 2494 1095 2524 llas
1106 2495 1213 2523 autem
1226 2492 1377 2523 Dominus
1390 2491 1540 2528 servavit,
1553 2493 1588 2520 ut
1601 2490 1674 2520 dicit
1688 2489 1768 2520 Beda
1777 2491 1799 2527 ⁹,

1034 2584 1041 2597 ὃ
1057 2584 1093 2606 Ex
1106 2582 1177 2612 ned„
1188 2582 1213 2604 in
1227 2581 1294 2610 Luc„
1305 2580 1349 2603 lib.
1366 2579 1408 2607 VI,
1422 2585 1445 2602 c.
1461 2583 1576 2601 xcvu.——
1587 2578 1596 2594 ⁹
1606 2577 1678 2608 Bed„
1689 2578 1730 2602 ubi
1745 2584 1801 2608 sup.

1033 2625 1106 2649 prox.

1065 2661 1097 2690 (a)
1110 2661 1170 2684 Caet.
1185 2658 1245 2683 edit.
1258 2664 1324 2682 cum.
1340 2670 1367 2675 —
1386 2657 1416 2687 (b)
1433 2657 1554 2681 ioannes.
