1987 3032
663 267 703 298 IN
723 266 807 298 CAP.
832 266 871 297 lv
893 266 1029 298 SANCTI
1052 266 1226 298 JOANNIS.

149 333 303 367 juncunda
322 333 451 360 hilaritas
473 333 502 359 in
523 333 675 360 affectione
695 333 805 365 cordis3
826 332 856 359 in
873 332 917 359 his

153 378 250 405 verbis
269 378 324 411 tria
346 386 480 413 expresse
500 378 682 405 insinuantur
701 379 731 405 in
751 378 823 405 Filio
844 378 891 405 Dei
909 388 916 405 :

153 424 282 459 primum
297 425 339 451 est
351 424 393 450 ibi
410 432 416 450 t
432 426 540 450 Faciam
556 426 733 456 voluntatem;
755 424 917 451 secundum

154 472 194 497 est
209 479 214 496 :
232 471 367 504 Perficiam
381 477 460 504 opus;
476 470 593 497 tertium
607 473 648 497 est
663 479 668 496 :
687 471 760 496 Meas
774 471 854 496 cibus.

188 515 232 542 Ait
245 523 315 549 ergo
332 524 339 542 ·.
356 517 389 542 [ἴε
403 517 501 547 faciam
516 517 692 549 volantatem,
704 517 755 542 etc.
775 517 805 542 Et
819 515 849 541 in
862 515 919 542 hoc

152 560 228 587 mira
247 560 394 588 humilitas
414 561 476 588 Filii
494 561 558 595 Dei,
581 561 631 596 qui
654 569 720 588 cum
741 562 814 588 esset
834 561 920 587 unius

152 606 310 633 voluntatis
323 614 390 633 cum
406 608 501 640 Patre;
514 607 593 634 unde
610 608 682 634 Deus
696 608 834 640 aeternus,
850 614 918 642 pro-

152 651 248 679 fitetur
268 654 365 679 tamen
385 660 414 679 se
436 653 549 680 venisse
567 652 662 680 facere
675 652 855 680 voluntatem
870 654 920 679 Pa-

152 697 217 731 tris,
238 700 265 725 et
285 698 431 733 abnegare
453 707 551 730 suam,
572 698 650 725 unde
669 698 777 732 homo,
802 698 831 724 in
851 698 921 725 obe-

153 744 261 771 diendo
281 745 365 772 Patri.
395 755 408 770 «
427 744 598 772 obedientia
618 745 696 772 enim
718 747 759 772 est
779 745 919 779 subjectio

151 790 319 824 voluntatis,
335 800 349 816 n
366 792 560 818 Damascenus
575 791 593 817 ¹.
606 790 666 824 Vel,
681 793 712 818 ut
732 791 770 817 ait
786 790 896 818 Aludus
913 800 919 817 ε

154 846 168 861 «
179 836 350 864 Obedientia
365 840 406 864 est
418 837 544 872 propriae
560 836 717 864 voluntatis
730 836 918 871 abnegatio.»

153 882 239 915 Quod
264 884 292 910 et
313 882 379 909 fecit
397 883 484 910 Filius
502 883 664 916 humiliter,
687 882 761 909 infra
773 884 804 909 ²:
831 893 844 907 a
859 885 921 909 Non

154 936 254 963 quaero
274 928 455 956 voluntatem
475 936 591 962 meam,
614 928 667 955 sed
684 928 746 962 ejus
771 928 822 963 qui
844 928 922 955 misit

154 982 212 1002 me.
229 984 242 1000 »
261 976 292 1002 Et
305 975 362 1002 hoc
377 975 406 1001 in
422 974 564 1001 docendis
578 976 605 1001 et
618 974 822 1009 praedicandiS,
834 976 865 1001 ut
880 974 922 1001 di-

154 1021 227 1048 citur
249 1021 307 1048 hic.
332 1020 412 1048 Unde
436 1021 555 1048 Glossa:
582 1020 748 1047 «Voluntas
767 1020 872 1054 Patris,
892 1023 923 1048 ut

155 1067 292 1094 credatur
307 1068 337 1094 in
351 1075 396 1094 eo.
413 1077 425 1091 n
445 1069 513 1094 ltem
528 1067 608 1093 venit
626 1066 720 1093 facere
742 1067 923 1094 voluntatem

155 1113 245 1141 Patris
260 1113 290 1140 in
304 1113 497 1140 sustinendis³
508 1122 514 1139 :
525 1114 606 1140 «Non
619 1112 691 1139 sicut
705 1121 761 1147 ego
775 1113 857 1146 volo,
871 1112 923 1140 sed

156 1159 229 1187 sieut
246 1162 275 1187 tu
296 1159 349 1186 vis.
366 1170 378 1185 >³
400 1161 432 1186 Et
451 1160 481 1186 ¹⁵:
505 1168 517 1184 ι(
532 1159 700 1186 Humiliavit
718 1159 921 1194 semetipsum,

156 1205 248 1233 factus
268 1205 410 1233 obediens
424 1213 518 1240 usque
534 1205 572 1232 ad
585 1207 719 1232 mortem.
732 1215 744 1230 η
760 1206 792 1232 Et
805 1213 865 1232 non
881 1213 924 1232 so-

156 1251 219 1278 lum
235 1252 275 1278 sic
289 1251 343 1278 suit
357 1251 499 1278 obediens
514 1251 656 1278 voluntati
675 1251 778 1284 Patris;
793 1250 845 1277 sed
860 1259 925 1286 per-

157 1297 225 1324 fecit
241 1305 326 1333 opus,
339 1297 448 1324 seilicet
462 1297 576 1332 triplex,
589 1297 695 1324 scilicet
710 1305 785 1331 opus
798 1298 925 1331 Evange-

158 1343 220 1370 licae
234 1343 460 1378 praedicationis,
476 1343 512 1370 de
527 1351 587 1378 quo
603 1343 641 1370 ait
654 1342 701 1369 hic
716 1351 722 1369 ε
743 1344 775 1369 Ut
788 1344 925 1376 perficiam

159 1390 268 1424 opus.⁵«
283 1389 404 1424 Spiritus
419 1389 533 1416 Domini
547 1396 634 1423 super
648 1396 706 1421 me,
723 1396 757 1415 eo
775 1388 857 1423 quod
873 1396 926 1414 un-

159 1436 233 1463 xerit
246 1443 308 1469 me,
323 1435 362 1462 ad
379 1435 641 1470 evangelizandum
656 1434 836 1470 pauperibus
851 1434 928 1461 misit

160 1489 218 1509 me.
235 1492 247 1507 n
267 1483 336 1509 Item
351 1481 472 1516 perfecit
487 1489 562 1517 opus
576 1480 757 1508 multimodae
772 1480 928 1507 miraculo-

160 1536 199 1555 sae
212 1527 336 1562 virtutis,
349 1527 425 1554 infra
439 1528 448 1543 ⁶
460 1536 467 1553 :
487 1536 500 1552 «
515 1528 610 1562 Opera
624 1535 689 1562 quae
704 1534 758 1561 ego
774 1525 862 1560 facio,
876 1528 928 1553 tes-

160 1574 317 1601 timonium
331 1573 487 1609 perhibent
498 1573 535 1600 de
550 1581 606 1600 me.
616 1583 628 1598 η
644 1573 714 1599 Item
725 1571 844 1607 perfecit
854 1580 928 1607 opus

162 1619 401 1647 consummativae
421 1618 649 1654 redemptionis,
670 1618 744 1645 infra
757 1619 765 1635 ⁷
792 1627 797 1642 ε
822 1627 835 1643 «
854 1620 928 1645 Con-

163 1666 342 1693 summatum
363 1667 414 1692 est.
430 1674 444 1691 »
470 1666 502 1692 Et
521 1664 551 1691 in
572 1664 686 1691 Psalmo
701 1664 733 1690 ⁸:
756 1673 769 1688 u
790 1664 929 1698 Operatus

164 1713 205 1739 est
219 1711 342 1738 salutem
356 1711 386 1737 in
404 1710 502 1737 medio
518 1712 608 1737 terrae.
623 1719 636 1735 »
654 1711 685 1736 Et
699 1709 739 1735 sic
754 1709 885 1742 obedire,
903 1710 930 1735 et

162 1757 202 1784 sic
217 1756 312 1784 facere
326 1764 414 1791 opus,
430 1755 484 1783 fuit
496 1756 557 1789 ejus
571 1755 668 1788 cibus,
683 1754 713 1781 id
729 1756 786 1788 est,
803 1754 861 1781 cibi
877 1754 928 1782 de«

162 1802 319 1830 siderabilc
333 1804 361 1829 et
375 1801 558 1828 delectabile.
575 1801 654 1827 Unde
669 1800 891 1835 chrysostomus
902 1802 927 1827 ⁹:

165 1848 353 1875 «Hominum
378 1847 501 1874 salutem
526 1847 625 1873 cibum
648 1849 752 1880 vocat,
775 1846 930 1873 ostendens

163 1895 305 1929 quantum
323 1892 502 1920 desiderium
524 1892 654 1919 habebat
678 1893 782 1919 nostrae
805 1891 927 1918 salutis:

162 1940 236 1967 sicut
256 1940 333 1966 enim
353 1939 440 1966 nobis
459 1938 684 1973 concupiscibile
703 1939 745 1964 est
766 1938 930 1972 comedere,

163 1986 204 2013 sic
218 1985 261 2013 illi
276 1985 400 2018 salvare,
416 1984 525 2012 scilicet
538 1983 694 2011 mundum.
707 1983 786 2010 Unde
798 1984 931 2018 fatigatus

163 2040 223 2060 non
237 2031 436 2060 manducabat
453 2031 553 2058 cibum
567 2029 762 2063 materialem,
778 2030 844 2057 licet
858 2030 931 2057 invi-

164 2081 237 2106 tatus
252 2086 270 2105 a
284 2077 434 2113 discipulis
444 2097 453 2111 ,
470 2077 674 2104 demonstrans
692 2078 834 2111 quantum
855 2076 929 2104 desi—

164 2124 279 2152 derium
294 2123 423 2151 habebut
436 2122 536 2150 salutis
550 2122 697 2149 humanoe.
713 2132 725 2147 n
749 2123 811 2149 Hzec
826 2122 884 2149 ille.
902 2124 932 2150 Et

164 2179 200 2198 ex
215 2170 268 2197 hoc
283 2172 361 2205 patet
374 2169 532 2196 vehemens
548 2167 726 2195 desiderium
746 2168 807 2195 Filii
828 2169 875 2195 Dei
895 2168 931 2195 de

163 2218 262 2245 nostra
281 2216 388 2248 salute,
409 2217 530 2250 propter
548 2214 629 2249 quod
644 2214 720 2241 istud
736 2216 819 2242 vocat
833 2214 931 2242 cibum

165 2270 249 2290 suum
261 2261 318 2288 hic.
332 2263 378 2289 Est
390 2261 467 2288 enim
480 2260 583 2296 triplex
599 2259 681 2287 cibus
693 2259 754 2287 Filii
767 2259 815 2287 Dei
828 2268 833 2286 :
846 2267 932 2293 unus,

164 2308 278 2343 generis
291 2307 413 2335 humani
426 2306 578 2334 conversio
594 2306 632 2334 ad
652 2306 760 2340 fidem,
779 2306 839 2333 sive
863 2313 932 2334 con-

164 2353 334 2381 vertibilitas
341 2373 349 2387 ,
365 2355 397 2380 ut
409 2353 473 2386 hic,
493 2360 584 2387 quam
603 2353 688 2380 vocat
707 2351 806 2379 cibum
827 2360 912 2379 suum
923 2361 931 2386 ς

166 2403 193 2427 ct
215 2408 304 2435 supra
327 2398 432 2426 eodem
457 2398 496 2426 ait
516 2398 632 2425 mulieri
649 2407 655 2425 :
680 2400 719 2425 Da
738 2398 805 2424 mihi·
825 2399 931 2425 bibere:

166 2446 265 2473 Fidem
277 2445 354 2473 enim
369 2452 452 2472 suam
468 2444 665 2478 desiderabat,
675 2443 715 2471 ait
729 2443 904 2478 Augustinus
915 2445 933 2460 ¹⁰

199 2508 206 2523 ¹
223 2508 350 2536 Damaso„
372 2505 401 2529 (Ie
422 2504 524 2528 Ortliod.
543 2504 610 2534 Fid„
628 2503 670 2526 lib.
696 2504 743 2533 tlt,
764 2510 786 2526 c.
804 2508 858 2532 xiv,
878 2505 935 2533 post

169 2542 236 2566 med.
256 2555 286 2559 —
306 2543 314 2556 ²
330 2543 411 2569 ,ΙωωιἸ
436 2546 460 2570 v,
483 2541 521 2563 30.
543 2552 573 2556 —-
594 2540 601 2553 ³
623 2538 723 2568 Mami„
749 2544 824 2567 λκνι,
848 2540 884 2562 33⁴.
906 2552 932 2556 —

169 2576 295 2607 ιΡΙιίὶίμῚ
311 2582 343 2606 ¹1,
360 2578 382 2600 8.
396 2588 425 2593 -·
440 2576 449 2591 Β
462 2576 518 2602 Isti..
536 2580 593 2603 in,
612 2576 675 2598 1.-
694 2574 795 2603 ⁶Joau.,
814 2580 839 2601 x,
854 2575 892 2597 25.
904 2586 935 2591 -

171 2613 178 2626 ⁷
190 2612 271 2640 laam,
286 2618 340 2640 xix,
356 2613 393 2635 30.
409 2624 438 2629 -—
455 2612 463 2625 ³
477 2610 545 2634 Psal.
561 2616 654 2640 mxlii,
671 2610 706 2633 ¹2.
722 2622 747 2626 -
769 2610 778 2625 ¹⁹
793 2609 915 2639 Chrysost
928 2627 935 2639 ,

172 2649 197 2670 in
216 2648 320 2677 Eranss„
338 2646 407 2670 hom.
424 2651 519 2675 xxxiv,
537 2646 568 2668 nl.
587 2651 674 2674 xxxiv,
689 2651 714 2667 n.
738 2648 758 2668 ¹.
779 2657 808 2661 -—
825 2644 846 2660 ¹⁰
862 2646 934 2671 Atia,

171 2681 214 2706 ubi
231 2688 297 2712 sup„
312 2688 337 2705 n.
356 2683 391 2705 ll.
409 2694 436 2698 —
453 2682 468 2697 ¹¹
483 2682 546 2705 2101..
563 2687 588 2710 x,
605 2682 641 2703 13.
657 2692 686 2696 -
702 2680 720 2695 ²2
733 2681 818 2709 areg„
834 2679 934 2708 Mat-al„

1682 273 1745 304 547*

971 332 1022 359 ibi.
1040 333 1119 360 Unde
1143 335 1225 360 Petro
1249 333 1360 362 dictum
1383 337 1424 363 est
1439 337 1456 353 ¹¹
1481 345 1487 363 ε
1512 339 1627 366 «Macte.
1655 340 1688 374 (a)
1714 343 1741 368 et

973 379 1129 406 manduca.
1145 389 1158 404 n
1184 382 1275 414 Super
1295 381 1376 416 quod
1398 382 1551 417 Gregorius
1566 385 1586 400 ¹²
1603 393 1609 411 ε
1630 385 1741 417 «Quod

974 427 1125 457 mactatur,
1141 433 1157 452 a
1173 426 1247 458 vita,
1270 426 1411 454 occiditur
1431 437 1437 454 z
1461 428 1543 463 quod
1565 430 1738 465 comeditur,

974 469 1003 495 in
1019 470 1198 497 comedentis
1214 478 1319 506 corpus
1340 472 1373 506 (b)
1397 476 1602 501 commutatur.
1618 485 1631 500 »
1654 476 1741 508 Quasi

975 522 1044 549 ergo
1070 515 1178 542 diceret
1199 518 1280 543 Petro
1304 526 1310 543 :
1337 517 1480 546 Animalia
1506 518 1676 555 immunda,
1706 521 1742 548 de

975 560 1083 595 quibus
1102 561 1142 588 ibi
1162 561 1302 596 loquitur,
1323 570 1339 590 a
1357 566 1477 598 peccato
1497 564 1526 591 in
1547 573 1606 600 quo
1623 567 1740 601 vivunt,

974 606 1116 640 interfice,
1142 608 1169 634 et
1196 607 1225 633 in
1253 609 1303 635 tua
1325 609 1460 637 membra
1484 613 1628 638 converte.
1655 612 1741 640 Multo

975 652 1069 686 magis
1083 652 1170 679 Filius
1185 653 1232 680 Dei
1247 654 1286 680 sic
1300 654 1377 688 facit,
1394 658 1577 683 commutans
1592 657 1742 686 credentes

976 697 1005 723 in
1020 705 1106 724 suum
1129 698 1159 733 (ι’)
1178 707 1294 734 eorpus.
1318 700 1398 727 Unde
1419 702 1594 736 Augustinus
1616 703 1741 739 loquens

975 745 1013 771 ad
1029 745 1131 772 Filium
1147 747 1204 780 Dei,
1218 747 1256 774 ait
1270 747 1290 764 ¹³
1307 757 1312 774 :
1334 758 1346 773 α
1362 749 1467 776 Audivi
1483 758 1587 777 vocem
1601 753 1681 779 tuam
1704 752 1740 779 de

977 791 1090 819 excelso
1107 801 1113 818 t
1130 793 1218 820 Cibus
1232 801 1297 820 sum
1309 795 1482 829 grandium,
1499 804 1593 824 cresce
1612 799 1640 824 et
1658 805 1741 825 man-

977 837 1098 864 ducabis
1113 846 1168 865 me.
1185 840 1241 866 Nec
1256 841 1285 866 tu
1300 848 1346 867 me
1365 840 1395 867 in
1409 842 1435 868 te
1451 842 1594 876 mutabis,
1610 843 1683 870 sicut
1704 843 1743 870 ci-

977 882 1049 910 bum
1073 884 1166 911 carnis
1188 888 1262 919 tuse,
1287 885 1338 912 sed
1362 889 1392 913 tu
1416 887 1575 915 mutaberis
1594 889 1624 916 in
1648 897 1707 917 me.
1727 900 1741 916 ³>

977 930 1046 956 ltem
1061 932 1103 956 est
1117 930 1198 957 cibus
1212 931 1275 958 Filii
1290 931 1349 965 Dei,
1364 932 1471 960 scilicet
1484 934 1579 969 operis
1593 934 1666 962 boni
1679 943 1744 971 per-

978 974 1141 1003 fectibilitas
1156 976 1185 1003 in
1200 977 1296 1004 nobis.
1314 979 1382 1005 ltem
1399 980 1441 1006 est
1455 979 1538 1006 cibus
1557 980 1617 1014 ejus
1637 981 1743 1009 divinae

978 1022 1232 1056 contemplationis
1247 1024 1393 1058 dulcedo,
1408 1025 1455 1052 vel
1470 1025 1689 1054 delectabilitas
1707 1029 1743 1054 De

979 1068 1102 1102 utroque
1117 1068 1135 1084 ¹¹⁴
1152 1077 1182 1095 z«
1197 1070 1335 1104 Butyrum
1349 1072 1375 1097 et
1389 1071 1447 1098 mel
1462 1072 1605 1100 comedet.
1622 1082 1635 1097 »
1653 1074 1745 1108 Super

979 1113 1060 1147 quod
1076 1115 1168 1148 Hugo,
1181 1122 1330 1150 exponens
1343 1116 1428 1151 illud,
1439 1117 1477 1144 ait
1489 1126 1494 1144 :
1510 1128 1523 1142 «
1533 1119 1583 1145 Per
1593 1118 1743 1154 butyrum,

978 1159 1118 1186 restitutio
1132 1160 1203 1187 boni
1226 1161 1414 1197 operis,-·per
1432 1163 1506 1197 mel,
1528 1164 1654 1192 dulcedo
1675 1173 1745 1192 con-

979 1205 1186 1239 templationis.
1200 1216 1212 1231 υ
1230 1207 1336 1234 Volens
1350 1216 1419 1243 ergo
1435 1209 1556 1237 invitare
1572 1210 1676 1238 Filium
1696 1211 1745 1238 Dei

979 1251 1017 1278 ad
1031 1252 1190 1287 hospitium
1208 1253 1321 1287 cordis,
1344 1258 1486 1290 praeparet
1507 1256 1533 1283 ei
1550 1256 1635 1284 istum
1654 1257 1745 1292 tripli-

981 1306 1045 1324 cem
1060 1298 1170 1331 cibum,
1186 1299 1258 1326 sicut
1274 1299 1326 1326 tria
1340 1300 1451 1328 fercula
1472 1301 1498 1328 ei
1519 1304 1617 1336 grata,
1639 1302 1746 1330 scilicet

981 1343 1077 1370 cordis
1092 1344 1130 1370 ad
1145 1344 1241 1379 ipsum
1257 1346 1495 1381 conversionem,
1518 1347 1614 1382 operis
1635 1347 1746 1383 perfec-

982 1389 1106 1424 tionem,
1125 1391 1378 1426 contemplationis
1396 1392 1564 1427 dulcorem,
1576 1396 1608 1420 ut
1621 1393 1682 1428 ipse
1697 1402 1747 1421 ve-

982 1435 1064 1462 niens
1080 1439 1173 1463 coenet
1189 1445 1257 1463 cum
1274 1445 1318 1465 eo.
1336 1438 1355 1454 ¹⁵
1378 1448 1390 1463 α
1407 1440 1465 1473 Ego
1486 1441 1529 1467 sto
1544 1440 1583 1467 ad
1597 1440 1703 1467 ostium
1722 1442 1749 1468 et

982 1481 1068 1515 pulso
1086 1490 1091 1508 :
1106 1481 1128 1508 si
1145 1482 1210 1517 quis
1225 1484 1370 1518 aperuerit
1385 1484 1467 1519 mihi,
1483 1485 1597 1513 intrabo
1613 1486 1651 1513 ad
1665 1485 1749 1513 illum

983 1529 1009 1553 et
1023 1527 1147 1554 coenabo
1163 1536 1229 1555 cuin
1245 1536 1291 1556 eo.
1308 1539 1321 1554 u

1127 1630 1241 1657 Collatz‘o
1257 1632 1498 1666 vigesimaquarta,
1518 1640 1557 1666 iv,
1572 1635 1615 1660 46.

1018 1713 1085 1738 Erat
1108 1713 1219 1746 quidam
1236 1715 1357 1747 regulus,
1376 1715 1450 1749 cujus
1468 1717 1541 1749 filias
1564 1717 1750 1750 infirmabatur

987 1756 1180 1791 Capharnaum.
1196 1760 1227 1786 ln
1245 1759 1290 1786 his
1310 1761 1407 1787 verbis
1428 1761 1578 1789 moraliter
1600 1762 1751 1790 intellectis

985 1803 1038 1830 tria
1060 1804 1223 1838 ligurantur
1244 1815 1249 1832 :
1277 1813 1404 1841 quorum
1426 1807 1554 1842 primum
1580 1810 1621 1836 est
1648 1809 1751 1837 animae

985 1849 1148 1884 languentis
1168 1851 1197 1877 in
1219 1859 1272 1878 suo
1291 1852 1432 1886 regimine
1452 1853 1670 1888 defectibilitas,
1688 1855 1749 1883 ibi:

988 1895 1102 1927 Quidam
1112 1898 1232 1931 ⁷·e9alus3
1246 1898 1408 1925 secundum
1421 1900 1462 1926 est
1473 1899 1603 1934 ejusdem
1614 1901 1752 1929 morbida

987 1942 1225 1977 corruptibilitaS,
1237 1943 1292 1970 ibi.-
1304 1945 1390 1970 Filius
1400 1946 1609 1978 ivzfi⁷·riiabatur;
1623 1947 1750 1982 tertium,

985 1986 1072 2020 hujus
1097 1988 1312 2016 occasionativa
1338 1990 1507 2024 causantes,
1530 1991 1573 2019 ihi
1599 2001 1605 2019 :
1634 1993 1753 2028 Gaphar—

985 2041 1075 2059 naum⁴

1021 2079 1065 2105 Ait
1079 2087 1149 2113 ergo
1167 2088 1172 2106 :
1190 2080 1306 2111 Quidam
1320 2082 1437 2115 reflatus.
1458 2084 1489 2109 Et
1509 2090 1562 2118 per
1574 2083 1630 2111 hoc
1643 2084 1753 2119 figura-

988 2126 1033 2151 tur
1047 2124 1166 2152 rationis
1182 2124 1382 2154 defectibilitas
1396 2126 1426 2154 in
1439 2127 1580 2162 regimine
1596 2130 1640 2157 sui
1654 2131 1752 2165 regui,

989 2173 1048 2197 tum
1064 2171 1133 2206 quia
1146 2171 1185 2198 ait
1200 2180 1206 2198 :
1225 2172 1356 2206 Quidam,
1378 2174 1439 2200 tum
1455 2174 1525 2209 quia
1538 2175 1578 2202 ait
1593 2184 1599 2202 :
1622 2178 1752 2211 Regulus,

988 2217 1069 2252 quod
1085 2219 1126 2244 est
1142 2217 1347 2245 diminutivum
1363 2226 1379 2246 a
1395 2220 1472 2253 Rege.
1488 2221 1519 2247 Ut
1535 2221 1613 2248 enim
1628 2222 1667 2249 ait
1686 2223 1753 2250 Gre-

988 2262 1125 2298 goriusffi,
1135 2271 1284 2299 exponens
1297 2264 1369 2291 illud
1384 2266 1404 2282 ¹⁷
1418 2274 1424 2292 ε
1436 2267 1517 2300 Reyes
1531 2268 1560 2293 in
1571 2269 1636 2295 solz'o
1647 2269 1754 2296 collocat

989 2310 1017 2335 in
1029 2312 1187 2344 perpetuum
1204 2318 1209 2336 ι
1225 2320 1237 2335 «
1249 2311 1351 2345 neges,
1369 2311 1490 2347 inquam
1497 2333 1505 2347 ,
1520 2315 1603 2347 sunt,
1620 2314 1670 2349 qui
1684 2323 1753 2350 prae-

988 2354 1037 2382 lati
1053 2355 1162 2382 cunctis
1178 2355 1306 2383 motibus
1325 2357 1433 2391 carnis,
1454 2358 1544 2386 modo
1559 2359 1682 2387 luxuriae
1700 2368 1753 2396 ap-

987 2401 1108 2436 petitum
1124 2401 1259 2435 frzeuant,
1278 2402 1367 2429 niodo
1382 2404 1483 2430 testum
1503 2405 1627 2432 avaritiae
1646 2407 1754 2442 tempe-

990 2488 1033 2511 lib.
1058 2489 1151 2519 Xl'tll,
1171 2498 1193 2513 c.
1214 2496 1260 2520 xx,
1284 2491 1340 2513 autc
1362 2492 1429 2515 med.
1450 2505 1477 2508 —
1499 2493 1518 2508 ¹³
1539 2495 1653 2524 August...
1673 2495 1754 2525 Confi,

989 2524 1031 2547 lili.
1049 2525 1108 2553 Vll,
1126 2530 1147 2547 c.
1169 2531 1240 2554 x,ii.
1259 2528 1338 2549 103—
1357 2526 1429 2550 17Ἰςιι
1443 2546 1448 2556 ,
1468 2533 1480 2549 v
1495 2534 1514 2558 1,
1537 2530 1573 2552 15.
1593 2542 1622 2546 —
1638 2530 1657 2546 ’ὓ
1671 2530 1755 2559 Alma,

993 2565 1036 2589 lll,
1058 2563 1095 2582 εἰ).
1119 2573 1142 2575 -
1170 2560 1188 2575 ¹¹¹
1211 2561 1326 2589 (Elegeia,
1351 2562 1451 2591 illm-ul„
1472 2563 1514 2587 lii».
1539 2564 1631 2594 xxvi,
1652 2572 1673 2587 c.
1698 2571 1755 2594 xxl,

991 2594 1022 2618 al.
1038 2600 1114 2624 xxxix,
1131 2601 1155 2618 u.
1172 2595 1210 2618 520.
1227 2608 1255 2612 —-
1269 2596 1287 2611 ¹⁷
1301 2595 1493 2627 J12b‚xxxv1,7.

1022 2644 1051 2673 (a)
1073 2644 1140 2673 Vulfs.
1162 2644 1262 2668 Occide.
1286 2658 1313 2662 —
1341 2644 1372 2674 (h)
1399 2646 1435 2670 fil.
1458 2654 1573 2678 *forpore-
1599 2661 1624 2665 -
1649 2650 1677 2678 w)
1694 2649 1753 2674 Cat,

990 2679 1050 2701 edit.
1067 2678 1168 2702 sactum.
