1987 3032
713 201 918 232 EXPOSITIO
938 201 978 232 IN
999 201 1085 231 CAP.
1111 200 1159 231 lx.

140 274 224 304 foras.
248 271 281 297 Ut
303 269 382 297 enim
402 268 442 296 ait
458 267 679 302 chrysostomus
700 267 708 282 ¹
732 276 738 294 :
766 276 779 293 «
798 267 909 295 Invenit

140 325 208 344 eum
224 316 390 343 Dominator
404 313 519 348 templi;
536 314 633 339 erutus
648 314 690 340 est
704 320 721 340 a
736 313 907 341 consistorio

139 363 349 398 pestilentioso,
362 363 390 388 et
410 359 519 395 potitus
535 358 653 385 salutari
673 358 761 393 fonte,
774 359 907 386 dehono-

139 411 218 436 ratus
233 409 275 435 est
295 407 332 434 ab
346 406 391 440 iis,
412 405 463 440 qui
477 405 620 431 Christum
639 404 906 439 dehonoraverant,

140 457 166 482 01
183 454 343 481 honoratus
357 451 395 479 ab
417 451 591 485 angelorum
609 450 795 477 Dominatore
812 459 819 477 ε
838 450 907 478 talia

139 502 205 527 sunt
224 498 351 526 veritatis
372 497 485 524 bravia.
502 498 541 524 lta
565 498 592 523 et
615 504 669 523 nos
693 496 717 523 si
740 496 906 523 convicium

138 545 215 580 passi
233 544 374 571 fuerimus
391 545 512 578 propter
532 544 632 575 Deum,
649 542 873 570 honorabimur.
890 552 903 568 »

138 593 200 619 Haec
214 590 273 624 ille,
293 592 321 617 et
341 589 382 617 ibi
401 589 477 616 bene
499 589 535 615 de
553 588 618 615 1100.
641 590 675 616 Et
698 589 772 616 discit
794 590 819 616 ει·
838 597 844 615 :
868 590 906 616 Tu

136 637 222 664 credis
236 638 266 663 in
281 637 386 663 Filium
403 637 459 669 Dei,
475 637 528 662 010.
542 635 647 668 Quaerit
662 635 886 670 Chrysostomus
896 633 906 649 2

137 683 210 719 quid
225 684 276 716 est,
291 682 373 718 quod
394 682 551 715 interrogat
566 681 622 708 1100
643 681 681 708 ab
697 689 744 714 eo,
759 682 825 716 post
840 682 904 708 tan-

136 731 196 756 tam
221 728 491 761 contradictionem,
516 735 581 762 quce
602 726 655 754 fuit
678 727 704 754 ei
727 729 829 754 contra
854 728 905 754 Ju-

136 775 215 802 daeos
237 784 243 801 :
264 774 380 801 videtur
398 774 477 800 enim
491 781 528 800 ex
546 773 641 806 dictis,
658 772 740 808 quod
755 772 902 800 credebat.

135 823 167 848 Et
182 821 220 848 ad
232 820 309 848 istud
318 820 488 855 respondet,
498 820 579 854 quod
595 827 679 846 «non
694 819 833 854 ignorans
847 819 904 846 hoc

134 867 294 901 interrogat
300 876 308 901 3
321 866 373 893 sed
387 866 489 893 volens
501 866 630 901 seipsum
641 868 743 892 notum
758 866 864 898 facere,
877 867 905 893 et

135 913 291 940 ostendens
307 912 448 948 quoniam
462 912 589 939 multum
603 911 782 947 appretiatur
795 911 857 946 ejus
871 911 905 938 fi-

135 959 213 986 dem.
229 969 242 984 >³

169 1005 213 1032 36.
231 1006 267 1031 Et
289 1004 363 1031 discit
383 1013 390 1031 ι
411 1005 476 1037 Quis
494 1006 542 1037 est,
560 1005 690 1030 Domine?
704 1004 736 1030 Ut
755 1003 794 1030 ait
813 1003 904 1038 Chry-

133 1053 277 1078 sostomus
288 1050 299 1066 ³
311 1059 318 1077 z
333 1060 346 1076 «
361 1051 480 1078 Curatus
495 1052 582 1082 totus,
594 1051 752 1084 antequam
766 1049 804 1076 ad
816 1049 905 1076 bene-

133 1097 271 1123 factorem
285 1096 406 1130 veniret,
424 1098 452 1123 et
464 1098 531 1131 post
545 1095 727 1122 sanationem
746 1103 764 1122 a
782 1095 904 1122 canibus

132 1142 200 1176 illis,
216 1141 247 1169 id
266 1144 308 1169 est
321 1142 480 1176 Pharisaeis,
497 1141 735 1175 contrahebatur,
751 1141 819 1168 ideo
836 1149 903 1168 eum

132 1196 193 1216 non
207 1190 338 1216 noverat.
354 1198 367 1213 »

168 1237 212 1262 37.
229 1236 263 1262 Et
279 1236 352 1261 discit
367 1235 392 1261 ei
409 1235 484 1261 Iesus
500 1242 506 1260 z
525 1236 549 1260 et
565 1233 662 1260 vidisti
677 1241 744 1265 eum,
761 1240 848 1260 sensu
862 1233 904 1259 vi-

132 1289 196 1314 sus3
211 1283 235 1307 et
250 1282 298 1314 qui
309 1281 428 1315 loquitur
441 1283 535 1313 tecum,
551 1279 659 1306 scilicet
674 1279 704 1305 in
719 1286 838 1306 sensum
853 1287 904 1306 au-

133 1326 220 1360 ditus,
235 1328 292 1361 ipse
310 1329 357 1353 est.
376 1328 469 1361 Supra
482 1326 492 1341 ⁶
515 1335 521 1352 :
539 1335 553 1350 «
572 1327 736 1360 Antequam
755 1325 903 1352 Abraham

131 1372 222 1406 fieret,
243 1380 299 1407 ego
323 1380 389 1398 sum
414 1381 420 1398 :
446 1382 459 1397 »
486 1373 569 1407 quasi
595 1371 713 1404 diceret,
736 1371 773 1406 (a)
795 1373 903 1408 Augus-

131 1419 207 1447 tinus
228 1419 238 1435 ⁵
259 1428 265 1446 :
293 1420 398 1446 «Nunc
424 1418 485 1445 lota
517 1418 613 1445 cordis
629 1418 715 1449 facie,
742 1418 850 1445 scilicet
872 1417 903 1444 in

130 1465 216 1499 Siloe,
232 1464 414 1492 eemundata
428 1464 614 1498 conscientia,
630 1471 793 1498 agnoscens
807 1463 902 1497 illum,

129 1519 190 1539 000
211 1511 306 1538 filium
329 1511 467 1544 hominis,
487 1512 518 1538 ut
542 1510 633 1545 prius,
648 1510 701 1537 sed
722 1510 818 1537 filium
841 1510 899 1543 Dei,

130 1557 180 1592 qui
204 1565 323 1584 carnem
346 1559 548 1592 susceperat.»
580 1556 665 1589 Quod
685 1556 763 1583 enim
785 1555 901 1583 dixerat

129 1612 237 1632 caeeus:
254 1605 319 1637 Qui-s
333 1605 381 1637 cst,
391 1605 523 1630 Domine?
537 1613 550 1627 «
563 1602 754 1630 desiderantis
765 1605 792 1630 et
805 1602 902 1638 inqui—

129 1651 217 1677 rentis
239 1650 365 1677 verbum
389 1649 458 1684 fuit,
479 1660 491 1674 »
517 1649 556 1676 ait
584 1649 808 1684 Chrysostomus
828 1650 848 1676 ⁶.
870 1650 901 1676 Et

128 1696 196 1724 ideo
212 1696 344 1729 audiens,
361 1696 444 1731 quod
457 1696 519 1731 ipse
534 1697 605 1729 erat,
620 1695 659 1722 ait
671 1696 709 1730 (v.
726 1695 769 1730 38)
785 1704 790 1721 ε
806 1695 899 1729 Credo,

129 1744 249 1770 Domine.
265 1744 297 1770 Et
315 1743 345 1770 in
364 1742 421 1769 hoc
439 1741 508 1768 fidei
523 1741 743 1776 perfectibilitas
764 1741 794 1767 in
815 1740 899 1767 intel-

127 1789 213 1816 lectu.
232 1790 268 1816 Et
286 1789 437 1823 procidens,
458 1788 488 1814 in
507 1795 567 1822 quo
587 1786 736 1814 humilitas
754 1787 785 1813 10
805 1788 897 1821 gestu.

128 1836 258 1861 Adoravit
270 1843 338 1867 eum,
354 1834 385 1860 in
397 1842 456 1868 quo
468 1833 634 1860 amabilitas
647 1835 674 1860 et
684 1833 802 1860 devotio
817 1833 847 1859 in
859 1833 899 1860 af-

127 1881 213 1908 fectu.
232 1880 311 1907 Unde
324 1880 547 1915 Chrysostomus
557 1880 567 1896 ⁷
584 1889 589 1906 :
609 1890 622 1903 κ
637 1880 755 1907 Multam
769 1879 899 1907 affectio-

126 1935 194 1953 nem
205 1926 360 1953 ostendens
368 1925 502 1953 adoravit
510 1933 588 1958 eum,
597 1925 680 1960 quod
688 1925 773 1960 pauci
783 1933 896 1960 eorum,

126 1973 176 2008 qui
187 1972 278 1999 curati
286 1971 503 1999 suntfecerunt:
517 1982 529 1996 n
541 1972 551 1987 ’³
563 1982 575 1994 a
584 1973 646 1999 Non
656 1971 840 1998 estinventus
851 1971 896 2006 (b),

126 2019 176 2054 qui
191 2018 308 2052 rediret,
323 2018 378 2045 nisi
392 2018 439 2045 hic
456 2017 629 2052 alienigena.
642 2028 654 2043 »
673 2019 704 2044 Et
721 2017 894 2051 insinuatur,

125 2072 190 2099 quae
211 2064 320 2091 debent
338 2072 398 2091 esse
418 2064 448 2091 in
467 2066 567 2091 orante
585 2072 590 2090 :
614 2071 741 2098 quorum
766 2063 896 2098 primum

125 2112 167 2138 est
179 2110 249 2138 fidei
265 2110 430 2144 credulitas,
446 2110 487 2137 ibi
504 2119 510 2137 :
528 2110 620 2144 Credo,
636 2111 744 2136 Domine
754 2110 763 2125 ⁹
777 2117 783 2135 :
805 2120 817 2133 «
829 2111 896 2136 Pos-

124 2156 194 2183 tulet
208 2159 306 2184 autem
320 2157 351 2183 in
370 2156 444 2191 fide3
465 2166 478 2181 »
500 2155 663 2183 secundum
681 2157 724 2182 est
747 2155 895 2182 humilitas

124 2202 153 2229 in
170 2205 262 2237 gestu,
278 2202 320 2230 ibi
343 2211 348 2229 :
371 2203 514 2230 Prociclens
531 2212 536 2228 ε
560 2201 611 2237 qui
631 2202 709 2229 enim
723 2201 860 2237 procidit,
877 2209 894 2230 a

122 2256 153 2275 se
171 2248 259 2281 cadit,
275 2249 335 2275 sive
358 2248 434 2276 infra
452 2256 492 2280 se,
512 2248 594 2276 alteri
618 2248 758 2281 innititur,
774 2247 834 2274 sive
849 2247 893 2274 in-

123 2295 243 2328 cumbit,
259 2297 287 2322 et
303 2297 367 2322 ante
382 2294 506 2322 alterum
521 2294 698 2330 procumbit,
713 2296 740 2321 et
757 2301 788 2321 se
802 2292 893 2328 subji-

122 2341 170 2375 cit,
186 2349 252 2377 quae
266 2340 355 2368 debet
368 2348 455 2368 orans
468 2341 561 2368 facere
576 2340 750 2368 mentaliter.
767 2340 788 2356 ¹⁰
801 2350 814 2364 α
828 2340 893 2368 Pro-

121 2387 258 2415 cidebant
275 2387 404 2415 seniores
428 2389 492 2414 ante
513 2386 665 2414 sedentem
685 2386 715 2413 in
739 2386 856 2414 throno.
875 2397 888 2412 »

152 2448 159 2463 ¹
177 2447 317 2478 Chrysost.‚
338 2448 362 2471 in
377 2448 456 2475 loun„
473 2447 543 2470 hom.
559 2452 635 2476 mm,
651 2445 682 2469 al.
701 2451 758 2475 ΗΧ,
773 2453 799 2469 n.
824 2448 843 2469 l.
862 2459 891 2464 —

121 2482 131 2496 *Ξ
144 2482 205 2505 ibid.
220 2495 249 2499 —
264 2482 272 2496 ³
287 2482 349 2506 [bid.
367 2496 393 2499 —-
409 2483 561 2512 ὃ511Ῐ1,,ν111,
577 2483 616 2504 338.
627 2493 657 2498 -—
673 2481 682 2496 ⁵
693 2482 766 2511 Aug„
779 2480 822 2504 ubi
834 2488 890 2511 sup.

120 2528 150 2534 —
166 2521 174 2528 ¹*
187 2516 327 2548 Chrysen„
347 2517 388 2541 ubi
404 2524 458 2547 sup.
475 2530 503 2534 —
518 2518 524 2531 ⁷
541 2516 604 2540 ibid.
620 2529 649 2533 -
664 2515 674 2531 Β
689 2516 755 2543 Lunx,
772 2522 835 2546 xvii,
855 2519 890 2540 18.

123 2564 148 2567 —
164 2552 246 2581 ⁹Jw2.,
262 2558 281 2581 1,
297 2554 319 2575 6.
336 2565 364 2569 —
380 2553 398 2567 ¹⁰
414 2553 549 2582 „1Jmc..1v‚
568 2554 602 2574 10.
618 2563 646 2568 —
663 2551 677 2564 ¹¹
697 2550 764 2573 psal,
782 2556 804 2580 v,
823 2552 845 2575 8,
862 2564 891 2568 -

125 2586 140 2599 '²
156 2588 226 2615 sup„
244 2592 287 2615 111,
306 2588 341 2609 17.
356 2601 385 2604 -
404 2588 423 2603 Π
438 2589 510 2616 sup..
529 2593 549 2617 i,
569 2588 593 2616 ¹2,
610 2588 703 2609 etc.—
720 2585 838 2615 1100111.Υ
855 2592 888 2617 ιν,

121 2623 158 2645 ll.
175 2634 203 2638 —
218 2622 235 2637 ¹⁸
251 2623 324 2652 Aug,
341 2623 366 2645 in
380 2623 460 2650 Jowc„
479 2624 550 2645 tract.
567 2627 632 2651 xxu,
648 2628 673 2644 n.
692 2623 714 2642 s».
732 2634 762 2638 —
778 2621 797 2637 ¹⁸²
816 2621 888 2652 thid„

1678 206 1736 235 395

962 267 1032 295 ltem
1052 267 1140 295 debet
1157 276 1219 296 esse
1242 268 1408 296 devotionis
1429 268 1638 304 affectuositas,
1660 269 1702 298 ibi
1727 281 1733 298 :

962 314 1104 341 Adoraez't.
1125 324 1138 338 a
1158 314 1288 342 Adorare
1309 315 1342 350 (c)
1360 314 1438 341 enim
1457 316 1498 342 est
1517 314 1642 350 precari,
1659 327 1671 340 υ
1696 316 1736 344 ait

962 359 1073 394 Papias.
1090 362 1122 387 Et
1142 360 1172 387 in
1190 360 1248 388 hoc
1266 360 1436 396 implicatur
1450 361 1492 387 rei
1514 364 1639 396 precatae
1658 361 1734 388 desi-

963 405 1132 432 derabilitas
1149 416 1155 431 :
1174 407 1191 422 ¹¹
1213 415 1226 431 «
1239 406 1377 433 Adorabo
1392 406 1430 434 ad
1445 406 1588 442 templum
1602 410 1734 434 sanctum

961 453 1044 478 tuum
1059 451 1090 478 in
1104 451 1207 479 timore
1225 454 1286 485 tuo,
1299 463 1311 477 »
1330 452 1440 479 scilicet
1454 452 1626 479 reverentia.

996 498 1040 524 39.
1070 499 1102 524 Et
1127 498 1258 533 sequitur
1281 498 1411 526 secunda
1434 498 1593 534 particula,
1619 498 1649 525 in
1675 507 1734 534 qua

961 543 1126 570 communis
1141 544 1245 571 Christi
1258 544 1403 578 doctrina,
1416 544 1476 571 sive
1492 544 1618 572 eruditio
1633 554 1639 572 ε
1655 546 1734 572 Dixit

960 591 1036 616 Jesus
1050 599 1058 615 :
1071 591 1104 616 In
1119 590 1251 623 judicium
1265 592 1336 624 veni,
1352 592 1406 618 etc.
1427 590 1483 618 Sed
1496 590 1644 625 quaeritur,
1661 599 1733 626 qua-

960 635 1025 662 liter
1039 635 1106 669 1100,
1120 636 1191 670 quia
1205 637 1323 671 supra12
1338 645 1364 663 2«
1377 638 1440 663 Non
1454 636 1532 664 misit
1545 638 1618 664 Deus
1629 636 1734 664 Filium

960 689 1057 714 suum,
1071 683 1103 708 ut
1114 681 1225 718 judicet
1239 682 1395 716 mundum,
1412 692 1426 707 n
1443 684 1496 710 etc.
1514 684 1584 710 Item
1596 683 1734 718 quaeritur

960 727 997 754 de
1012 728 1079 761 hoc,
1097 728 1179 763 quod
1197 728 1254 755 ait:
1273 730 1306 755 Ut
1320 730 1483 763 quivident,
1498 731 1560 756 caeci
1573 732 1650 764 fiant.
1675 730 1733 757 Sed

961 773 1085 808 qualiter
1095 773 1171 800 hoc?
1186 773 1248 808 ipse
1260 776 1302 801 est
1316 774 1380 809 lux,
1393 774 1511 809 supra¹3
1525 783 1531 801 :
1545 775 1597 802 sed
1606 775 1658 802 lux
1672 783 1733 803 non

961 822 1003 846 est
1023 827 1111 847 causa
1125 820 1375 848 obtenebrationis
1388 829 1394 847 :
1409 828 1490 855 ergo,
1507 822 1560 848 010.
1577 822 1647 848 Item
1659 823 1734 849 Deus

960 867 1002 892 est
1015 866 1077 899 lux,
1093 868 1125 893 ut
1139 866 1250 893 dictum
1265 868 1322 900 est3
1339 868 1366 894 et
1383 865 1403 882 ¹⁶
1417 868 1490 894 Deus
1510 869 1551 894 est
1573 867 1650 902 ignis
1663 875 1733 895 000-

960 919 1087 938 5010005.
1104 921 1117 937 »
1135 912 1191 939 Sed
1209 912 1270 947 ipse
1290 912 1341 948 qui
1357 915 1398 940 est
1413 913 1500 947 ignis,
1514 920 1575 940 non
1590 915 1631 940 est
1644 921 1733 941 causa

959 958 1202 993 infrigidationis:
1219 967 1290 994 ergo
1306 967 1360 986 000
1375 959 1427 994 qui
1446 962 1488 987 est
1502 960 1564 994 lux,
1579 968 1669 988 causa
1683 968 1732 988 ex-

959 1004 1132 1032 efficationis.
1148 1006 1181 1032 Et
1194 1005 1233 1032 ad
1252 1005 1330 1032 istud
1351 1006 1604 1041 respondendum,
1627 1015 1732 1034 seeun-

959 1050 1031 1077 dum
1042 1051 1271 1085 Augustinumffi,
1286 1054 1317 1079 ut
1331 1059 1408 1087 saepe
1419 1052 1530 1079 dietum
1543 1055 1585 1080 est
1597 1062 1604 1080 z
1620 1055 1666 1080 Est
1681 1053 1732 1080 du-

957 1096 1028 1131 plex
1041 1096 1198 1131 judicium,
1215 1097 1326 1124 scilicet
1340 1097 1535 1132 discretionis,
1550 1106 1611 1134 quo
1626 1099 1733 1127 discer-

958 1143 1067 1169 nuntur
1081 1143 1232 1170 credentes
1247 1150 1265 1170 a
1285 1151 1346 1170 non
1367 1144 1568 1178 credentibus,
1585 1145 1659 1172 sicut
1680 1145 1731 1173 lux

958 1196 976 1215 a
990 1187 1126 1221 tenebris,
1141 1190 1168 1215 et
1182 1188 1223 1215 510
1239 1189 1318 1216 venit
1336 1189 1463 1216 Christus
1479 1190 1509 1217 in
1530 1190 1687 1224 mundum,
1704 1193 1732 1218 et

958 1234 996 1261 ad
1011 1234 1052 1261 sic
1062 1234 1268 1268 judicandum,
1285 1235 1354 1270 quia
1372 1235 1509 1263 discernit
1529 1244 1648 1264 causam
1670 1245 1732 1264 cre-

958 1280 1089 1307 dentium
1104 1282 1131 1307 et
1146 1281 1348 1308 confitentium
1363 1289 1381 1308 a
1395 1282 1540 1317 superbis,
1556 1284 1583 1310 et
1601 1292 1614 1307 (ι
1635 1291 1665 1310 50
1683 1283 1730 1310 vi—

958 1326 1027 1353 dere
1045 1326 1231 1361 putantibus,
1247 1337 1260 1353 »
1287 1329 1318 1354 ut
1340 1327 1380 1354 ait
1395 1328 1571 1362 Augustinus
1582 1328 1611 1356 ¹⁶.
1637 1331 1669 1356 Et
1689 1331 1731 1357 est

954 1371 1100 1407 judicium
1115 1372 1323 1405 damnationiS‚
1340 1373 1407 1400 etin
1418 1374 1565 1408 judicium
1579 1375 1654 1402 illud
1668 1384 1729 1403 non

959 1418 1038 1445 venit
1051 1418 1082 1445 in
1096 1419 1193 1453 primo
1209 1419 1347 1454 adventu,
1364 1420 1416 1447 sed
1431 1421 1527 1448 veniet
1539 1421 1632 1455 judex
1647 1422 1730 1449 vivo-

956 1472 1023 1491 rum
1035 1466 1061 1491 et
1075 1467 1269 1498 mortuorum,
1287 1473 1377 1500 supra
1394 1467 1414 1483 ¹⁷
1431 1475 1437 1493 :
1451 1467 1567 1494 «Omne
1583 1467 1729 1502 judicium

957 1510 1038 1537 dedit
1054 1511 1135 1538 Filio.
1152 1522 1165 1537 n
1184 1513 1215 1538 Et
1229 1511 1268 1538 ad
1282 1512 1360 1539 istud
1374 1513 1617 1547 respondendum
1627 1522 1729 1542 secun-

957 1556 1029 1583 dum
1038 1556 1269 1591 Augustinumffi,
1281 1558 1363 1593 quod
1373 1566 1424 1585 non
1436 1559 1556 1586 videntes
1570 1561 1665 1593 vocat,
1677 1561 1728 1596 qui

956 1610 985 1629 se
999 1610 1059 1629 non
1071 1603 1170 1630 videre
1186 1604 1371 1638 confitentur,
1386 1606 1413 1631 et
1423 1604 1572 1632 medicum
1583 1609 1728 1641 quaerunt,

955 1650 986 1675 ut
1000 1649 1132 1683 videant3
1149 1649 1279 1677 videntes
1294 1658 1364 1677 vero
1379 1657 1441 1677 non
1452 1651 1487 1685 (a)
1500 1653 1596 1685 vocat,
1609 1652 1659 1687 qui
1673 1660 1728 1687 pu-

956 1696 1016 1721 tant
1032 1702 1062 1721 se
1076 1695 1189 1729 videre,
1206 1698 1233 1723 et
1247 1696 1396 1724 medicum
1410 1705 1472 1724 non
1487 1700 1630 1733 quaerunt.
1647 1700 1680 1726 Et
1690 1699 1727 1726 de

954 1740 998 1767 his
1013 1741 1043 1767 in
1056 1741 1166 1768 Glossa.
1189 1743 1221 1769 Et
1242 1742 1312 1777 quia
1332 1743 1402 1770 tales
1424 1751 1485 1770 non
1506 1746 1640 1779 quaerunt
1656 1745 1729 1772 irra-

955 1786 1030 1813 diari
1043 1794 1061 1813 a
1076 1795 1146 1814 vero
1162 1788 1220 1814 sole
1237 1790 1264 1815 et
1277 1796 1348 1816 vera
1362 1789 1437 1823 luce,
1453 1789 1506 1816 sed
1528 1792 1663 1817 avertunt
1677 1799 1707 1818 se
1716 1801 1725 1826 3

953 1832 1021 1859 ideo
1035 1833 1171 1860 dicuntur
1186 1834 1253 1861 caeci
1270 1834 1345 1868 fieri,
1364 1843 1426 1862 non
1448 1843 1465 1863 a
1489 1837 1547 1863 Deo
1570 1836 1726 1870 efficiente,

953 1879 1005 1905 sed
1020 1886 1037 1906 a
1051 1879 1189 1914 superbia
1203 1888 1256 1907 sua
1276 1875 1326 1908 eos
1346 1889 1363 1908 a
1387 1882 1445 1908 Deo
1468 1883 1627 1915 avertente,
1647 1882 1725 1910 etde

953 1932 982 1952 se
996 1927 1190 1960 praesumente
1200 1927 1221 1943 ¹⁹
1237 1935 1263 1953 z«
1278 1928 1310 1954 Ut
1328 1934 1389 1953 non
1403 1926 1463 1954 sitis
1482 1927 1513 1954 in
1530 1928 1724 1965 vobismetip-

953 1970 991 1997 sis
1005 1971 1158 2006 sapientes.
1180 1981 1193 1997 »
1211 1974 1243 1999 Et
1256 1972 1388 2008 sequitur
1403 1981 1409 1998 :
1430 1983 1444 1999 «
1458 1973 1575 2001 Caecitas
1596 1974 1626 2001 in
1640 1976 1724 2010 parte

952 2016 1069 2044 intravit
1083 2018 1112 2052 (e)
1126 2017 1156 2044 in
1170 2019 1266 2045 lsrael.
1284 2028 1297 2044 »
1308 2018 1365 2045 Et²0
1377 2028 1404 2046 :«
1419 2020 1531 2053 Gentes,
1547 2028 1613 2055 quae
1629 2023 1719 2048 secta-

950 2063 1058 2090 bantur
1069 2064 1226 2098 justitiam,
1249 2065 1508 2100 apprehenderunt
1523 2066 1687 2100 justitiam:
1706 2078 1719 2093 »

951 2109 972 2125 2¹
989 2119 1001 2133 «
1017 2111 1079 2144 lpse
1093 2110 1172 2137 enim
1185 2111 1296 2145 positus
1310 2110 1364 2138 fuit
1378 2111 1408 2138 10
1430 2111 1674 2140 resurrectionem
1695 2114 1723 2140 et

950 2155 1066 2183 ruinam
1079 2156 1250 2184 multorum.

985 2203 1029 2229 40.
1039 2203 1071 2229 Et
1078 2202 1209 2237 sequitur
1216 2202 1298 2230 tertia
1304 2202 1448 2238 particula
1456 2211 1462 2230 z
1469 2203 1504 2230 Et
1512 2203 1657 2230 audierunt
1663 2206 1721 2238 qui-

950 2247 1010 2275 dam
1025 2256 1058 2275 ew
1073 2249 1215 2276 Pharisoet's
1227 2257 1237 2276 .·
1249 2252 1273 2276 ct
1288 2250 1412 2276 dixerunt
1424 2250 1449 2276 ei
1464 2250 1624 2284 :Numquid
1639 2252 1663 2277 et
1674 2258 1721 2278 nos

949 2296 1010 2322 coecz'
1024 2298 1134 2322 sumus?
1148 2296 1180 2322 Ut
1190 2295 1270 2322 enim
1283 2296 1322 2323 ait
1333 2296 1557 2331 chrysostomus
1565 2295 1596 2331 2²,
1609 2306 1623 2322 1(
1639 2299 1722 2325 erant

949 2341 1072 2376 quidam
1090 2341 1245 2377 superficie
1265 2344 1350 2370 tenus
1372 2345 1547 2377 sequentes-0,
1573 2345 1601 2370 et
1622 2345 1720 2372 tamen

932 2430 1020 2454 ·tract.
1037 2436 1105 2459 xmv,
1124 2437 1149 2453 n.
1167 2431 1204 2453 Π.
1220 2443 1250 2447 -
1268 2430 1288 2447 ¹⁷
1308 2431 1380 2460 Sup.y
1396 2436 1419 2460 v,
1437 2432 1475 2454 22.
1490 2444 1521 2448 —
1543 2432 1561 2445 ¹³
1579 2432 1655 2463 Aug.,
1674 2432 1717 2456 uhi

947 2472 1002 2495 sup.
1023 2465 1146 2495 proxime.
1166 2478 1195 2482 ——-
1213 2466 1231 2481 ¹⁹
1248 2466 1326 2490 Rom..
1344 2471 1380 2495 xi,
1395 2467 1434 2489 25.
1447 2479 1476 2483 —
1491 2467 1510 2482 ²³⁰
1530 2467 1608 2496 Rom,
1627 2473 1662 2497 ix,
1678 2469 1716 2491 30.

949 2514 974 2517 —-
991 2501 1009 2517 ‘¹¹
1026 2502 1092 2529 Luc„
1108 2506 1140 2530 11,
1157 2501 1194 2524 st.
1210 2513 1240 2517 —·
1255 2501 1275 2516 ²¹²
1288 2500 1428 2532 Chrysost„
1444 2501 1487 2525 ubi
1499 2509 1556 2532 sup.

978 2553 1010 2582 (a)
1029 2552 1113 2583 suppl.
1135 2554 1161 2575 ut
1178 2553 1219 2577 uit.
1242 2566 1272 2570 —
1294 2553 1326 2584 (b)
1344 2553 1403 2578 Caet.
1423 2554 1482 2578 edit.
1502 2554 1568 2578 deest
1589 2554 1715 2578 inventus.

946 2600 976 2604 -—-
992 2588 1022 2616 (ν)
1039 2588 1098 2610 (stet.
1116 2587 1176 2610 edit.
1193 2588 1306 2611 Adorari.
1324 2601 1353 2606 —
1370 2589 1407 2619 (d)
1425 2590 1485 2614 th.
1500 2589 1559 2613 edit.
1571 2589 1637 2613 deest
1653 2596 1714 2614 non.

947 2635 977 2639 —
993 2623 1026 2653 (e)
1048 2623 1117 2653 Vuly.
1135 2630 1164 2646 ex
1179 2626 1248 2653 purte
1263 2624 1377 2653 contigit.
