1987 3032
195 212 252 242 196

192 277 226 307 in
239 274 427 315 mysterium
440 272 571 312 triplicis
584 268 782 305 tentationis;
800 268 831 297 et
844 263 960 304 triplici

191 326 370 366 intervallo,
388 328 420 358 in
436 325 688 365 designationem
703 320 834 361 triplicis
853 319 960 349 admo-

190 383 332 415 nitionis.
355 382 394 413 Et
413 390 509 420 super
531 380 599 410 haee
622 378 698 415 tria,
721 379 769 407 ter
787 373 959 414 (luzesitilni

191 440 238 468 est
250 438 290 468 ab
300 446 337 468 00
352 446 359 467 :
373 436 470 468 Amas
480 434 497 464 ἴ)
507 436 536 464 01
547 435 595 463 ter
605 432 724 462 dictum
736 431 783 460 est
792 428 822 458 ei
833 438 840 457 ·.
852 427 956 457 Pasce.

190 490 229 521 Et
243 491 326 522 trina
340 488 425 521 Petri
440 486 621 518 solemnitas
636 484 813 515 celebratur
828 482 848 511 ¹.

229 544 353 581 Tertio,
370 542 528 582 quantum
543 539 583 570 ad
606 538 753 578 pietatem
780 532 902 564 Domini
927 531 959 561 in

191 595 421 633 succurrendo,
439 592 647 633 subjungitur
660 601 666 621 z
684 590 729 621 Et
742 587 891 619 continuo
906 584 960 615 ml-

188 651 249 682 huc
262 650 316 681 illo
329 649 485 690 loquente,
503 647 643 677 cantavit
656 643 772 684 (saIIuS.
792 642 833 680 (v.
849 639 897 673 fill
914 639 960 670 Et

188 711 354 735 conversus
374 701 530 733 Dominus
550 698 689 739 respexit
709 697 852 728 Petrum.
870 692 956 723 Prae-

187 757 274 788 misit
289 758 418 787 cantum
435 754 523 794 galli,
540 761 604 793 quo
618 751 731 782 Petrus
745 754 959 780 commovere-

187 813 241 842 tur
255 810 412 846 exterius,
429 810 460 839 et
476 808 620 847 respectu
635 803 759 835 Domini
774 808 958 832 commove-

187 866 276 895 retur
289 862 422 894 interius
432 886 440 900 ,
459 861 535 900 quia
547 860 607 890 hoc
622 857 739 897 duplici
755 855 848 886 modo
859 854 958 894 pietas

189 917 303 948 Christi
319 916 438 947 relevat
460 915 666 954 peccatores:
689 909 849 945 exterius,
868 915 955 937 com-

186 970 345 1001 movendo
368 978 424 1009 per
444 970 573 998 cantum
599 965 690 1005 galli,
723 964 782 993 hoc
807 964 870 999 est,
902 968 958 1000 per

187 1023 466 1054 commonitionem
480 1019 724 1061 praedicantium
737 1018 766 1047 ²:
787 1015 887 1052 «Quis
901 1014 956 1044 (10-

186 1078 231 1108 dit
252 1078 338 1117 gallo
357 1074 648 1114 intelligentiam?»
673 1072 759 1103 unde
774 1073 806 1102 et
821 1068 957 1101 Ecclesia

187 1134 294 1162 cantat
303 1131 312 1148 ³
328 1142 336 1162 ε

310 1186 395 1211 Gallus
406 1185 521 1216 jacentes
535 1183 635 1215 arguit,

311 1227 340 1250 Et
354 1224 529 1250 somnolentos
546 1223 669 1253 increpat.

225 1281 306 1318 Quia
320 1280 436 1311 dicitur
450 1276 646 1318 praedicatori
660 1275 670 1290 ⁴
684 1285 690 1305 ε
713 1285 727 1303 a
744 1274 853 1311 Argue
864 1296 872 1309 ,
895 1271 953 1301 ob-

185 1343 288 1371 secra,
305 1334 452 1373 increpa,
468 1342 482 1359 »
501 1333 559 1361 etc.
582 1329 622 1360 Et
643 1328 683 1358 ad
705 1327 804 1366 hujus
825 1326 954 1355 cantum

184 1387 368 1428 supervenit
385 1385 503 1416 divinae
526 1381 751 1414 misericordia}
769 1382 930 1418 respectus
943 1401 952 1415 ,

187 1442 225 1472 de
241 1450 305 1481 quo
323 1441 356 1470 111
370 1439 500 1471 Psalmo
511 1438 538 1468 ⁵:
556 1448 569 1465 «
582 1436 662 1473 Quia
674 1433 836 1475 prospexit
849 1432 888 1462 dc
903 1441 955 1462 ex-

183 1494 265 1525 celso
276 1495 383 1524 sancto
395 1501 452 1522 5110
465 1490 636 1522 :Dominus
647 1488 684 1518 de
695 1487 772 1517 coelo
788 1487 821 1516 in
836 1488 954 1515 terram

184 1547 344 1588 aspexit.»
362 1544 581 1584 Augustinus,
598 1542 635 1572 de
653 1539 831 1573 Concordia
847 1539 955 1570 Evan-

183 1600 372 1640 qelt'starum
391 1598 401 1614 ⁸
425 1608 432 1627 ε
454 1608 467 1625 <t
482 1595 628 1636 Respexit
648 1593 800 1624 Dominus
825 1591 953 1622 Petrum

182 1662 249 1684 non
272 1651 424 1682 humanis
445 1649 557 1686 oculis,
583 1648 637 1678 sed
660 1645 815 1677 divinis.»
837 1644 847 1659 '¹
867 1643 954 1673 «110-

182 1707 308 1745 spectus
322 1704 378 1735 Dei
394 1704 427 1733 in
442 1703 556 1734 electos
571 1701 666 1731 illius.
680 1711 695 1727 n
712 1698 751 1729 Et
764 1696 950 1729 Psalmus⁸:

187 1771 202 1788 α
214 1758 350 1798 Respicit
363 1760 483 1788 terram
492 1780 501 1794 ,
517 1766 532 1783 »
551 1757 610 1786 ete.

222 1811 356 1849 Quarto,
379 1811 536 1850 quantum
556 1808 595 1838 ad
615 1806 797 1836 fidelitatem
817 1803 899 1834 Petri
920 1803 953 1833 in

181 1865 363 1902 redeundo,
379 1862 609 1903 subjungitur:
637 1860 681 1891 Et
704 1858 886 1889 recordatus
909 1860 954 1887 est

181 1920 295 1951 Petrus
318 1917 406 1948 verbi
424 1915 575 1950 Donu'nz',
596 1914 677 1944 sicut
699 1912 825 1943 ‹liscerat
839 1920 850 1941 .·
868 1911 952 1949 Quia

175 1973 370 2013 priusquam
385 1969 489 2010 yallus
504 1971 622 2004 cantet,
637 1971 682 1996 ter
695 1975 745 1996 me
758 1964 897 2004 nequbis.
916 1963 952 1993 111

180 2026 242 2057 hoc
256 2024 444 2064 recognovit
465 2022 608 2062 culpam;
631 2020 669 2050 ad
683 2020 782 2058 huius
803 2016 953 2056 recogni-

180 2080 300 2110 tionem
325 2077 468 2118 sequitur
490 2074 676 2115 poenitentia
690 2097 698 2111 ‚
722 2074 753 2103 et
771 2071 842 2102 ideo
867 2069 952 2100 addit

183 2133 225 2165 (ν.
234 2133 281 2171 62)
293 2143 300 2162 :
313 2132 358 2163 Et
366 2138 506 2170 eqressus
513 2130 605 2168 foras
612 2128 724 2158 Petrus
732 2125 819 2165 flevit
827 2132 949 2160 amare,

179 2186 212 2217 id
225 2188 282 2223 est,
294 2195 334 2216 ex
345 2192 465 2222 magna
473 2179 723 2221 compunctionis
737 2176 951 2208 amaritudine

178 2238 372 2278 lacrymatus
387 2239 443 2268 est.
466 2235 554 2266 Unde
574 2232 762 2264 Ambrosius
776 2231 786 2247 ⁸
806 2240 834 2259 :«
849 2228 952 2260 Flevit

179 2291 390 2328 amarissime,
408 2292 446 2320 ut
458 2289 608 2328 lacrymae
623 2286 767 2316 lavarent
780 2282 947 2314 delictum:

180 2351 212 2379 et
227 2350 264 2379 tu
278 2348 422 2378 similiter
436 2345 586 2385 lacrymis
599 2343 726 2382 culpam
740 2340 835 2372 dilue.
847 2350 861 2368 1)
876 2339 949 2369 Ilaec

178 2404 285 2433 autem
304 2399 481 2430 amaritudo
500 2397 642 2428 maxima
661 2404 734 2435 pars
754 2392 947 2433 poenitentia}

178 2458 235 2486 est.
260 2453 349 2484 Unde
369 2451 557 2482 Ambrosius
577 2450 597 2466 ¹⁰
613 2460 620 2480 ι
641 2459 655 2477 «
669 2448 837 2487 Lacrymas
853 2445 946 2484 lego,

177 2506 422 2539 satisfactionem
435 2513 499 2534 non
514 2503 598 2541 lego.
611 2512 625 2530 »
641 2500 834 2540 Ilujiismodi
847 2499 947 2538 lacry-

210 2608 218 2624 ¹
234 2606 334 2632 Scilicet
350 2604 439 2629 diebus
453 2607 516 2626 xviii
536 2600 662 2628 Januarii,
689 2605 742 2622 xxti
762 2597 906 2627 Februarii,
921 2599 946 2621 et

175 2649 238 2668 xxxx
249 2641 326 2667 Junii.
339 2653 370 2659 —
380 2641 388 2654 ²
405 2638 460 2669 Job,
472 2643 582 2666 xxxvm,
595 2637 634 2660 30.
649 2648 679 2652 —
693 2635 704 2650 ³
718 2635 755 2658 Ad
766 2634 842 2658 Laud.
855 2634 944 2657 matut.

175 2678 226 2703 diei
238 2676 381 2702 dominicas.
391 2688 422 2693 —
432 2675 442 2691 ¹⁸
459 2674 479 2697 11
497 2673 568 2701 Tim„
585 2677 618 2701 iv,
634 2672 658 2694 2.
670 2683 700 2688 —-
710 2671 720 2686 ⁶
732 2670 799 2694 Psal.
811 2676 844 2698 ei,
861 2671 899 2692 21).
913 2681 945 2686 -

736 197 894 232 EVANGE
899 196 949 228 LII
971 195 1110 227 SANCTI
1133 196 1245 228 LUCAE

1015 271 1076 293 ma}
1092 263 1220 303 quando
1234 271 1274 294 ex
1298 263 1509 295 amaritudine
1527 264 1720 304 procedunt,
1735 264 1784 298 inss

1014 316 1132 347 clinant
1145 316 1317 348 Dominum
1333 318 1371 349 ad
1384 318 1615 349 remissionem.
1638 317 1674 349 In
1693 320 1786 360 cujus

1014 370 1153 408 figuram
1167 371 1281 402 dicitur
1295 372 1312 388 ¹¹
1333 382 1339 401 :
1361 383 1375 400 α
1390 371 1490 402 Flevit
1510 372 1617 411 itaque
1638 371 1786 404 Ezechias

1014 423 1091 453 ssetu
1114 433 1246 462 magno.
1262 435 1276 452 1)
1306 424 1343 455 Et
1366 424 1511 455 subditur
1531 425 1590 463 ibi,
1614 425 1700 465 quod
1723 425 1784 457 Do-

1014 476 1121 506 minus
1151 486 1226 507 eum
1260 477 1406 507 liberavit
1428 477 1466 508 (le
1497 478 1639 517 periculo
1661 479 1782 510 mortis.

1014 528 1052 559 Et
1070 529 1139 559 ideo
1155 532 1283 560 sanctus
1298 530 1452 570 propheta
1468 529 1584 569 David,
1601 532 1634 562 in
1649 541 1787 572 persona

1013 582 1074 612 viri
1091 583 1283 621 poenitentis,
1300 583 1333 613 in
1349 583 1478 614 Psalmo
1492 583 1567 614 dicit
1581 584 1602 601 ¹²
1618 584 1785 617 :aLavabo

1013 644 1068 675 per
1081 635 1226 675 singulas
1240 638 1347 666 noctes
1361 636 1478 667 lectum
1494 646 1619 675 meum,
1634 637 1786 679 lacrymis

1014 689 1095 719 meis
1110 691 1246 719 stratum
1261 698 1369 720 meum
1383 690 1510 728 rigabo.
1521 701 1536 718 n
1550 689 1598 721 Ex
1612 699 1676 730 quo
1691 701 1786 732 appa-

1012 743 1060 771 rct
1075 742 1146 781 quis
1162 742 1283 772 fructus
1298 742 1391 773 suerit
1405 743 1567 782 permissa}
1584 744 1764 783 negationis
1775 768 1783 782 ‚

1014 795 1178 834 exemplar
1202 795 1319 826 scilicet
1336 795 1531 835 poenitentiae
1556 798 1586 827 et
1608 806 1785 837 compunc-

1012 847 1118 879 tionis.
1134 847 1266 888 Propter
1281 849 1365 888 quod
1387 849 1482 879 etiam
1497 849 1652 881 Dominus
1666 851 1783 891 princi-

1011 908 1067 938 pes
1085 900 1298 939 apostolorum
1317 900 1446 930 Petrum
1462 903 1491 930 et
1506 900 1641 931 Paulum
1657 901 1697 932 de
1715 911 1783 932 sor-

1012 952 1104 983 dibus
1119 953 1258 983 extraxit
1274 953 1436 984 vitiorum.
1455 953 1587 993 Propter
1607 955 1692 994 quod
1711 955 1785 986 dicit

1012 1006 1058 1035 ad
1073 1007 1098 1037 T
1097 1007 1272 1038 [mollzewn
1287 1007 1308 1023 ¹³
1323 1018 1329 1037 :
1351 1018 1365 1035 (1
1379 1006 1588 1046 Blasphemus
1603 1008 1649 1038 sui
1665 1010 1695 1039 et
1708 1017 1784 1048 per-

1011 1061 1135 1090 secutor
1145 1062 1175 1090 et
1188 1059 1436 1090 contumeliosus
1450 1059 1520 1091 :sed
1534 1060 1784 1092 misericordiam

1011 1112 1065 1143 Dei
1081 1115 1268 1144 consecutus
1282 1122 1372 1151 sum,
1391 1115 1429 1143 ut
1443 1113 1475 1143 in
1492 1122 1543 1144 me
1557 1113 1664 1153 primo
1677 1116 1785 1144 osten-

1011 1165 1098 1196 deret
1113 1166 1254 1196 Christus
1267 1166 1359 1197 Jesus
1375 1175 1502 1196 omnem
1524 1167 1707 1206 patientiam
1718 1191 1727 1205 ‚
1743 1167 1783 1198 ad

1011 1218 1266 1249 informationem
1278 1228 1402 1257 eorum,
1414 1219 1470 1258 qui
1484 1219 1635 1250 credituri
1650 1222 1725 1251 sunt
1738 1220 1783 1250 illi

1010 1271 1043 1301 in
1058 1271 1158 1302 vitam
1171 1274 1362 1301 aeternam.»

1051 1328 1100 1355 63.
1117 1325 1161 1356 Et
1175 1325 1239 1355 viri
1252 1325 1310 1365 qui
1323 1324 1471 1355 tenebant
1484 1325 1613 1364 desum,
1629 1328 1688 1357 etc.
1705 1325 1780 1358 Post

1010 1378 1199 1418 descriptam
1214 1378 1531 1418 comprehensionem
1544 1379 1676 1419 Christi,
1688 1382 1719 1411 et
1730 1390 1783 1412 ne·

1010 1432 1176 1470 gationem
1192 1431 1293 1469 Petri,
1312 1431 1362 1462 hic
1383 1432 1476 1463 tertio
1491 1432 1639 1463 describit
1661 1433 1783 1464 illusio-

1009 1494 1084 1515 nem
1102 1485 1223 1515 Domini
1247 1485 1477 1524 comprehensi.
1494 1485 1532 1516 Et
1545 1486 1698 1525 quoniam
1713 1486 1782 1518 haec

1010 1538 1116 1568 illusio
1132 1538 1228 1568 fiebat
1242 1548 1261 1567 a
1277 1538 1394 1568 Judaeis
1410 1538 1648 1577 impudentibus
1662 1541 1693 1569 et
1707 1539 1782 1570 insi-

1010 1591 1169 1621 diantibus
1181 1614 1190 1628 ,
1207 1590 1276 1621 ideo
1289 1591 1393 1630 primo
1405 1591 1476 1629 agit
1490 1591 1529 1621 de
1544 1591 1733 1630 procacitate
1746 1591 1783 1621 il-

1009 1644 1200 1681 ludentium,
1218 1644 1356 1674 secundo
1366 1644 1404 1674 de
1420 1644 1618 1684 malignitate
1632 1644 1782 1676 insidian-

1009 1697 1089 1727 tium
1103 1721 1110 1732 ‚
1133 1697 1176 1727 ihi
1195 1696 1215 1712 ¹⁸
1232 1708 1239 1727 ε
1256 1697 1301 1728 Et
1323 1701 1357 1727 uc
1372 1698 1480 1736 sactus
1499 1702 1545 1728 est
1557 1697 1643 1736 (lies,
1666 1700 1724 1728 etc.
1743 1697 1782 1729 Et

1009 1750 1161 1790 quoniam
1182 1750 1323 1781 Christus
1343 1752 1390 1780 est
1410 1750 1463 1780 Dei
1481 1751 1585 1782 virtus
1599 1752 1631 1781 et
1653 1750 1709 1782 Dei
1729 1760 1782 1782 sa-

1010 1804 1147 1844 pientia,
1165 1806 1195 1834 et
1214 1803 1391 1834 secundum
1414 1804 1474 1834 hoc
1491 1803 1659 1843 dupliciter
1678 1804 1781 1835 hono-

1008 1858 1146 1895 randus,
1162 1856 1231 1887 ideo
1252 1866 1308 1895 per
1322 1857 1502 1896 oppositum
1525 1856 1644 1896 duplex
1663 1857 1780 1888 descri-

1008 1912 1094 1941 bitur
1116 1911 1168 1941 liic
1192 1910 1399 1941 dehonoratio
1425 1910 1563 1948 Christi,
1587 1910 1703 1941 scilicet
1725 1919 1781 1950 per

1008 1964 1189 1994 illusionem
1204 1963 1303 2002 ipsius
1317 1963 1421 2002 quoad
1439 1963 1596 1994 desectum
1610 1962 1780 2002 potentiae,

1008 2019 1038 2048 et
1055 2017 1159 2057 quoad
1173 2017 1330 2047 defectum
1341 2016 1518 2056 sapientiae.

1048 2070 1157 2101 Primo
1185 2071 1304 2109 igitur,
1339 2072 1495 2109 quantum
1523 2069 1563 2100 ad
1598 2070 1780 2102 illusionem

1008 2124 1144 2162 Christi,
1160 2126 1196 2154 ut
1210 2123 1413 2163 impotentis,
1431 2122 1545 2153 dicitur
1562 2133 1568 2152 :
1586 2122 1632 2153 Et
1643 2122 1707 2152 viri
1723 2123 1782 2162 qui

1009 2178 1157 2210 tenebant
1180 2177 1289 2208 Jesum
1305 2200 1315 2214 ,
1347 2175 1524 2206 illudebant
1549 2178 1580 2206 ei
1614 2174 1777 2206 coedentes.

1010 2232 1051 2270 (v.
1069 2232 1116 2270 64)
1137 2231 1183 2262 Et
1196 2230 1380 2260 velaverunt
1403 2238 1493 2266 eum,
1511 2232 1542 2259 et
1555 2228 1781 2268 percutiebant

1006 2285 1126 2324 faciem
1146 2284 1224 2323 ejus.
1249 2283 1285 2313 ln
1310 2282 1409 2322 hujus
1431 2282 1572 2321 figuram
1594 2281 1708 2312 dic-itur
1727 2280 1748 2297 ¹³
1769 2291 1776 2311 ε

1011 2349 1025 2367 «
1056 2337 1294 2377 Exprobrantes
1340 2337 1564 2376 percusserunt
1612 2333 1776 2365 maxillam

1006 2401 1122 2428 meam,
1140 2391 1243 2422 satiati
1259 2392 1332 2421 sunt
1347 2389 1450 2430 poenis
1463 2390 1577 2420 meis.»
1596 2387 1635 2418 Et
1645 2387 1666 2404 ¹⁰
1683 2398 1690 2418 ;
1710 2398 1726 2416 «
1741 2385 1777 2417 In

1005 2445 1098 2483 virga
1112 2444 1288 2484 percutient
1312 2443 1475 2474 maxillam
1494 2441 1612 2481 judicis
1633 2439 1739 2470 Israel.
1756 2450 1772 2467 1)

1005 2525 1013 2538 ⁰
1029 2525 1104 2555 Aug„
1119 2524 1148 2547 [Ie
1169 2523 1286 2548 Concord.
1306 2524 1413 2554 Eimnq„
1429 2522 1473 2546 lib.
1494 2522 1536 2550 111,
1553 2528 1576 2544 c.
1597 2526 1632 2550 vl,
1646 2526 1672 2544 n.
1691 2520 1730 2543 26.
1745 2532 1776 2537 ·—-

1004 2561 1011 2574 '¹
1025 2562 1094 2590 Sap„
1106 2566 1140 2589 iv,
1157 2562 1234 2583 15:—
1248 2560 1259 2575 θ
1271 2560 1338 2583 Psal.
1354 2565 1412 2588 cni,
1422 2560 1459 2581 32.
1469 2571 1499 2574 —
1512 2558 1520 2570 ⁹
1534 2556 1663 2586 Ambros.‚
1678 2556 1703 2578 in
1719 2555 1774 2580 Luc.

1005 2596 1050 2619 tib.
1069 2596 1103 2625 x,
1124 2602 1150 2618 n.
1169 2598 1207 2619 ss,
1225 2608 1256 2613 -
1271 2596 1289 2611 ¹⁰
1310 2594 1373 2618 und.
1391 2606 1421 2611 -
1442 2593 1458 2608 ¹¹
1484 2593 1515 2616 lv
1536 2592 1610 2622 Req„
1632 2598 1682 2620 xx,
1703 2592 1726 2615 3.
1745 2603 1776 2608 —

1002 2631 1021 2647 ¹²
1036 2630 1103 2654 Psal.
1123 2636 1156 2661 vi,
1176 2631 1199 2654 7.
1214 2630 1301 2653 -121
1319 2630 1389 2659 Tim„
1406 2634 1424 2657 1,
1439 2629 1476 2658 13,
1492 2628 1528 2651 16.
1542 2640 1570 2644 -
1586 2626 1606 2644 ¹⁴
1621 2626 1677 2657 lus„
1693 2627 1733 2650 66.
1746 2638 1774 2643 —

1002 2667 1022 2683 ¹¹⁵
1036 2665 1090 2694 lob,
1106 2672 1160 2695 xvi,
1177 2667 1213 2690 11.
1228 2679 1259 2684 -
1273 2665 1293 2682 ¹⁶
1304 2664 1390 2693 Alit—h„
1405 2669 1430 2693 ν,
1448 2665 1468 2686 1.
