1987 3032
725 180 929 213 EXPOSITlO
952 179 991 209 IN
1014 180 1098 211 CAP.
1122 181 1199 212 xxi.

167 249 194 274 et
214 248 334 283 quando
357 248 489 282 volebat,
505 255 535 275 se
563 247 739 275 occultabat.
765 250 797 275 Et
818 247 854 275 de
876 247 932 274 hoc

166 293 341 328 Augustinus
363 294 438 321 bene
454 294 461 310 ¹
477 314 485 327 ,
506 293 557 320 ubi
580 293 641 327 ait,
664 294 746 328 quod
769 294 842 321 sicut
865 294 930 320 ante

165 340 406 366 resurrectionem
426 347 517 374 usque
539 339 578 366 ad
600 339 800 367 excellentiam
818 339 890 366 lucis
905 341 932 366 et

164 384 286 419 fulgoris
304 385 397 420 potuit
415 387 528 412 mutare
543 386 689 420 colorem,
706 387 737 413 ut
753 393 814 413 non
827 393 931 419 agnos-

164 432 291 463 ceretur,
310 432 337 458 et
356 432 422 465 post
442 431 595 466 pristinum
618 432 749 459 colorem
771 439 910 459 revocare
922 441 929 465 3

163 477 203 503 sic
224 476 328 503 eadem
350 477 485 504 facilitate
507 478 658 512 potentiae,
676 478 770 513 potuit
787 485 930 505 renovare

162 522 340 550 lineamenta
359 525 386 550 et
405 531 553 550 revocare.
570 534 582 548 n
600 526 631 551 Et
652 524 693 551 ibi
712 524 787 551 bene
809 524 845 550 de
860 524 926 551 hoc.

161 567 297 595 Similiter
311 568 535 604 Chrysostomus
548 569 594 596 1110
604 570 624 603 ²,
639 569 675 596 de
690 569 747 597 hoc
764 579 769 597 :
781 580 793 595 «
809 571 881 596 Cum
895 569 930 596 si-

161 613 264 648 lentio,
276 614 386 650 inquit,
398 616 426 642 et
439 615 596 642 formidine
608 615 700 642 multa
714 616 741 643 et
755 615 928 648 reverentia,

161 659 304 687 sedebant
317 661 495 688 attendentes
510 661 540 688 in
556 669 638 695 eum,
652 661 779 688 formam
794 661 929 688 altiorem

162 705 308 740 videntes,
330 708 357 733 et
379 707 471 733 multa
494 707 703 743 stupefactione
726 707 815 742 pleni.
839 706 928 734 Valde

162 752 239 779 enim
255 755 337 780 erant
356 753 522 788 stupefacti,
539 764 551 779 »
569 756 622 780 etc.
639 755 671 780 Et
684 753 740 780 hoc
756 753 851 787 figura
867 754 929 779 erat

161 798 243 833 quod
257 798 287 825 in
302 799 438 826 convivio
451 799 552 833 gloriae
570 800 639 826 certi
655 799 779 833 erimus,
795 798 927 826 videntes

160 845 249 871 Deum
265 844 337 871 facie
358 845 396 872 ad
410 845 531 878 faciem,
548 847 575 872 et
594 853 655 872 non
674 845 873 880 indigebimus
886 845 928 872 in-

159 890 365 925 terrogatione.
386 891 479 926 Supra
493 892 502 907 3
524 900 530 917 z
549 901 561 916 «
585 891 682 919 Palam
708 891 745 919 de
768 893 849 919 Patre
871 899 923 919 an-

159 936 301 964 nuntiabo
316 937 418 970 vobis,
433 947 446 962 n
464 938 517 964 etc.

194 984 237 1009 13.
257 983 292 1009 Et
315 984 389 1009 venit
409 984 500 1017 Jesus,
520 985 544 1010 et
563 985 664 1017 accepit
686 991 796 1018 panem,
817 985 869 1010 etc.
896 985 927 1010 Et

158 1028 232 1055 istud
249 1028 336 1055 debet
350 1029 513 1056 continuari
528 1037 594 1056 011111
610 1036 645 1056 00
661 1029 743 1064 quod
759 1029 869 1056 dictum
885 1031 926 1057 est

157 1081 245 1108 supra
262 1083 268 1100 :
288 1075 397 1106 Venite,
416 1074 557 1108 prandete.
577 1076 608 1101 Et
628 1075 657 1101 in
677 1075 732 1101 hoc
752 1077 829 1109 patet
844 1083 922 1110 mys-

158 1119 276 1152 terium,
293 1119 362 1154 quia
376 1119 455 1146 istud
472 1120 656 1152 convivium,
669 1120 751 1155 quod
767 1120 925 1149 celebravit

158 1164 295 1192 Dominus
323 1172 390 1192 cum
416 1167 527 1200 septem
559 1165 709 1200 discipulis
725 1186 734 1198 ,
761 1166 855 1201 figura
884 1169 925 1194 est

156 1210 254 1238 {eterni
279 1211 430 1245 convivii,
453 1211 615 1239 secundum
639 1212 810 1246 Gregorium
832 1214 841 1228 '⁴
856 1234 864 1246 ,
885 1213 924 1240 ad

156 1256 238 1292 quod
259 1257 428 1284 convivium
442 1258 563 1285 veniunt
582 1257 663 1285 electi
684 1266 736 1293 per
756 1259 860 1286 Filium
876 1259 923 1286 Dei

155 1302 362 1336 mediatorem,
374 1305 401 1330 et
413 1312 465 1339 per
477 1304 775 1331 communicationem
789 1305 833 1332 sui
849 1306 923 1333 sacri

155 1349 286 1383 corporis
305 1350 332 1375 et
352 1350 517 1384 sanguinis,
532 1352 560 1377 et
584 1358 685 1377 veram
711 1350 921 1378 credulitatem.

153 1395 245 1429 Supra
260 1395 269 1411 ³
286 1403 292 1421 z
312 1405 324 1419 «
340 1395 366 1421 Si
381 1395 446 1430 quis
466 1396 689 1423 manducaverit
705 1404 739 1424 ex
755 1397 811 1424 hoc
826 1405 901 1432 pane
912 1418 920 1431 ,

151 1441 230 1468 vivet
243 1441 273 1468 in
287 1442 438 1468 aeternum.
457 1453 469 1465 »
487 1442 543 1470 Sed
558 1442 711 1477 quaeritur,
731 1451 799 1469 cum
820 1443 921 1470 creda-

152 1488 197 1514 tur
211 1487 308 1521 ipsum
322 1487 514 1515 manducasse
529 1496 596 1515 cum
611 1488 765 1524 discipulis
776 1509 785 1522 ,
803 1490 835 1515 ut
849 1489 921 1516 dici-

151 1534 197 1559 tur
210 1533 272 1566 hic,
288 1534 315 1560 et
330 1533 411 1568 apud
426 1535 523 1560 Lucam
535 1534 545 1550 ⁶
562 1543 568 1560 ε
588 1544 600 1559 «
621 1535 693 1561 Cum
715 1534 922 1562 manducasset

151 1586 249 1606 coram
266 1579 321 1613 eis,
336 1589 349 1604 »
368 1579 441 1614 quid
461 1578 515 1606 fuit
532 1579 641 1607 factum
666 1580 702 1607 de
724 1580 775 1608 illo
795 1581 878 1614 cibo,
895 1584 922 1608 et

150 1624 189 1652 ad
201 1624 273 1660 quid
288 1625 498 1652 manducavit?
513 1625 631 1652 Videtur
652 1626 746 1659 enim,
767 1627 849 1661 quod
864 1627 920 1654 hoc

149 1670 246 1705 potius
261 1670 313 1697 suit
333 1671 371 1698 ad
393 1671 637 1706 impedimentum
651 1672 720 1699 fidei
736 1673 922 1700 resurrectio-

152 1716 213 1750 nis,
230 1724 319 1751 quam
336 1716 371 1743 ad
389 1717 623 1752 promotionem,
640 1726 706 1744 cum
728 1718 810 1745 cibus
825 1726 921 1746 sunia-

149 1764 194 1789 tur
209 1762 247 1789 ad
262 1762 503 1790 restaurationem
518 1763 672 1798 deperditi.
689 1765 721 1790 Et
735 1764 773 1790 ad
787 1764 844 1791 hoc
861 1772 920 1791 res-

149 1808 261 1842 pondet
279 1808 456 1843 Augustinus
475 1808 485 1823 ⁷
507 1808 582 1835 bene
605 1818 611 1836 2
631 1809 737 1836 «Fides
759 1809 919 1838 Christiana

150 1853 186 1880 de
199 1853 309 1883 Christo
325 1854 472 1881 salvatore
486 1862 545 1881 non
561 1855 686 1888 dubitat,
700 1855 782 1890 quod
797 1858 862 1890 post
876 1864 918 1883 re-

149 1899 359 1927 surrectionem
384 1900 413 1926 in
438 1900 580 1935 spirituali
609 1908 716 1933 carne,
739 1901 792 1927 sed
821 1903 918 1929 tamen

150 1953 232 1978 vcra,
246 1945 345 1972 cibum
364 1953 397 1972 ac
413 1948 516 1980 potum
539 1947 671 1981 sumpsit.
694 1948 756 1973 Non
772 1947 849 1974 enim
865 1955 918 1982 po-

150 1992 248 2024 testas,
270 1991 322 2018 sed
346 1994 458 2026 egestas
477 1992 585 2019 edendi
609 1994 635 2019 et
655 1992 795 2025 bibendi,
810 1993 917 2020 talibus

149 2037 322 2072 corporibus
339 2037 485 2065 auferetur
499 2038 546 2073 (a).
562 2048 575 2063 »
594 2038 674 2065 Idem
693 2038 867 2073 Augustinus
882 2040 891 2055 ⁸
909 2048 914 2065 :

152 2092 164 2107 «
185 2083 289 2110 Cibum
309 2085 337 2110 et
356 2085 459 2119 potum
481 2084 604 2119 sumpsit
626 2092 686 2111 non
710 2084 916 2112 alimentorum

148 2128 323 2163 indigentia,
339 2129 391 2156 sed
412 2137 445 2157 ea
468 2138 527 2165 qua
546 2132 660 2165 poterat
678 2132 858 2165 potestate.»
876 2131 916 2158 Si-

147 2175 254 2202 militer
273 2175 310 2202 de
329 2175 386 2202 hoc
400 2175 578 2210 Augustinus
590 2176 599 2192 ⁰
611 2175 703 2209 bene,
719 2175 770 2203 ubi
786 2175 917 2211 loquitur

147 2220 184 2247 dc
200 2221 376 2248 comestione
398 2221 499 2248 Christi
526 2224 589 2256 post
611 2221 853 2249 resurrectionem
865 2243 873 2256 ,
889 2225 916 2250 ct

147 2266 321 2300 angelorum
335 2287 344 2300 ,
367 2267 468 2294 dicens
493 2267 575 2302 quod
594 2277 607 2292 ι(
629 2267 679 2295 illa
700 2268 839 2296 comestio
863 2268 916 2296 fuit

180 2353 183 2362 ¹
201 2350 274 2379 Aug„
287 2348 320 2371 ad
334 2347 443 2377 Paulin„
460 2348 501 2371 ubi
515 2355 571 2379 sup.
582 2362 610 2365 ——
625 2350 633 2363 ²
648 2349 788 2380 Clsrysost„
804 2350 846 2374 ubi
859 2358 913 2382 sup.

146 2397 175 2402 —
193 2384 201 2397 ³
216 2386 286 2414 Sup..
304 2389 362 2413 xw,
384 2385 422 2407 25.
437 2397 467 2401 —
486 2384 495 2399 '⁶
518 2385 633 2415 Gregor„
656 2385 698 2408 ubi
717 2392 782 2415 sup,
802 2392 827 2409 n.
845 2387 868 2409 6.
884 2400 914 2404 -

146 2419 156 2436 ⁵
170 2420 243 2450 Sup.,
262 2424 300 2448 vt,
320 2420 357 2443 52.
378 2431 408 2436 —
427 2420 435 2433 ¹³
455 2418 521 2448 Lucu,
542 2425 613 2449 xxiv,
631 2422 669 2444 43.
685 2433 714 2437 —
732 2421 738 2433 '¹
756 2422 870 2451 August,
885 2421 914 2444 (Ie

148 2454 222 2478 Ci‘vit.
243 2454 303 2479 Dei,
323 2454 365 2477 lib.
386 2453 457 2483 ΧΗΙ,
481 2462 502 2477 c.
526 2459 590 2478 xxii,
606 2468 635 2472 —
654 2454 663 2470 Β
681 2455 753 2484 thid„
773 2455 814 2479 lib.
837 2457 912 2487 Xth,

146 2495 168 2513 c.
184 2495 243 2519 xix,
259 2496 284 2513 11.
299 2491 322 2513 2.
339 2502 365 2506 -
381 2489 391 2505 ⁹
408 2489 453 2518 Ιι].,
468 2489 501 2511 ad
519 2489 618 2520 Deoqr„
631 2490 703 2520 epist.
725 2497 799 2519 xmx,
817 2491 848 2514 al.
868 2498 912 2522 cu,

146 2531 170 2554 q.
189 2530 205 2553 1,
219 2530 244 2547 n.
261 2526 283 2548 6.
298 2538 326 2542 —
340 2525 360 2541 ¹⁰
376 2525 409 2547 De
423 2524 565 2547 Mirabilih.
581 2525 606 2548 S.
620 2525 712 2555 Scrip„
727 2526 768 2550 lib.
787 2527 828 2555 111,
844 2534 866 2550 c.
881 2533 912 2551 xv

148 2559 225 2586 (inter
244 2559 319 2589 Oper.
339 2561 365 2583 S.
388 2560 462 2588 Aua„
483 2560 608 2590 Append.,
623 2562 685 2584 toni.
707 2561 767 2591 tlt),
785 2561 818 2585 ihi
837 2562 877 2586 cit.
899 2569 913 2586 a

147 2597 202 2616 emt.
217 2593 286 2622 eilia,
302 2593 393 2624 legitur
407 2601 419 2617 e
436 2594 563 2617 contrario
581 2601 586 2617 :
605 2603 617 2616 «
632 2596 686 2618 Hoc
702 2595 812 2625 (scilicet
827 2596 910 2626 cibos)

1695 186 1752 214 523

988 254 1048 274 non
1062 247 1244 280 necessitate,
1259 247 1310 275 sed
1324 250 1473 283 potestate.
1489 257 1502 274 n
1516 251 1547 276 Et
1561 249 1643 285 ponit
1655 257 1751 276 exem-

986 293 1092 327 plum:
1111 302 1124 319 «
1145 293 1232 321 Aliter
1253 294 1392 321 absorbet
1412 302 1520 330 aquam
1543 298 1617 323 terra
1636 295 1751 328 sitiens,

986 385 1124 419 potentia.
1141 395 1154 410 »
1173 387 1235 412 Haec
1250 385 1309 412 ille.
1332 387 1458 413 Potestas
1481 394 1551 421 ergo
1571 387 1706 422 apparuit
1721 387 1750 414 in

986 430 1097 457 Christo
1122 431 1309 464 comedente,
1325 439 1385 459 non
1407 433 1519 466 egestas
1537 441 1543 459 :
1560 434 1587 459 et
1610 432 1649 460 ita
1670 441 1752 460 man-

986 476 1097 503 ducans
1112 477 1281 511 potestative
1296 485 1356 504 non
1376 478 1518 505 convertit
1537 478 1637 505 cibum
1657 479 1686 505 in
1701 486 1753 506 na-

986 524 1079 549 turam
1103 523 1236 558 corporis
1259 523 1320 557 sui,
1343 523 1394 550 sed
1417 524 1536 551 resolvit
1556 525 1589 559 (b)
1610 524 1640 551 in
1660 526 1765 551 mate-⁴

984 568 1072 602 riam,
1086 570 1117 595 ut
1132 568 1237 596 dicitur
1255 570 1281 596 ¹0.
1299 571 1330 596 Et
1344 569 1385 596 ibi
1400 569 1475 596 bene
1491 569 1527 596 de
1543 570 1599 597 1100
1613 569 1752 605 Chrysos-

984 615 1080 641 tomus
1100 616 1116 632 ¹¹
1136 623 1142 641 ι
1160 614 1315 647 «Qualiter
1341 617 1437 642 autem
1463 615 1606 649 comedit,
1627 623 1687 643 non
1711 618 1753 643 est

984 662 1115 687 nostrum
1130 660 1226 687 dicere
1244 669 1249 687 :
1268 660 1359 687 modo
1375 661 1453 688 enim
1468 662 1601 696 quodam
1616 661 1751 697 inopina-

983 706 1081 733 biliori
1103 706 1163 733 haec
1185 706 1315 739 fiebant,
1337 714 1397 733 non
1419 709 1450 734 ut
1473 709 1577 734 natura
1602 707 1750 742 indigente

984 751 1073 785 cibis,
1087 752 1138 779 sed
1154 752 1401 780 condescensione
1417 753 1454 780 ad
1471 753 1750 781 demonstrationem

983 797 1210 824 resurrectionis.
1227 808 1239 823 n
1259 799 1322 825 Haec
1333 798 1392 825 ille.

1017 846 1059 872 14.
1078 847 1109 872 Et
1123 845 1253 880 sequitur
1267 845 1317 873 illa
1331 853 1408 881 parS,
1425 846 1455 873 in
1471 854 1530 881 qua
1548 846 1749 882 recapitulatio

982 890 1248 918 manifestationum
1275 891 1501 926 praedictarum,
1527 892 1567 919 ibi
1592 901 1598 919 :
1622 894 1675 919 Hoc.
1692 893 1750 926 jam

983 938 1059 962 tertio
1075 938 1263 969 manifestatas
1278 940 1326 970 est,
1341 939 1393 964 etc.
1408 937 1463 965 Sed
1475 938 1612 973 quaeritur
1625 938 1750 973 qualiter

981 981 1057 1008 110οῬ
1073 982 1142 1017 quia
1157 982 1243 1009 etiam
1259 983 1287 1009 in
1303 983 1346 1010 die
1360 983 1589 1017 resurrectioniS,
1608 983 1668 1010 sive
1683 985 1748 1010 Pas-

980 1027 1050 1060 chae,
1059 1028 1204 1055 multoties
1215 1029 1360 1064 apparuit,
1371 1031 1402 1056 ut
1411 1031 1489 1064 patet
1499 1029 1536 1056 ab
1548 1029 1707 1064 Augustino
1718 1031 1746 1064 ¹²,

981 1076 1008 1101 et
1023 1082 1039 1101 a
1054 1074 1187 1109 Magistro
1203 1075 1233 1101 in
1247 1076 1388 1102 Historiis.
1400 1078 1474 1110 Ergo
1487 1083 1546 1102 non
1559 1076 1621 1109 Jam
1635 1077 1748 1103 tantum

980 1120 1063 1147 tertio
1085 1120 1288 1148 manifestavit.
1306 1123 1337 1148 Et
1352 1121 1390 1148 ad
1411 1121 1488 1148 istud
1507 1121 1747 1156 respondendum

980 1167 1021 1192 cst
1035 1166 1197 1193 secundum
1208 1167 1398 1201 Augustinum
1410 1168 1439 1200 ¹³,
1455 1167 1536 1202 quod
1549 1167 1628 1194 «hoc
1638 1175 1698 1194 non
1709 1167 1747 1194 ad

979 1212 1057 1247 ipsas
1085 1212 1347 1240 demonstrationes
1373 1222 1379 1240 ι
1409 1213 1462 1240 sed
1489 1213 1527 1240 ad
1554 1213 1616 1240 dies
1641 1213 1747 1240 referre

980 1257 1132 1290 debemus,
1147 1258 1177 1284 id
1197 1260 1248 1292 est,
1264 1258 1360 1293 primo
1376 1258 1434 1292 die,
1451 1267 1517 1285 cum
1531 1258 1702 1292 resurrexit3
1720 1260 1748 1286 et

978 1305 1044 1337 post
1059 1303 1120 1330 dies
1135 1305 1216 1337 octo,
1232 1304 1353 1338 quando
1368 1305 1493 1331 Thomas
1512 1304 1585 1331 vidit
1604 1306 1632 1331 et
1654 1304 1747 1331 credi-

979 1349 1034 1383 dit3
1051 1351 1078 1376 et
1092 1349 1148 1377 hoc
1163 1350 1226 1383 die,
1242 1350 1363 1385 quando
1381 1350 1416 1377 de
1432 1351 1560 1385 piscibus
1581 1350 1628 1377 hic
1648 1351 1745 1386 loqui-

978 1398 1034 1423 tur.
1050 1398 1116 1423 Post
1132 1398 1203 1431 quot
1223 1398 1321 1423 autem
1347 1397 1408 1424 dies
1432 1397 1489 1424 hoc
1513 1397 1598 1424 fuerit
1620 1397 1745 1431 factum,

977 1449 1037 1469 non
1053 1445 1095 1469 est
1109 1442 1227 1469 dictum.
1246 1452 1258 1467 n
1276 1444 1340 1470 Hoec
1356 1443 1415 1470 1110.

1017 1489 1056 1514 15.
1079 1489 1110 1515 Ε1
1131 1488 1261 1523 sequitur
1279 1488 1329 1515 illa
1349 1497 1431 1523 pars,
1452 1488 1482 1516 in
1502 1497 1561 1524 qua
1585 1489 1621 1516 de
1643 1497 1745 1516 conse-

978 1534 1134 1568 quentibus
1147 1534 1185 1561 ad
1202 1534 1449 1561 manifestationes
1460 1534 1623 1569 praedictaS,
1638 1535 1747 1562 scilicet

978 1579 1014 1606 de
1029 1580 1251 1607 confirmatione
1267 1579 1339 1606 Petri
1359 1579 1388 1606 in
1409 1580 1564 1607 dilectione
1576 1601 1584 1614 ,
1600 1583 1627 1607 et
1642 1580 1678 1608 de
1700 1581 1743 1608 in-

976 1624 1167 1657 formatione,
1183 1625 1223 1652 ibi
1239 1634 1245 1652 :
1267 1626 1332 1652 Cum
1354 1633 1413 1659 erqo
1433 1627 1627 1660 prandissent,
1643 1629 1696 1653 etc.
1714 1628 1745 1654 Et

976 1671 1026 1697 illa
1041 1670 1070 1697 in
1087 1671 1159 1697 duas
1176 1680 1182 1697 :
1198 1671 1305 1706 primo,
1318 1671 1355 1698 de
1370 1671 1525 1698 dilectione
1540 1671 1690 1707 inquisitio
1706 1672 1742 1699 ad

976 1716 1066 1751 ipsius
1081 1716 1335 1743 confirmationem
1345 1738 1353 1750 ,
1370 1719 1396 1744 et
1417 1717 1489 1744 Petri
1504 1717 1742 1752 responsionem

976 1762 1120 1795 secundo,
1143 1762 1181 1789 ad
1197 1762 1480 1790 consummationem
1502 1763 1665 1790 dilectionis
1686 1772 1744 1791 suae

975 1808 1119 1843 passionis
1142 1809 1196 1843 ipsi
1219 1811 1300 1835 Petro
1321 1809 1476 1843 revelatio,
1501 1809 1541 1836 ibi
1559 1810 1663 1836 :Amen
1685 1810 1743 1837 dico

976 1855 1043 1886 atat,
1059 1856 1111 1881 etc.
1129 1854 1223 1881 Prima
1237 1854 1267 1881 in
1282 1856 1339 1882 tres
1350 1875 1358 1888 ,
1374 1855 1535 1882 secundum
1549 1856 1606 1882 tres
1621 1855 1742 1882 interro-

975 1900 1106 1934 gationes
1125 1902 1152 1927 01
1165 1900 1370 1935 responsiones
1385 1901 1470 1935 Petri;
1487 1901 1625 1934 secunda,
1642 1901 1683 1928 ibi
1701 1901 1717 1917 '⁴
1735 1911 1740 1928 :

977 1948 1047 1972 Dicit
1066 1948 1091 1972 ei
1111 1948 1217 1979 iterum,
1233 1948 1304 1980 ete.;
1321 1947 1419 1980 tertia,
1434 1946 1474 1973 ibi
1492 1947 1513 1963 ¹⁵
1531 1955 1536 1973 :
1556 1948 1628 1973 Dicit
1648 1949 1673 1973 ez*
1688 1949 1742 1973 ter-

975 1994 1022 2025 tz'o,
1039 1994 1091 2019 etc.
1109 1994 1139 2020 ln
1154 1992 1284 2027 qualibet
1300 1994 1381 2027 parte
1392 1992 1456 2026 tria,
1472 1992 1581 2019 scilicet
1595 1992 1741 2028 inquisitio

973 2038 1056 2071 Petri,
1073 2037 1236 2073 responsio,
1257 2040 1284 2065 et
1299 2038 1399 2065 Christi
1415 2038 1587 2066 admonitio.

1007 2084 1050 2112 Ait
1066 2092 1136 2118 ergo
1154 2093 1160 2110 :
1179 2084 1243 2111 Cum
1256 2085 1438 2118 prandissent,
1456 2085 1523 2111 dicit
1536 2084 1639 2111 Simoni
1654 2085 1740 2118 Petro,

973 2130 1023 2165 qui
1035 2132 1095 2157 erat
1109 2130 1256 2165 princeps,
1271 2132 1298 2157 et
1313 2132 1400 2165 caput
1410 2130 1602 2166 praesentibus
1614 2129 1741 2164 discipu-

972 2175 1007 2203 lis
1024 2186 1030 2203 :
1054 2177 1146 2203 Simon
1164 2177 1286 2210 Joanm‘s,
1300 2177 1394 2210 diliqis
1414 2178 1475 2203 me?
1492 2177 1530 2203 Ex
1552 2176 1608 2203 hoc
1626 2175 1742 2202 videtur

972 2222 1076 2249 Filium
1092 2222 1139 2249 Dei
1154 2222 1183 2249 in
1198 2222 1323 2257 prandio
1339 2222 1462 2256 siluisse,
1476 2229 1529 2249 nec
1542 2229 1603 2249 non
1617 2223 1645 2248 et
1658 2221 1741 2249 disci-

971 2269 1066 2304 pulos.
1084 2268 1164 2295 Unde
1179 2268 1413 2304 Chrysostomus,
1427 2268 1476 2295 ubi
1491 2276 1580 2303 supra
1593 2267 1612 2284 ¹ss
1629 2277 1654 2295 2«
1669 2270 1741 2295 Cum

972 2349 1022 2365 11011
1033 2343 1061 2365 ut
1072 2348 1118 2365 nos
1131 2341 1271 2365 ruininatos
1285 2341 1355 2364 cibos
1366 2341 1497 2365 stomacho
1509 2343 1532 2364 et
1545 2341 1668 2365 intestinis
1681 2348 1740 2365 con-

971 2378 1067 2405 ferunt,
1083 2377 1126 2399 sed
1144 2376 1227 2399 statim
1247 2378 1274 2399 nt
1291 2377 1401 2406 accepta,
1421 2376 1490 2400 velut
1509 2376 1634 2405 videntur,
1651 2377 1740 2407 degus-

971 2414 1038 2441 tent,
1055 2412 1080 2434 in
1093 2410 1252 2441 spiritualem
1269 2413 1398 2441 naturam,
1415 2418 1465 2434 nou
1482 2418 1511 2434 cx
1531 2412 1611 2442 parte,
1629 2412 1672 2435 sed
1690 2413 1740 2435 totu

971 2447 1159 2470 transformant.
1178 2455 1190 2467 n
1210 2459 1235 2462 -
1259 2446 1273 2461 '¹
1294 2446 1433 2476 (2luysost.‚
1455 2446 1497 2469 ubi
1512 2454 1567 2477 sup.
1582 2460 1611 2463 —
1631 2447 1650 2463 1²
1665 2448 1739 2477 Aug„

970 2482 998 2504 (le
1015 2482 1085 2504 Cous.
1105 2482 1207 2511 Evcmy„
1223 2481 1265 2503 lib.
1284 2481 1328 2510 tlt,
1344 2488 1366 2504 (2.
1390 2487 1448 2505 xxv.
1467 2494 1496 2498 —
1516 2482 1534 2497 ¹³
1552 2481 1596 2511 1d.,
1617 2482 1640 2504 in
1657 2482 1737 2508 joam,

970 2518 1041 2540 tract.
1063 2522 1157 2545 cxxiii,
1178 2523 1202 2539 11.
1225 2518 1249 2539 3.
1268 2529 1298 2533 -
1320 2516 1337 2532 ¹⁸
1357 2516 1412 2546 tuf„
1438 2518 1472 2540 16.
1491 2529 1521 2534 -
1540 2517 1561 2533 ¹⁵
1581 2516 1636 2545 inf..
1656 2517 1737 2540 17.—

975 2552 992 2567 '³
1007 2552 1148 2582 (ΠΗ-35051,
1166 2551 1206 2574 ubi
1222 2558 1277 2581 sup.

1001 2596 1032 2625 (a)
1051 2596 1111 2619 Coet.
1124 2595 1183 2618 ertit.
1200 2595 1319 2620 aufertur.
1337 2608 1365 2613 -·
1383 2595 1415 2626 (b)
1432 2597 1489 2619 Item
1506 2596 1610 2620 resiluit.

1794 253 1838 272 Em
1846 257 1871 271 n-

1767 283 1827 309 plum
1842 282 1868 302 de

1777 319 1858 333 comes-

987 339 1069 366 aliter
1081 339 1150 366 solis
1164 339 1263 366 radius
1279 340 1407 367 candens
1424 339 1495 367 :illa
1511 341 1683 375 indigentia,
1700 341 1751 369 iste
1767 343 1832 363 tione-
