1987 3032
87 2159 153 2178 Recte

82 2194 160 2208 avarus

82 2224 128 2239 cam
132 2219 165 2238 elo

79 2255 168 2275 compa-

80 2280 147 2300 rator.

173 210 211 237 90
726 202 938 234 EVANGELH
961 203 1101 235 SANCTI
1125 203 1235 235 LUCAE

170 274 288 305 stantia
302 273 413 304 mundi
426 273 536 313 hujus,
549 274 579 302 et
595 281 648 302 cor
662 272 845 302 humanum
853 269 943 300 facile

173 327 286 367 opibus
302 328 483 366 frequenter
497 326 646 356 adhaeret.
660 324 697 355 Et
711 324 780 354 ideo
791 322 899 353 Glossa
913 324 922 340 ¹
936 334 942 353 z

177 380 372 411 «Difficulter
387 379 505 410 divitiae
520 380 783 409 contemnuntur:
800 377 945 407 omnium

173 444 252 474 ergo
267 434 462 465 tutissimum
473 435 518 463 est
533 432 659 463 divitias
670 440 728 462 nec
743 431 872 468 habere,
888 439 946 460 nec

174 497 320 519 amare.»
339 487 374 517 Iu
395 495 459 526 quo
478 486 531 516 dat
548 485 726 523 intelligere
739 485 876 523 quatuor
891 483 946 514 ho-

175 541 270 572 minis
293 540 505 575 differentias,
531 547 609 578 quas
634 538 763 577 exponit
789 536 890 574 Beda,
916 538 948 566 et

176 596 334 626 habentur
349 594 381 624 in
403 593 511 623 Glossa
532 601 627 631 super
645 591 804 622 decimum
817 591 922 622 Marci
936 600 946 620 .·

180 648 289 679 «Multi
308 647 442 683 habent,
470 647 500 675 et
520 654 584 675 non
608 646 740 682 amant;
768 644 859 674 multi
883 653 947 674 non

176 701 310 737 habent,
331 701 362 729 et
382 700 507 736 amaut;
535 697 588 728 alii
612 698 748 734 habent,
772 700 802 727 et
823 699 946 734 amant;

178 753 231 783 alii
246 762 303 783 nec
321 761 387 782 sese
402 751 519 781 habere
530 774 537 787 ‚
553 760 611 781 nec
637 759 745 781 amare
764 750 915 789 gaudent.
930 761 944 779 »

178 808 216 838 Hi
232 806 382 837 tutissimi
399 807 482 843 sunt,
496 805 574 844 quia
591 813 664 835 cum
679 803 829 843 Apostolo
847 803 949 834 dicere

178 861 311 901 possunt
325 863 335 878 ²
352 870 358 889 :
379 870 394 888 «
409 858 485 888 Mihi
500 857 640 888 mundus
659 857 830 887 crucifixus
846 859 901 894 est,
920 859 950 887 et

177 923 238 953 ego
255 912 384 943 mundo.
397 923 410 939 ι)

217 966 332 1002 Tertio,
349 966 505 1004 quantum
523 963 561 993 ad
578 963 677 1002 ipsius
690 962 866 993 tenacitatis
880 962 951 992 obs-

178 1019 339 1055 taculum,
368 1017 536 1056 subjungit
561 1018 610 1054 (v.
636 1017 692 1055 25)
713 1027 718 1047 :
745 1016 887 1047 Facilius
908 1020 953 1046 est

178 1075 263 1105 enim
285 1072 441 1103 camelum
459 1080 516 1111 per
539 1072 690 1110 foramen
705 1078 780 1101 acus
802 1070 950 1107 transire,

177 1128 248 1158 licet
263 1127 303 1157 sit
321 1128 428 1157 contra
444 1127 591 1155 naturam
602 1148 612 1162 ,
629 1133 729 1164 quam
749 1123 879 1154 diuitem
902 1123 950 1152 ἰη-

179 1187 264 1212 trare
283 1181 316 1211 2²12
333 1188 470 1220 reqnum
491 1179 571 1210 Dei:
599 1178 674 1217 quia
697 1178 756 1208 hoc
779 1179 825 1207 est
845 1179 953 1207 contra

178 1235 318 1266 divinam
341 1233 505 1273 justitiam.
524 1232 588 1262 Hoc
610 1232 695 1261 enim
713 1230 819 1260 minus
833 1230 953 1269 impos-

178 1289 268 1319 sibile
285 1290 348 1325 est,
369 1287 454 1327 quod
477 1295 527 1316 res
547 1294 666 1324 magna
687 1286 884 1324 pertranseat
899 1293 954 1323 per

178 1351 311 1383 parvam
332 1349 440 1378 acum,
457 1348 554 1379 quam
570 1338 655 1378 quod
670 1338 778 1367 anima
793 1337 905 1376 cupida
924 1338 955 1366 et

178 1404 274 1427 avara
286 1395 382 1424 intret
393 1394 425 1423 in
438 1391 632 1428 coelum‚ubi
643 1392 690 1420 est
700 1389 889 1420 sufficientia
902 1389 954 1419 bo-

178 1458 314 1485 norum;
332 1447 424 1487 quia,
442 1447 523 1476 sicut
538 1445 652 1476 dicitur
669 1444 678 1460 ³
697 1455 704 1474 ι
721 1444 869 1474 «Avarus
888 1452 954 1473 non

179 1501 363 1542 implebitur
390 1499 543 1540 pecunia,
575 1500 605 1529 et
634 1498 688 1537 qui
710 1499 796 1528 amat
816 1496 952 1534 divitias,

181 1557 318 1586 fructum
334 1563 397 1584 non
424 1553 525 1592 capiet
546 1561 587 1582 ex
602 1551 664 1582 eis:
684 1561 698 1579 »
724 1550 789 1580 imo
804 1551 886 1580 certe
902 1549 954 1579 in-

181 1609 311 1639 teritum
327 1606 556 1646 sempiternum
569 1629 577 1642 ,
594 1604 670 1644 quia
686 1603 808 1643 pondus
822 1602 953 1633 divitia-

183 1671 254 1694 rum
269 1661 366 1692 trahit
381 1661 528 1691 deorsum
545 1659 555 1674 ⁴
571 1669 578 1689 :
600 1657 745 1688 «Divitiae
761 1658 954 1687 conservatae

184 1716 217 1746 in
237 1714 358 1745 malum
376 1713 495 1744 domini
517 1712 578 1742 sui.
604 1711 741 1741 Pereunt
761 1711 801 1747 (α)
821 1709 904 1739 enim
922 1710 954 1739 in

185 1769 353 1800 afflictione
383 1766 555 1807 pessima.»
592 1764 678 1795 Unde
713 1765 871 1803 quantum
893 1763 955 1793 dis-

186 1825 229 1853 tat
254 1823 291 1862 (b)
313 1821 427 1852 coelum
450 1829 469 1850 a
487 1822 588 1856 terra,
609 1820 731 1848 tantum
751 1817 844 1847 distat
866 1825 954 1847 cora-

185 1876 272 1914 vari,
296 1875 380 1915 quod
401 1874 483 1904 circa
501 1875 625 1903 terrena
645 1879 836 1901 conversum
855 1872 921 1907 est,
939 1879 957 1900 a

185 1938 287 1968 regno
302 1928 374 1965 Dei,
397 1926 482 1966 quod
502 1928 547 1956 est
569 1926 601 1955 in
617 1924 707 1955 ccelo.
725 1924 857 1962 Propter
873 1923 958 1963 quod

185 1983 298 2013 (licitur
311 1985 320 2000 ⁵
338 1992 344 2011 :
367 1992 380 2009 «
392 1980 478 2010 Sicut
493 1979 674 2009 exaltantur
689 1977 760 2007 coeli
771 1986 789 2006 a
804 1979 899 2014 terra,
914 1976 957 2006 sic

186 2036 331 2067 exaltatae
342 2036 416 2064 sunt
429 2033 489 2064 viae
505 2040 585 2062 meae
607 2041 625 2061 a
638 2031 698 2062 viis
710 2030 824 2061 vestris
835 2054 844 2067 ,
865 2032 895 2060 et
911 2038 959 2060 co-

187 2089 357 2129 gitationes
380 2096 460 2118 meae
488 2096 506 2116 a
529 2085 775 2125 cogitationibus
804 2083 953 2114 vestris.»

189 2143 226 2173 Et
240 2140 478 2177 attendendum,
499 2139 582 2178 quod
599 2140 683 2168 recta
697 2140 742 2168 est
765 2137 959 2176 comparatio

189 2195 277 2227 avari
294 2195 333 2225 ad
349 2193 519 2229 camelum,
530 2192 604 2232 quia
622 2191 761 2222 camelus
774 2191 960 2230 ingentibus

191 2247 342 2278 membris
352 2246 535 2283 estanimal,
549 2253 689 2281 enorme,
707 2246 959 2282 monstruosum,

191 2304 221 2332 et
236 2301 423 2340 gibbosum3
443 2299 487 2330 sic
502 2307 618 2329 avarus
633 2307 689 2338 per
704 2306 844 2328 amorem
860 2306 962 2336 copu-

191 2355 274 2385 latus
298 2354 363 2384 suis
379 2352 629 2392 possessionibus
641 2376 648 2389 ,
665 2353 712 2382 est
736 2350 827 2391 quasi
842 2349 963 2380 animal

192 2409 442 2438 monstruosum.
467 2406 577 2435 Aditus
591 2407 697 2435 autem
712 2404 806 2443 regni
829 2403 963 2434 coelestis

193 2462 396 2500 comparatur
410 2458 557 2489 foramini
573 2467 646 2489 acus
662 2460 789 2498 propter
801 2457 964 2487 arctitudi-

195 2520 268 2544 nem
279 2515 309 2543 et
319 2511 582 2551 spiritualitatem.
597 2510 681 2541 Unde
690 2511 721 2540 in
730 2510 879 2542 Matthoeo
890 2509 923 2549 (c)
933 2509 943 2525 ὅ
955 2520 962 2539 :

200 2578 214 2596 a
224 2566 371 2604 Angusta
385 2566 476 2603 porta
490 2565 521 2593 et
542 2564 628 2593 arcta
647 2563 700 2593 via
723 2565 769 2594 est
790 2571 862 2603 quae
877 2562 965 2593 ducit

230 2649 236 2662 ¹
253 2646 334 2669 Gloss.
349 2643 458 2668 interlin.
478 2643 504 2666 in
523 2642 600 2666 hunc.
620 2642 668 2666 loc.
681 2655 712 2660 ——
724 2640 734 2656 ¹
749 2642 817 2672 Gal„
830 2649 864 2673 vi,
882 2644 918 2667 14.
936 2655 967 2660 —

198 2683 208 2698 ³
224 2681 314 2711 Eccle„
335 2686 358 2710 v,
379 2680 402 2703 9.
422 2692 446 2696 -
466 2679 473 2693 ⁴
490 2678 562 2708 ibid„
587 2678 668 2701 12-13.
687 2691 716 2695 —
734 2678 743 2694 ⁵
757 2678 816 2709 Iso„
837 2684 876 2708 ιν,
897 2679 920 2702 9.
939 2691 965 2696 -

998 271 1036 301 ad
1052 271 1161 309 vitam,
1179 274 1210 302 et
1220 271 1310 311 pauci
1324 274 1399 302 sunt
1410 272 1465 311 qui
1476 271 1644 302 inveniunt
1657 279 1766 301 eam.»

1002 324 1086 355 Unde
1107 326 1209 364 maj0r
1232 328 1278 355 est
1300 325 1534 365 impossibilitas
1558 325 1658 364 ipsius
1681 325 1772 355 avari

999 378 1036 407 ad
1052 378 1173 409 aditum
1193 378 1225 408 in
1248 387 1388 417 regnum
1407 378 1579 416 coelorum,
1603 387 1700 417 quam
1719 387 1773 408 ca-

999 431 1073 461 meli
1089 431 1127 461 ad
1148 431 1391 471 transigendum
1412 432 1555 461 foramen
1576 440 1662 461 acus.
1679 433 1774 471 Prop-

1000 486 1048 514 ter
1067 485 1150 523 quod
1170 484 1369 515 Bernartius:
1394 495 1408 512 <t
1425 484 1483 515 Per
1505 486 1678 523 angustam
1695 493 1774 514 con-

1001 538 1169 568 tendamus
1183 538 1309 576 ingredi
1333 541 1456 577 portam
1473 547 1599 568 necesse
1614 540 1671 568 est.
1694 537 1775 575 Quid

1001 593 1054 628 tu,
1075 590 1210 628 camele,
1236 590 1391 629 gibbum,
1414 591 1489 630 quid
1509 593 1562 628 tu,
1584 591 1773 630 pecuniose,

1001 644 1091 675 Judae
1108 643 1275 683 proditoris
1296 643 1416 674 loculos
1435 643 1540 673 tollis?
1556 642 1625 674 Non
1641 644 1699 682 sic,
1720 644 1777 674 im-

1002 698 1062 737 pie,
1080 706 1144 727 non
1161 697 1204 727 sic
1220 697 1412 735 ingredieris
1423 697 1565 727 foramen
1575 706 1650 727 acus
1659 697 1775 737 hujus:

1003 751 1142 781 sarcinas
1168 759 1231 780 non
1265 749 1412 779 admittit.
1433 761 1447 777 »
1479 749 1539 779 Sed
1569 752 1720 780 excusant
1745 759 1778 781 se

1003 803 1100 842 aliqui
1115 803 1273 833 dicentes:
1296 802 1492 840 «Abraham,
1511 802 1606 840 isaac,
1624 806 1655 833 et
1669 803 1776 842 Jacob,

1004 857 1174 895 caeterique
1189 856 1288 886 sancti
1302 856 1459 895 numquid
1470 865 1534 886 non
1548 859 1690 887 terrenas
1701 857 1779 888 divi-

1004 910 1063 939 tias
1087 909 1236 940 habuisse
1258 909 1412 948 leguntur
1426 911 1440 939 ἶ)
1463 911 1498 939 Et
1522 910 1635 940 sufficit
1668 910 1776 948 nobis;

1006 971 1109 1002 neque
1122 962 1208 992 enim
1222 972 1334 993 sumus
1344 962 1486 1001 patribus
1502 962 1684 993 meliores.»
1697 962 1778 999 Quid

1006 1015 1267 1055 respondebimus
1293 1015 1385 1045 novis
1413 1015 1626 1045 imitatoribus
1658 1017 1780 1046 saucto-

1006 1078 1079 1099 rum
1100 1071 1268 1100 veterum?
1288 1068 1457 1107 imponant
1481 1068 1599 1099 vitulos
1621 1077 1719 1108 super
1739 1068 1781 1098 al-

1007 1125 1073 1153 tare
1089 1122 1213 1152 Domini
1226 1146 1235 1159 ,
1257 1124 1393 1151 mactent
1408 1121 1532 1159 arietes.
1548 1121 1653 1151 hircos
1668 1121 1782 1152 immo-

1007 1176 1090 1213 lent,
1116 1176 1191 1213 Quia
1215 1176 1273 1205 hoc
1301 1175 1396 1205 etiam
1427 1174 1591 1205 Abraham
1619 1174 1699 1204 fecit.
1731 1173 1782 1204 Sic

1008 1232 1115 1259 autem
1136 1229 1297 1259 sacrificiis
1313 1228 1384 1264 illis,
1402 1228 1446 1258 sic
1459 1230 1490 1258 et
1503 1228 1634 1264 divitiis,
1651 1227 1783 1258 carnali-

1008 1283 1067 1313 bus
1082 1283 1185 1313 adhuc
1198 1281 1321 1321 populis
1331 1305 1340 1318 ,
1359 1281 1549 1320 dispensatio
1566 1280 1619 1311 Dei
1632 1281 1784 1311 timorem

1009 1338 1138 1377 gerebat
1153 1347 1159 1367 :
1177 1337 1233 1367 ubi
1248 1345 1322 1366 sane
1339 1335 1474 1366 coelestis
1488 1335 1655 1375 promissio
1666 1335 1782 1373 sonuit,

1009 1399 1135 1421 necesse
1153 1391 1200 1420 est
1219 1388 1441 1428 spiritualibus
1464 1387 1639 1428 spiritualia
1661 1396 1785 1427 compa-

1009 1445 1084 1482 rari,
1098 1447 1129 1475 et
1142 1443 1258 1474 mutari
1273 1443 1475 1480 sacrificium,
1489 1451 1544 1481 spe
1559 1444 1690 1472 mutata.
1704 1452 1719 1470 n

1052 1497 1169 1534 Quarto
1186 1521 1193 1535 ,
1224 1500 1382 1535 quantum
1410 1495 1447 1526 ad
1482 1495 1580 1534 ipsius
1612 1494 1785 1525 tenacitatis

1009 1551 1187 1582 remedium
1215 1558 1271 1589 per
1298 1550 1441 1579 divinum
1470 1548 1683 1587 adjutorium,
1709 1548 1783 1578 sub-

1009 1604 1055 1635 dit
1073 1606 1079 1643 ξ
1088 1613 1119 1634 v.
1137 1604 1190 1642 26)
1207 1614 1214 1633 2
1232 1603 1276 1634 Et
1291 1602 1442 1632 (luerunt
1456 1602 1514 1642 qui
1527 1601 1722 1632 audiebant:
1742 1601 1786 1632 Et

1010 1658 1082 1698 quis
1091 1661 1195 1698 potest
1217 1657 1322 1687 salvus
1343 1656 1442 1695 fieri?
1457 1655 1545 1693 Quod
1566 1656 1676 1686 dicunt
1696 1664 1787 1695 quae-

1011 1714 1115 1742 rentes
1127 1710 1317 1748 remedium,
1331 1712 1361 1740 et
1374 1709 1581 1740 exhorrentes
1594 1708 1784 1748 periculum.

1012 1765 1091 1795 Cum
1104 1764 1189 1795 enim
1204 1762 1386 1803 paucissimi
1405 1762 1482 1799 sint,
1502 1761 1556 1801 qui
1572 1761 1700 1791 divitias
1715 1769 1787 1800 per-

1011 1818 1089 1848 fecte
1105 1818 1323 1854 contemnant,
1339 1815 1466 1846 videtur
1488 1823 1529 1844 ex
1550 1814 1610 1844 hoc
1631 1813 1717 1853 quod
1733 1813 1788 1844 vix

1013 1871 1097 1901 ullus
1126 1870 1222 1910 possit
1254 1868 1383 1908 adipisci
1419 1867 1555 1898 salutem
1589 1869 1787 1906 perpetuam.

1014 1925 1102 1956 Unde
1115 1922 1337 1962 Augustinus⁷
1355 1931 1362 1952 :
1379 1921 1484 1952 «Cum
1501 1920 1608 1960 plures
1627 1920 1690 1950 sint
1708 1927 1787 1959 pau-

1015 1986 1104 2017 peres
1119 1985 1215 2016 quam
1232 1975 1343 2006 divites
1354 1999 1363 2012 ,
1383 1983 1448 2004 non
1463 1973 1522 2003 hoc
1536 1972 1689 2003 dixissent
1703 1971 1790 2012 Apo-

1015 2031 1102 2067 stoli,
1120 2030 1181 2060 nisi
1198 2029 1230 2059 in
1246 2037 1381 2059 numero
1400 2026 1537 2057 divitum
1560 2024 1792 2055 intellexissent

1015 2086 1160 2121 cunctos,
1173 2083 1227 2122 qui
1242 2081 1369 2112 divitias
1384 2079 1514 2120 adipisci
1530 2078 1676 2110 volunt.»
1695 2077 1791 2109 Pauci

1016 2140 1123 2168 autem
1141 2138 1216 2167 sunt
1234 2135 1289 2175 qui
1310 2143 1375 2165 non
1397 2135 1470 2163 sunt
1492 2132 1584 2169 tales,
1601 2131 1693 2171 quia,
1711 2131 1791 2162 sicut

1016 2190 1130 2222 dicitur
1143 2190 1153 2206 ⁸
1171 2200 1177 2220 ε
1197 2201 1210 2218 ι(
1224 2188 1340 2220 Omnes
1356 2195 1430 2226 quae
1446 2194 1503 2215 sua
1518 2188 1608 2222 sunt,
1625 2186 1788 2224 quaerunt,

1017 2253 1081 2274 non
1096 2251 1169 2283 quae
1186 2243 1260 2272 sunt
1279 2241 1353 2271 Jesu
1375 2238 1499 2269 Christi.
1516 2249 1530 2266 n
1553 2236 1669 2268 Omnes
1691 2237 1793 2276 igitur

1018 2297 1050 2327 iu
1068 2296 1207 2336 periculo
1224 2292 1438 2325 damnationis
1454 2300 1521 2321 esse
1535 2290 1694 2321 videntur.
1720 2290 1792 2321 Ideo

1019 2350 1171 2381 Dominus
1185 2347 1321 2379 ostendit
1336 2345 1512 2376 remedium
1527 2352 1582 2383 per
1593 2352 1660 2373 suae
1677 2343 1792 2382 gratiae

1019 2401 1155 2439 donum,
1173 2410 1246 2432 cum
1260 2399 1365 2430 subdit
1383 2404 1429 2438 (v.
1446 2397 1501 2435 27)
1521 2407 1527 2427 t
1545 2397 1599 2428 Ait
1614 2396 1696 2426 illis.-
1714 2396 1794 2434 Quae

1018 2455 1181 2497 possibilia
1196 2457 1269 2485 sunt
1284 2452 1374 2493 apud
1391 2451 1549 2486 hominem,
1567 2457 1622 2488 per
1641 2448 1793 2479 virtutem

1021 2509 1142 2539 virium
1157 2515 1299 2544 suarum,
1312 2503 1477 2546 possibilia
1487 2505 1561 2533 sunt
1575 2500 1666 2541 apud
1678 2501 1792 2540 Deum,

1024 2608 1032 2621 s·
1045 2605 1149 2635 Mami„
1163 2611 1208 2635 vu,
1224 2605 1261 2629 14.
1279 2617 1303 2621 —
1325 2604 1332 2617 ⁷
1349 2605 1423 2632 Aug„
1438 2600 1471 2623 ad
1486 2599 1580 2628 Hiran,
1597 2598 1671 2629 epist.
1687 2604 1795 2630 Lunx,

1023 2642 1053 2666 al.
1073 2647 1150 2665 cnvu.
1166 2653 1197 2658 —
1211 2640 1221 2656 ⁸
1235 2639 1339 2670 Philip,
1354 2644 1382 2665 n,
1399 2638 1469 2660 21.-
1484 2635 1515 2664 (a)
1533 2634 1593 2658 Cael.
1609 2634 1670 2658 edne.
1685 2634 1795 2665 perimit·

1026 2691 1050 2694 —
1068 2676 1102 2707 (b)
1118 2676 1177 2700 Item
1193 2675 1276 2699 distet.
1291 2687 1317 2691 —-
1332 2674 1362 2704 (c)
1379 2673 1441 2697 Item
1457 2669 1601 2694 Mattheus.
