1987 3032
194 196 252 227 238

193 262 256 293 bat.
273 273 287 291 n
307 261 362 293 Et¹
378 272 385 292 ε
407 273 421 291 α
434 262 512 292 Cum
525 261 646 291 venerit
661 259 851 297 Paracletus,
867 267 963 298 quem

194 324 256 354 ego
272 316 394 346 mittam
414 315 504 345 vobis
519 324 538 344 a
554 314 660 350 Patre,
675 312 821 352 spiritum
844 311 964 342 verita-

194 369 245 406 tis,
261 379 276 397 ι)
294 371 353 399 etc.
370 368 461 398 Hunc
475 376 555 405 ergo
572 369 647 396 tunc
661 366 747 396 dedit
758 365 893 403 occulte·,
910 365 964 395 sed

194 425 264 460 post
278 421 410 451 daturus
424 422 491 450 erat
505 419 702 449 abundanter
722 421 753 448 et
767 421 885 458 aperte,
901 418 961 448 sei-

194 474 266 505 licet
280 476 349 514 post
363 474 469 504 decem
484 472 560 510 dies,
585 472 617 502 in
629 472 745 511 quibus
760 480 793 502 se
808 471 964 502 debebant

194 528 233 558 ad
247 527 332 557 illam
349 526 577 566 plenitudinum
592 534 780 564 praeparare.
802 524 874 555 Ideo
888 524 962 554 sul)-

194 580 238 610 dit
261 591 267 610 :
295 580 351 611 Vos
367 583 474 609 aulem
497 578 598 608 sedete
621 578 654 607 in
673 578 814 613 civitate,
840 576 950 616 quoad
955 593 963 598 -

195 643 294 673 usque
305 632 487 662 induamini
495 632 610 661 ‘virtute
625 640 663 660 ea:
677 630 752 660 alto.
766 629 939 668 Gregorius
956 640 962 659 :

200 698 214 715 «
229 687 292 717 Nisi
310 685 407 716 sancti
423 684 557 724 Spiritus
574 684 682 714 unctio
696 683 828 713 interius
843 682 963 719 doceat,

197 740 311 770 frustra
328 737 513 778 praedicator
534 736 673 766 exterius
688 735 821 766 laborat.
844 745 858 762 »
878 734 965 765 Unde

198 793 230 822 in
244 791 394 824 Maltltoeo
411 791 449 829 (a)
466 793 477 808 ²
493 800 498 819 :
516 800 530 817 (ι
553 788 622 819 Non
641 789 726 818 enim
742 798 798 819 vos
822 788 894 818 estis
911 788 966 827 qui

198 845 376 886 loquimini,
393 843 444 874 sed
461 843 589 882 spiritus
610 841 710 872 Patris
732 841 828 871 vestri
851 841 906 880 qui
921 841 966 871 lo-

199 899 308 938 quitur
321 898 354 927 in
368 896 469 927 vobis.
484 906 498 923 »
517 894 601 925 Licet
613 896 720 924 autem
735 893 887 923 Dominus
901 894 965 923 sta-

200 953 257 982 tim
280 950 433 990 Spiritum
456 950 600 979 sanctum
624 948 729 986 posset
748 946 838 983 dare,
868 945 969 976 voluit

200 1007 306 1035 tamen
322 1002 464 1039 differre,
480 1003 548 1031 tum
564 1002 691 1039 propter
706 999 896 1029 desiderium
910 998 969 1029 dis-

201 1054 380 1095 cipulorum
393 1051 658 1083 inflammandum
673 1049 711 1080 ad
726 1049 908 1088 petendum,
925 1058 970 1079 se-

201 1107 342 1138 cundnm
356 1105 434 1136 illud
448 1105 458 1121 ³
475 1115 481 1135 z
503 1116 517 1132 «
531 1103 639 1139 Petite,
658 1106 686 1132 et
698 1102 824 1132 dabitur
839 1101 940 1131 vobis.
951 1112 965 1129 ι)

202 1160 349 1199 Sequitur
387 1169 393 1188 :
423 1169 436 1185 ι(
459 1156 491 1187 Si
515 1165 594 1195 ergo
618 1164 672 1185 vos
691 1164 765 1185 cum
789 1155 855 1184 sitis
876 1154 968 1192 mali,

202 1213 304 1243 nostis
326 1212 407 1242 bona
429 1210 500 1240 data
523 1210 598 1240 dare
619 1208 690 1238 tiliis
710 1208 834 1245 vestris,
852 1211 971 1247 quanto

202 1267 306 1305 magis
327 1266 419 1296 Pater
442 1266 546 1294 vester
562 1262 695 1292 scelestis
716 1261 802 1291 dabit
824 1261 971 1300 spiritum

201 1320 321 1350 bonum
337 1317 512 1358 petentibus
523 1326 554 1346 se
564 1317 579 1345 ἶ)
590 1327 603 1343 »
619 1315 700 1346 Tum
711 1318 838 1354 propter
853 1316 970 1354 myste-

202 1373 285 1402 rium
308 1371 518 1407 servandum,
539 1369 622 1409 quod
638 1369 908 1408 quinquagesima
921 1368 972 1398 die

202 1428 272 1464 post
289 1424 478 1464 passionem,
496 1423 550 1462 qui
572 1424 618 1453 est
635 1431 790 1452 numerus
811 1421 970 1452 remissio-

202 1478 260 1515 nis,
280 1480 311 1508 et
333 1477 499 1507 conficitur
521 1485 560 1505 ex
575 1478 694 1515 septem
713 1474 895 1514 septenariis
910 1474 972 1504 die-

202 1539 286 1568 rum,
303 1529 502 1569 superaddita
518 1538 582 1559 una
599 1529 730 1564 nullate,
747 1528 784 1557 ad
800 1528 972 1566 designan-

202 1583 279 1613 dum
302 1582 482 1622 septiforme
506 1581 639 1620 Spiritus
662 1581 762 1611 sancti
787 1581 922 1617 donum;
942 1583 973 1610 et

203 1638 362 1675 postremo
375 1637 502 1674 propter
512 1634 706 1673 exemplum.
720 1634 808 1664 Unde
821 1634 929 1664 Glossa
941 1635 950 1649 ⁶
963 1645 969 1664 z

207 1687 314 1718 «Cum
332 1690 471 1727 repente,
498 1687 523 1716 si
548 1686 655 1724 vellet,
682 1689 787 1725 posset
810 1696 863 1716 eos
879 1687 972 1717 robo-

202 1750 284 1778 rare,
301 1741 421 1771 distulit
442 1743 478 1771 ut
496 1740 678 1779 exemplum
698 1740 903 1779 sequentibus
921 1740 973 1770 da-

203 1796 265 1831 ret,
292 1803 332 1824 ne
356 1794 529 1833 imperfecti
553 1796 625 1823 ante
650 1795 774 1832 tempus
803 1793 973 1832 praedicare

203 1849 443 1886 praesumerent.
467 1857 482 1874 n
507 1846 579 1877 ldeo
602 1846 716 1876 dieitur
737 1847 771 1876 5;
797 1857 811 1874 «
834 1845 973 1885 Tempus

204 1900 336 1938 tacendi,
354 1902 384 1930 et
399 1902 522 1940 tempus
537 1899 694 1939 loquendi.
711 1910 726 1927 »
745 1899 783 1929 Et
797 1900 807 1915 ⁸
824 1908 831 1929 :
849 1910 863 1928 (ι
881 1899 974 1929 Ante-

205 1962 303 1992 quam
318 1952 469 1992 loquaris,
486 1952 580 1982 disce.
600 1962 615 1979 ))
633 1951 721 1982 Unde
735 1951 949 1991 Hieronymus
965 1963 971 1981 z

209 2016 223 2034 «
245 2005 416 2043 Discimus‚
438 2006 472 2035 ut
496 2007 565 2044 post
588 2004 724 2035 multum
747 2004 910 2035 silentium
936 2005 974 2036 de

205 2058 377 2098 disciplinis
406 2058 582 2088 efficiamur
609 2057 766 2096 magistri.
795 2057 973 2097 Disciplinae

206 2112 292 2143 enim
317 2111 536 2151 Pythagoricae
566 2113 612 2141 est
639 2120 695 2150 per
718 2110 974 2150 quinquennium

206 2167 319 2203 tacere,
336 2167 366 2195 et
380 2167 461 2204 post,
479 2164 619 2195 eruditos
633 2163 731 2203 loqui.
747 2174 762 2192 »

247 2218 363 2256 Tertio,
383 2219 540 2257 quantum
557 2217 595 2247 ad
614 2217 827 2247 ascensionem
845 2216 972 2255 Christi,

208 2271 313 2301 subdit
336 2271 377 2310 (v.
400 2271 446 2310 50)
466 2270 615 2301 :Eduxit
634 2273 742 2300 autem
763 2278 812 2300 eos
836 2270 975 2308 ferasin

208 2324 410 2355 Bethaniam.
444 2324 518 2354 Haec
549 2325 654 2354 autem
684 2322 835 2353 Bethania
867 2326 913 2353 est
942 2323 976 2354 in

208 2379 316 2406 monte
327 2376 448 2407 Oliveti.
469 2376 555 2407 Unde
568 2385 664 2415 supra
680 2375 689 2391 ⁷
708 2386 714 2405 :
737 2387 752 2404 (t
767 2375 845 2405 Cum
860 2384 976 2414 appro-

209 2429 392 2469 pinquasset
400 2429 439 2460 ad
451 2429 650 2469 Betliphage,
660 2431 690 2460 et
703 2429 840 2461 venisset
854 2428 977 2459 Betha-

209 2483 307 2520 niam,
336 2482 374 2512 ad
401 2484 543 2513 montem
572 2483 626 2522 qui
655 2484 786 2514 vocatur
817 2481 941 2513 Oliveti.
957 2493 972 2510 n

241 2544 339 2574 ¹.loan.,
354 2550 396 2572 xv,
412 2546 450 2567 20.
466 2557 495 2561 —
512 2544 520 2557 ³
536 2545 637 2574 Matth„
654 2551 679 2574 x,
694 2546 731 2568 20.
747 2558 777 2562 —
791 2545 801 2560 ³
816 2546 887 2574 Suo,
901 2550 937 2574 xi,
953 2546 976 2575 9,

213 2581 250 2604 13.
265 2593 293 2596 -
308 2580 316 2593 ⁴
334 2580 368 2602 Ex
384 2579 454 2609 Bou„
469 2579 510 2602 nbi
525 2586 580 2609 sup.
595 2592 624 2596 —
641 2581 649 2594 ⁵
669 2580 756 2609 Ecvlu„
772 2586 810 2609 ιιι,
826 2582 847 2603 Ἰ.
862 2594 891 2597 -
906 2580 915 2595 8
930 2580 977 2603 Επ-

211 2615 364 2644 cli.,xx111,
382 2616 418 2638 19.
435 2628 464 2631 -
480 2615 486 2627 ⁷
498 2616 571 2644 Solu,
586 2621 638 2643 xix,
652 2617 690 2638 ἐξ).
703 2629 733 2632 -
747 2615 851 2643 Smer„
865 2621 898 2645 xi,
910 2617 932 2638 Ἰ.
947 2627 978 2632 -

211 2652 221 2667 ⁹
238 2650 306 2674 Psac.
320 2656 388 2679 cxvi,
405 2651 460 2673 (3.-
471 2650 596 2679 misphe-su,
609 2656 643 2680 iv,
659 2652 681 2673 s.
699 2664 724 2667 -
741 2651 802 2674 ¹¹11!
819 2651 888 2680 Κεφ,
903 2656 977 2679 xviii,

743 191 952 223 EVANGELII
984 190 1123 222 SANCTI
1146 190 1257 221 LUCAE

1021 257 1249 297 Interpretatur
1276 258 1383 287 autem
1408 255 1560 287 Bethania
1580 256 1693 289 domus
1716 259 1790 291 obe-

1020 310 1147 341 (lientice
1158 334 1165 347 ‚
1194 310 1269 349 quia
1299 319 1354 349 per
1383 310 1594 340 obedientiam
1622 311 1792 344 collocatur

1020 364 1092 402 quis
1116 364 1149 393 in
1173 365 1280 393 monte
1301 373 1320 393 a
1339 363 1481 400 Christo,
1504 366 1533 393 et
1556 364 1750 396 benedicitur
1771 374 1792 396 a

1021 416 1154 452 Christo,
1171 418 1201 446 et
1216 416 1353 446 ascendit
1370 416 1401 445 in
1416 416 1543 447 coelum.
1568 417 1605 447 Et
1627 417 1698 448 idco
1717 418 1792 449 sub·

1021 469 1065 499 dit
1080 480 1086 499 z
1103 469 1133 500 E
1136 473 1147 498 ι
1161 469 1287 499 clevatis
1303 469 1451 499 manibus
1467 470 1544 509 suis,
1560 470 1720 500 benefle'ze't
1734 471 1789 501 eis.

1023 522 1057 552 In
1073 531 1136 561 quo
1149 521 1330 552 insinuatur
1344 521 1428 561 quod
1438 521 1490 552 ille
1503 522 1735 553 benedicendus
1745 525 1792 554 est

1021 585 1039 606 a
1055 576 1187 613 Christo,
1208 576 1263 615 qui
1281 575 1386 606 obedit
1399 575 1440 613 ei,
1459 577 1489 605 et
1503 575 1575 605 facit
1588 584 1702 615 opera,
1717 585 1791 616 quae

1021 628 1104 666 facit,
1121 630 1248 668 propter
1266 628 1376 658 Deum.
1393 627 1472 659 Nam
1486 627 1496 643 ⁸
1512 638 1526 656 a
1544 630 1629 658 terra
1643 637 1728 668 saepe
1740 638 1792 660 ve-

1023 679 1164 709 nientem
1180 688 1276 718 super
1291 688 1323 709 se
1337 679 1449 709 bibens
1462 678 1612 715 imbrem,
1627 680 1657 708 et
1671 679 1791 718 germi-

1022 741 1100 762 nans
1122 732 1254 762 herbam
1269 733 1478 771 opportunam
1489 755 1498 768 ,
1515 731 1627 770 accipit
1647 730 1791 761 henedic-

1023 785 1142 815 tionem
1155 795 1174 815 a
1190 785 1260 815 Deo.
1279 795 1293 812 »
1313 784 1391 814 Cum
1404 784 1519 814 talibus
1532 787 1638 814 autem
1653 783 1794 815 Christus

1024 838 1180 875 ascendit3
1198 840 1228 868 et
1243 838 1312 868 ideo
1327 837 1434 867 subdit
1450 838 1491 877 (v.
1510 839 1556 876 51)
1579 848 1585 866 :
1606 836 1652 868 Et
1667 837 1794 875 factum

1024 894 1079 928 esi,
1095 891 1172 920 dum
1188 889 1381 920 benediceret
1397 890 1470 928 illis,
1488 890 1613 920 recessit
1633 890 1673 920 ab
1690 890 1747 927 eis,
1765 893 1795 920 et

1023 945 1189 983 ferebatur
1203 945 1236 974 in
1254 944 1380 974 coelum.
1405 943 1493 974 Tunc
1512 943 1678 983 impletum
1694 945 1741 974 est
1754 943 1794 974 il-

1025 997 1078 1027 lud
1092 997 1102 1013 ⁹
1117 1006 1127 1026 ·.
1148 1009 1162 1026 «
1177 997 1323 1028 Ascendit
1336 997 1417 1027 Deus
1431 997 1464 1027 in
1471 997 1585 1036 jubilo,
1597 998 1628 1027 et
1641 996 1794 1027 Dominus

1026 1051 1058 1080 in
1072 1060 1147 1081 voce
1164 1050 1260 1080 tuhae.
1278 1061 1293 1078 »
1307 1049 1343 1080 Et
1359 1049 1474 1080 iterum
1486 1050 1507 1068 ¹⁰
1525 1060 1555 1079 z«
1568 1048 1748 1079 Ascendens
1761 1049 1794 1080 in

1025 1103 1142 1141 altum,
1165 1103 1322 1142 captivam
1342 1103 1432 1133 duxit
1454 1102 1666 1141 captivitatem
1684 1111 1691 1132 :
1710 1100 1794 1131 dedit

1026 1156 1107 1186 dona
1123 1155 1316 1186 hominibus.
1333 1166 1347 1182 »
1364 1155 1466 1194 Hujus
1481 1154 1621 1185 ascensio
1636 1153 1696 1184 fuit
1711 1161 1793 1193 prae-

1028 1210 1167 1247 figurata
1186 1209 1218 1238 in
1239 1208 1419 1238 ascen-ione
1436 1206 1602 1237 nubeculae
1616 1214 1735 1246 parvae,
1756 1205 1796 1236 de

1028 1272 1091 1301 qua
1106 1262 1221 1292 dicitur
1237 1263 1256 1280 ¹¹
1270 1270 1300 1291 :a
1312 1261 1389 1291 Ecce
1405 1260 1562 1290 nubecula
1577 1268 1685 1298 parva,
1704 1258 1796 1298 qnasi

1029 1315 1200 1353 vestigium
1217 1313 1355 1344 hominis
1373 1313 1570 1349 ascendebat,
1587 1323 1600 1339 n
1622 1313 1680 1341 etc.
1706 1310 1743 1341 Et
1762 1310 1797 1340 in

1028 1367 1208 1397 ascensione
1224 1366 1300 1397 Eliae
1317 1367 1339 1385 ¹2
1357 1377 1386 1396 :a
1403 1365 1550 1396 Ascendit
1564 1364 1647 1395 Elias
1661 1373 1716 1404 per
1730 1365 1797 1394 tur-

1029 1421 1133 1451 binem
1153 1420 1185 1449 iu
1200 1419 1328 1450 coelum.
1351 1429 1365 1447 »
1384 1418 1421 1449 Et
1445 1427 1500 1458 per
1520 1426 1687 1448 ascensum
1702 1416 1794 1454 solis;

1028 1474 1112 1503 unde
1133 1473 1292 1511 lIabacue,
1309 1472 1483 1503 secundum
1502 1472 1596 1502 aliam
1618 1470 1794 1501 translatio-

1028 1537 1101 1557 nem
1117 1528 1137 1545 ¹³
1154 1536 1186 1557 :«
1202 1526 1349 1557 Elevatus
1364 1528 1410 1556 est
1425 1525 1494 1563 Sol,
1516 1526 1546 1555 et
1561 1524 1650 1555 Luna
1667 1523 1751 1554 stetit
1763 1523 1795 1553 in

1027 1580 1136 1610 ordine
1152 1588 1220 1610 suo.
1242 1590 1256 1607 ι)
1276 1579 1313 1609 lit
1334 1588 1389 1618 per
1404 1578 1463 1608 hoc
1484 1578 1569 1617 quod
1584 1577 1726 1607 Chr1stus
1745 1584 1796 1606 as-

1028 1634 1129 1664 cendit
1143 1633 1181 1663 ad
1197 1633 1346 1670 coelestia,
1365 1632 1423 1663 suit
1437 1631 1550 1662 Christi
1567 1630 1703 1662 Ecclesia
1716 1629 1796 1661 ordi-

1027 1692 1101 1719 nata
1116 1689 1147 1718 iu
1163 1689 1228 1718 suis
1242 1688 1404 1727 gradibus.
1422 1687 1509 1718 Unde
1524 1687 1638 1717 dicitur
1653 1686 1673 1702 ¹⁸
1691 1697 1721 1716 2«
1735 1685 1796 1723 Qui

1028 1741 1199 1778 descendit,
1216 1742 1282 1781 ipse
1296 1743 1341 1771 est
1356 1743 1387 1771 et
1403 1741 1458 1780 qui
1471 1740 1608 1771 ascendit
1622 1748 1719 1779 supra
1729 1747 1795 1769 om-

1029 1804 1085 1825 nes
1099 1795 1202 1832 coelos,
1217 1796 1252 1824 ut
1264 1793 1409 1833 impleret
1418 1794 1535 1824 omnia.
1547 1805 1561 1821 »
1576 1792 1675 1823 Aliter
1688 1794 1796 1823 autem

1028 1849 1186 1879 serebatur
1207 1847 1363 1885 Christus,
1385 1847 1476 1877 aliter
1494 1846 1577 1877 Elias
1598 1856 1605 1876 :
1624 1854 1699 1876 nam
1713 1844 1796 1876 Elias

1028 1902 1146 1932 virtute
1161 1900 1362 1939 angelorum,
1376 1902 1406 1931 et
1416 1899 1641 1939 currusignei;
1654 1898 1797 1929 Christus

1029 1956 1136 1985 autem
1160 1954 1276 1985 virtute
1301 1954 1447 1993 propria,
1474 1953 1629 1983 serviente
1652 1953 1796 1983 ereatura

1028 2010 1093 2038 tam
1119 2007 1274 2047 spirituali
1299 2016 1396 2047 quam
1420 2006 1584 2046 corporali.
1610 2005 1648 2036 Et
1668 2005 1739 2036 ideo
1763 2004 1798 2034 in

1029 2061 1158 2092 Psalmo
1173 2061 1217 2091 ¹⁵:
1239 2071 1252 2089 α
1276 2060 1335 2096 Qui
1356 2059 1494 2090 ascendit
1508 2068 1603 2099 super
1623 2066 1770 2089 occasum
1787 2067 1794 2088 :

1030 2113 1182 2144 Dominus
1199 2121 1315 2143 nomen
1332 2112 1386 2142 illi.
1408 2123 1422 2141 ι)
1441 2112 1480 2143 Et
1497 2113 1518 2131 ¹⁶
1535 2123 1562 2143 :«
1580 2111 1655 2149 Quis
1675 2113 1722 2142 est
1738 2111 1796 2140 iste

1029 2166 1085 2206 qui
1100 2166 1188 2197 venit
1202 2165 1239 2196 de
1249 2165 1346 2196 Edom
1353 2189 1360 2202 ,
1371 2165 1474 2195 tinctis
1484 2165 1624 2195 vestibus
1633 2164 1670 2195 de
1680 2162 1794 2194 Bosra‘?

1030 2219 1090 2249 Iste
1105 2219 1261 2249 formosus
1275 2219 1308 2248 in
1323 2218 1402 2249 stola
1416 2228 1485 2256 sua,
1502 2218 1651 2257 gradiens
1667 2217 1701 2248 in
1718 2216 1798 2248 mul-

1030 2272 1164 2302 titudIne
1176 2271 1368 2302 fortitudinis
1382 2281 1459 2302 suae.
1479 2283 1494 2300 ι)

1070 2326 1202 2364 Quarto,
1219 2327 1374 2364 quantum
1389 2325 1428 2356 ad
1443 2325 1643 2356 devotionem
1657 2324 1796 2363 discipu-

1030 2379 1146 2416 lorum,
1162 2378 1267 2408 subdit
1284 2382 1324 2415 tv.
1342 2379 1390 2415 52)
1407 2389 1413 2407 z
1429 2378 1476 2409 Et
1489 2378 1550 2417 ipsi
1567 2377 1735 2408 adorantes
1746 2385 1796 2407 re-

1030 2432 1130 2471 yressz'
1149 2434 1223 2462 sunt
1237 2431 1271 2461 in
1286 2430 1488 2461 hierusalem
1501 2440 1573 2461 cum
1586 2429 1705 2470 qaudio
1726 2439 1798 2460 ma-

1035 2536 1069 2558 ii.
1092 2534 1202 2558 —121V
1231 2534 1298 2563 [ἰν-’μη
1319 2539 1346 2563 11,
1373 2534 1407 2557 tl.
1427 2546 1457 2549 —
1478 2531 1499 2548 ¹³
1521 2531 1622 2560 nuhaa,
1646 2537 1684 2561 ιιι,
1708 2533 1746 2554 Η.
1768 2545 1798 2551 -

1033 2570 1052 2585 ¹⁸
1073 2569 1174 2599 Ephes„
1196 2575 1230 2598 iv,
1254 2571 1289 2592 10.
1316 2580 1345 2585 —
1367 2569 1383 2582 '⁵
1402 2567 1469 2591 Psal.
1496 2573 1581 2597 mvn,
1603 2570 1626 2591 5.
1646 2580 1675 2585 —
1699 2567 1718 2583 ¹⁶
1738 2567 1798 2598 Iso„

1033 2611 1107 2632 ani,
1120 2607 1140 2628 1.

1065 2651 1099 2680 (τι)
1115 2650 1176 2674 Coet.
1189 2650 1250 2674 edit.
1267 2651 1337 2675 Unde
1355 2649 1496 2674 Matthaeus.
