1987 3032
740 191 942 224 EXPOSITIO
966 191 1005 222 IN
1027 191 1113 224 CAP.
1136 192 1243 224 XXIII.

177 263 348 300 tentiando,
361 261 528 301 subjungit
537 263 578 299 (v.
589 261 636 296 51)
647 268 654 290 :
666 260 707 291 At
719 259 766 289 illi
780 259 942 290 dederunt:

179 316 267 355 Quid
278 315 380 346 adhuc
394 313 609 344 desideramus
624 313 839 343 testimonialia
851 312 867 342 ,7
883 312 944 352 ipsi

176 370 260 400 em'm
275 368 458 399 audivimus
472 367 509 397 de
532 375 586 397 ore
605 366 683 405 ejus.
702 366 748 396 Ex
762 375 825 405 quo
845 375 940 406 appa-

174 424 222 453 ret
234 429 345 452 eorum
359 420 567 460 perversitas,
582 419 657 459 qula
672 419 754 449 mala
768 419 941 450 intentione

174 475 371 515 quaerebant,
382 473 527 504 videlicet
541 474 576 503 ut
586 474 734 512 caperent
746 481 819 503 eum
832 472 866 502 in
878 481 941 502 ser-

171 537 276 559 mone.
292 527 431 567 Apparet
453 527 548 557 etiam
568 527 652 566 quod
672 526 862 566 perversitas
881 535 938 556 vo-

169 580 300 611 luntatis
330 580 530 619 pervertebat
547 579 705 617 judicium
715 602 724 616 ,
755 579 831 618 quia
855 578 939 618 quod

170 633 313 664 Christus
336 633 459 663 dixerat
485 632 578 662 dubie
591 656 599 670 ,
627 632 807 671 arguebant
833 631 938 670 ipsum

171 687 353 717 asseruisse.
369 686 406 716 Et
423 686 467 716 sic
482 686 665 716 verificatur
680 685 757 715 illud
772 685 781 701 ²
799 694 806 714 :
828 695 842 713 «
856 684 938 715 Mul-

167 742 209 770 tae
220 741 294 770 sunt
308 739 429 769 insidiae
445 738 553 769 dolosi.
569 738 656 768 Bona
667 738 699 768 iu
710 738 794 768 mala
809 747 937 769 conver-

166 794 236 822 tens
249 791 426 829 insidiatur,
443 793 473 822 et
497 791 531 821 in
546 791 650 822 electis
667 791 808 830 imponet
824 800 936 822 macu-

166 846 242 876 lam.
259 845 348 876 »Hoc
362 847 480 883 autem,
498 845 582 884 quod
597 844 701 875 innuit
715 854 748 874 se
764 845 867 875 filium
880 845 934 875 Dei

166 908 248 937 esse,
265 899 455 938 reputabant
469 898 699 938 blasphemiam
710 921 717 935 ‚
737 900 767 928 et
781 898 850 929 ideo
865 900 936 929 tan-

165 961 262 992 quam
287 952 509 992 blasphemum
540 952 727 991 reputabant
755 953 856 982 morte
884 951 934 982 di-

166 1015 281 1045 gnum.
302 1005 391 1036 Unde
412 1004 535 1035 Marcus
556 1006 565 1021 ²
588 1014 596 1035 ε
622 1004 803 1035 «Summus
827 1006 934 1036 autem

167 1059 311 1089 sacerdos
327 1059 471 1089 scindens
487 1058 677 1089 vestimenta
689 1067 762 1096 sua⁷
778 1059 821 1089 ait
834 1071 840 1090 :
854 1059 934 1095 Quid

162 1112 266 1143 adhuc
282 1111 498 1142 desideramus
512 1112 625 1141 testes?
637 1111 776 1142 Audistis
790 1112 933 1151 blasphe-

162 1166 276 1202 miam;
293 1165 368 1204 quid
386 1165 474 1197 vobis
490 1165 637 1196 videtur?
650 1176 664 1193 ›)
677 1167 734 1196 etc.
758 1166 803 1195 lbi
826 1166 932 1196 subdi-

161 1220 224 1256 tur,
232 1218 316 1258 quod
325 1218 621 1257 coeperuntquidam
627 1228 799 1258 conspuere
807 1228 893 1258 eum,
902 1222 932 1250 et

161 1272 265 1303 velare
278 1271 388 1301 faciem
399 1272 484 1310 ejus,
496 1274 526 1302 et
536 1272 676 1311 colaphis
686 1282 760 1302 eum
771 1273 902 1303 czedere.
912 1284 925 1301 >³

161 1325 208 1356 Ex
229 1334 292 1364 quo
312 1326 415 1364 potest
439 1325 562 1364 colligi,
581 1326 666 1364 quod
684 1326 732 1355 bis
751 1326 856 1357 illusio
871 1326 930 1357 ista

160 1379 241 1408 facta
256 1379 302 1408 est
322 1378 367 1415 el,
385 1378 500 1408 scilicet
520 1378 658 1409 interdiu
674 1381 704 1408 et
719 1381 825 1410 noctu.
842 1380 929 1410 Unde

159 1429 294 1460 Joannes
309 1429 383 1459 dicit
399 1430 420 1467 ³,
436 1430 520 1469 quod
539 1441 552 1457 «
566 1430 711 1460 minister
726 1431 810 1461 dedit
825 1431 853 1461 ei
869 1431 929 1461 ala-

157 1491 231 1522 pam
245 1493 259 1510 »
286 1481 430 1512 in'domo
451 1482 572 1520 Annae,
590 1484 619 1512 et
640 1482 693 1512 alii
715 1483 928 1522 Evangelistae

156 1536 265 1567 dicunt
279 1538 301 1574 ⁶,
315 1536 400 1575 quod
415 1535 528 1566 illusus
542 1536 600 1566 suit
616 1536 649 1566 in
666 1536 760 1567 domo
776 1536 900 1575 Caiphae
919 1547 926 1568 :

155 1590 198 1620 ita
212 1591 247 1619 ut
271 1589 452 1619 verificetur
475 1588 560 1619 istud
632 1601 646 1617 «
661 1589 775 1620 Factus
800 1599 871 1620 sum
894 1591 927 1621 in

155 1642 295 1673 derisum
317 1643 382 1672 tota
404 1641 471 1679 die,
498 1651 608 1673 omnes
631 1642 828 1673 subsannant
853 1653 923 1683 me,

157 1695 233 1735 (suia
244 1696 312 1735 Jam
321 1695 396 1725 olim
405 1694 519 1734 loquor
529 1696 705 1726 vociferans
713 1696 924 1735 iniquitatem,

155 1751 186 1779 et
201 1749 378 1780 vastitatem
391 1748 528 1778 clamito.
547 1759 561 1777 »
582 1748 619 1779 Et
634 1749 703 1779 ideo
716 1758 802 1779 nunc
817 1750 926 1789 imple-

154 1804 224 1833 tum
235 1803 281 1832 est
291 1801 383 1839 illud,
397 1801 482 1841 quod
492 1801 637 1840 praedixit
652 1811 749 1841 supra
760 1802 769 1816 ἢ
781 1813 787 1832 :
804 1814 818 1831 «
833 1802 926 1842 Opor-

154 1858 199 1886 tet
213 1855 316 1885 tilium
331 1855 470 1884 hominis
485 1854 587 1885 multa
602 1855 666 1894 pati
679 1879 687 1893 ,
713 1857 743 1885 et
764 1856 926 1895 reprobari

155 1918 174 1938 a
192 1907 370 1938 senioribus
389 1909 420 1937 et
439 1907 635 1947 principibus
654 1908 851 1938 sacerdotum
864 1933 871 1946 ,
895 1911 926 1939 et

155 1961 276 1992 scribis.
290 1972 304 1989 ι)
326 1960 413 1991 Unde
428 1960 523 1991 etiam
538 1960 571 1990 in
593 1969 727 2000 persona
742 1970 853 1992 eorum
876 1962 923 1993 di-

155 2004 236 2045 citur
251 2014 327 2044 illud
342 2014 352 2030 ⁷
371 2024 377 2044 :
399 2025 413 2042 «
427 2013 680 2045 Desideravimus
704 2024 777 2045 eum
797 2015 925 2055 despec-

155 2070 225 2098 tum
245 2068 275 2097 et
296 2066 507 2097 novissimum
523 2066 681 2105 virorum,
707 2067 814 2098 virum
837 2068 923 2099 dolo-

157 2130 231 2152 rum
246 2122 277 2151 et
291 2121 441 2151 scientem
457 2120 691 2158 infirmitatem;
709 2124 738 2152 ct
751 2122 841 2162 quasi
855 2123 924 2153 abs-

155 2174 299 2205 conditus
314 2174 422 2205 vultus
437 2174 505 2213 ejus
522 2176 552 2204 et
568 2174 731 2213 despectus
743 2198 751 2212 ,
768 2175 851 2205 unde
867 2185 925 2206 nec

155 2227 374 2267 reputavimus
393 2236 484 2264 eum3
499 2229 529 2257 et
539 2236 596 2257 nos
611 2228 832 2267 reputavimus
849 2238 924 2259 eum

154 2280 246 2320 quasi
260 2280 420 2320 leprosum
431 2304 439 2318 ,
462 2281 493 2310 et
508 2289 692 2319 percussum
709 2290 727 2311 a
742 2280 804 2312 Deo
819 2283 848 2312 et
862 2282 922 2313 hu-

154 2333 325 2363 miliatum.
342 2344 356 2361 n
380 2333 416 2363 ln
436 2334 526 2373 cujus
542 2334 650 2372 figura
664 2334 777 2365 dicitur
792 2335 801 2350 ⁸
812 2358 821 2372 ,
838 2336 923 2374 quod

156 2385 272 2416 Michol
284 2386 349 2416 filia
361 2386 565 2426 Saulsprevit
575 2386 671 2418 David
687 2387 920 2420 subsilientem:

155 2439 200 2469 sic
216 2441 246 2469 et
257 2448 427 2479 synagoga
438 2439 598 2470 Christum
609 2440 781 2480 patientem
792 2452 800 2479 ;
812 2444 842 2472 et
854 2442 924 2474 ideo

154 2493 290 2532 perdidit
303 2493 425 2533 prolem
438 2495 468 2523 et
482 2493 709 2524 haereditatem.

187 2555 192 2569 ¹
211 2554 297 2583 Eccli„
313 2561 348 2585 xi,
363 2557 400 2585 31,
413 2556 451 2578 33.
466 2567 493 2571 -
505 2555 512 2568 ²
522 2555 611 2585 Mam,
628 2561 680 2585 xiv,
693 2557 772 2581 tia-(335.
784 2570 814 2574 -—
824 2557 834 2573 ³
845 2558 923 2590 Jorm„

158 2595 230 2619 xviii,
251 2591 288 2613 22.
304 2603 334 2607 -
354 2591 364 2606 Β
387 2590 489 2621 Mutet„
508 2597 578 2620 xxvi,
601 2592 640 2620 (¹17;
656 2592 743 2621 Marcu,
762 2599 814 2624 xnv,
836 2595 874 2618 65.
896 2608 925 2611 —

156 2625 163 2637 '³
179 2624 279 2652 Aerem„
294 2632 337 2656 xx,
351 2627 404 2649 7-8.
419 2638 449 2643 ·—
462 2626 471 2641 Β
486 2627 607 2656 Sup.‚1x‚
619 2628 657 2650 22.
673 2640 702 2645 —
718 2628 724 2641 ³
740 2628 864 2659 lsu.,1,111,
876 2632 923 2654 2-3.

158 2661 164 2669 *
187 2660 204 2683 ll
226 2660 292 2690 Κεφ,
316 2667 351 2691 v1,
379 2664 416 2686 16.
431 2675 461 2680 -
481 2664 489 2673 '¹
509 2662 566 2692 lut,
587 2665 609 2686 [3.
626 2676 657 2680 —-
678 2664 696 2680 ²⁰
718 2664 787 2695 Sap„
805 2671 838 2696 iv,
857 2668 879 2690 3.
896 2680 925 2684 —-

1708 196 1765 225 199

1239 281 1381 315 CAPUT
1407 282 1529 316 XXIII.

1037 382 1065 409 1.
1081 379 1127 410 Et
1141 388 1272 420 surqeyzs
1282 381 1563 412 omm'smultz'tzcdo
1571 390 1693 420 eorum,
1707 385 1768 415 etc:

996 430 1070 461 Post
1092 432 1281 473 descriptam
1303 435 1619 474 comprehensionem
1639 437 1670 466 et
1693 435 1766 467 illu-

995 484 1133 523 sionem,
1156 486 1207 516 hic
1231 487 1323 518 tertio
1348 488 1495 522 describit
1518 489 1763 520 accusationem

995 536 1032 566 Et
1044 538 1194 576 quoniam
1211 539 1351 571 Christus
1365 543 1432 571 erat
1445 541 1480 571 in
1499 541 1698 572 Hierusalem
1711 566 1719 580 ,
1736 544 1766 573 et

991 591 1098 620 tamen
1112 595 1242 623 venerat
1255 593 1292 624 de
1307 594 1424 624 finibus
1443 594 1590 631 Galilaeae,
1607 595 1678 625 ideo
1691 603 1764 634 pars
1798 600 1801 601 ’

992 642 1052 673 ista
1075 644 1170 675 habet
1190 646 1268 676 duas
1293 648 1415 686 partes,
1440 647 1474 677 in
1497 657 1635 687 quarum
1659 648 1764 688 prima

993 696 1100 734 agitur
1120 697 1157 727 de
1180 700 1377 730 accusatione
1399 700 1511 730 Christi
1536 710 1643 731 coram
1663 700 1763 732 Pilato

991 750 1126 789 praeside
1140 751 1155 781 J
1159 751 1275 789 udaeae3
1292 752 1326 782 iu
1341 753 1477 784 secunda
1492 763 1568 785 vero
1578 778 1586 792 ,
1610 754 1648 784 de
1669 763 1762 785 accu-

991 803 1112 834 satione
1125 805 1151 843 ej
1158 813 1194 834 us
1209 813 1315 834 coram
1326 805 1448 836 Herode
1458 806 1599 846 principe
1610 807 1759 846 Galilaeae,

990 856 1072 886 ibi⁹2
1090 857 1214 887 Pilatus
1229 861 1336 888 (rectem
1353 858 1485 889 amla'ens
1502 859 1684 895 Galz‘laeam
1700 862 1758 891 ete.

990 909 1077 939 Circa
1091 910 1332 949 descriptionem
1347 912 1556 942 accusationis
1578 922 1685 943 coram
1709 913 1762 944 Pi-

989 962 1062 1000 lato,
1080 963 1324 994 introducuutur
1339 966 1485 1004 quatuor,
1503 965 1620 996 scilicet
1637 975 1761 997 aecusa-

990 1016 1033 1046 tio
1041 1016 1195 1055 improba,
1208 1017 1371 1056 inquisitio
1382 1020 1477 1056 recta,
1486 1019 1647 1049 excusatio
1654 1020 1667 1059 j
1672 1021 1743 1050 usta
1752 1043 1760 1057 ‚

989 1070 1196 1100 accusationis
1211 1072 1404 1110 aggravatio
1419 1072 1612 1112 importuna.

1029 1123 1189 1160 Quantum
1204 1124 1244 1154 ad
1259 1125 1492 1156 accusationem
1506 1126 1701 1165 improbam,
1719 1126 1763 1156 di-

987 1176 1028 1206 cit
1045 1187 1051 1206 :
1068 1178 1113 1208 Ec
1127 1187 1259 1217 sumens
1270 1179 1372 1208 omnis
1382 1178 1553 1209 multitudo
1570 1189 1694 1216 eorum,
1707 1179 1762 1209 clu-

986 1234 1104 1260 :cerzmt
1125 1231 1216 1261 illum
1238 1231 1283 1261 acl
1300 1232 1453 1262 Pilatum.
1472 1232 1644 1263 Multitudo
1660 1232 1759 1270 venit,

986 1286 1020 1314 nt
1036 1294 1131 1323 quem
1144 1285 1266 1315 ratione
1283 1294 1432 1325 superare
1448 1295 1512 1316 non
1527 1288 1683 1326 poterant,
1705 1286 1762 1316 sal-

986 1339 1049 1367 tem
1074 1337 1236 1367 vincerent
1258 1338 1464 1368 multitudine
1485 1339 1506 1357 ¹⁰
1525 1349 1531 1368 ε
1555 1350 1569 1367 «
1585 1338 1761 1377 Multigena

985 1392 1092 1421 autem
1106 1391 1279 1430 impiorum
1291 1392 1460 1422 multitudo
1475 1401 1539 1422 non
1560 1393 1622 1423 erit
1632 1393 1728 1424 utilis.
1741 1404 1755 1422 n

985 1444 1022 1474 Et
1048 1444 1118 1474 ideo
1142 1444 1354 1483 periculosum
1377 1447 1422 1474 est
1441 1454 1514 1475 cum
1536 1446 1592 1476 tali
1613 1446 1759 1478 multitu-

985 1496 1057 1526 dine
1075 1497 1291 1534 commisceri3
1313 1499 1441 1536 propter
1464 1498 1548 1536 quod
1569 1498 1687 1529 dicitur
1711 1500 1731 1518 ¹¹
1750 1509 1759 1530 τ

988 1563 999 1576 «
1026 1549 1095 1581 Non
1118 1559 1226 1589 pecces
1251 1550 1285 1580 in
1309 1550 1512 1581 multitudine
1544 1551 1582 1590 (a)
1608 1552 1758 1591 civitatis,

983 1614 1041 1636 nec
1055 1608 1085 1635 te
1095 1605 1249 1635 immittas
1265 1605 1296 1635 in
1307 1605 1461 1644 populum
1472 1616 1480 1643 3
1493 1616 1508 1634 »
1523 1606 1598 1645 quia
1609 1606 1758 1639 dicitur¹³:

987 1670 1002 1689 (ι
1024 1658 1145 1698 Stuppa
1164 1658 1292 1690 collecta
1312 1668 1484 1698 synagoga
1506 1661 1715 1699 peccantium,
1731 1663 1762 1692 et

983 1711 1215 1742 consummatio
1235 1712 1362 1742 illorum
1383 1712 1514 1742 flamma
1534 1713 1631 1751 ignis.
1648 1724 1662 1741 »
1687 1713 1762 1746 Haec

983 1767 1092 1795 autem
1115 1765 1287 1795 multitudo
1313 1766 1462 1796 convenit
1483 1766 1521 1796 ad
1541 1767 1762 1806 multipliciter

983 1818 1142 1849 Christum
1159 1819 1395 1857 accusandum3
1414 1819 1499 1849 unde
1517 1819 1623 1850 subdit
1646 1820 1685 1859 (v.
1703 1821 1731 1860 ⁶2)
1750 1831 1758 1853 t

984 1871 1010 1903 C
1012 1875 1159 1911 (eperunt
1168 1875 1276 1902 (necem
1287 1871 1380 1901 illum
1392 1880 1556 1902 accusare.
1564 1871 1763 1904 Aecus-abant

982 1933 1057 1955 cum
1081 1926 1234 1964 tanquam
1258 1926 1327 1964 ejus
1343 1925 1521 1956 adversarii
1542 1926 1565 1943 ¹³
1584 1935 1591 1956 :
1612 1925 1762 1957 «Audisti

983 1977 1152 2017 opprobria
1185 1987 1298 2008 eorum
1311 2002 1318 2016 ‚
1354 1978 1504 2017 Domine,
1532 1988 1646 2010 omnes
1679 1979 1763 2020 cogi-

981 2031 1115 2062 tationes
1131 2040 1242 2061 eorum
1258 2032 1429 2063 adversum
1449 2041 1513 2062 me.
1539 2032 1635 2063 Labia
1656 2033 1762 2063 insur-

982 2084 1130 2123 gentium
1145 2085 1237 2115 mihi.
1255 2095 1269 2112 »
1289 2085 1449 2115 Accusant
1464 2086 1573 2116 autem
1595 2094 1667 2116 eun]
1689 2088 1761 2116 tan-

983 2146 1081 2176 quam
1096 2139 1278 2176 peccantem
1293 2137 1326 2167 iu
1341 2137 1512 2177 populum3
1533 2140 1664 2177 propter
1678 2139 1762 2178 quod

984 2190 1132 2221 subditur
1145 2201 1152 2220 :
1167 2191 1311 2221 Dt'cences
1320 2200 1331 2220 :
1345 2190 1428 2221 lame
1443 2191 1625 2221 invenimus
1637 2192 1762 2222 subver-

984 2247 1097 2274 tentem
1112 2247 1238 2282 (semem
1253 2247 1407 2273 nostram.
1431 2243 1683 2275 Subversionem
1705 2255 1763 2285 po-

983 2297 1051 2337 puli
1067 2300 1181 2328 vocant
1196 2297 1257 2327 viri
1274 2296 1418 2327 subversi
1432 2298 1463 2327 et
1480 2297 1700 2337 subversores,
1717 2308 1764 2330 se-

985 2351 1126 2381 cuudum
1142 2351 1219 2381 illud
1231 2351 1289 2380 ¹⁶2«
1304 2350 1364 2380 Fili
1379 2350 1537 2389 hominis,
1558 2352 1714 2384 increduli
1733 2356 1764 2385 et

984 2405 1188 2436 subversores
1204 2406 1277 2435 sunt
1292 2406 1412 2442 tecum,
1431 2407 1462 2435 et
1480 2408 1559 2436 'cum
1587 2407 1763 2447 scorpioni-

986 2459 1045 2489 bus
1059 2458 1182 2488 habitas
1199 2468 1206 2488 ι
1223 2458 1321 2489 verba
1335 2467 1445 2488 eorum
1462 2468 1502 2489 ne
1515 2459 1641 2498 timeas,
1653 2463 1684 2491 et
1700 2461 1764 2491 vul-

985 2514 1036 2542 tus
1049 2520 1159 2541 eorum
1174 2520 1214 2541 ne
1229 2511 1390 2560 formides,
1408 2512 1484 2551 quia
1498 2512 1615 2543 domus
1632 2523 1762 2553 exaspe-

983 2588 1001 2604 Η
1020 2587 1106 2617 lica-li„
1123 2592 1167 2616 vu,
1183 2588 1206 2609 7.
1222 2599 1251 2604 —
1267 2587 1284 2600 ¹²
1300 2587 1372 2618 ibid„
1389 2594 1447 2619 xxl,
1464 2590 1501 2612 10.
1518 2601 1546 2607 —-
1567 2589 1584 2605 ¹³
1611 2589 1709 2619 Tmen„
1732 2596 1760 2614 111

982 2624 1063 2647 Gi-ffl.
1081 2622 1138 2639 -Ν
1151 2621 1247 2652 Εεσς]ι,.,
1265 2629 1291 2652 Η,
1307 2625 1329 2647 6,

1015 2667 1049 2697 (η)
1070 2666 1141 2696 ΓυΙςχ.
1158 2666 1351 2690 multitudinem.
