1987 3032
196 197 255 225 498

196 262 243 294 qui
253 260 356 287 dicitur
369 259 558 292 Limosa-ctos,
573 258 655 293 quod
671 258 878 293 iuterpretatur
889 256 967 292 judi·

196 307 275 334 cium
295 305 342 333 vel
354 305 493 340 judiciale
506 305 530 338 ¹,
546 305 674 331 Hebraico
697 307 788 331 autem
809 304 965 336 Galabatha,

197 344 279 388 duod
293 348 497 387 interpretatur
510 352 628 377 varietas
643 351 792 384 pauimenti
806 349 854 377 vel
874 350 967 383 collis,

196 399 258 427 sive
271 399 433 432 sublimitas,
448 396 612 424 secundum
627 396 771 424 Glossam.
788 397 872 423 Forte
888 395 967 423 enim

198 448 259 474 erat
275 445 359 473 locus
383 444 532 475 eminens,
557 444 676 470 ornatus
694 442 874 478 pavimento.
893 443 924 469 Et
937 442 967 469 in

196 492 253 520 hoo
267 490 424 526 descriptio
438 489 507 517 loci.

235 540 278 566 14.
294 539 360 565 Erat
378 539 467 563 autem
479 543 623 571 parasceve
637 535 752 562 Paschae.
771 534 876 562 Dicitur
890 534 969 562 enim

196 591 338 620 parasceve
351 583 465 618 paratio
481 590 586 616 coenae,
602 581 649 609 vel
663 580 777 617 paratio
791 580 922 616 paschae,
937 579 969 607 id

198 634 258 664 est,
273 630 336 657 dies
348 627 572 665 praepara⁴ionis
586 627 819 655 necessariorum
836 634 890 662 pro
903 626 970 653 sab-

198 678 283 710 bato,
297 676 327 704 in
343 683 402 712 quo
418 683 479 702 non
493 674 601 702 licebat
614 681 730 710 parare.
752 672 833 700 Unde
856 675 968 707 Augus—

198 724 275 751 tinus
289 724 299 740 ²
319 731 344 750 z«
359 723 517 750 parasceve
531 720 619 748 latine
634 719 810 756 praeparatio
825 720 887 753 est,
901 728 914 744 n
933 718 969 753 (a)

200 769 283 806 quod
297 769 350 796 1110
369 768 416 795 die
438 767 618 802 colligebant
635 774 690 802 pro
714 765 833 793 duobus
853 764 969 792 diebus.

200 818 374 849 parasceve,
387 814 520 850 inquam,
537 813 662 847 Paschae,
679 812 710 839 id
722 813 764 839 est
773 811 890 839 sabbati
905 819 970 846 azy-

199 870 318 890 morum
334 871 340 889 :
360 861 442 896 quod
457 860 505 887 hic
519 859 644 887 sumitur
661 866 715 895 pro
735 858 881 885 paschate.
903 858 970 884 Erat

201 912 266 938 hora
281 911 358 944 quasi
372 911 458 935 sexta.
476 908 507 934 Et
521 906 552 933 111
566 905 624 933 1100
645 905 801 940 descriptio
819 904 969 940 temporis.

200 957 256 985 Sed
272 955 422 992 quaeritur,
439 952 563 989 qualiter
579 952 632 979 ait:
644 953 719 979 Hora
729 954 807 979 sea-ta
817 972 825 985 ‚
841 950 911 986 quia
926 950 970 978 di-

201 1004 275 1031 citur
286 1023 295 1036 ‚
311 1001 395 1037 quod
413 999 541 1028 tenebrae
561 998 642 1025 1118118
656 1000 723 1025 sunt
737 997 775 1025 ab
789 997 865 1025 hora
879 999 971 1032 sexta,

201 1058 294 1085 usque
309 1048 347 1076 ad
362 1047 466 1075 horam
481 1053 593 1073 nonam
610 1053 616 1072 x
639 1052 710 1079 ergo
732 1044 806 1071 hora
825 1044 906 1070 sexta
919 1042 972 1070 suit

199 1103 312 1131 passus,
328 1101 389 1121 non
402 1092 560 1128 judicatus.
577 1093 648 1119 item
665 1090 770 1118 dicitur
778 1090 799 1124 ³,
816 1089 899 1125 quod
911 1091 973 1116 erat

201 1141 286 1178 quasi
299 1141 373 1168 hora
386 1139 479 1167 tertia.
495 1140 528 1166 Et.
541 1138 579 1165 ad
595 1137 672 1165 istud
686 1135 846 1171 respondet
859 1138 971 1169 Augus-

202 1188 279 1214 tinus
292 1188 302 1203 5
318 1186 441 1219 diffuse,
462 1184 545 1220 quod
560 1184 634 1211 hora
650 1183 731 1210 tertia
753 1184 813 1209 erat
824 1203 832 1216 ,
849 1180 971 1217 quando

202 1233 359 1261 crucifixus
372 1231 482 1266 linguis
496 1230 683 1263 Judaeorum;
698 1229 774 1256 hora
789 1235 859 1255 vero
878 1229 970 1261 sexta,

202 1279 323 1315 quando
344 1277 502 1306 crucifixus
514 1276 652 1304 manibus
667 1274 802 1302 militum.
827 1273 879 1301 illa
894 1273 972 1300 enim

201 1327 290 1360 hora,
304 1333 364 1361 qua
376 1332 393 1352 a
402 1323 545 1351 militibus
559 1322 716 1349 crucifixus
728 1323 784 1353 est,
799 1319 883 1355 quasi
893 1321 974 1347 sexta

199 1373 261 1407 jam
277 1373 415 1407 coeperat.
430 1372 462 1398 Et
474 1369 510 1397 de
523 1369 580 1396 hoc
595 1367 772 1403 Augustinus
786 1366 930 1400 multum,
946 1367 975 1392 et

203 1421 244 1446 est
258 1419 288 1446 in
303 1418 404 1445 Glossa
418 1425 472 1452 pro
489 1419 580 1451 parte.
602 1416 634 1442 Et
648 1422 684 1441 ex
698 1413 756 1441 hoc
771 1414 827 1447 est,
846 1411 928 1448 quod
943 1411 974 1439 in

202 1465 289 1500 hujus
302 1463 477 1491 memoriam
492 1461 598 1489 dicitur
613 1460 702 1487 missa
716 1460 791 1487 111181
811 1459 924 1486 tertiam
947 1459 976 1485 et

203 1514 326 1540 sextam.
342 1513 375 1538 Et
394 1511 418 1538 si
438 1510 552 1537 dicatur
575 1508 665 1535 missa
684 1514 791 1540 mane,
811 1504 974 1532 secundum

204 1558 352 1594 quosdam
364 1578 372 1590 ,
386 1556 459 1583 feria
473 1555 563 1582 debet
581 1553 640 1581 11181
656 1555 733 1580 aute.
751 1553 783 1579 Et
796 1552 876 1587 patet
895 1550 953 1577 hoc
964 1571 973 1584 ,

205 1604 287 1640 quod
302 1605 374 1630 Deus
386 1601 479 1637 judex
491 1601 587 1635 justus
598 1599 745 1634 judicatus
757 1596 840 1624 estin
852 1596 917 1624 loco
930 1596 975 1630 ju-

205 1651 273 1678 dicii
287 1658 348 1678 non
360 1649 448 1684 justi,
465 1648 518 1675 sed
532 1646 626 1682 iniqui
640 1647 650 1663 ⁵
667 1654 674 1673 ;
693 1655 707 1670 a
718 1646 811 1672 Causa
825 1647 875 1671 tua
889 1642 974 1678 quasi

204 1697 288 1733 impii
310 1696 442 1732 judicata
456 1697 516 1729 est,
536 1701 656 1721 causam
674 1691 880 1727 Judiciumque
903 1689 977 1716 reci-

205 1745 277 1780 pies.
293 1753 307 1770 »
322 1745 354 1770 Et
367 1741 498 1778 sequitur
512 1749 520 1768 1
538 1741 611 1766 Dicit
626 1739 729 1766 Jucloeis
743 1745 752 1764 :
768 1739 832 1764 Ecce
844 1737 902 1763 Rea:
919 1742 977 1762 ues-

207 1795 257 1818 ter.
273 1790 447 1817 Existimans
462 1795 513 1815 eos
533 1786 640 1814 Pilatus
663 1783 845 1817 movendos,
868 1781 979 1809 scilicet

207 1838 238 1865 in
252 1835 484 1864 misericordiam
495 1855 503 1868 ,
520 1833 634 1861 nullam
647 1831 758 1859 taciens
770 1829 978 1858 scrutationem

207 1883 327 1912 tradidit
349 1890 434 1916 eum,
455 1880 565 1908 scilicet
583 1877 754 1911 offerendo,
779 1876 818 1904 ait
839 1875 979 1910 Chryses-

208 1933 306 1958 tomus
320 1931 340 1956 ⁵.

244 1978 288 2004 15.
308 1975 365 2003 Sed
382 1976 443 2009 illi,
459 1971 588 2001 indurati
607 1971 638 1998 111
657 1969 788 2003 malitia,
806 1968 980 1995 clamabant:

211 2024 297 2057 Tolle,
313 2023 388 2052 tolle,
407 2021 539 2053 crucifige.
556 2016 718 2046 Geminatio
739 2015 818 2043 enim
836 2016 918 2041 notat
934 2014 980 2040 in-

210 2069 373 2097 tensionem
386 2066 504 2094 malitiae
519 2071 622 2092 eorum
636 2063 668 2090 in
681 2062 799 2095 affeetu,
809 2062 903 2088 morte
915 2067 981 2087 cou-

210 2115 367 2143 tumeliosa
379 2113 511 2141 volentes
528 2111 559 2145 (b)
576 2117 644 2137 eum
659 2108 809 2142 occidere,
825 2109 858 2134 ut
871 2106 982 2134 dictum

211 2164 253 2189 est
270 2171 276 2189 :
304 2163 365 2188 erat
392 2159 471 2187 enim
498 2165 578 2185 mors
605 2153 898 2191 exprobrabilissima
909 2174 917 2187 ,
943 2152 982 2180 ait

210 2208 434 2244 Chrysostomus
457 2205 482 2239 Ἴ,
509 2210 608 2238 supra.
639 2202 768 2235 Dimitque
794 2199 828 2235 (c)
851 2200 958 2226 Pilatus
974 2208 980 2226 :

210 2255 305 2288 Regem
318 2256 432 2280 vestrum
446 2250 622 2284 crucifiqam?
640 2257 654 2272 11
665 2246 772 2274 Volens
787 2246 865 2273 euim
881 2245 917 2280 (d)
933 2252 982 2272 eo-

210 2309 278 2328 rum
292 2299 455 2335 ignominia
474 2305 525 2325 eos
545 2296 696 2329 frangere,
715 2303 728 2319 1)
746 2293 779 2320 id
793 2294 850 2326 cst,
870 2290 946 2319 flecti
966 2298 983 2318 a

212 2347 334 2380 malitia,
345 2347 421 2374 111108
433 2345 501 2378 ait,»
511 2343 550 2370 ait
559 2341 737 2376 Augustinus
748 2339 768 2366 ⁸.
783 2338 984 2373 Responderunt

245 2419 252 2434 ¹
266 2417 330 2442 Male
346 2416 457 2447 quidem,
470 2420 530 2437 num
544 2412 652 2436 connata
666 2417 717 2434 vox
733 2411 771 2433 est
785 2416 800 2433 a
813 2409 894 2437 Αώὸς,
910 2407 984 2438 lapis,

213 2456 238 2478 et
248 2454 394 2485 Στρώννυμι,
406 2453 497 2480 sterno,
508 2448 580 2479 quasi
594 2446 687 2470 dixeris
703 2453 709 2469 :
726 2445 841 2468 Stratum
855 2442 984 2473 lapidum,-

212 2489 329 2519 idemque
339 2493 428 2511 sensus
438 2487 475 2509 est
485 2483 555 2507 vocis
563 2481 690 2506 hebraicae
702 2480 842 2504 Sabbatha.
851 2492 876 2495 -
888 2479 897 2492 ²
907 2480 984 2508 Aug„

211 2525 296 2548 Tract.
311 2528 390 2552 cxvii,
403 2528 429 2544 u.
442 2522 465 2544 2.
478 2533 506 2537 —
518 2519 529 2535 ³
542 2519 631 2547 Marc„
647 2522 689 2547 xv,
703 2517 741 2540 33.
753 2529 782 2533 -
796 2515 806 2531 ⁴
821 2516 897 2545 Aug„
910 2513 984 2543 ibid„

212 2566 239 2584 n.
260 2562 282 2583 1.
301 2571 331 2576 -—
350 2558 360 2574 ⁵
374 2556 434 2585 Job,
457 2559 550 2583 xxxvi,
570 2554 606 2576 Π.
625 2565 653 2569 -
669 2552 679 2568 ⁶
693 2551 834 2582 Chrysost.,
855 2549 898 2573 ubi
915 2555 983 2579 sup.y

212 2602 238 2618 11.
258 2596 281 2618 2.
297 2607 327 2611 -
345 2594 352 2607 ⁷
372 2591 436 2616 ibid.
450 2603 481 2608 —
499 2589 510 2605 ⁸
530 2589 646 2618 August,
664 2587 746 2611 Tract.
769 2591 843 2616 cxv1,
861 2591 888 2608 n.
909 2585 933 2607 8.
953 2596 984 2600 -

212 2644 222 2657 9
236 2630 377 2661 Chrysost.,
394 2627 436 2651 ubi
450 2631 506 2655 sup.
522 2630 596 2654 prox.
611 2635 640 2640 —
660 2623 679 2639 ¹·
695 2622 758 2646 lbid.
772 2634 803 2639 —
818 2621 836 2637 ¹¹
851 2622 924 2650 Aug„
940 2617 982 2642 ubi

716 191 790 221 1sz
800 190 927 222 NGELll
951 189 1090 222 SANttTi
1109 189 1273 222 JOANle

1022 259 1109 283 aulem
1121 256 1274 290 Pontifices,
1284 256 1336 292 qui
1346 256 1524 292 instigabant
1534 256 1653 292 plebem
1667 256 1707 284 ad
1719 264 1794 293 pre-

1023 302 1110 329 dicta.
1123 303 1155 329 Ut
1169 302 1209 330 ait
1222 302 1446 338 Chrysostomus
1455 303 1479 330 ⁹:
1496 312 1510 327 ιι
1525 302 1610 330 Plebs
1624 303 1794 331 inordinata

1022 351 1049 375 81
1071 350 1208 384 corrupta
1230 356 1248 376 a
1266 348 1463 384 111-1110101005,
1483 349 1524 376 sic
1541 348 1711 376 clamabat:
1732 350 1795 378 Non

1022 396 1145 422 habemus
1158 403 1243 428 regem
1254 397 1311 422 nisi
1326 395 1463 423 Caesarem.
1478 406 1492 421 »i
1511 397 1541 423 Ut
1556 395 1635 422 enim
1649 395 1689 423 ait
1703 395 1794 432 Chry-

1023 444 1170 468 sostomus
1186 442 1219 474 ¹⁰,
1236 450 1250 466 «
1265 441 1397 468 volentes
1411 441 1581 477 semetipsos
1596 441 1796 470 submiserunt

1023 487 1183 522 supplicio,
1200 498 1213 512 »
1230 487 1338 514 scilicet
1356 487 1487 514 servituti
1507 487 1625 515 Caesaris
1647 490 1674 515 et
1688 489 1795 515 Roma-

1024 540 1150 560 norum:
1170 543 1183 558 11
1198 535 1226 560 et
1240 535 1396 568 propterea
1414 533 1554 560 Dominus
1569 541 1620 561 eos
1635 533 1756 562 tradidit
1768 535 1796 562 et

1025 579 1135 606 dimisit
1155 587 1274 613 eorum,
1295 589 1310 604 »
1333 578 1364 606 id
1385 580 1427 606 est
1442 580 1655 613 Romanorum,
1673 590 1686 606 e
1702 579 1795 608 servi-

1024 625 1076 652 tuti
1092 633 1142 652 eos
1155 625 1294 652 incidere.
1310 635 1324 650 n

1061 674 1104 700 1⁴3.
1119 675 1150 700 Et
1161 673 1292 708 sequitur
1306 673 1368 700 Filii
1382 673 1431 700 Dei
1443 681 1459 700 a
1469 672 1560 700 Pilato
1571 672 1706 701 traditio:
1724 673 1797 700 Tunc

1025 727 1086 752 8190
1109 719 1228 746 tradidit
1252 721 1290 746 eis
1308 721 1400 751 illum,
1421 719 1530 747 scilicet
1550 719 1655 747 ductus
1675 719 1795 754 timore,

1026 768 1057 793 ut
1081 765 1191 793 dictum
1212 767 1268 799 est,
1288 769 1319 792 ut
1335 767 1542 800 crucifiqeretur.
1567 765 1623 793 Sed
1646 765 1798 802 quaeritur,

1026 819 1118 847 quare
1129 820 1189 839 non
1204 812 1258 839 ait:
1280 822 1291 838 ι(
1308 813 1338 839 L't
1352 811 1578 846 crucifigerent?
1589 822 1602 838 n
1621 813 1654 839 Et
1667 811 1707 839 ad
1720 811 1798 839 istud

1025 856 1184 893 respondet
1198 858 1374 893 Augustinus
1385 857 1506 893 ¹¹,quod
1517 857 1586 885 ideo
1601 858 1642 885 sic
1655 857 1797 894 loquitur,

1031 914 1044 929 «
1057 907 1089 932 ut
1104 904 1213 932 scilicet
1229 904 1449 937 crucifigeretur
1465 903 1580 938 judicio
1599 911 1633 931 ac
1649 904 1682 938 (e)
1700 905 1799 939 potes-

1026 952 1083 978 tate
1097 950 1238 986 praesidis,
1254 952 1285 977 ut
1301 958 1352 978 eos
1369 949 1490 977 crimine
1509 948 1689 984 implicaret,
1705 957 1723 977 a
1736 957 1798 985 quo

1027 997 1115 1024 alieni
1138 1005 1199 1024 esse
1221 997 1415 1024 conabantur.
1435 997 1500 1023 Non
1519 995 1598 1023 enim
1616 995 1673 1022 hoc
1692 995 1800 1022 taceret

1027 1043 1149 1076 Pilatus,
1170 1042 1224 1070 nisi
1243 1045 1275 1070 ut
1294 1043 1325 1070 id
1344 1042 1427 1078 quod
1447 1050 1497 1069 eos
1517 1049 1624 1077 cupere
1643 1041 1799 1075 cernebat,

1026 1089 1169 1124 impleret.
1194 1099 1208 1114 »
1229 1090 1293 1116 ilaec
1316 1089 1376 1116 ille.
1401 1090 1433 1116 Et
1458 1087 1607 1124 patet'hic
1631 1087 1799 1115 Judaeorum

1027 1135 1138 1162 malitia
1159 1136 1189 1162 in
1213 1134 1381 1162 accusando
1405 1142 1440 1161 ex
1465 1133 1587 1161 invidia.
1610 1135 1689 1161 Patet
1710 1133 1799 1161 etiam

1024 1182 1131 1216 judicis
1151 1181 1305 1216 injustitia,
1327 1181 1378 1216 qui
1403 1181 1507 1208 timore
1525 1179 1664 1207 inductus
1680 1179 1800 1207 tradidit

1027 1228 1171 1255 Christum
1194 1227 1381 1254 innocentem
1399 1225 1506 1254 Judaeis
1529 1225 1568 1252 ad
1590 1225 1798 1253 occidendum.

1028 1275 1106 1301 Patet
1121 1273 1246 1300 militum
1265 1273 1402 1306 avaritia,
1423 1272 1475 1308 qui
1495 1272 1689 1306 pecuniarum
1707 1270 1801 1306 gratia

1028 1320 1129 1347 omnia
1143 1319 1302 1353 audebant,
1318 1321 1351 1346 ut
1365 1319 1403 1346 ait
1417 1318 1642 1353 chrysostomus
1655 1317 1688 1351 ¹¹,
1700 1325 1800 1354 supra,

1029 1366 1065 1393 de
1080 1366 1138 1393 hoc
1152 1366 1183 1392 ¹³.
1200 1366 1220 1382 ¹⁸
1237 1377 1249 1390 u
1264 1365 1394 1392 Tradidit
1408 1365 1450 1392 eis
1463 1365 1562 1391 Jesum
1575 1363 1769 1398 flagellatum.
1784 1373 1798 1389 r·

1030 1414 1061 1440 Et
1075 1412 1094 1428 ¹⁵
1107 1421 1113 1439 :
1132 1421 1146 1437 «
1161 1411 1348 1446 Adjudicavit
1364 1410 1471 1438 Pilatus
1484 1410 1547 1437 fieri
1561 1417 1666 1438 eorum
1685 1409 1801 1445 petitio-

1030 1466 1108 1485 nem.
1125 1468 1137 1483 »
1156 1459 1187 1485 Et
1204 1460 1297 1493 patet,
1319 1457 1401 1493 quod
1422 1457 1529 1485 Pilutus
1547 1457 1595 1484 hic
1611 1456 1683 1492 gerit
1698 1458 1803 1492 typum

1027 1504 1343 1539 judicumimpiorum,
1357 1503 1407 1538 qui
1423 1503 1527 1530 timore
1540 1504 1712 1538 pervertunt
1721 1502 1803 1538 judi-

1030 1551 1107 1578 cium
1120 1551 1278 1585 justorum.
1291 1551 1323 1577 Ut
1338 1549 1418 1577 enim
1434 1549 1579 1581 dieitur¹⁵,
1596 1550 1725 1584 quatuor
1737 1555 1802 1576 mo-

1031 1597 1075 1624 dis
1087 1597 1232 1632 judicium
1247 1595 1438 1632 pervertitur:
1454 1595 1574 1629 timore,
1591 1594 1673 1629 odio,
1688 1602 1801 1630 amore,

1031 1643 1201 1678 cupiditate.

1068 1691 1099 1716 Et
1117 1689 1247 1724 sequitur
1261 1688 1313 1716 illa
1326 1696 1395 1724 pars
1413 1687 1599 1723 principalis,
1616 1687 1648 1714 iu
1667 1695 1727 1723 qua
1739 1687 1804 1715 Filii
1828 1706 1832 1711 ·

1032 1736 1081 1763 Dei
1094 1735 1281 1763 condemnati
1296 1734 1334 1762 ad
1345 1736 1472 1761 mortem
1481 1733 1626 1768 addictio;
1638 1735 1666 1760 et
1675 1733 1727 1761 illa
1736 1741 1805 1770 pars

1032 1782 1063 1809 111
1080 1782 1154 1809 duas
1173 1784 1285 1817 partes:
1308 1780 1423 1816 primo,
1443 1780 1481 1807 de
1499 1787 1553 1807 sua
1569 1779 1749 1808 adductione
1765 1779 1805 1807 ad

1032 1827 1131 1855 locum
1153 1827 1311 1863 passionis,
1335 1828 1363 1854 et
1387 1826 1423 1853 de
1448 1825 1513 1861 ipsa
1535 1825 1739 1861 crucifixione3
1762 1833 1806 1854 se-

1033 1873 1147 1908 cundo,
1170 1874 1207 1901 de
1226 1874 1289 1909 ipsa
1309 1874 1420 1907 morte,
1444 1872 1506 1899 sive
1525 1871 1562 1899 de
1582 1872 1701 1908 spiritus
1719 1872 1806 1900 emis-

1033 1920 1126 1955 sione,
1139 1920 1181 1947 ibi
1192 1921 1225 1946 ¹⁷:
1242 1920 1331 1947 Sciens
1346 1919 1430 1952 Iesus,
1443 1920 1497 1946 etc.
1508 1919 1540 1945 111
1549 1918 1647 1954 prIma
1660 1920 1804 1954 quatuor:

1033 1967 1130 2002 primo
1143 1966 1324 2002 praemittitur
1337 1965 1402 2000 ipsa
1417 1964 1556 1992 adductio
1571 1964 1611 1992 ad
1625 1965 1725 1992 locum
1738 1973 1806 2001 pas-

1035 2013 1138 2047 sionis,
1153 2015 1180 2040 et
1193 2012 1256 2048 ipsa
1271 2011 1421 2039 crucifixio
1429 2020 1438 2045 ;
1455 2011 1603 2045 secundo,
1617 2010 1693 2038 tituli
1707 2011 1807 2039 trium-

1035 2059 1131 2095 phalis
1151 2057 1325 2093 descriptio,
1349 2057 1391 2084 ibi
1413 2057 1454 2084 ¹⁸:
1477 2057 1594 2091 Scripsit
1618 2060 1709 2084 autem
1737 2059 1807 2085 titu-

1036 2106 1104 2139 lum,
1125 2107 1195 2139 etc.;
1211 2104 1312 2136 tertio,
1333 2102 1566 2138 crucifigentium
1588 2103 1727 2138 avaritia,
1745 2103 1807 2131 sive

1036 2151 1162 2186 cupido,
1176 2151 1218 2178 ibi
1232 2150 1269 2177 ¹⁹:
1290 2151 1395 2177 Milites
1411 2157 1488 2184 erqo,
1503 2151 1574 2183 etc.;
1589 2151 1710 2184 quarto,
1725 2149 1808 2177 assis-

1036 2197 1158 2224 tentium
1186 2196 1265 2224 cruci
1297 2194 1476 2231 specificatio
1488 2216 1498 2229 ‚
1532 2196 1560 2222 et
1588 2195 1763 2223 eorumdem
1789 2203 1807 2223 a

1036 2244 1148 2271 Christo
1162 2242 1298 2276 eruditio,
1314 2240 1388 2269 1111Σο
1401 2250 1408 2268 :
1423 2241 1548 2272 Stabant,
1564 2243 1618 2268 etc.

1072 2291 1117 2318 Ait
1131 2297 1201 2324 ergo
1214 2298 1220 2316 :
1236 2289 1412 2323 Susceperam
1428 2289 1517 2314 Jesum
1536 2289 1560 2314 et
1576 2287 1725 2314 eduaeerunt
1736 2294 1807 2315 emm
1845 2304 1848 2306 -

1037 2337 1085 2372 (v.
1100 2338 1131 2364 17
1144 2336 1153 2372 )
1169 2338 1202 2364 Et
1215 2336 1338 2370 bajulans
1355 2335 1408 2362 sibi
1421 2341 1543 2368 crucem,
1558 2335 1661 2361 8111111ίί.-
1681 2336 1714 2361 ut
1727 2333 1806 2361 enim

1036 2428 1092 2451 sup.
1110 2428 1194 2452 prox„
1214 2427 1240 2444 n.
1260 2421 1284 2444 9.
1301 2432 1332 2437 --
1354 2418 1374 2434 ¹²
1392 2418 1532 2449 Chrysost„
1551 2417 1594 2441 ubi
1612 2423 1678 2447 sup„
1693 2422 1720 2440 n.
1739 2418 1760 2439 Ι.
1774 2428 1806 2433 -

1039 2457 1057 2472 ¹³
1068 2457 1140 2486 sup„
1159 2459 1178 2480 1.
1190 2469 1221 2473 -
1236 2455 1255 2472 ¹⁵
1265 2453 1369 2484 Mami„
1383 2459 1466 2484 11111,
1478 2454 1556 2476 26.—-
1569 2452 1586 2467 ¹⁵
1598 2452 1664 2480 Luc„
1676 2455 1755 2481 xxm,
1766 2452 1804 2474 24.

1036 2505 1066 2510 —
1087 2492 1105 2507 ¹⁶
1121 2492 1195 2515 Caus.
1210 2496 1251 2518 11,
1271 2497 1296 2520 q.
1313 2495 1355 2519 ιιι,
1375 2495 1397 2512 c.
1418 2493 1533 2518 Lxxvnl,
1548 2487 1657 2516 Quatuor
1672 2485 1758 2508 nmdis.
1775 2498 1807 2503 -

1038 2527 1056 2542 ¹⁷
1070 2526 1126 2557 iun,
1142 2528 1180 2550 28.
1196 2539 1225 2544 .-
1243 2525 1260 2542 ¹⁸
1275 2524 1332 2555 int,
1351 2525 1386 2548 19.
1401 2537 1432 2541 -
1448 2524 1467 2539 ¹³
1483 2522 1540 2552 int„
1554 2522 1592 2545 23.
1607 2533 1638 2538 -
1655 2521 1676 2536 ²·
1691 2520 1749 2551 int„
1765 2522 1804 2545 25.
1846 2541 1855 2547 ,

1069 2581 1092 2610 (ιι
1117 2578 1205 2610 δαμμί.
1224 2585 1265 2602 80.
1284 2591 1316 2596 -
1337 2576 1373 2607 (b)
1392 2577 1449 2606 Leq.
1466 2573 1614 2598 volentium.
1630 2586 1659 2590 —
1681 2574 1709 2603 (c)
1731 2573 1805 2605 Vulg.

1039 2616 1106 2638 Dicit
1121 2617 1166 2638 eis.
1186 2627 1211 2631 —-
1228 2613 1266 2642 (d)
1283 2611 1372 2643 Suppl.
1386 2611 1426 2635 de.
1441 2623 1472 2628 —-
1490 2610 1518 2638 (8)
1536 2609 1596 2632 Caet.
1613 2608 1674 2632 edit.
1689 2615 1712 2633 n.
