1987 3032
209 186 268 216 600
717 179 979 212 COLLATIONES
1002 178 1296 211 PRAEDICABILES

209 257 278 277 nere
292 249 393 277 mortis
404 249 530 277 Christus
540 250 582 276 est
593 249 725 276 mortuus
736 248 855 282 propter
871 245 978 273 multas

209 297 413 332 congruitates.
429 297 525 325 Primo
541 298 660 333 propter
684 294 977 329 correspondentiam

210 344 247 379 (α)
274 343 364 378 ipsius
387 343 490 370 mortis
518 343 555 370 ad
587 343 738 377 peceatum
764 340 852 376 primi
881 339 978 367 homi-

209 389 264 424 nis,
281 388 363 424 quod
379 389 497 416 delevit.
519 387 600 415 Unde
621 389 816 414 Damascenus
835 386 863 420 ¹,
894 385 977 421 quod

213 445 226 461 ιι
244 443 297 470 per
311 435 425 470 lignum
444 442 524 462 mors
538 455 546 468 ,
570 436 597 460 et
620 432 775 469 oportebat
793 440 846 468 per
864 432 978 467 lignum

210 481 301 509 vitam
315 481 389 508 dari.
405 490 418 506 ι)
436 481 445 496 2
462 491 475 505 (ι
488 479 674 507 Benedictum
689 478 804 513 lignum
819 486 871 513 per
897 477 978 513 quod

211 528 239 555 fit
257 527 376 562 Justitia.
403 536 415 552 ³>
443 527 513 553 ltem
533 526 589 552 hoe
615 524 711 552 decuit
735 524 774 551 01)
796 523 979 560 triumphalis

210 573 338 601 victoriae
359 572 395 600 de
420 572 601 608 principibus
622 572 710 606 hujus
727 571 791 599 aeris
812 571 979 598 evidentem

211 619 418 647 ostensionem.
434 618 515 645 Unde
535 618 759 654 Clirysostomus
776 627 783 645 :
800 619 810 634 ³
830 618 979 652 «Bajulans

211 673 321 699 crucem,
337 667 390 692 etc.
412 665 602 699 Trophaeum‚
627 664 723 700 inquit
738 666 765 697 ⁷⁴,
789 664 897 691 scilicet
914 671 981 699 por-

212 713 275 738 tans
296 718 412 738 erucem
437 711 577 738 adversus
591 711 693 738 mortis
713 710 899 745 tyrannidem
920 709 980 736 exi-

211 757 261 784 vit.
286 759 318 784 Et
338 757 411 784 sieut
430 756 564 790 victores,
587 756 625 784 ita
644 759 671 784 et
690 756 752 792 ipse
770 756 800 783 in
823 756 981 783 humerum

211 803 339 838 portavit
352 802 480 830 victorine
498 804 614 837 notam,
635 812 648 828 »
670 802 702 829 id
721 804 762 830 est
780 802 906 837 signum.
929 802 980 829 Sn-

210 857 265 885 pra
279 849 288 865 ¹·
311 858 318 876 ε
346 859 359 874 a
374 849 451 876 Sicut
473 848 611 876 exaltavit
628 850 740 884 Moyses
761 850 924 884 serpentem
951 849 980 875 in

212 895 336 923 deserto.
352 895 469 923 »Ibide
480 895 547 922 1100.
563 895 642 922 Unde
658 895 880 930 (lhrysostomus
892 896 901 912 ὖ
916 895 957 922 ibi
973 904 979 922 z

214 952 228 967 «
252 941 329 969 Siout
361 941 467 976 aliquis
499 941 606 969 athleta
635 941 743 968 nobilis
773 948 840 968 cum
872 941 903 968 in
931 949 980 968 su-

212 987 303 1015 blime
317 986 352 1024 (b)
366 987 508 1015 rebellem
524 987 626 1014 levans
642 989 670 1014 et
684 987 863 1021 rescindens,
879 986 981 1014 clario-

211 1041 275 1061 rem
287 1033 356 1060 facit
370 1033 522 1060 victoriam
536 1043 544 1067 ;
560 1033 600 1060 ita
614 1035 641 1060 et
655 1034 792 1066 Christus,
808 1033 879 1060 orbe
895 1034 981 1060 terra-

212 1087 279 1106 rum
293 1079 431 1106 universo
450 1079 584 1112 vidente,
605 1079 754 1115 oppositas
775 1079 894 1106 virtutes
912 1078 981 1105 sub-

212 1125 286 1152 mitti
299 1124 405 1152 scilieet
414 1125 518 1152 voluit.
531 1135 544 1151 »
559 1125 689 1152 llaecillc.
704 1125 714 1140 ⁷
732 1135 745 1150 «
767 1125 865 1152 Palam
885 1125 982 1152 trium-

213 1172 308 1207 phans
330 1172 360 1198 in
375 1171 542 1206 semetipso.
559 1182 572 1197 n
590 1173 659 1199 ltem
676 1171 753 1198 istud
770 1180 862 1206 genus
881 1171 982 1198 mortis

214 1217 348 1244 sustinuit
357 1217 484 1244 Christus
497 1217 535 1244 ob
544 1217 740 1245 voluntariam
748 1217 874 1244 durioris
882 1219 982 1245 mortis

214 1263 434 1299 perpessionem
452 1284 460 1297 ,
493 1263 677 1299 exemplique
710 1263 870 1290 sustinendi
904 1264 982 1291 diras

214 1312 323 1337 mortes
342 1310 522 1345 martyribus
545 1310 764 1337 exhibitionem.
790 1312 822 1337 Ut
843 1311 922 1338 enim
943 1313 984 1339 ait

214 1357 390 1391 Augustinus
404 1357 414 1373 ⁸
430 1365 436 1383 :
456 1357 662 1392 «Supplicium
678 1356 770 1383 crucis
783 1357 851 1384 ideo
880 1357 982 1384 durius

215 1405 285 1437 erat,
297 1403 368 1438 quia
380 1403 488 1430 diutius
498 1403 648 1430 cruciabat
664 1412 670 1429 :
685 1403 815 1430 crucifixi
825 1403 903 1430 enim
917 1404 982 1431 lon-

214 1458 252 1483 ga
275 1452 369 1477 morte
388 1449 583 1483 necabantur,
605 1451 632 1476 et
653 1449 721 1477 ideo
740 1450 875 1485 frangere
897 1458 983 1478 crura

213 1495 315 1523 Christi
330 1495 479 1522 nolebant.
498 1505 510 1521 >³
528 1497 559 1522 Et
571 1496 580 1511 ‘³
597 1505 602 1522 :
623 1506 635 1520 (t
660 1495 711 1523 llla
726 1497 819 1523 morte
839 1496 911 1523 nihil
932 1504 982 1531 pe-

209 1541 258 1576 jus
272 1541 324 1568 fuit
339 1541 412 1568 inter
426 1549 534 1575 genera
546 1541 685 1567 mortium
702 1550 709 1568 ι
726 1548 805 1568 mors
826 1542 981 1576 protende-

212 1587 316 1620 batur,
332 1594 368 1614 ne
384 1587 471 1613 dolor
485 1587 568 1613 eitius
582 1587 723 1614 finiretur.
747 1597 759 1611 »
776 1589 807 1614 Et
826 1587 957 1622 sequitur
973 1596 979 1613 z

215 1642 228 1658 «
247 1632 323 1660 Nihil
336 1634 397 1659 erat
411 1634 478 1659 tune
488 1633 517 1659 in
531 1640 617 1659 carne
631 1632 856 1666 intolerabilius,
871 1632 982 1660 scilicet

210 1680 305 1706 morte
327 1678 430 1706 crucis.
450 1688 463 1703 »
486 1678 566 1705 Unde
591 1678 661 1713 quia
690 1678 892 1705 inobedientia
911 1678 979 1706 Adae

210 1724 263 1751 fuit
286 1724 535 1758 arrogantissima,
559 1723 626 1751 ideo
647 1724 774 1751 Christus
789 1724 882 1751 voluit
902 1724 979 1751 mori

210 1770 489 1806 opprobriosissima'
512 1772 605 1797 morte
625 1770 644 1785 ¹⁰
661 1791 666 1797 .
686 1781 700 1795 «
715 1772 816 1797 Factus
837 1770 979 1797 obediens

209 1824 303 1852 usque
329 1816 367 1843 ad
394 1818 537 1850 mortem,
559 1819 685 1844 mortem
713 1819 810 1844 autem
839 1819 941 1845 erucis.
962 1826 977 1844 ))

209 1862 289 1889 Unde
323 1862 500 1896 Augustinus
529 1863 548 1878 ¹¹
560 1867 587 1889 ·:
614 1872 628 1887 »
665 1863 978 1897 Ignominiosissimum

209 1916 300 1943 genus
311 1908 412 1935 mortis
420 1916 535 1935 erucem
547 1908 692 1943 putabant
705 1918 711 1935 :
729 1910 884 1937 crucifixus
897 1913 947 1939 est.
961 1922 974 1938 »

208 1956 278 1982 Item
300 1963 306 1980 :
341 1963 354 1979 «
377 1954 421 1981 Sic
445 1953 522 1980 mori
545 1953 672 1981 decrevit
704 1955 741 1981 ad
767 1956 978 1985 manifestatio-

208 2009 276 2028 nem
297 2001 466 2028 salvationis
493 2001 580 2027 tolius
604 2001 707 2028 mundi
732 2011 784 2037 per
807 2010 885 2030 eum.
907 2014 919 2030 ι)
948 2006 978 2033 Ut

209 2047 288 2075 enim
298 2046 337 2074 ait
350 2047 527 2081 Augustinus
541 2055 546 2073 :
563 2056 577 2071 κ
592 2049 687 2074 Partes
699 2048 792 2075 crucis
804 2049 843 2075 ad
853 2052 978 2084 quatuor

207 2095 304 2128 partes
335 2092 439 2120 mundi
471 2093 678 2120 extenduntur.
710 2103 723 2119 ι)
761 2096 791 2121 Et
827 2097 978 2123 Damasce-

207 2146 262 2166 nus
279 2138 298 2155 ¹²
316 2147 322 2166 :
341 2148 355 2164 «
370 2138 627 2171 Quemadmodum
644 2141 770 2174 quatuor
783 2141 977 2169 extremitates

209 2185 301 2212 crucis
315 2192 368 2220 per
382 2184 514 2211 medium
529 2186 659 2212 centrum
678 2187 820 2217 tenentur,
837 2187 977 2214 constrin-

208 2233 325 2265 guntur,
342 2230 380 2258 ita
395 2238 447 2265 per
463 2230 597 2257 virtutem
614 2230 661 2257 bei
677 2233 705 2258 et
719 2231 853 2266 latitudo,
869 2235 897 2260 et
911 2241 977 2268 pro·

242 2325 245 2337 ¹
267 2323 394 2353 Damaso„
414 2323 442 2346 «le
461 2323 518 2347 Fid.
541 2322 653 2353 orthod„
676 2324 716 2346 lib.
741 2325 781 2353 iv,
803 2333 823 2346 ι’.
845 2331 897 2353 xu,
920 2329 976 2355 post

209 2358 276 2382 med.
299 2371 328 2375 —
351 2359 359 2374 2
385 2360 453 2388 Sap„
479 2364 537 2387 xiv,
561 2360 583 2381 7.
608 2372 637 2375 —
661 2359 672 2374 ³
694 2360 776 2389 duan¹>
800 2366 860 2389 six,
888 2361 923 2383 17.
946 2373 976 2378 —-

209 2393 218 2409 ¹⁴
234 2393 374 2423 Chrysost.,
389 2394 457 2416 hom.
474 2399 567 2422 Lxxxv,
584 2393 614 2417 al.
630 2400 732 2418 Lxxxlv.
748 2401 773 2418 n.
790 2395 812 2417 1.
827 2408 856 2412 —
872 2395 881 2411 ⁵
893 2395 974 2424 Joan„

209 2434 252 2458 ιιι,
269 2430 305 2452 14.
317 2428 367 2445 —ss
382 2428 522 2458 Chrysost„
538 2429 562 2451 in
580 2430 662 2457 Jmm„
677 2429 747 2453 bom.
761 2436 842 2460 xxvii,
855 2430 885 2453 al.
903 2436 974 2460 xxvi,

208 2470 233 2486 n,
253 2465 276 2487 2,
297 2475 325 2480 -
347 2463 358 2479 ⁷
379 2463 481 2490 (soloen.
503 2469 539 2493 ιι,
558 2465 595 2487 ¹5.
611 2477 642 2481 —
661 2464 671 2480 ⁸
690 2465 792 2494 Augut„
811 2467 882 2489 tract.
901 2472 974 2495 xxm,

207 2505 233 2521 11.
250 2500 272 2521 6.
286 2511 318 2516 -
331 2498 339 2511 ⁹
357 2498 402 2527 td„
420 2500 491 2521 tract,
510 2504 601 2527 xxxvi,
616 2506 642 2522 n.
658 2500 679 2523 4.
696 2513 724 2516 —
746 2500 764 2515 ¹·
778 2500 884 2530 Philip»,
901 2506 935 2530 11,
950 2502 972 2524 8.

207 2545 237 2550 —-
256 2533 274 2549 ¹¹
296 2534 411 2563 August„
434 2534 459 2555 in
480 2533 560 2562 lenm,
584 2535 656 2557 tract.
680 2540 757 2564 xvim,
778 2537 835 2564 post
855 2534 923 2558 med.
947 2548 973 2551 -

207 2567 228 2584 ¹²
237 2569 364 2596 Damasia,
379 2567 409 2591 tle
424 2567 480 2590 ch.
498 2568 608 2596 malind„
624 2568 665 2592 lib.
684 2570 726 2599 ΙΥ,
741 2577 753 2592 c
779 2575 824 2593 xil.
838 2581 866 2587 -—
883 2571 902 2586 ¹³
914 2571 972 2597 Im„

207 2608 264 2633 va,
285 2605 308 2627 2.
330 2617 354 2620 —
375 2603 392 2619 ¹⁴
413 2603 496 2633 Pron,
519 2609 538 2632 1,
560 2605 597 2627 et.
618 2617 648 2622 —-
670 2605 689 2621 *ὓ
709 2605 790 2635 Ιοαιι.,
810 2611 862 2634 xli,
884 2606 922 2629 32.
943 2618 971 2624 ·-

1030 244 1168 277 fundum,
1182 248 1210 273 et
1224 246 1393 282 longitudO,
1413 250 1441 276 et
1460 248 1583 278 altitudo
1604 252 1700 280 omnis
1719 259 1799 280 crea-

1031 292 1102 318 turffl
1126 291 1318 320 continentur.
1344 294 1433 322 Cruce
1458 295 1566 323 coelum
1591 299 1726 332 apertum
1747 300 1798 333 est,

1032 337 1160 364 mundus
1174 340 1325 374 reparatus
1340 341 1391 373 est,
1404 348 1422 367 a
1435 340 1543 369 dextris
1557 342 1697 378 inferum,
1713 343 1745 371 id
1757 346 1801 372 est

1031 382 1151 418 lymbus
1165 384 1317 419 spoliatus,
1337 392 1355 412 a
1369 386 1489 414 sinistris
1503 387 1641 416 diabolus
1653 389 1746 416 vietus
1756 389 1800 417 in-

1032 428 1131 464 ferius,
1147 441 1160 456 »
1177 431 1230 457 ete.
1246 432 1276 457 Et
1291 431 1320 457 in
1334 431 1421 466 hujus
1435 432 1530 467 figura
1547 434 1676 462 Christus
1691 442 1800 471 expan-

1033 475 1070 502 sis
1085 475 1223 503 manibus
1237 478 1370 504 mortuus
1385 479 1427 505 est
1447 479 1469 496 ¹³
1488 487 1494 505 :
1519 488 1533 504 1(
1547 480 1680 515 Expandi
1696 488 1801 509 manus

1034 528 1124 555 meas,
1139 532 1152 546 υ
1170 523 1222 549 ete.
1241 523 1273 549 Et
1286 522 1305 539 ¹⁴
1322 532 1328 550 :
1348 532 1362 548 «
1378 524 1500 552 Extendi
1522 533 1645 554 manum
1659 534 1768 554 meam.
1783 536 1798 554 »

1035 568 1095 602 lpse
1110 567 1189 594 enim
1205 568 1234 595 in
1249 576 1334 596 eruce
1350 572 1481 598 mortuus
1494 571 1641 599 mundum
1662 573 1749 601 traxit
1761 572 1801 600 ad

1033 613 1162 648 seipsum
1182 614 1202 630 ¹²⁵
1221 623 1227 641 :
1251 623 1264 639 ιι
1287 616 1359 642 Cum
1382 615 1524 644 exaltatus
1545 616 1628 645 fuero
1650 625 1668 645 a
1684 620 1798 646 terra.»

1034 659 1143 686 scilicet
1152 659 1183 686 in
1195 668 1290 694 eruce,
1303 669 1317 686 ‹<
1329 662 1429 689 omnia
1440 662 1554 690 traham
1567 662 1606 690 ad
1619 663 1774 699 meipsum,
1785 674 1799 691 n

1035 706 1087 732 ete.
1105 707 1141 732 De
1152 705 1240 733 laude
1253 714 1322 734 vero
1331 707 1425 734 erucis
1434 707 1521 743 hujus
1533 709 1755 744 Chrysostomus
1769 710 1801 745 '⁶5

1035 752 1072 779 de
1099 753 1283 780 contumeliis
1315 756 1343 781 et
1373 755 1542 790 opprobriis
1574 756 1803 791 aggravantibus

1035 806 1153 833 poenam
1169 799 1273 833 crucis,
1283 800 1447 827 Bernardus
1458 801 1479 819 ¹⁷
1493 800 1630 828 multum.
1645 803 1677 829 Et
1685 803 1804 830 Bernar-

1036 844 1092 870 dus
1116 852 1204 879 super
1228 844 1301 872 illud
1327 845 1345 862 ¹⁵²
1362 846 1536 873 :Fasciculus
1554 847 1668 880 myrrhae
1689 847 1803 875 dilectus

1036 898 1108 917 niens
1120 890 1187 916 mihi
1197 900 1205 916 .·
1222 890 1242 907 ¹⁹
1259 902 1271 914 «ι
1288 892 1340 918 Per
1353 891 1525 919 fasciculum
1536 893 1664 928 myrrhae
1674 914 1683 927 ,
1699 901 1803 928 aggre-

1036 935 1114 969 gatio
1142 936 1313 971 passionum
1338 937 1441 965 Christi
1458 959 1468 972 ,
1491 938 1600 966 seilicet
1626 938 1804 966 infantilium

1035 982 1249 1016 necessitatum,
1266 984 1293 1010 et
1305 982 1453 1018 laborum,
1468 985 1496 1011 et
1507 984 1683 1019 vigiliarum,
1700 983 1803 1012 convi-

1036 1027 1154 1062 tiorum,
1170 1031 1331 1064 sputorum,
1349 1029 1543 1065 colaphorum
1557 1032 1584 1058 et
1598 1030 1760 1058 clavorum.
1786 1040 1800 1056 n

1037 1075 1069 1102 Et
1090 1074 1130 1101 sic
1151 1074 1187 1102 de
1214 1075 1279 1102 aliis
1298 1083 1364 1110 quce
1386 1075 1428 1103 ibi
1457 1077 1618 1104 enumerat.
1641 1078 1674 1104 Et
1700 1076 1801 1104 idem:

1041 1130 1053 1143 u
1068 1121 1178 1147 Intuere
1193 1121 1298 1156 pannis
1312 1121 1476 1156 sordidum,
1492 1121 1587 1157 plagis
1601 1121 1737 1156 lividum,
1749 1120 1805 1149 illi-

1037 1167 1099 1193 tum
1114 1167 1216 1201 sputis,
1230 1166 1376 1202 pallidum
1390 1168 1493 1202 morte,
1503 1178 1517 1193 »
1534 1168 1615 1195 etc.²⁰
1628 1178 1641 1192 ει
1656 1167 1805 1196 Desidera-

1037 1212 1134 1239 bimus
1147 1220 1215 1239 eum
1230 1213 1400 1248 despectum
1415 1216 1443 1240 et
1457 1214 1651 1241 novissimum
1662 1213 1804 1248 virorum,

1037 1259 1133 1286 virum
1148 1259 1296 1287 dolorum.
1312 1270 1325 1286 »
1340 1262 1370 1288 Et
1383 1261 1444 1288 haee
1459 1261 1559 1288 omnia
1571 1260 1706 1288 sustinuit
1715 1268 1806 1296 purus

1038 1308 1065 1332 et
1088 1306 1227 1333 immunis
1248 1314 1266 1334 a
1290 1310 1420 1342 peccato.
1443 1308 1523 1335 Unde
1548 1308 1587 1335 ait
1610 1307 1716 1335 Pilatus
1735 1307 1804 1336 hic:

1037 1353 1148 1380 Nullam
1171 1354 1199 1379 in
1213 1360 1240 1380 eo
1256 1361 1362 1380 causam
1380 1355 1496 1381 invenio.
1512 1355 1534 1371 ²¹
1550 1364 1563 1378 «
1579 1354 1633 1387 Qui
1652 1355 1806 1390 peccatum

1037 1406 1098 1425 non
1120 1398 1195 1426 feeit.
1218 1409 1231 1424 n
1250 1400 1311 1434 lpse
1333 1399 1411 1427 enim
1430 1400 1484 1428 suit
1506 1411 1518 1424 u
1542 1407 1651 1435 agnuS‚
1666 1400 1716 1436 qui
1731 1400 1807 1428 toltit

1037 1446 1157 1480 peecata
1179 1445 1293 1479 mundi,
1310 1455 1323 1471 »
1340 1454 1430 1481 supra
1447 1446 1478 1473 2².
1499 1448 1531 1473 Et
1550 1448 1649 1474 tamen
1671 1446 1806 1474 sustinuit

1038 1498 1164 1524 crucem,
1173 1491 1350 1518 satisfaciens
1357 1499 1412 1526 pro
1422 1491 1548 1526 pcccatis
1558 1491 1664 1519 nostris
1678 1491 1714 1519 ¹¹³:
1725 1502 1738 1517 (ι
1750 1492 1804 1526 Qui

1037 1539 1188 1572 peceatum
1203 1544 1263 1564 non
1277 1537 1356 1571 t'ecit;
1373 1548 1386 1561 υ
1404 1539 1431 1564 et
1444 1538 1594 1572 sequitur:
1612 1548 1626 1563 «
1640 1538 1695 1571 Qui
1708 1540 1806 1574 porta-

1037 1582 1077 1609 vit
1085 1584 1203 1617 peecata
1212 1584 1311 1610 nostra
1320 1583 1350 1609 in
1360 1590 1483 1618 corpore
1492 1591 1544 1610 suo
1554 1591 1641 1618 super
1649 1583 1773 1618 lignum.
1786 1595 1800 1610 n

1036 1628 1115 1656 Unde
1130 1631 1156 1656 et
1169 1631 1288 1664 propter
1304 1628 1501 1655 innocentiam
1515 1636 1568 1664 per
1582 1636 1692 1663 agnum
1705 1629 1803 1665 signa·

1036 1676 1092 1708 tur,
1107 1682 1197 1710 supra
1210 1673 1230 1689 Ψ*
1245 1683 1275 1702 :«
1289 1676 1360 1702 Ecce
1374 1682 1468 1710 agnus
1482 1675 1541 1702 Dei.
1558 1684 1572 1701 n
1589 1677 1621 1702 Et
1631 1675 1674 1703 ibi
1685 1675 1722 1704 de
1735 1676 1804 1704 hoc.

1117 1776 1230 1803 Collatio
1249 1778 1507 1811 octoqesz'maquarta
1527 1776 1574 1812 (c),
1593 1784 1658 1811 m,
1680 1777 1723 1805 19.

1069 1862 1135 1888 Erat
1155 1863 1243 1888 autem
1261 1863 1403 1896 scriptum,
1421 1862 1496 1888 Jesus
1515 1862 1671 1890 Nazarenus
1690 1869 1740 1889 rea·
1756 1862 1804 1889 lw-

1035 1907 1161 1942 daeorum,
1185 1908 1317 1952 hebrczjee,
1338 1915 1420 1941 qroece
1441 1910 1467 1934 et
1488 1908 1581 1934 latine.
1604 1908 1637 1934 Ut
1660 1907 1739 1934 enim
1763 1907 1804 1935 ait

1033 1954 1256 1988 Chrysostomus
1265 1954 1287 1970 ²⁵
1297 1953 1344 1980 hic
1356 1962 1382 1980 :«
1391 1953 1551 1980 Ostendens
1565 1952 1672 1980 seilicet
1685 1952 1803 1987 Pilatus,

1035 2000 1176 2034 quoniam
1196 1999 1317 2035 proprio
1340 1999 1403 2034 regi
1424 1998 1660 2033 insurrexerunt,
1678 1998 1753 2026 sicut
1773 1999 1804 2026 in

1034 2045 1164 2080 trophaeo
1193 2046 1307 2080 aliquo,
1334 2045 1374 2072 ita
1397 2045 1505 2072 litteras
1529 2044 1670 2079 imposuit
1692 2044 1803 2072 claram

1034 2091 1194 2118 emittentes
1209 2099 1328 2125 vocem,
1344 2093 1371 2118 et
1384 2090 1539 2118 victoriam
1555 2089 1756 2124 ostendentes,
1775 2092 1803 2118 et

1033 2145 1157 2172 regnum
1181 2137 1324 2173 prceeonis
1350 2136 1565 2164 annuntiantes.
1586 2146 1598 2162 »
1619 2137 1683 2163 Haec
1696 2135 1757 2163 ille.
1770 2138 1802 2164 Et

1032 2191 1085 2218 per
1096 2183 1277 2211 ineffabilem
1291 2183 1352 2210 vim
1367 2182 1474 2209 divinae
1489 2182 1667 2217 operationis
1686 2181 1717 2209 in
1736 2189 1801 2210 eor-

1033 2230 1121 2257 dibus
1135 2230 1345 2264 ignorantium,
1360 2229 1466 2257 Pilatus
1480 2229 1542 2256 haec
1558 2228 1682 2264 scripsit,
1696 2235 1800 2256 seeun-

1035 2311 1054 2326 ¹¹²
1072 2310 1209 2340 Ciny-sust„
1233 2310 1304 2333 Crmt.
1327 2308 1382 2331 le.
1405 2309 1428 2331 el
1449 2308 1530 2337 Gen!.‚
1553 2307 1620 2338 quod
1637 2307 1751 2331 Clu-isius
1766 2308 1800 2330 sil

1034 2345 1106 2375 Deus,
1122 2352 1147 2368 n.
1166 2346 1201 2374 10,
1215 2346 1239 2368 et
1253 2344 1285 2368 al.
1299 2343 1402 2374 passim.
1413 2355 1442 2360 --
1456 2343 1474 2359 ¹⁷
1486 2344 1571 2372 Bern.,
1584 2342 1613 2365 de
1625 2343 1704 2368 I'ass„
1716 2342 1762 2366 fer.
1776 2343 1799 2365 4.

1032 2380 1152 2403 hebdom.
1168 2386 1278 2410 pennos„
1291 2385 1316 2402 n.
1333 2380 1367 2402 11.
1385 2391 1414 2395 —
1428 2377 1448 2394 ¹⁸
1462 2378 1544 2405 Cant„
1556 2384 1573 2406 1,
1590 2378 1627 2401 12.
1640 2390 1671 2394 —
1683 2377 1703 2393 ¹⁹
1714 2377 1799 2406 Rern„

1032 2416 1057 2438 1'7z
1078 2416 1160 2443 (lauh,
1177 2421 1252 2438 serm.
1272 2419 1354 2443 xmu,
1376 2419 1402 2437 n.
1425 2414 1449 2436 3.
1472 2425 1498 2429 —
1522 2413 1542 2427 ²⁰
1561 2413 1620 2442 Iso„
1643 2417 1703 2442 L111,
1723 2414 1746 2435 2.
1768 2424 1799 2428 —

1031 2450 1050 2465 2¹
1067 2450 1073 2472 1
1090 2450 1167 2479 Pella,
1181 2455 1209 2478 ιι,
1223 2450 1261 2472 22.
1272 2462 1302 2466 —
1315 2448 1332 2462 ²²
1342 2449 1424 2476 dean„
1437 2453 1454 2477 1,
1467 2448 1507 2471 29.
1518 2459 1548 2464 -
1563 2447 1582 2463 ²³
1599 2447 1604 2470 Ι
1620 2447 1701 2473 Ρείν.,
1718 2452 1744 2472 ιι,
1758 2446 1798 2476 22,

1031 2486 1069 2508 24.
1088 2498 1116 2501 —
1130 2485 1148 2499 ²⁴
1165 2486 1236 2514 Sup,
1253 2483 1346 2507 Collat.
1363 2489 1418 2512 vm,
1434 2489 1492 2513 pag.
1508 2483 1563 2506 535.
1579 2495 1609 2499 —
1623 2482 1642 2498 ²⁵
1657 2481 1798 2511 Chrysost„

1031 2520 1055 2543 n'u
1069 2520 1150 2549 donn„
1167 2519 1237 2543 hom.
1255 2524 1361 2547 mxxxi,
1375 2518 1408 2542 al.
1423 2523 1519 2547 Lxxn,
1533 2523 1559 2540 n.
1576 2519 1598 2540 1.

1064 2569 1092 2596 (a)
1121 2569 1180 2592 Cwl.
1200 2568 1260 2591 edil.
1281 2574 1369 2592 eorum
1393 2566 1609 2598 respondentium.
1633 2578 1658 2582 —-
1680 2564 1713 2595 (b)
1737 2565 1796 2588 Item

1030 2604 1171 2628 sublimem.
1186 2617 1215 2621 —
1229 2606 1257 2634 tc)
1275 2604 1335 2627 item
1350 2602 1520 2634 Octuayesima
1534 2601 1634 2632 quarta.
