1987 3032
196 227 253 255 154

195 299 270 321 nem
296 289 459 326 Ecclesiae,
490 287 532 318 ibi
554 289 562 304 ¹
588 296 595 317 :
631 285 732 319 Videte
757 294 797 315 ne
827 284 961 316 seduca-

194 343 286 380 mini,
303 345 361 372 etc.
377 352 384 380 ;
402 342 433 371 in
448 341 549 376 tertia,
569 348 640 379 quae
657 340 790 368 ventura
803 338 864 367 sint
881 338 962 368 circa

194 395 438 426 destructioann
453 392 637 428 Jerusalem,
653 391 695 420 ibi
711 394 740 420 ²:
760 390 838 421 Cum
854 393 961 420 autem

194 448 335 478 videritis
358 445 551 477 circumdat-i
578 444 617 473 ub
644 443 803 480 exercitu,
825 445 902 479 etc.;
928 442 960 472 in

193 505 316 542 quarta,
333 509 404 540 quae
420 501 553 530 ventura
576 498 640 527 sint
654 498 735 527 circa
746 496 905 535 ¹iudicium
922 497 958 526 ti-

193 555 274 592 nale,
288 555 330 584 ibi
344 554 354 570 ³
366 565 372 584 ε
383 554 422 584 Ec
432 555 524 583 eruut
535 552 627 590 sigma
643 551 675 580 in
685 550 748 580 sole
763 554 791 580 et
802 550 890 587 ἰιιηα,
900 552 958 579 etc.

193 608 228 638 ln
248 607 430 646 explicando
451 607 557 635 autem
575 604 809 644 praedictionem
832 603 960 633 futuro-

191 670 264 690 rum
284 660 316 689 in
335 659 473 699 quadam
498 657 714 697 generalitate,
740 656 800 686 tria
821 655 959 686 introdu-

191 714 318 749 cuntur,
335 711 451 742 scilicet
474 709 665 750 praedicendi
685 709 822 746 occasio,
844 717 884 738 ex
906 717 958 738 oc-

191 765 315 796 casione
330 764 504 804 praedictio,
521 766 552 794 et
574 772 614 794 ex
634 762 836 802 praedictione
854 761 960 791 subse-

191 827 292 858 quens
303 817 447 857 quaestio.

232 871 338 902 Primo
349 879 439 908 ergo,
451 871 607 909 quantum
622 869 661 899 ad
669 867 865 898 occasionem
881 875 959 905 prac-

189 923 310 955 dicendi
324 923 442 960 futura,
459 922 531 952 dicit
549 933 555 952 z
569 922 613 952 Et
627 920 818 961 quibusdum
832 919 959 949 (licenti-

191 978 246 1007 bus
259 976 295 1005 (le
310 975 436 1014 templo,
449 974 537 1014 quod
549 974 636 1004 bonis
652 972 810 1013 lapidibus
824 976 853 1002 et
869 971 959 1002 αόηίε

189 1032 340 1059 ornatum
351 1032 438 1065 esset,
455 1027 547 1065 discit,
563 1030 620 1057 etc.
635 1027 682 1057 Ad
697 1025 882 1065 hujusmodi
893 1025 959 1056 lau—

189 1082 314 1113 datores
338 1081 446 1121 templi
468 1082 623 1120 quantum
644 1080 682 1110 ad
706 1079 957 1119 permanentiam

189 1135 433 1174 etopulentiam,
443 1134 643 1174 praedicendo
659 1132 954 1172 futura,respondit,

188 1196 229 1217 ne
244 1187 436 1218 confiderent
450 1188 483 1217 in
499 1186 757 1223 histransitoriis,
773 1185 860 1224 quia,
877 1185 957 1214 sicut

188 1240 303 1271 dicitur
317 1240 338 1278 ⁴,
361 1252 375 1269 «
390 1249 453 1270 non
470 1240 625 1270 habemus
642 1239 692 1269 hic
712 1240 893 1269 manentem
912 1238 956 1267 ci-

188 1293 334 1330 vitatem,
360 1293 413 1323 sed
435 1294 575 1323 futuram
600 1291 804 1331 inquirimus.
825 1302 839 1319 »
863 1291 901 1321 Et
920 1291 952 1319 ⁵:

192 1356 206 1374 α
220 1344 289 1375 Non
303 1345 589 1384 contemplantibus
604 1344 694 1374 nobis
708 1352 779 1383 quae
795 1344 953 1381 videntur,

187 1398 241 1429 sed
255 1408 327 1437 quae
343 1407 408 1429 non
422 1398 581 1429 videntur.
604 1397 680 1433 Quae
695 1397 780 1426 enim
796 1396 953 1433 videntur,

188 1451 371 1490 temporalia
386 1453 478 1489 sunt3
495 1460 567 1490 quae
591 1452 698 1480 autem
718 1459 781 1480 non
796 1449 953 1486 videntur,

187 1506 316 1533 aeterna.
334 1514 348 1532 »
364 1503 513 1543 Discipuli
527 1505 634 1534 autem
655 1502 799 1532 nondum
823 1502 956 1532 existen-

187 1557 233 1585 tes
274 1556 451 1595 spirituales
463 1579 470 1592 ,
514 1555 761 1594 magnificabant
799 1554 954 1592 templum

186 1610 343 1648 quantum
368 1609 408 1639 ad
441 1608 673 1638 solemnitatem
699 1607 834 1637 aedificii.
867 1605 955 1637 Unde

186 1661 314 1692 Marcus
338 1661 348 1677 ⁶
372 1670 379 1689 :
408 1672 422 1689 α
443 1660 520 1690 Cum
540 1660 745 1699 egrederetur
766 1660 804 1690 de
825 1660 952 1699 templo,

185 1713 227 1743 ait
250 1713 295 1743 illi
318 1722 402 1743 unus
427 1722 467 1743 ex
487 1712 647 1752 discipulis
666 1712 730 1742 suis
754 1721 761 1741 ;
784 1712 951 1751 Magister,

185 1766 288 1805 aspice
301 1766 410 1806 quales
425 1766 554 1806 lapides,
574 1768 604 1795 et
622 1765 729 1804 quales
744 1767 922 1794 structurae.
935 1774 949 1792 ι)

185 1818 432 1857 Magnificabant
452 1819 557 1857 ipsum
573 1820 729 1857 quantum
751 1817 790 1848 ad
811 1817 954 1847 sublimi-

184 1874 280 1902 tatem
296 1871 399 1902 cultus
415 1871 551 1908 Domini,
567 1872 642 1911 quia
656 1873 805 1901 ornatum
820 1873 886 1901 erat
898 1871 952 1901 do-

182 1925 243 1963 nis,
260 1926 351 1964 quasi
366 1925 448 1955 Deus
463 1934 588 1964 semper
605 1925 638 1954 in
659 1924 711 1954 illo
735 1924 861 1954 deberet
880 1923 949 1960 coli,

183 1982 213 2009 et
228 1979 259 2009 in
274 1979 333 2009 hoc
353 1978 517 2017 trIpliciter
540 1978 726 2008 fallebantur
743 1988 750 2008 :
775 1979 806 2007 et
826 1980 854 2007 1.
877 1977 951 2016 quia

183 2040 280 2071 parva
311 2031 577 2070 magnificabant,
608 2033 761 2070 tanquam
792 2031 818 2060 si
849 2032 952 2060 essent

183 2093 312 2123 magna,
327 2093 400 2114 cum
427 2086 532 2114 tamen
547 2084 689 2114 dicatur⁷
709 2095 715 2114 :
738 2096 752 2113 α
767 2083 887 2114 Coelum
905 2093 950 2113 se-

181 2136 234 2166 des
264 2146 354 2174 mea;
388 2139 473 2167 terra
498 2139 605 2167 autem
634 2137 806 2167 scabellum
832 2137 948 2176 pedum

181 2198 343 2219 meorum:
355 2189 488 2226 »⁸«Quae
503 2191 549 2219 est
564 2189 623 2219 ista
638 2189 752 2219 domus
762 2198 858 2228 quam
873 2189 949 2220 aedi-

180 2242 312 2271 ficabitis
328 2241 429 2272 mihi?
443 2245 474 2272 et
495 2242 566 2281 quis
583 2243 630 2272 est
644 2242 702 2272 iste
725 2242 812 2272 locus
827 2242 947 2281 requie-

180 2293 273 2323 tionis
296 2295 395 2324 meae‘?
415 2294 527 2326 Omnia
548 2295 618 2324 haec
638 2302 752 2324 manus
772 2303 842 2325 mea
863 2295 945 2332 fecit,

179 2348 209 2375 et
239 2346 317 2376 facta
344 2350 418 2377 sunt
452 2347 602 2378 uniVersa
629 2348 689 2377 ista
702 2370 711 2384 ,
741 2347 814 2377 dicit
841 2347 945 2377 Domi-

179 2405 239 2427 nus
258 2398 309 2436 (u).
335 2410 349 2426 »
377 2399 415 2429 Et
434 2400 502 2430 ideo
524 2399 774 2440 sapientissimus
797 2399 946 2430 Salomon

179 2450 300 2480 dicebat
314 2453 323 2469 ⁹
342 2459 347 2478 z
370 2462 384 2479 «
407 2451 438 2481 Si
463 2452 547 2481 enim
567 2452 694 2490 coelum,
710 2454 739 2482 et
754 2452 824 2482 coeli
847 2453 944 2483 coelo-

210 2531 216 2545 ¹
243 2529 298 2558 1nf.,
325 2537 350 2553 v.
368 2530 390 2553 S.
405 2542 436 2547 —
451 2531 461 2546 ⁴³
486 2530 540 2559 lut,
563 2538 587 2554 v.
611 2532 650 2555 20.
671 2545 697 2548 —
716 2532 726 2548 ³
747 2531 842 2561 1nf.‚v.
860 2534 897 2556 23.
914 2545 944 2550 —-

177 2564 186 2580 ⁴
199 2564 284 2594 lle-lun,
300 2570 356 2594 xni,
377 2567 413 2588 14.
429 2577 458 2582 -
472 2566 480 2579 ⁵
498 2566 516 2588 ll
535 2566 601 2595 Corn,
618 2572 652 2596 ιν,
671 2568 745 2589 18.-
758 2568 766 2579 ⁰
781 2568 869 2596 Marc„
884 2573 942 2597 xm,

179 2602 200 2623 1.
216 2613 245 2616 —
257 2600 266 2616 '1
282 2599 340 2629 Isca,
355 2605 424 2629 Lm,
437 2602 458 2623 1.
475 2613 500 2616 a
514 2602 521 2613 ⁵
534 2601 597 2628 Act„
613 2606 656 2629 vn,
675 2602 752 2625 49-50.
765 2615 794 2619 —
807 2604 815 2615 '³
833 2603 862 2625 ΙΙΙ
874 2603 942 2633 Κεφ,

178 2640 233 2661 vni,
250 2635 287 2658 27.
298 2648 328 2652 —
339 2636 357 2652 ¹⁰
369 2636 434 2663 Act„
448 2641 508 2663 xxn,
521 2637 602 2658 24-25.
619 2637 784 2665 —111Cm·.,
800 2643 843 2667 vii,
859 2639 896 2661 31.
913 2651 942 2655 -

178 2670 196 2685 ¹²
211 2669 310 2701 Matth.,
326 2676 398 2700 xmv,
414 2672 451 2694 35.
467 2683 498 2688 -
513 2670 626 2701 ¹³Apoc„
644 2676 696 2700 xm,
715 2675 734 2696 1.
751 2685 780 2690 -
795 2673 813 2689 ¹¹
830 2673 894 2697 l’sal.
908 2679 940 2704 ci,

738 217 948 249 EVANGELll
971 217 1110 249 SANCTI
1132 217 1242 250 LUCAE

1017 294 1090 315 rum
1107 288 1138 316 te
1150 294 1263 325 capere
1275 294 1340 317 non
1363 288 1504 326 possunt,
1522 297 1536 314 »³
1556 288 1616 316 etc.
1631 286 1786 325 Secundo,

1017 338 1091 377 quia
1114 338 1288 377 corporalia
1309 341 1340 369 et
1363 339 1513 378 figuralia
1541 339 1789 378 magnificabant

1016 393 1052 420 ut
1069 400 1142 421 vcra
1158 391 1383 430 etspiritualia,
1397 394 1505 422 contra
1516 392 1599 431 quod
1614 392 1728 423 dicitur
1741 392 1762 408 ¹⁰
1777 404 1783 423 :

1021 454 1034 471 ιι
1048 443 1129 474 Deus
1144 441 1198 483 qu'i
1214 444 1285 473 fecit
1301 444 1468 482 mundum,
1486 447 1516 475 et
1531 444 1638 475 omnia
1663 454 1736 484 quae
1753 445 1786 475 in

1016 506 1053 527 eo
1067 499 1151 534 sunt,
1168 496 1218 526 hic
1233 497 1303 526 cceli
1317 499 1347 526 ct
1362 500 1454 527 terrae
1467 506 1540 527 cum
1565 498 1604 527 sit.
1620 498 1783 536 Dominus,

1014 549 1119 580 nonin
1132 549 1319 579 manufactis
1334 549 1458 588 templis
1472 550 1603 587 habitat,
1617 560 1674 581 nec
1687 551 1785 582 mani-

1015 602 1075 631 bus
1098 601 1247 631 humanis
1271 602 1394 639 colitur,
1411 602 1557 641 indigens
1577 603 1693 642 aliquo,
1710 613 1784 635 cum

1014 655 1053 685 sit
1062 655 1143 685 Deus
1155 655 1223 694 (b).»
1236 654 1341 685 Tertio
1353 654 1550 693 fallebantur,
1558 655 1633 695 quia
1645 665 1784 688 momen-

1014 711 1107 739 tanea
1122 710 1152 738 et
1166 708 1284 738 caduca
1299 708 1556 747 magnificabant,
1576 709 1667 748 quasi
1681 712 1784 740 essent

1013 764 1166 801 perpetua
1187 763 1218 791 ct
1237 763 1366 798 aeterna,
1390 770 1463 791 cum
1478 764 1586 792 tamen
1602 761 1724 792 dicatur
1738 763 1757 779 ¹¹
1773 771 1781 792 ς

1018 826 1031 843 α
1047 815 1190 845 Praeterit
1205 814 1291 844 enim
1306 815 1412 852 figura
1424 815 1522 854 hujus
1538 815 1660 845 mundi.
1677 826 1692 843 »

1053 867 1211 906 Secundo,
1228 870 1383 907 quantum
1407 868 1446 898 ad
1472 868 1708 908 praedictionem
1731 869 1780 899 in-

1013 921 1190 951 troductam
1224 929 1263 950 ex
1298 920 1461 951 occasione
1489 924 1615 960 accepta
1630 945 1639 959 ,
1673 922 1780 952 subdi-

1012 976 1064 1003 tur
1081 973 1121 1012 (v.
1139 973 1166 1012 6)
1190 973 1287 1004 :ch
1302 982 1374 1013 quae
1389 973 1509 1011 videtis,
1524 974 1649 1004 venient
1663 973 1728 1004 dies
1748 975 1782 1004 in

1013 1026 1126 1069 quesbus
1139 1035 1203 1056 non
1217 1026 1418 1066 relinquetur
1426 1026 1507 1066 lapis
1519 1035 1614 1066 super
1629 1026 1779 1066 lapidem,

1011 1079 1069 1118 qui
1081 1087 1146 1109 non
1161 1078 1353 1109 destruatur.
1371 1078 1435 1109 Hoc
1449 1079 1577 1118 quidem
1591 1078 1782 1117 generaliter

1011 1132 1130 1162 dictum
1145 1135 1202 1170 est,
1215 1134 1244 1162 et
1258 1141 1372 1162 verum
1386 1134 1432 1162 est
1448 1141 1506 1171 pro
1521 1133 1661 1171 tempore
1677 1131 1780 1161 finalis

1007 1185 1128 1223 judicii,
1152 1185 1278 1224 quando
1297 1185 1405 1214 omnia
1424 1184 1644 1220 destruentur,
1666 1193 1778 1214 secun-

1011 1237 1089 1267 dum
1119 1237 1195 1268 illud
1225 1238 1245 1256 ¹²¹
1270 1248 1277 1268 :
1310 1249 1323 1266 «
1348 1237 1468 1268 Coelum
1497 1239 1528 1267 et
1556 1239 1641 1267 terra
1664 1237 1778 1267 transi-

1012 1290 1102 1328 bunt,
1119 1301 1133 1318 υ
1152 1292 1209 1320 etc.
1225 1290 1263 1320 Et
1279 1290 1297 1306 ¹³
1312 1300 1318 1319 :
1337 1301 1351 1318 «
1368 1289 1511 1319 Primum
1530 1290 1656 1327 coelum,
1673 1292 1704 1319 et
1718 1289 1781 1328 pri-

1012 1351 1062 1371 ma
1078 1344 1161 1372 terra
1175 1342 1260 1379 abiit,
1277 1343 1308 1372 et
1325 1350 1412 1372 mare
1423 1343 1491 1381 jam
1505 1351 1570 1372 non
1585 1344 1649 1378 est3
1666 1352 1680 1369 n
1696 1343 1731 1371 ut
1746 1341 1780 1371 in

1010 1394 1139 1425 Psalmo
1154 1394 1174 1410 ¹⁴
1192 1403 1219 1423 z«
1237 1394 1245 1424 l
1252 1394 1297 1434 psi
1312 1394 1472 1433 peribunt,
1490 1396 1525 1424 tu
1539 1396 1646 1424 autem
1657 1402 1780 1433 perma-

1009 1447 1108 1484 nebis,
1127 1458 1139 1474 n
1159 1449 1216 1477 etc.
1233 1446 1287 1477 Est
1303 1447 1397 1477 etiam
1422 1455 1534 1477 verum
1556 1455 1613 1485 pro
1636 1445 1777 1476 destruc-

1010 1500 1095 1529 tione
1118 1499 1292 1530 Jerusalem
1309 1498 1494 1538 specialiter,
1511 1508 1583 1538 quae
1596 1499 1677 1528 sacta
1699 1501 1745 1528 est
1760 1508 1779 1529 a

1009 1551 1078 1582 Tito
1100 1554 1130 1582 et
1152 1551 1342 1591 Vespasiano
1366 1551 1610 1590 quadragesimo
1640 1551 1777 1581 secundo

1008 1613 1092 1635 anno
1107 1607 1177 1643 post
1199 1605 1376 1643 passionem
1401 1603 1525 1634 Domini
1545 1604 1566 1622 ¹⁵
1589 1613 1595 1632 :
1616 1614 1631 1632 α
1644 1603 1777 1634 Venient

1009 1657 1075 1687 dies
1097 1658 1131 1687 in
1153 1659 1198 1695 te,
1220 1659 1251 1687 et
1270 1657 1512 1687 circumdabunt
1534 1659 1563 1687 te
1585 1656 1705 1686 inimici
1729 1656 1776 1687 tui

1008 1710 1102 1747 vallo,
1120 1722 1134 1737 »
1154 1713 1226 1748 etc„
1245 1721 1259 1738 (ι
1276 1712 1306 1740 et
1328 1710 1366 1740 ad
1382 1712 1499 1740 terram
1520 1711 1719 1748 prosternent
1733 1712 1774 1748 te,

1008 1765 1038 1792 et
1052 1771 1117 1792 non
1138 1762 1316 1801 relinquent
1330 1762 1362 1792 in
1378 1764 1406 1792 te
1420 1762 1557 1801 lapidem
1578 1771 1673 1801 super
1695 1762 1775 1801 lapi-

1007 1815 1089 1845 dem.
1104 1826 1118 1843 »)
1138 1814 1226 1845 Unde
1242 1815 1413 1854 Gregorius
1433 1815 1508 1845 dicit
1521 1815 1542 1831 ¹⁸
1557 1815 1641 1854 quod
1661 1814 1715 1844 illa
1728 1814 1775 1845 Je-

1007 1868 1147 1898 rusalem
1163 1876 1235 1898 cum
1251 1867 1369 1907 templo
1382 1867 1523 1897 funditus
1541 1869 1588 1897 est
1603 1876 1722 1905 eversa,
1744 1870 1775 1898 et

1006 1921 1207 1960 postmodum
1220 1922 1266 1950 est
1281 1920 1443 1950 aedificata.
1457 1919 1546 1950 Ratio
1556 1921 1661 1950 autem
1676 1928 1773 1959 quare

1004 1972 1157 2003 Dominus
1179 1973 1298 2003 distulit
1321 1972 1531 2011 qnadraginta
1558 1972 1638 2003 duos
1660 1981 1770 2011 annos,

1004 2026 1063 2056 fuit
1083 2028 1119 2056 ut
1136 2027 1313 2064 expectaret
1339 2024 1408 2054 illos
1428 2025 1467 2055 ad
1484 2025 1712 2064 poenitentiam,
1728 2025 1770 2055 si-

1004 2080 1058 2108 cut
1072 2077 1184 2108 dicitur
1204 2078 1224 2096 ¹⁷
1244 2086 1280 2106 z«
1299 2077 1454 2107 Patienter
1475 2077 1541 2116 agit
1559 2081 1688 2117 propter
1703 2087 1769 2115 vos,

1004 2131 1113 2161 nolens
1128 2130 1250 2170 aliquos
1273 2130 1386 2169 perire.
1400 2142 1414 2158 υ
1434 2129 1524 2160 Ratio
1545 2132 1653 2160 autem
1674 2139 1771 2169 quare

1003 2183 1140 2222 amplius
1155 2191 1219 2213 non
1233 2182 1366 2218 distulit,
1378 2182 1437 2212 fuit
1451 2184 1578 2221 propter
1585 2182 1770 2212 Judaeorum

1004 2234 1168 2275 perfidiam
1189 2234 1390 2272 obduratam,
1411 2243 1483 2273 qua:
1504 2234 1670 2264 veritatem
1694 2243 1767 2265 con-

1004 2287 1163 2318 temnebat
1177 2289 1302 2326 propter
1312 2286 1457 2317 velamen
1468 2289 1497 2316 et
1509 2286 1668 2317 umbram.
1682 2286 1769 2318 Unde

1005 2340 1112 2370 Glossa
1132 2349 1139 2368 2
1161 2351 1175 2369 «
1198 2339 1326 2370 Curavit
1348 2339 1428 2369 Deus
1450 2340 1619 2377 civitatem,
1639 2342 1671 2370 et
1688 2343 1768 2371 tem-

1004 2393 1105 2432 plum,
1115 2395 1146 2423 et
1159 2392 1266 2422 omnia
1278 2392 1427 2430 figuralia
1441 2393 1632 2430 subvertere,
1642 2402 1682 2423 ne
1696 2393 1768 2432 quis

1002 2447 1071 2484 post
1090 2445 1262 2476 adventum
1282 2444 1394 2475 Christi
1413 2445 1452 2474 ad
1472 2444 1524 2474 illa
1544 2447 1729 2475 recurreret.
1747 2456 1762 2473 υ

1003 2497 1040 2527 Et
1067 2506 1123 2536 pro
1148 2497 1202 2527 illo
1224 2499 1365 2536 tempore
1394 2496 1580 2535 intelligitur
1605 2496 1683 2527 illud
1707 2498 1728 2514 ¹⁸
1756 2509 1762 2528 :

1000 2565 1039 2587 27.
1054 2574 1084 2580 -
1107 2563 1126 2579 ¹⁸
1149 2565 1221 2592 sup„
1242 2569 1296 2593 xm,
1319 2564 1401 2586 43-44.
1422 2576 1449 2580 —
1472 2563 1492 2579 ¹⁶
1512 2564 1587 2592 Grcg.
1606 2563 1630 2585 in
1658 2563 1763 2594 vazq„

1000 2598 1069 2621 hom.
1083 2604 1170 2621 xxxxi.
1188 2610 1219 2615 ——
1235 2598 1253 2614 ¹⁷
1265 2599 1284 2621 ll
1300 2599 1379 2625 Petu,
1394 2603 1433 2627 111,
1449 2598 1471 2620 9.
1486 2610 1516 2614 —-
1534 2598 1552 2613 ¹⁵
1566 2597 1652 2627 1sa.,1‚
1667 2600 1746 2621 11-13.

1031 2638 1064 2667 (α)
1087 2637 1158 2667 l'ulq.
1181 2638 1271 2661 Nonne
1288 2644 1378 2661 manus
1398 2644 1454 2660 mea
1472 2637 1531 2660 fecit
1549 2637 1602 2661 haec
1619 2638 1720 2662 omnia?
1732 2650 1763 2657 —

999 2673 1031 2703 (b)
1052 2672 1122 2703 Γαίῃ.
1137 2679 1196 2696 eum
1206 2673 1260 2705 ipse
1276 2673 1318 2697 det
1325 2672 1442 2697 omnibus
1457 2672 1542 2697 vitam.
