1987 3032
206 184 264 212 426
726 179 935 211 EVANGELH
959 178 1095 211 SANCTl
1117 178 1280 210 JOANNlS

206 247 284 275 lexit.
298 258 310 274 »ι
333 250 365 276 Ut
379 249 457 276 enim
477 249 517 276 ait
535 248 711 283 Augustinus
726 248 734 264 ¹
753 256 759 274 :
780 256 794 272 «
809 248 907 274 Honor
921 246 972 274 ho-

205 294 293 322 minis
303 303 390 322 verus
408 297 450 322 est
464 295 562 329 imago
583 296 610 321 et
628 293 790 320 similitudo
809 293 856 320 Dei
868 302 876 327 ;
890 302 903 318 ι)
922 292 973 320 de-

207 340 316 375 decus,
337 341 498 368 similitudo
519 340 642 376 pecoris.
669 339 679 354 ²
700 349 713 365 ιι
736 341 774 367 Ne
798 339 850 366 des
871 338 973 366 alienis

205 386 350 415 honorem
371 389 470 421 tuum,
485 397 498 412 n
522 389 575 414 etc.
600 389 669 414 ltem
688 387 730 413 est
743 386 840 413 honor
861 385 973 412 virtutis

206 434 353 469 gratuitae,
368 434 525 468 imaginem
545 433 740 460 deformatam
761 432 924 467 reparantis
938 432 948 448 ³
964 441 970 458 :

207 490 222 505 <i
242 480 340 508 Flores
361 480 418 507 mei
442 479 551 507 fruetus
571 479 710 513 honoris,
726 481 753 506 et
771 478 940 505 honestatis.
957 487 969 502 »

204 528 237 554 Et
251 526 397 562 Sapientia
411 527 421 543 ‘·
437 535 444 553 :
464 536 477 551 «
492 528 608 561 Propter
625 526 701 552 hane
719 524 837 552 habebo
861 524 973 551 clarita-

204 574 262 600 tem
277 572 315 599 ad
331 572 446 606 turbas,
457 574 484 599 et
498 572 651 599 honorem.
664 582 676 595 u
691 573 722 598 Ut
737 571 815 598 enim
831 570 870 598 ait
884 570 973 605 Chry-

204 621 366 646 sostomus:
386 619 486 646 «Nihil
500 619 626 646 honorat
646 620 678 646 ut
699 618 799 645 virtus.
817 627 830 643 »
846 619 915 644 ltem
931 618 973 643 est

203 665 300 692 honor
313 665 413 700 gloriae
427 665 639 700 magnificantis
648 686 654 698 ,
666 664 703 691 de
715 671 775 699 quo
788 663 818 690 in
832 662 927 697 figura
940 663 949 678 ⁵
964 671 969 688 :

207 721 220 737 «
244 713 302 739 Hoc
323 712 436 739 honore
458 711 565 746 dignus
589 713 632 738 est
650 731 656 744 ‚
683 717 900 746 quemeumque
922 716 971 736 rex

203 757 350 785 honorare
365 757 501 785 voluerit.
517 768 530 783 n
548 760 579 785 Et
594 757 645 784 iste
660 757 757 784 honor
771 758 813 783 est
827 762 971 787 summus,

203 805 264 831 tum
279 812 297 831 a
311 806 392 840 parte
407 804 455 831 Dei
471 804 560 831 Patris
579 803 766 835 honorantis,
788 804 849 829 tum
863 810 879 829 a
890 803 971 837 parte

203 851 266 878 Filii
284 859 352 878 eum
376 859 451 886 quo,
467 852 494 878 et
508 858 609 877 eoram
624 857 684 885 quo
707 851 749 876 est
762 848 824 884 ipse
845 849 972 875 honora-

203 898 265 930 tus,
277 898 365 932 prout
377 897 482 924 dicitur
495 896 556 929 hic,
568 897 595 923 et
605 898 635 923 ut
646 895 685 922 ait
695 894 870 929 Augustinus
880 894 970 929 prius,

203 943 286 978 quod
300 951 361 970 non
376 945 417 970 est
440 943 534 977 majssr
552 942 657 975 honor,
675 949 765 977 quam
779 940 862 976 quod
877 940 971 975 adop-

202 991 278 1016 tatus
291 989 342 1023 sit,
358 989 410 1016 ubi
428 991 469 1016 est
483 989 596 1016 unicus.
618 990 663 1015 Est
677 987 762 1015 etiam
778 994 927 1019 summus,
945 988 972 1014 et

204 1035 494 1069 delectabilissimuS,
515 1043 551 1062 ex
576 1033 755 1062 conscientia
779 1033 950 1060 meritorum
963 1054 970 1066 ,

202 1084 322 1117 propter
342 1090 407 1117 quae
431 1081 471 1108 sic
490 1081 660 1108 honoratur.
687 1079 910 1108 ministrandum
931 1081 973 1106 est

203 1135 274 1162 ergo
288 1127 489 1155 incunctanter
511 1128 582 1161 Deo,
599 1127 649 1162 qui
669 1127 708 1153 sic
723 1127 849 1154 honorat
871 1126 972 1153 minis-

202 1173 329 1208 terium,
351 1174 412 1201 sive
436 1173 648 1200 ministrantem
664 1195 672 1207 ,
695 1175 755 1200 tam
777 1172 971 1206 excellenter,

202 1221 262 1247 tam
275 1219 486 1255 multiplieiter,
499 1228 590 1255 quain
604 1219 780 1254 perenniter.

236 1269 281 1294 27.
296 1268 327 1294 Et
336 1267 466 1302 sequitur
477 1266 526 1293 illa
536 1274 615 1301 parS,
627 1266 656 1293 in
668 1273 727 1301 qua
739 1265 896 1293 salvatoris
907 1272 973 1292 ora-

200 1314 252 1347 tio,
263 1313 323 1340 sivo
333 1321 397 1348 sup;
410 1313 524 1340 lieatio:
538 1314 612 1340 Nunc
623 1313 714 1338 anima
726 1320 783 1338 mea
798 1312 905 1338 turbata
916 1314 953 1338 est
964 1332 972 1345 ,

200 1359 273 1387 sicut
287 1360 436 1387 continuat
457 1358 632 1393 Augustinus
647 1359 657 1374 ⁶
676 1357 846 1393 inquirens:
864 1367 876 1382 «
894 1357 972 1384 Unde

200 1406 315 1433 turbata
329 1408 370 1433 est
384 1405 483 1433 anima
497 1408 556 1437 tua,
573 1405 692 1431 Domine
702 1405 740 1430 1⁷»
754 1405 784 1430 Et
798 1403 971 1438 respondet:

203 1464 215 1478 «
230 1454 286 1480 Nos
300 1453 329 1479 in
344 1461 374 1480 se
389 1451 547 1483 transtulit,
565 1459 619 1478 nos
632 1451 662 1477 in
677 1458 707 1477 se
728 1450 869 1485 suscepit,
886 1451 973 1484 eaput

199 1501 331 1526 nostrum
354 1498 557 1525 membrorum
583 1504 704 1523 saiorum
732 1495 857 1531 suscepit
884 1496 972 1522 ass'ec-

200 1546 263 1572 tum
285 1555 291 1572 :
314 1544 388 1572 sicut
413 1551 502 1579 supra
527 1543 556 1570 in
576 1542 762 1569 suscitatione
784 1542 879 1569 Lazari
903 1541 973 1568 dici-

200 1594 246 1618 tur
257 1593 283 1618 ⁷:
299 1592 429 1618 Turbam-it
443 1591 623 1624 semetipsum.
637 1599 649 1613 «
661 1588 821 1624 Oportebat
837 1588 925 1621 enim,
941 1590 972 1614 ut

201 1637 345 1665 mediator
367 1637 414 1664 Dei
432 1639 460 1664 et
480 1636 649 1668 hominum,
671 1635 744 1661 sieut
763 1642 817 1661 nos
839 1634 973 1661 excitavit

201 1684 240 1711 ad
266 1692 396 1717 summa,
418 1684 458 1710 ita
479 1682 634 1710 nobiscum
654 1682 801 1716 pateretur
826 1683 854 1707 et
873 1681 908 1714 (α)
929 1680 971 1706 in-

201 1730 280 1757 fima.
295 1739 308 1754 n
327 1731 389 1756 Haec
404 1729 462 1756 ille.
480 1730 511 1755 Et
525 1727 590 1754 ideo
606 1727 754 1762 sequitur:
775 1726 849 1759 Quid
864 1726 970 1752 dicam:

199 1785 287 1812 quem
303 1776 460 1803 invocem?
477 1774 585 1801 seilicet
599 1775 721 1800 Patrem.
738 1773 806 1800 ideo
822 1772 970 1807 sequitur:

199 1824 289 1856 Pater,
303 1823 422 1855 salvifica
436 1829 476 1848 me
491 1828 523 1847 ea:
538 1821 586 1847 hnc
601 1821 679 1853 hora,
695 1819 804 1846 seilicet
814 1817 970 1853 passionis.

200 1870 231 1896 Et
246 1869 282 1896 de
301 1869 357 1896 hoc
372 1868 402 1895 in
421 1867 531 1895 Glossa.
546 1867 556 1883 ¹³
579 1876 591 1892 t(
607 1867 697 1900 Pater,
717 1865 740 1892 si
756 1864 897 1900 possibile
911 1866 970 1898 est,

198 1917 325 1943 transeat
339 1914 430 1947 calix,
446 1924 458 1938 n
477 1915 530 1940 etc.
554 1912 605 1939 Sed
625 1914 766 1946 propterea
779 1912 839 1937 veni
856 1911 886 1936 in
906 1911 971 1936 hanc

198 1962 288 1988 horam
298 1981 307 1994 ,
323 1961 406 1996 quasi
422 1960 546 1986 diceret:
564 1959 625 1985 Haee
641 1958 694 1984 fuit
709 1957 782 1984 ratio
797 1957 972 1984 incarnatio-

199 2007 258 2041 nis,
281 2009 308 2034 et
327 2005 552 2041 dispensationis
575 2004 709 2031 omnium
729 2003 948 2039 praemissorum
963 2023 971 2035 ,

199 2055 230 2080 ut
242 2061 296 2088 per
309 2053 477 2088 passionem
488 2054 633 2078 transeam
643 2050 667 2077 ⁹:
683 2059 696 2075 «
708 2049 867 2084 Oportebat
877 2049 970 2076 Chris-

200 2101 262 2126 tum
275 2099 351 2134 pati‚
363 2100 389 2125 et
400 2098 440 2125 sie
450 2097 557 2124 intrare
568 2097 596 2123 in
608 2096 733 2131 gloriam
743 2103 837 2122 suam.
849 2105 862 2120 n
875 2095 913 2130 (v.
925 2095 969 2129 28)

201 2145 325 2179 clarifica
341 2152 432 2171 nomen
448 2146 538 2176 tuum,
558 2142 666 2169 seilicet
679 2141 709 2168 in
722 2141 874 2176 passione,
887 2142 915 2167 et
928 2148 970 2167 re-

199 2190 391 2224 surreetione,
417 2189 456 2216 ait
480 2187 656 2222 Augustinus
675 2188 717 2213 ¹⁰:
737 2196 750 2211 ι(
762 2188 804 2214 Me
828 2186 935 2213 scilieet
953 2194 970 2213 a

198 2236 322 2264 mortuis
343 2235 494 2263 celerrime
515 2233 698 2267 suscitando,
713 2243 727 2258 i)
748 2233 788 2259 ait
807 2232 969 2259 Anselmus.

199 2282 254 2310 Sed
269 2282 422 2317 quaeritur,
439 2280 564 2316 qualiter
582 2279 621 2306 ait
638 2288 643 2306 :
667 2280 768 2305 Anima
788 2286 845 2305 mea
861 2278 969 2304 turbata

199 2331 252 2360 θείς
268 2336 335 2354 cum
349 2327 436 2355 etiam
451 2325 593 2353 sententia
610 2324 775 2360 sapientum
790 2324 892 2358 fuerit,
908 2331 969 2351 non

199 2373 304 2401 cadere
321 2373 489 2408 passionem
508 2372 538 2398 in
553 2371 652 2398 anima
672 2370 824 2406 sapientis,
841 2370 913 2397 sicut
925 2369 969 2396 in-

232 2434 237 2448 ¹
254 2433 328 2463 Aug„
346 2431 375 2455 de
396 2432 474 2461 Tria„
492 2431 537 2454 lib.
555 2431 614 2459 ΧΗ,
631 2438 654 2454 c.
671 2436 712 2459 n,
727 2437 753 2454 n.
771 2431 848 2453 16.—
862 2429 872 2445 ²
885 2430 966 2460 Pron.¹

199 2475 224 2498 v,
243 2468 265 2491 9.
285 2480 316 2485 -
337 2467 348 2484 ³
368 2467 455 2495 Eccli.‚
477 2471 546 2495 xxw,
571 2467 609 2489 23.
629 2479 660 2483 —
678 2466 688 2482 Β
707 2465 777 2496 Sap„
799 2471 858 2494 vni,
881 2467 917 2489 10.
938 2478 968 2482 —

198 2504 208 2519 ⁵
227 2502 310 2531 Esth.,
329 2508 364 2532 Vl,
389 2504 424 2526 ll.
441 2516 467 2518 —
487 2502 496 2515 θ
515 2502 590 2531 Aug,
612 2501 638 2523 in
652 2501 732 2530 Jotzn.¹
749 2502 821 2524 tract.
837 2506 884 2530 ιιι,
900 2507 926 2523 n.
944 2502 966 2524 1.

201 2551 225 2554 -
248 2538 255 2551 7
271 2538 343 2568 Sup.‚
366 2542 402 2566 xi,
420 2537 458 2559 33.
474 2548 503 2552 -
522 2535 533 2551 ⁸
548 2535 648 2562 Mami..
671 2541 746 2566 xxm,
765 2536 802 2559 39v
824 2548 854 2553 -
870 2536 880 2551 ⁹
900 2535 968 2563 Luc„

198 2579 271 2601 xxiv,
288 2574 327 2596 26.
346 2585 375 2589 —
395 2572 416 2588 ¹⁰
435 2572 509 2599 Aug„
533 2570 575 2593 ubi
599 2577 665 2600 sup„
687 2577 713 2594 n.
734 2571 758 2593 3.
777 2581 807 2585 Ν
830 2571 848 2586 ¹¹
873 2570 918 2600 td„
939 2570 968 2592 tle

200 2609 278 2632 Givz‘t.
295 2608 349 2637 Dei,
364 2607 407 2631 lih.
426 2606 466 2636 tX,
483 2612 504 2629 e.
521 2610 554 2634 lv,
570 2612 594 2628 u.
612 2607 633 2628 1.
646 2618 675 2622 —
690 2606 708 2621 *ἓ
722 2606 797 2635 Hug„
811 2605 840 2628 cle
855 2606 965 2629 Sacrum.

1027 246 1123 273 sinuat
1131 245 1306 280 Augustinus
1314 246 1343 280 ¹¹,
1355 249 1382 274 et
1390 246 1464 274 sicut
1472 248 1585 276 recitat:
1597 249 1691 277 multo
1701 250 1798 278 minus

1027 292 1154 325 videtur,
1166 291 1249 327 quod
1258 292 1356 320 anima
1368 292 1469 320 Christi
1486 294 1572 322 fuerit
1583 295 1708 324 turbata.
1717 297 1798 332 Item,

1027 338 1049 365 si
1071 337 1170 365 anima
1190 345 1242 365 sua
1261 337 1314 365 fuit
1333 339 1462 373 turbata,
1480 340 1596 368 videtur
1615 342 1697 376 quod
1716 342 1747 370 in
1761 350 1797 370 eo

1027 391 1087 411 non
1101 383 1187 411 fuerit
1202 384 1357 419 plenitudo
1372 385 1483 419 gaudii.
1495 388 1526 413 Et
1538 387 1576 414 ad
1589 387 1667 414 istud
1679 396 1798 424 respon-

1027 429 1159 457 dendum
1174 432 1215 457 est
1231 431 1395 458 secundum
1407 433 1559 468 Hugonem
1576 434 1604 468 ¹²,
1622 435 1673 462 ubi
1685 435 1798 470 objicit,

1027 477 1110 512 quod
1125 487 1139 503 «
1152 478 1175 504 si
1196 477 1295 505 anima
1314 478 1433 512 Christi,
1452 483 1518 508 ante
1538 482 1796 517 resurrectionem,

1026 524 1176 559 passiones
1191 526 1219 552 et
1233 524 1352 552 dolores
1372 526 1522 559 sustinuit,
1543 527 1694 556 beatitudo
1709 528 1797 563 plena

1027 578 1088 597 esse
1101 578 1160 598 non
1175 571 1280 606 potuit,
1297 572 1349 598 ubi
1365 572 1452 599 dolor
1465 575 1492 600 et
1505 581 1593 608 poena
1607 573 1669 601 t'uit.
1685 584 1698 599 n
1713 576 1744 602 Et
1757 575 1797 602 ad

1026 616 1101 643 illud
1119 617 1295 652 respondet,
1320 618 1403 653 quod
1421 628 1434 643 (ι
1449 618 1548 646 anima
1568 619 1620 646 illa
1634 621 1798 648 secundum

1027 662 1108 689 aliud
1122 663 1202 690 carni
1214 664 1295 690 unita
1312 664 1379 697 suit,
1398 666 1424 690 et
1441 664 1604 692 secundum
1622 665 1705 692 aliud
1723 666 1798 694 divi-

1026 710 1124 737 nitati:
1142 710 1171 737 in
1188 718 1223 737 eo
1243 710 1325 746 quod
1341 711 1419 737 carni
1443 711 1524 738 unita
1543 711 1614 745 fuit,
1630 712 1689 739 vita
1703 713 1799 740 carnis

1026 755 1080 782 fuit
1094 756 1174 791 ipsa3
1191 756 1221 783 in
1236 764 1271 784 eo
1286 764 1356 783 vero
1375 757 1457 792 quod
1473 757 1617 785 divinitati
1635 758 1716 785 unita
1730 758 1796 793 fuit,

1026 802 1085 829 vita
1099 802 1161 836 ejus
1175 802 1311 830 divinitas
1327 802 1388 829 fuit.
1408 813 1421 828 »
1446 804 1509 830 Haee
1523 803 1582 830 ille.
1601 804 1681 831 Unde
1701 806 1744 832 est
1756 804 1799 832 lo-

1026 848 1179 883 quendum
1199 848 1235 876 de
1255 849 1422 876 turbatione
1446 849 1658 884 involuntaria,
1684 852 1713 878 et
1732 859 1798 886 quae

1026 896 1068 920 est
1090 894 1210 921 rationis
1225 895 1260 929 (h)
1277 894 1480 922 obnubilativa
1502 904 1508 922 ε
1537 898 1563 923 et
1585 895 1650 923 talis
1671 896 1798 925 turbatio

1025 947 1087 967 non
1107 940 1160 967 suit
1180 940 1209 967 in
1231 941 1352 968 Christo.
1370 943 1400 968 Et
1415 944 1456 968 est
1470 941 1528 968 alia
1549 942 1677 969 turbatio
1694 942 1799 970 volun-

1026 987 1097 1014 tarie
1110 989 1254 1022 suscepta,
1265 995 1331 1022 quse
1342 995 1403 1014 non
1418 989 1460 1014 est
1473 987 1594 1014 rationis
1609 989 1798 1023 commotiva,

1025 1033 1078 1060 sed
1092 1035 1205 1060 tantum
1220 1036 1261 1060 est
1279 1033 1460 1067 sensualitas,
1477 1035 1507 1060 ut
1519 1036 1623 1062 natura
1638 1036 1698 1062 est:
1715 1037 1743 1062 et
1758 1035 1799 1062 sie

1025 1080 1121 1114 potuit
1136 1088 1197 1106 esse
1212 1080 1243 1106 in
1257 1079 1379 1107 Christo.
1394 1080 1474 1107 Unde
1486 1081 1663 1115 Augustinus
1674 1081 1694 1098 ¹³
1705 1090 1712 1108 z
1722 1090 1736 1106 (ι
1746 1084 1800 1109 Au-

1027 1125 1091 1152 disti
1122 1134 1225 1153 vocem
1255 1126 1433 1153 fortitudinis
1456 1134 1546 1160 meoe,
1571 1127 1680 1154 scilicet
1709 1135 1715 1154 :
1747 1127 1800 1160 Qui

1026 1175 1100 1199 amat
1116 1175 1238 1199 animam
1259 1180 1352 1206 suam,
1373 1173 1466 1207 perdet
1489 1181 1555 1200 eam.
1589 1173 1665 1200 Audi
1695 1173 1723 1200 in
1752 1181 1799 1201 me

1025 1225 1130 1245 vocem
1150 1220 1206 1244 tuoe
1228 1218 1423 1245 infirmitatis:
1449 1219 1524 1245 vires
1550 1219 1581 1253 (c)
1601 1226 1745 1254 suggero,
1768 1221 1800 1246 ut

1026 1271 1140 1297 eurras3
1159 1264 1211 1291 sed
1234 1264 1374 1291 transfero
1397 1265 1425 1291 in
1445 1273 1509 1297 me,
1529 1265 1611 1300 quod
1626 1265 1766 1300 trepidas.
1783 1275 1796 1290 n

1028 1311 1090 1336 Haee
1107 1310 1173 1344 ille,
1197 1312 1224 1337 et
1241 1310 1372 1344 loquitur
1390 1310 1421 1337 in
1441 1318 1568 1346 persona
1583 1310 1646 1337 Filii
1662 1310 1710 1338 Dei
1725 1310 1800 1338 allo-

1027 1356 1142 1391 quentis
1161 1356 1322 1383 hominem.
1346 1358 1379 1383 Et
1401 1356 1437 1383 de
1461 1356 1518 1384 hoc
1542 1357 1766 1392 Chrysostomus
1781 1358 1801 1374 ¹·

1026 1402 1120 1429 bene:
1136 1411 1149 1427 «
1164 1402 1294 1430 Ostendit
1314 1402 1424 1430 scilicet
1445 1403 1573 1430 Christus
1590 1403 1672 1438 quod
1687 1403 1716 1430 in
1731 1411 1801 1438 ago-

1026 1448 1076 1475 nia
1097 1448 1132 1474 sit
1155 1448 1232 1483 ipse,
1257 1451 1355 1475 tamen
1377 1450 1499 1484 propter
1520 1449 1674 1476 utilitatem
1694 1449 1802 1477 scilieet

1026 1496 1155 1521 nostram
1175 1502 1235 1521 non
1262 1494 1367 1521 renuit.
1395 1495 1525 1522 Ostendit
1550 1495 1638 1522 etiam
1665 1497 1801 1522 naturam

1026 1547 1086 1567 non
1101 1540 1249 1568 volentem
1274 1541 1368 1574 mori,
1388 1541 1440 1568 sed
1454 1541 1588 1576 praesenti
1603 1541 1800 1569 adhaerentem

1025 1587 1108 1614 vitaz:
1125 1595 1178 1623 per
1197 1588 1254 1614 hoe
1273 1588 1360 1614 etiam
1380 1588 1554 1622 ostendens,
1575 1588 1718 1623 quoniam
1739 1596 1800 1616 non

1025 1635 1107 1660 extra
1129 1634 1275 1660 humanas
1299 1634 1450 1669 passiones
1474 1636 1545 1660 erat.
1571 1635 1603 1661 Et
1625 1641 1661 1661 ne
1686 1634 1799 1670 dicant,

1026 1679 1169 1714 quoniam
1191 1682 1273 1706 extra
1291 1679 1411 1706 dolores
1429 1679 1577 1707 humanos
1597 1680 1737 1715 existens,
1757 1680 1800 1708 fa-

1025 1725 1080 1752 cilc
1101 1725 1136 1752 de
1152 1728 1244 1752 morte
1259 1725 1494 1760 philosophatur.
1510 1727 1572 1752 tlaee
1588 1726 1667 1753 enim
1681 1726 1800 1762 dispen-

1025 1771 1145 1799 sationis
1160 1773 1237 1805 sunt,
1253 1779 1315 1798 non
1329 1771 1454 1799 deitatis.
1469 1781 1483 1797 ›>
1495 1773 1558 1799 Haec
1571 1772 1631 1800 ille.
1648 1774 1687 1799 Ex
1698 1773 1800 1807 digna-

1025 1817 1084 1844 tiva
1099 1825 1169 1851 ergo
1185 1825 1237 1844 sua
1252 1817 1486 1852 dispensatione,
1507 1820 1534 1845 et
1555 1818 1585 1844 in
1605 1826 1732 1853 persona
1751 1827 1800 1854 ge-

1024 1863 1101 1890 neris
1115 1863 1250 1897 humani,
1267 1865 1294 1890 et
1308 1863 1347 1890 ad
1362 1864 1587 1890 ostentationem
1601 1863 1738 1892 humanae
1757 1864 1799 1892 in—

1025 1909 1182 1943 firmitatis,
1203 1912 1230 1936 et
1252 1909 1291 1936 ad
1308 1909 1472 1937 doctrinam
1491 1912 1597 1937 nostrae
1611 1910 1797 1945 eruditionis,

1025 1955 1076 1982 ait:
1093 1956 1170 1983 Nunc
1187 1956 1295 1982 turbata
1309 1958 1346 1982 est
1360 1958 1451 1982 anima
1466 1964 1533 1990 mea,
1551 1958 1604 1984 etc.
1617 1956 1697 1984 Unde
1710 1957 1798 1992 Chry-

1024 2003 1170 2028 sostomus
1181 2001 1215 2028 ¹⁵:
1226 2010 1238 2026 ι(
1255 2001 1412 2029 Erudiebat
1426 2009 1479 2036 per
1492 2002 1560 2036 hoo,
1575 2002 1656 2037 quod
1672 2002 1695 2029 si
1709 2010 1797 2037 quan-

1025 2047 1124 2082 doque
1145 2047 1174 2074 in
1191 2055 1285 2081 agone
1306 2048 1453 2074 constituti
1467 2048 1623 2082 fuerimuS,
1646 2050 1673 2076 et
1692 2047 1795 2076 formi-

1025 2094 1108 2127 dine,
1129 2101 1189 2120 non
1208 2093 1308 2128 itaque
1331 2093 1494 2121 resiliamus
1517 2102 1534 2121 a
1554 2094 1728 2130 propositis,
1743 2094 1796 2122 sed

1025 2140 1174 2167 dicamus:
1198 2141 1289 2173 Pater,
1309 2139 1443 2174 glorifica
1464 2147 1574 2166 nomen
1593 2142 1686 2166 tuum.
1702 2149 1716 2165 n
1733 2141 1795 2167 liaee

1024 2186 1083 2213 ille.
1098 2188 1128 2213 Et
1141 2186 1181 2214 ibi
1192 2186 1268 2212 bene
1281 2185 1318 2212 de
1329 2185 1418 2212 hoo.¹⁶
1427 2195 1440 2210 α
1452 2186 1524 2212 Cum
1537 2185 1706 2219 ignoremus
1721 2186 1794 2221 quid

1024 2240 1111 2267 agere
1126 2232 1302 2264 debeamuS,
1323 2232 1379 2259 hoc
1400 2231 1496 2258 solum
1508 2231 1653 2259 habemus
1667 2231 1793 2265 residui,

1024 2281 1054 2305 ut
1069 2278 1171 2305 oeulos
1185 2279 1301 2305 nostros
1321 2277 1483 2312 dirigamus
1498 2277 1537 2304 ad
1552 2279 1587 2304 te.
1609 2288 1622 2303 »i
1640 2277 1697 2306 Sed
1715 2285 1793 2313 quae-

1023 2324 1104 2358 ritur,
1116 2332 1182 2351 eum
1197 2331 1286 2359 supra
1298 2323 1402 2351 dixerit
1412 2323 1430 2339 ¹⁷
1442 2332 1448 2350 :
1461 2333 1473 2348 «
1484 2325 1553 2358 Eg0,
1566 2325 1594 2351 et
1608 2325 1690 2351 Pater
1700 2331 1792 2350 unum

1022 2412 1076 2441 fid„
1091 2411 1136 2435 lib.
1158 2412 1190 2441 lt,
1207 2412 1271 2441 part.
1291 2412 1315 2440 l,
1335 2418 1358 2435 c.
1375 2417 1414 2440 vi,
1433 2418 1520 2435 versus
1534 2411 1578 2434 fin.
1593 2424 1623 2428 —
1636 2411 1657 2427 ¹³
1676 2412 1749 2441 Aug„
1764 2411 1789 2434 in

1021 2448 1092 2470 doun.
1116 2449 1188 2471 tract.
1212 2452 1265 2476 Lu,
1291 2453 1317 2470 n.
1344 2448 1367 2470 2.
1393 2459 1424 2464 —
1450 2447 1470 2462 ¹⁴
1495 2446 1635 2477 Chrysost,
1660 2446 1684 2469 in
1709 2446 1790 2475 loun..

1022 2482 1091 2505 hom.
1108 2488 1176 2512 Livi,
1189 2482 1221 2505 al.
1240 2487 1320 2511 vau,
1337 2488 1363 2504 n.
1381 2483 1404 2506 2.
1419 2495 1449 2498 —
1464 2482 1482 2497 ¹⁵
1498 2481 1560 2505 lbid.
1576 2494 1606 2499 —
1623 2481 1643 2497 ¹⁶
1658 2481 1676 2504 ll
1694 2480 1788 2510 Par-al.¹

1022 2522 1066 2547 xx,
1082 2519 1117 2541 te.
1134 2530 1160 2534 —
1178 2518 1194 2531 ¹⁷
1210 2518 1281 2548 Sup„
1298 2523 1322 2547 x,
1339 2518 1378 2540 30.

1055 2572 1085 2600 (a)
1106 2570 1165 2594 Coet.
1183 2570 1244 2594 edit.
1263 2570 1338 2594 nobis
1356 2571 1484 2600 pateretur
1498 2569 1538 2593 ad.
1554 2582 1583 2586 —
1601 2569 1634 2599 (b)
1657 2570 1716 2592 uem
1733 2575 1790 2599 cap-

1021 2605 1106 2629 tionis.
1124 2618 1151 2622 —
1167 2606 1198 2636 (c)
1214 2606 1275 2628 Item
1291 2605 1367 2628 vices.
