1987 3032
687 257 892 290 EXPOSITIO
913 257 951 288 IN
974 258 1059 289 CAP.
1084 259 1137 288 ΙΙΙ.
1652 262 1710 292 305

119 335 229 364 aquam
253 329 280 355 et
299 327 413 362 ignem3
438 324 478 352 ad
500 316 582 360 quod
602 324 748 360 volueris,
768 325 886 360 porrige

118 382 240 402 manum
261 374 363 401 tuam?
377 381 391 397 n
415 372 508 398 Potest
527 378 597 405 ergo
616 370 708 398 homo
729 371 759 397 in
773 371 887 398 bonum

119 419 156 447 de
171 428 210 447 se.
227 421 257 446 Et
272 419 310 446 ad
328 417 405 445 istud
418 416 659 452 respondendum
674 419 726 450 est,
741 416 814 443 sicut
830 424 889 443 res-

118 465 228 500 pondet
246 463 421 498 Augustinus
441 463 448 479 ¹
473 463 547 490 bene
573 472 581 488 :
607 471 620 487 «
640 462 766 496 Initium,
782 462 888 497 inquit,

119 513 223 538 nostrae
241 509 340 536 salutis
361 510 417 536 Deo
437 508 592 535 miserante
611 508 769 542 habemus3
789 510 821 535 ut
840 515 889 535 ac-

119 557 303 591 quiescamus
317 554 437 582 salutari
457 554 652 589 inspirationi,
667 556 773 581 nostrae
792 556 890 589 potes-

118 602 182 629 tatis
193 603 250 636 est3
262 603 295 628 ut
311 601 509 636 adipiscamur
520 600 602 635 quod
612 599 827 635 acquiescendo
839 599 891 626 ad-

118 647 273 675 monitioni
294 647 328 682 (a)
354 647 498 682 cupimus,
518 646 611 673 divini
630 648 672 673 est
691 646 832 680 muneris;
858 647 890 672 ut

118 701 179 721 non
199 693 336 721 labamur
355 693 385 720 in
408 692 515 727 adepto
540 692 640 719 salutis
664 700 796 725 munere,
811 691 891 719 solli-

98 754 102 756 ·
119 739 255 766 citudinis
269 741 374 766 nostrae
388 741 415 766 et
429 738 551 766 coelestis
565 738 674 774 pariter
688 737 825 772 adjutorii
836 747 844 772 ς
860 739 891 764 ut

118 785 264 818 labamur,
280 785 428 821 potestatis
441 786 546 812 nostrae
558 786 600 811 est
614 786 641 811 et
651 784 783 818 ignaviae.
795 794 808 808 n
828 784 891 810 Haec

117 831 178 859 ille.
201 831 276 858 Illud
300 839 370 865 ergo
397 831 580 858 Ecclesiasticz‘
605 832 647 857 est
667 829 891 866 intelligendum

118 877 230 905 ratione
245 877 385 904 libertatis
400 876 526 911 arbitrii,
543 876 621 903 istud
639 883 710 903 vero
724 875 771 902 hic
787 874 891 902 intelli-

119 924 249 958 gendum
267 924 380 951 ratione
399 924 577 959 impotentiae
595 924 727 958 ejusdem
746 923 832 950 liberi
847 930 892 950 ar-

120 970 198 998 bitrii
213 970 274 997 sine
290 970 390 997 divina
406 970 508 1004 gratia,
526 970 601 997 infra
616 971 626 986 ²
646 978 652 996 :
673 978 686 994 α
703 969 768 996 Sine
784 977 831 996 me
846 968 891 995 ni—

120 1016 162 1043 hil
174 1016 293 1051 potestis
308 1016 414 1043 facere.
430 1026 443 1041 n

155 1063 200 1089 29.
216 1064 247 1089 Et
272 1062 402 1097 sequitur
425 1061 476 1089 illa
495 1069 574 1096 pars,
593 1062 624 1088 in
647 1069 706 1097 qua
729 1060 893 1088 manifestat

121 1108 204 1143 quod
226 1108 327 1135 Christi
347 1110 408 1135 erat
426 1115 600 1142 regenerare
620 1109 803 1134 sacramento
818 1106 892 1140 bap-

122 1153 208 1188 tismi,
221 1155 248 1181 et
260 1154 339 1181 dona
353 1154 479 1189 desuper
490 1153 572 1186 dare,
583 1153 625 1180 ibi
639 1162 645 1180 :
661 1153 714 1185 Qui
727 1154 804 1179 habet
814 1160 893 1187 spon-

121 1207 188 1231 sam,
205 1201 257 1227 etc.
273 1201 305 1227 Et
318 1199 369 1226 illa
383 1199 414 1226 in
430 1201 487 1226 tres
501 1208 507 1226 :
521 1199 629 1235 primo,
647 1198 833 1226 humiliando
851 1206 892 1232 se,

122 1246 248 1274 ostendit
260 1245 486 1281 praecellentiam
501 1245 602 1272 Christi
618 1245 647 1272 in
665 1246 805 1280 potestate
818 1244 893 1279 bap-

123 1292 244 1326 tizandi;
264 1292 394 1319 secundo
413 1291 540 1318 ostendit
559 1291 638 1317 idem
660 1291 690 1317 in
708 1291 828 1317 veritate
847 1290 894 1317 vel

125 1338 266 1373 sapientia
280 1337 417 1371 docendi,
428 1337 470 1364 ibi
483 1346 489 1363 :
504 1338 555 1369 Qui
566 1337 597 1363 de
611 1344 716 1363 sursum
729 1338 811 1367 venit,
827 1338 894 1370 etc.;

123 1384 206 1411 tertio
223 1383 348 1411 ostendit
362 1383 442 1410 idem
457 1383 487 1409 in
502 1383 631 1410 bonitate
646 1382 791 1416 largiendi
805 1382 895 1415 dona,

124 1430 165 1456 ibi
182 1439 188 1456 :
204 1431 265 1457 Non
279 1431 347 1456 enim
360 1429 396 1455 ad
411 1437 570 1462 mensuram,
586 1431 639 1456 etc.
654 1428 704 1455 Vel
719 1428 810 1461 aliter,
825 1430 852 1454 et
865 1428 896 1454 in

124 1476 203 1504 idem
227 1476 410 1512 redithquod
428 1476 525 1510 primo
547 1475 674 1502 ostendit
695 1474 896 1502 excellentiam

124 1521 226 1549 Christi
237 1521 268 1548 in
282 1521 464 1557 plenitudine
478 1520 628 1556 potentiae,
641 1520 781 1554 secundo,
794 1520 824 1547 in
834 1520 896 1555 ple-

125 1568 258 1595 nitudine
278 1567 440 1603 sapientiae;
462 1567 556 1601 tertio,
576 1567 606 1594 in
626 1567 807 1602 plenitudine
830 1575 896 1601 gra-

126 1615 180 1642 tiae.

162 1661 206 1688 Ait
221 1668 291 1695 ergo
311 1669 317 1687 :
341 1660 394 1693 Qui
415 1660 493 1687 habet
508 1667 641 1694 sponsam,
661 1662 714 1687 etc.
731 1661 771 1687 lta
786 1659 897 1687 dictum

127 1709 169 1734 est
184 1715 191 1734 :
213 1708 273 1735 Non
287 1710 373 1742 potest
388 1707 460 1733 homo
476 1708 605 1741 accipere,
622 1708 688 1740 etc.,
705 1706 789 1741 quasi
810 1706 896 1740 dicat,

127 1753 167 1780 ait
189 1753 364 1788 Augustinus
384 1754 394 1770 ³
416 1762 422 1780 2
451 1763 463 1777 α
486 1754 545 1787 Ego
570 1754 602 1779 ut
624 1752 715 1779 homo
739 1752 837 1787 accepi
861 1752 898 1779 de

128 1799 210 1833 coelo,
226 1801 259 1827 ut
272 1807 365 1827 essem
379 1798 502 1833 aliquid.
519 1799 611 1825 Homo
629 1805 694 1824 sum
710 1807 716 1825 :
733 1798 785 1824 sed
799 1805 898 1825 amare

127 1844 278 1872 hominem
295 1852 351 1880 pro
367 1844 476 1871 Christo
494 1843 671 1871 adulterium
686 1846 736 1878 est,
753 1845 822 1879 quia
836 1844 898 1879 ipse

129 1894 170 1918 est
189 1899 276 1918 verus
290 1898 425 1926 sponsus.
440 1890 508 1918 Ideo
523 1890 562 1918 ait
582 1899 588 1917 ε
606 1891 658 1923 Qui
672 1891 749 1917 habet
764 1899 898 1925 sponsam,

129 1936 287 1963 Ecclesiam
302 1936 421 1970 scilicet,
436 1944 546 1971 sponsus
561 1939 609 1970 est,
624 1936 731 1963 scilicet
748 1937 843 1972 qualis
859 1939 900 1965 est

130 1983 266 2010 Christus.
288 1982 298 1998 ⁴
318 1992 331 2008 ι(
353 1982 499 2018 Despondi
523 1990 576 2010 vos
597 1983 647 2009 uni
672 1983 746 2010 viro.
772 1995 784 2007 ι»
808 1986 840 2011 Et
859 1984 869 2000 ⁵
892 1993 897 2011 :

132 2038 146 2053 α
160 2028 228 2061 Viri,
242 2028 351 2063 diligite
361 2036 479 2062 uxores,
489 2028 562 2056 sicut
571 2029 697 2056 Christus
708 2029 873 2057 Ecclesiam.
884 2041 896 2056 »

130 2074 210 2101 Unde
230 2075 306 2102 hanc
327 2066 516 2108 foecundavit,
532 2076 560 2101 et
580 2074 779 2109 sanctificavit,
795 2075 901 2103 divini-

130 2121 218 2148 nitate
247 2121 370 2155 gratiam
400 2121 586 2155 infundente,
613 2122 749 2156 passione
777 2122 900 2156 gratiam

131 2169 326 2202 promerente,
346 2166 464 2194 lavacro
485 2167 713 2202 regenerationis
733 2176 797 2195 eam
820 2168 900 2195 dese-

131 2214 227 2246 rente,·
250 2220 316 2248 quae
334 2215 490 2247 tanguntur
509 2213 539 2240 in
559 2213 696 2248 praedicta
720 2214 900 2242 auctoritate.

132 2258 212 2286 Unde
232 2259 409 2293 Augustinus
431 2260 440 2275 ‘³
464 2269 470 2287 ε
500 2269 512 2285 α
533 2259 607 2287 Casti
631 2262 738 2294 estote,
761 2268 903 2295 sponsum

132 2307 237 2333 amate.
254 2305 383 2332 Adulteri
410 2305 489 2332 enim
511 2308 578 2333 sunt
603 2307 654 2341 qui
680 2306 784 2334 volunt
810 2307 903 2334 amari

131 2358 186 2386 pro
202 2358 321 2386 sponso.
337 2361 352 2377 n
374 2352 436 2378 Haec
456 2351 516 2385 ille,
533 2352 616 2386 quasi
636 2352 714 2380 dicat
733 2361 739 2378 :
763 2354 823 2387 Ego
839 2353 904 2381 talis

133 2399 231 2424 autem
242 2404 303 2424 non
318 2404 393 2431 sum,
402 2404 457 2424 nec
466 2397 536 2424 volo
545 2405 616 2424 esse.
627 2398 680 2425 Sed
689 2401 789 2425 amicus
801 2401 902 2433 sponsi,

134 2443 182 2475 qui
194 2444 260 2476 stat,
271 2442 381 2470 scilicet
395 2442 525 2474 humilis,
537 2445 561 2470 et
576 2444 654 2470 audit
669 2452 737 2471 eum.
754 2444 834 2472 Unde
849 2447 904 2472 Au-

168 2502 173 2514 ¹
189 2501 242 2524 lmo
257 2502 382 2530 Gennad.¹
397 2501 426 2525 de
440 2501 533 2526 Eccles.
549 2502 648 2533 Doqm.‚
667 2510 689 2526 c.
709 2508 763 2526 xxi.
778 2516 808 2520 —
822 2504 832 2519 ²
849 2504 903 2534 tuf„

136 2540 179 2565 ιν,
194 2536 217 2558 5.
236 2548 265 2553 ——
283 2536 291 2550 ³
311 2537 386 2568 Aug,
403 2537 446 2561 ubi
462 2544 529 2567 sup„
547 2544 573 2561 n.
589 2539 612 2567 9,
631 2539 668 2561 10.
683 2550 712 2554 —-
724 2538 734 2553 ⁴
750 2538 768 2561 ll
786 2538 852 2569 Cor„
867 2545 904 2569 ιι,

137 2571 160 2593 2.
175 2582 204 2587 -
218 2571 228 2586 ⁸
246 2570 344 2601 Ephes„
362 2578 386 2602 v,
406 2574 445 2596 255.
465 2585 495 2590 -
513 2573 522 2586 θ
538 2573 612 2603 Aug„
632 2572 675 2596 ubi
691 2579 758 2603 sup„
777 2580 802 2596 n.
820 2575 856 2597 10.
875 2587 904 2592 -

138 2606 145 2619 ⁷
162 2604 234 2634 ibid„
248 2612 273 2628 n.
291 2607 328 2629 12.
346 2620 372 2624 —
389 2608 397 2621 ⁸
414 2608 433 2631 ll
451 2608 519 2638 Cor„
537 2613 573 2637 xl,
592 2609 615 2631 2.
631 2620 660 2625 -·
677 2610 685 2621 ⁹
702 2609 777 2638 Aug,
793 2608 834 2632 ubi
848 2616 902 2640 sup.

137 2646 211 2670 prox.
232 2653 262 2658 —
281 2641 301 2657 ¹⁰
322 2642 381 2673 1³11„
403 2649 467 2673 ιιι,
484 2645 522 2667 10.
543 2656 574 2661 -
594 2644 612 2659 ¹¹
637 2644 752 2673 August„
776 2644 818 2667 ubi
837 2651 903 2675 sup„

138 2676 211 2698 tract.
234 2681 287 2705 xiv,
307 2683 333 2700 n.
355 2679 378 2700 3.
395 2691 425 2696 --
445 2679 463 2693 ¹²
484 2679 540 2709 inf..
561 2684 618 2707 xvl,
641 2679 759 2702 22-12
774 2681 847 2710 Aug„
862 2680 904 2704 ubi

298 2729 359 2750 TOM
381 2730 421 2752 XI.

942 325 1072 359 gustinus
1089 327 1098 342 ⁷
1115 335 1121 352 z
1143 334 1157 351 «
1176 325 1292 353 Amicus
1306 333 1372 353 sum
1389 326 1419 353 in
1438 325 1599 360 audiendo,
1613 326 1662 354 ille
1681 328 1711 354 in

943 371 1079 398 dicendo.
1096 374 1155 406 Ego
1171 371 1384 399 illuminandus
1400 373 1445 407 (b),
1460 372 1510 399 ille
1524 373 1634 400 lumen.
1651 374 1710 407 Ego

942 417 972 444 in
987 425 1067 451 aure,
1083 417 1132 445 ille
1144 418 1278 444 verbum.
1296 428 1309 443 »
1327 419 1390 445 Haec
1404 418 1464 445 ille.
1480 421 1512 445 Et
1524 418 1588 445 talis
1603 419 1711 452 qaudet,

943 463 1016 490 sicut
1042 471 1129 490 verus
1159 464 1269 491 amicus
1297 466 1324 491 et
1351 464 1572 500 paranymphus
1599 464 1712 498 fidelis,

944 509 980 535 ad
996 508 1027 543 (c)
1042 517 1127 536 vocem
1153 511 1254 544 sponsi,
1267 510 1406 537 affectans
1420 510 1498 537 illius
1516 511 1670 542 honorem,
1687 512 1715 536 et

944 554 1046 581 volens
1070 563 1209 590 sponsam
1225 555 1412 591 desponsare.
1429 556 1503 583 Talis
1522 558 1582 584 erat
1597 556 1714 589 Paulus,

945 600 996 635 qui
1016 600 1065 634 ait,
1079 600 1131 627 ubi
1153 609 1243 636 supra
1257 602 1267 618 Β
1286 610 1291 628 :
1312 612 1325 627 t(
1342 602 1488 637 Despondi
1506 611 1560 630 vos
1576 602 1627 629 uni
1649 602 1714 629 viro

944 646 1098 680 virginem.
1117 657 1129 671 »
1149 648 1180 674 Ut
1200 655 1269 682 ergo
1284 648 1323 674 ait
1341 648 1517 682 Augustinus
1531 649 1540 664 ¹³
1556 658 1563 675 ;
1584 658 1597 674 «
1618 649 1716 676 Omnis

945 691 1072 719 Ecclesia
1094 693 1188 727 virgo.
1204 695 1250 720 Est
1264 693 1341 720 enim
1356 694 1506 729 virginitas
1529 695 1633 729 carniS,
1650 703 1716 730 quae

946 740 987 765 est
1001 746 1164 773 paucorum
1173 748 1180 773 3
1197 741 1224 766 et
1238 741 1280 766 est
1294 740 1445 774 virginitas
1464 741 1579 775 mentis,
1592 749 1657 776 quie
1675 744 1717 769 est

945 783 1059 818 integra
1078 784 1163 818 fides,
1186 785 1282 812 solida
1305 794 1381 821 spes,
1406 786 1517 814 sincera
1545 787 1679 814 charitas.
1701 798 1714 813 »

946 831 1009 857 Haec
1030 830 1088 857 ille.
1106 832 1137 858 Et
1154 831 1185 858 in
1206 831 1273 865 hoc,
1288 832 1371 867 quod
1390 833 1429 859 ait
1454 841 1460 859 z
1483 833 1585 860 Gaudio
1608 834 1715 868 gaudet,

946 878 1027 903 notat
1041 876 1231 904 intentionem
1253 878 1364 912 gaudii.
1387 880 1467 905 Isaioe
1484 880 1504 895 ¹⁰
1524 887 1530 905 :
1549 888 1562 903 α
1583 879 1718 906 Gaudens

946 922 1095 956 gaudebo.
1112 933 1125 948 n
1143 924 1175 950 Et
1196 923 1267 958 quia
1285 924 1350 951 talis
1372 924 1483 951 amicus
1504 927 1565 952 erat
1579 927 1716 958 JoanneS‚

946 968 1046 996 subdit
1061 978 1067 995 :
1082 970 1114 996 In
1128 969 1183 1003 hoc,
1199 970 1228 996 id
1245 972 1296 1001 est,
1310 970 1349 997 ad
1364 978 1468 998 vocem
1483 971 1594 1006 sponsi,
1605 980 1666 999 non
1682 972 1718 999 de

947 1022 1000 1042 sua
1014 1014 1168 1049 sapientia,
1183 1015 1222 1042 ait
1236 1016 1414 1050 Augustinus
1428 1016 1459 1051 ¹¹,
1476 1017 1604 1051 ,caudium
1623 1019 1718 1052 imple-

949 1063 1015 1094 tum,
1030 1061 1061 1087 id
1076 1063 1127 1094 est,
1143 1060 1314 1095 perfectum.
1331 1064 1409 1089 Tunc
1423 1063 1502 1090 enim
1521 1063 1664 1098 gaudium
1678 1066 1720 1091 est

947 1106 1111 1141 impletum,
1127 1108 1248 1141 quando
1268 1108 1400 1142 gaudens
1422 1109 1522 1142 habet,
1538 1110 1620 1144 quod
1643 1109 1719 1136 desi—

948 1151 1039 1178 derat.
1057 1152 1131 1179 Intra
1144 1154 1164 1169 ¹2
1177 1163 1182 1178 :
1196 1163 1209 1178 «
1223 1154 1310 1181 Petite
1326 1156 1353 1181 et
1364 1154 1520 1190 accipietiS,
1531 1157 1561 1182 ut
1576 1155 1719 1190 gaudium

947 1199 1075 1224 vestrum
1090 1198 1126 1225 sit
1138 1199 1271 1234 plenum.
1286 1210 1299 1225 »

984 1246 1027 1272 30.
1044 1246 1076 1272 Et
1098 1245 1197 1272 subdit
1216 1246 1299 1280 quod
1318 1247 1360 1274 est
1380 1247 1455 1274 illud
1480 1247 1633 1282 gaudium,
1648 1248 1721 1276 sicut

949 1290 1099 1317 continuat
1116 1292 1291 1325 Augustinus
1313 1301 1319 1319 :
1344 1294 1424 1320 Illum
1438 1296 1539 1328 oportet
1554 1302 1673 1328 crescere,
1691 1295 1720 1322 id

951 1338 1001 1371 est,
1019 1337 1154 1371 exaltari,
1172 1346 1212 1365 me
1227 1341 1315 1365 autem
1330 1340 1428 1373 minui,
1446 1339 1477 1366 id
1494 1342 1546 1374 est,
1561 1341 1718 1368 humiliari.

951 1382 1030 1409 L'nde
1046 1383 1221 1417 Augustinus
1241 1384 1261 1400 ¹³
1284 1393 1289 1411 ε
1317 1394 1329 1409 t<
1344 1385 1430 1412 Illum
1443 1388 1558 1421 oportet
1576 1387 1657 1418 dare,
1674 1396 1720 1414 me

951 1428 1083 1463 accipere
1108 1437 1114 1455 :
1137 1429 1220 1456 illum
1239 1430 1406 1465 glorificari,
1422 1439 1469 1458 me
1489 1432 1630 1460 confiteri.
1647 1437 1721 1461 Con-

950 1475 1036 1502 fessio
1059 1476 1198 1510 hominis,
1215 1476 1364 1504 humilitas
1388 1478 1449 1512 ejus
1456 1488 1464 1512 3
1489 1479 1637 1506 miseratio
1662 1480 1721 1513 Dei,

952 1520 1074 1548 altitudo
1090 1522 1161 1556 ejus.
1177 1532 1189 1547 »
1207 1523 1272 1549 l-laec
1285 1523 1471 1558 Augustinus.
1486 1525 1566 1551 Unde
1582 1526 1610 1552 et
1623 1525 1653 1551 in
1667 1525 1723 1552 hoc

952 1567 1125 1602 prophetica
1143 1568 1323 1596 denuntiatio
1346 1569 1382 1596 de
1401 1572 1494 1597 morte
1515 1571 1675 1606 utriusque.
1692 1573 1725 1598 Et

953 1612 1022 1640 dicit
1036 1613 1092 1640 hoc
1109 1614 1295 1649 Augustinus,
1311 1615 1362 1642 ubi
1377 1624 1466 1651 supra
1482 1617 1499 1632 ¹⁴
1511 1626 1517 1644 :
1530 1618 1656 1644 Joannes
1671 1618 1725 1645 sci-

952 1658 1019 1686 licet
1041 1659 1134 1694 capite
1155 1660 1327 1695 minoratus,
1345 1661 1472 1697 Christus
1490 1663 1521 1689 in
1540 1671 1625 1690 cruce
1647 1664 1725 1691 exal-

954 1708 1048 1733 tatus:
1064 1707 1191 1734 Christus
1205 1710 1300 1741 natus,
1317 1717 1383 1736 cum
1405 1712 1554 1745 coeperunt
1571 1710 1633 1737 dies
1652 1718 1725 1738 cres-

954 1760 1033 1786 cere3
1045 1755 1130 1780 natus
1141 1754 1277 1787 Joannes,
1289 1762 1355 1781 cum
1366 1755 1548 1791 incoeperunt
1560 1756 1652 1783 minui
1666 1757 1696 1783 ¹⁵.
1709 1767 1722 1782 ι)

955 1800 1017 1825 Haec
1043 1798 1101 1825 ille.
1124 1799 1274 1833 Quaeritur,
1298 1800 1424 1835 qualiter
1447 1810 1476 1828 se
1501 1803 1587 1829 vocat
1613 1804 1726 1830 amicum

953 1846 1055 1879 sponsi,
1073 1844 1143 1879 quia
1157 1845 1268 1872 amicus
1282 1846 1351 1873 dicit
1365 1847 1448 1882 quasi
1463 1848 1625 1882 quamdam
1637 1849 1727 1884 aequi-

954 1890 1118 1925 parantiam
1145 1899 1152 1917 :
1178 1899 1248 1925 ergo
1272 1892 1387 1919 videtur
1409 1901 1439 1920 se
1463 1893 1549 1920 nimis
1576 1895 1723 1922 extollere.

955 1938 1024 1963 Item
1035 1944 1123 1972 supra
1134 1936 1173 1963 ait
1183 1936 1202 1953 ’Β
1217 1946 1243 1964 2«
1258 1939 1321 1964 Non
1336 1946 1402 1965 sum
1416 1939 1522 1974 dignus
1536 1941 1649 1968 solvere
1665 1949 1727 1968 cor-

955 1983 1060 2017 rigiam
1078 1983 1276 2011 calceamenti.
1295 1994 1307 2009 ι)
1330 1986 1405 2019 Ergo
1427 1993 1488 2012 non
1510 1986 1659 2014 debuisset
1680 1987 1727 2015 hic

955 2037 985 2056 se
999 2037 1118 2056 vocasse
1134 2029 1272 2058 amicum.
1286 2031 1318 2057 Et
1330 2031 1369 2058 ad
1381 2031 1458 2058 istud
1470 2033 1629 2068 respondet
1641 2034 1728 2069 Chry—

957 2077 1113 2108 sostomus,
1131 2075 1182 2102 ubi
1198 2083 1287 2110 supra
1303 2077 1331 2109 ¹⁷,
1353 2077 1435 2112 quod
1461 2087 1474 2103 ιι
1488 2078 1544 2105 hoc
1560 2079 1599 2106 ait
1617 2084 1677 2106 non
1697 2088 1727 2106 se

956 2121 1053 2157 ipsum
1073 2121 1197 2156 erigenS,
1217 2130 1271 2149 nec
1290 2123 1411 2150 honoris
1430 2125 1661 2160 coaequalitatem
1681 2134 1728 2153 os-

956 2168 1090 2202 tendens,
1100 2168 1151 2195 sed
1164 2168 1381 2196 multitudinem
1396 2169 1559 2197 dilectionis
1572 2179 1728 2206 repraesen-

958 2216 1017 2241 tare
1032 2214 1135 2241 volens
1151 2223 1157 2241 ι
1179 2222 1238 2242 non
1254 2215 1332 2242 enim
1353 2216 1476 2243 ministri
1491 2217 1621 2252 gaudent
1637 2218 1668 2245 in
1683 2221 1727 2246 ta·-

958 2260 1045 2291 libus,
1061 2260 1134 2287 sicut
1149 2261 1234 2288 amici
1248 2261 1324 2288 circa
1337 2270 1480 2297 sponsum
1496 2265 1522 2290 et
1535 2271 1682 2298 sponsam.
1696 2266 1728 2292 Et

958 2305 1026 2333 ideo
1040 2306 1088 2340 ait,
1107 2307 1188 2341 quod
1207 2309 1308 2334 amicus
1322 2311 1376 2334 stat
1392 2312 1416 2335 et
1434 2309 1542 2342 gaudet.
1558 2319 1570 2335 »
1589 2311 1652 2337 flaec
1666 2310 1726 2338 ille.

959 2355 1064 2388 Quaerit
1077 2356 1176 2382 autem
1186 2355 1363 2389 Augustinus
1377 2356 1395 2371 ’Β
1411 2364 1417 2382 2
1435 2366 1448 2381 ι(
1464 2357 1620 2389 Quomodo
1635 2360 1729 2393 potest

961 2402 1034 2428 Deus
1058 2409 1198 2435 cresccre,
1218 2401 1269 2436 qui
1291 2404 1332 2428 est
1354 2402 1519 2437 perfectus?
1540 2403 1567 2430 Si
1591 2404 1729 2440 loquatur

961 2496 1027 2519 sup.⁷
1043 2496 1068 2512 n.
1085 2491 1108 2512 5.
1129 2502 1154 2505 -
1174 2490 1188 2502 ¹⁸
1205 2489 1265 2512 thid.
1282 2502 1311 2506 —
1326 2490 1346 2506 ¹³
1360 2490 1460 2514 Scilicet
1475 2491 1586 2516 Christus
1603 2494 1677 2516 natus
1692 2495 1730 2516 est

961 2524 1035 2554 paulo
1057 2526 1115 2554 post
1137 2523 1268 2547 solstitium
1294 2524 1425 2556 hyemale,
1449 2527 1560 2551 ,loannes
1586 2534 1647 2551 vcro
1672 2529 1730 2557 post

961 2559 1095 2583 solstitium
1113 2559 1233 2582 aestivale.
1247 2572 1278 2577 —
1290 2561 1310 2575 Ν
1327 2562 1398 2590 Sup.,
1412 2567 1432 2591 1,
1449 2563 1487 2585 2¹1.
1503 2575 1533 2580 —
1548 2563 1568 2578 ¹⁷
1588 2562 1729 2593 Chrysost.‚

961 2594 1003 2617 ubi
1019 2601 1085 2624 sup.,
1100 2601 1124 2617 n.
1143 2596 1166 2617 2.
1182 2607 1212 2611 -
1227 2595 1246 2610 ¹⁸
1258 2596 1332 2626 Aug„
1350 2596 1394 2619 ubi
1407 2603 1473 2627 sup..
1489 2604 1514 2620 n.
1528 2599 1550 2621 4.

992 2647 1024 2677 (α)
1054 2647 1113 2671 Coet.
1143 2647 1201 2670 edit.
1227 2648 1258 2671 ud
1287 2648 1468 2678 quiescendum
1494 2650 1675 2674 admonitione.
1701 2662 1730 2666 -—

965 2681 996 2711 (b)
1014 2683 1074 2705 Item
1090 2681 1264 2706 illuminando.
1280 2696 1309 2700 —
1325 2683 1356 2715 (c)
1376 2684 1450 2713 Vulg.
1465 2686 1574 2715 propter.

1534 2731 1572 2759 20
