<?xml version="1.0" encoding="UTF-8"?>
<!DOCTYPE html PUBLIC "-//W3C//DTD XHTML 1.0 Transitional//EN"
    "http://www.w3.org/TR/xhtml1/DTD/xhtml1-transitional.dtd">
<html xmlns="http://www.w3.org/1999/xhtml" xml:lang="en" lang="en">
 <head>
  <title>
</title>
<meta http-equiv="Content-Type" content="text/html;charset=utf-8" />
  <meta name='ocr-system' content='tesseract 3.04.00' />
  <meta name='ocr-capabilities' content='ocr_page ocr_carea ocr_par ocr_line ocrx_word'/>
</head>
<body>
  <div class='ocr_page' id='page_1' title='image "./operaomniasixtiv11bonauoft/operaomniasixtiv11bonauoft_0236.png"; bbox 0 0 1987 3032; ppageno 0'>
   <div class='ocr_carea' id='block_1_1' title="bbox 82 2187 186 2300">
    <p class='ocr_par' dir='ltr' id='par_1_1' title="bbox 82 2187 186 2274">
     <span class='ocr_line' id='line_1_1' title="bbox 94 2187 186 2207; baseline 0 0"><span class='ocrx_word' id='word_1_1' title='bbox 94 2187 186 2207; x_wconf 73' lang='lat' dir='ltr'>Sabbati</span> 
     </span>
     <span class='ocr_line' id='line_1_2' title="bbox 82 2218 186 2237; baseline 0 0"><span class='ocrx_word' id='word_1_2' title='bbox 82 2218 146 2237; x_wconf 81' lang='lat' dir='ltr'>variae</span> <span class='ocrx_word' id='word_1_3' title='bbox 153 2224 186 2237; x_wconf 80' lang='lat' dir='ltr'>ac-</span> 
     </span>
     <span class='ocr_line' id='line_1_3' title="bbox 95 2249 174 2274; baseline 0.013 -6"><span class='ocrx_word' id='word_1_4' title='bbox 95 2249 174 2274; x_wconf 30' lang='lat' dir='ltr'>ceptior</span> 
     </span>
    </p>

    <p class='ocr_par' dir='ltr' id='par_1_2' title="bbox 94 2285 141 2300">
     <span class='ocr_line' id='line_1_4' title="bbox 94 2285 141 2300; baseline 0.021 -1"><span class='ocrx_word' id='word_1_5' title='bbox 94 2285 141 2300; x_wconf 82' lang='lat' dir='ltr'>nes.</span> 
     </span>
    </p>
   </div>
   <div class='ocr_carea' id='block_1_2' title="bbox 202 198 982 1943">
    <p class='ocr_par' dir='ltr' id='par_1_3' title="bbox 202 198 982 1943">
     <span class='ocr_line' id='line_1_5' title="bbox 215 198 273 227; baseline -0.017 0"><span class='ocrx_word' id='word_1_6' title='bbox 215 198 273 227; x_wconf 77' lang='lat'>220</span> 
     </span>
     <span class='ocr_line' id='line_1_6' title="bbox 213 259 982 294; baseline -0.005 0"><span class='ocrx_word' id='word_1_7' title='bbox 213 262 388 294; x_wconf 89' lang='lat' dir='ltr'>secundum</span> <span class='ocrx_word' id='word_1_8' title='bbox 410 261 487 292; x_wconf 88' lang='lat' dir='ltr'>illud</span> <span class='ocrx_word' id='word_1_9' title='bbox 502 262 510 278; x_wconf 96' lang='lat'>¹</span> <span class='ocrx_word' id='word_1_10' title='bbox 529 269 537 291; x_wconf 94' lang='lat'><strong>:</strong></span> <span class='ocrx_word' id='word_1_11' title='bbox 565 271 580 290; x_wconf 76' lang='grc' dir='ltr'>α</span> <span class='ocrx_word' id='word_1_12' title='bbox 599 261 633 292; x_wconf 91' lang='lat' dir='ltr'>ln</span> <span class='ocrx_word' id='word_1_13' title='bbox 650 269 706 291; x_wconf 85' lang='lat' dir='ltr'>sex</span> <span class='ocrx_word' id='word_1_14' title='bbox 729 259 982 291; x_wconf 80' lang='lat' dir='ltr'>tribulationibus</span> 
     </span>
     <span class='ocr_line' id='line_1_7' title="bbox 212 314 982 353; baseline -0.005 -6"><span class='ocrx_word' id='word_1_15' title='bbox 212 315 357 347; x_wconf 84' lang='lat' dir='ltr'>liberabit</span> <span class='ocrx_word' id='word_1_16' title='bbox 382 317 427 353; x_wconf 90' lang='lat' dir='ltr'>te,</span> <span class='ocrx_word' id='word_1_17' title='bbox 453 317 484 345; x_wconf 85' lang='lat' dir='ltr'>et</span> <span class='ocrx_word' id='word_1_18' title='bbox 509 315 541 344; x_wconf 91' lang='lat' dir='ltr'>in</span> <span class='ocrx_word' id='word_1_19' title='bbox 564 314 697 353; x_wconf 89' lang='lat' dir='ltr'>septima</span> <span class='ocrx_word' id='word_1_20' title='bbox 723 322 788 344; x_wconf 92' lang='lat' dir='ltr'>non</span> <span class='ocrx_word' id='word_1_21' title='bbox 817 314 928 352; x_wconf 86' lang='lat' dir='ltr'>tanget</span> <span class='ocrx_word' id='word_1_22' title='bbox 951 314 982 344; x_wconf 90' lang='lat' dir='ltr'>te</span> 
     </span>
     <span class='ocr_line' id='line_1_8' title="bbox 213 365 982 404; baseline -0.005 -4"><span class='ocrx_word' id='word_1_23' title='bbox 213 368 346 399; x_wconf 89' lang='lat' dir='ltr'>malum.</span> <span class='ocrx_word' id='word_1_24' title='bbox 371 378 385 397; x_wconf 76' lang='lat' dir='ltr'>n</span> <span class='ocrx_word' id='word_1_25' title='bbox 418 367 497 404; x_wconf 76' lang='lat' dir='ltr'>Quia</span> <span class='ocrx_word' id='word_1_26' title='bbox 523 366 638 397; x_wconf 84' lang='lat' dir='ltr'>dicitur</span> <span class='ocrx_word' id='word_1_27' title='bbox 653 367 663 383; x_wconf 85' lang='lat'><strong>²</strong></span> <span class='ocrx_word' id='word_1_28' title='bbox 679 375 687 397; x_wconf 75' lang='grc' dir='ltr'><strong><em>τ</em></strong></span> <span class='ocrx_word' id='word_1_29' title='bbox 717 377 731 395; x_wconf 76' lang='grc' dir='ltr'>(ι</span> <span class='ocrx_word' id='word_1_30' title='bbox 751 365 837 396; x_wconf 87' lang='lat' dir='ltr'>Beati</span> <span class='ocrx_word' id='word_1_31' title='bbox 863 366 982 397; x_wconf 87' lang='lat' dir='ltr'>mortui</span> 
     </span>
     <span class='ocr_line' id='line_1_9' title="bbox 212 419 981 462; baseline -0.004 -9"><span class='ocrx_word' id='word_1_32' title='bbox 212 422 267 462; x_wconf 90' lang='lat' dir='ltr'>qui</span> <span class='ocrx_word' id='word_1_33' title='bbox 282 422 315 452; x_wconf 89' lang='lat' dir='ltr'>in</span> <span class='ocrx_word' id='word_1_34' title='bbox 329 421 462 452; x_wconf 90' lang='lat' dir='ltr'>Domino</span> <span class='ocrx_word' id='word_1_35' title='bbox 479 419 673 450; x_wconf 87' lang='lat' dir='ltr'>moriuntur.</span> <span class='ocrx_word' id='word_1_36' title='bbox 689 419 811 449; x_wconf 80' lang='lat' dir='ltr'>Amodo</span> <span class='ocrx_word' id='word_1_37' title='bbox 823 420 891 458; x_wconf 88' lang='lat' dir='ltr'>jam</span> <span class='ocrx_word' id='word_1_38' title='bbox 906 419 981 450; x_wconf 86' lang='lat' dir='ltr'>dicit</span> 
     </span>
     <span class='ocr_line' id='line_1_10' title="bbox 211 471 979 514; baseline -0.005 -9"><span class='ocrx_word' id='word_1_39' title='bbox 211 474 356 514; x_wconf 80' lang='lat' dir='ltr'>spIritus,</span> <span class='ocrx_word' id='word_1_40' title='bbox 376 476 412 504; x_wconf 89' lang='lat' dir='ltr'>ut</span> <span class='ocrx_word' id='word_1_41' title='bbox 432 473 629 512; x_wconf 78' lang='lat' dir='ltr'>requiescant</span> <span class='ocrx_word' id='word_1_42' title='bbox 649 481 668 502; x_wconf 90' lang='lat' dir='ltr'>a</span> <span class='ocrx_word' id='word_1_43' title='bbox 690 472 852 502; x_wconf 83' lang='lat' dir='ltr'>laboribus</span> <span class='ocrx_word' id='word_1_44' title='bbox 870 471 945 502; x_wconf 91' lang='lat' dir='ltr'>suis.</span> <span class='ocrx_word' id='word_1_45' title='bbox 964 481 979 500; x_wconf 67' lang='lat' dir='ltr'>n</span> 
     </span>
     <span class='ocr_line' id='line_1_11' title="bbox 212 525 980 566; baseline -0.005 -7"><span class='ocrx_word' id='word_1_46' title='bbox 212 528 250 559; x_wconf 90' lang='lat' dir='ltr'>Et</span> <span class='ocrx_word' id='word_1_47' title='bbox 264 528 333 558; x_wconf 91' lang='lat' dir='ltr'>ideo</span> <span class='ocrx_word' id='word_1_48' title='bbox 347 527 511 566; x_wconf 80' lang='lat' dir='ltr'>signanter</span> <span class='ocrx_word' id='word_1_49' title='bbox 525 525 615 562; x_wconf 89' lang='lat' dir='ltr'>dicit,</span> <span class='ocrx_word' id='word_1_50' title='bbox 631 525 715 564; x_wconf 87' lang='lat' dir='ltr'>quod</span> <span class='ocrx_word' id='word_1_51' title='bbox 729 525 895 555; x_wconf 77' lang='lat' dir='ltr'>sabbatum</span> <span class='ocrx_word' id='word_1_52' title='bbox 911 525 980 555; x_wconf 75' lang='lat' dir='ltr'><em>illu-</em></span> 
     </span>
     <span class='ocr_line' id='line_1_12' title="bbox 211 578 980 618; baseline -0.005 -6"><span class='ocrx_word' id='word_1_53' title='bbox 211 581 367 618; x_wconf 76' lang='lat' dir='ltr'>cescebat,</span> <span class='ocrx_word' id='word_1_54' title='bbox 391 588 464 610; x_wconf 90' lang='lat' dir='ltr'>cum</span> <span class='ocrx_word' id='word_1_55' title='bbox 488 588 553 609; x_wconf 83' lang='lat' dir='ltr'>nox</span> <span class='ocrx_word' id='word_1_56' title='bbox 574 578 739 618; x_wconf 88' lang='lat' dir='ltr'>inciperet,</span> <span class='ocrx_word' id='word_1_57' title='bbox 762 578 836 618; x_wconf 89' lang='lat' dir='ltr'>quia</span> <span class='ocrx_word' id='word_1_58' title='bbox 850 587 914 608; x_wconf 81' lang='lat' dir='ltr'>nox</span> <span class='ocrx_word' id='word_1_59' title='bbox 927 578 980 608; x_wconf 88' lang='lat' dir='ltr'>illa</span> 
     </span>
     <span class='ocr_line' id='line_1_13' title="bbox 211 631 977 670; baseline -0.005 -6"><span class='ocrx_word' id='word_1_60' title='bbox 211 633 441 664; x_wconf 82' lang='lat' dir='ltr'>terminabatur</span> <span class='ocrx_word' id='word_1_61' title='bbox 462 632 495 662; x_wconf 92' lang='lat' dir='ltr'>in</span> <span class='ocrx_word' id='word_1_62' title='bbox 518 632 639 667; x_wconf 66' lang='lat' dir='ltr'>lucem,</span> <span class='ocrx_word' id='word_1_63' title='bbox 664 631 707 661; x_wconf 90' lang='lat' dir='ltr'>sic</span> <span class='ocrx_word' id='word_1_64' title='bbox 725 632 756 661; x_wconf 92' lang='lat' dir='ltr'>et</span> <span class='ocrx_word' id='word_1_65' title='bbox 778 640 863 661; x_wconf 87' lang='lat' dir='ltr'>mors</span> <span class='ocrx_word' id='word_1_66' title='bbox 873 632 977 670; x_wconf 90' lang='lat' dir='ltr'>justo-</span> 
     </span>
     <span class='ocr_line' id='line_1_14' title="bbox 210 684 977 722; baseline -0.004 -5"><span class='ocrx_word' id='word_1_67' title='bbox 210 695 285 718; x_wconf 89' lang='lat' dir='ltr'>rum</span> <span class='ocrx_word' id='word_1_68' title='bbox 299 686 331 716; x_wconf 92' lang='lat' dir='ltr'>in</span> <span class='ocrx_word' id='word_1_69' title='bbox 343 686 447 716; x_wconf 88' lang='lat' dir='ltr'>lucem</span> <span class='ocrx_word' id='word_1_70' title='bbox 463 685 653 716; x_wconf 89' lang='lat' dir='ltr'>terminatur</span> <span class='ocrx_word' id='word_1_71' title='bbox 666 686 697 714; x_wconf 88' lang='lat' dir='ltr'>et</span> <span class='ocrx_word' id='word_1_72' title='bbox 710 685 820 722; x_wconf 87' lang='lat' dir='ltr'>vitam,</span> <span class='ocrx_word' id='word_1_73' title='bbox 833 686 868 714; x_wconf 90' lang='lat' dir='ltr'>ut</span> <span class='ocrx_word' id='word_1_74' title='bbox 881 684 977 715; x_wconf 89' lang='lat' dir='ltr'>homo</span> 
     </span>
     <span class='ocr_line' id='line_1_15' title="bbox 209 737 979 779; baseline -0.004 -9"><span class='ocrx_word' id='word_1_75' title='bbox 209 739 418 779; x_wconf 87' lang='lat' dir='ltr'>possitdicere</span> <span class='ocrx_word' id='word_1_76' title='bbox 429 738 508 769; x_wconf 86' lang='lat' dir='ltr'>illud</span> <span class='ocrx_word' id='word_1_77' title='bbox 523 738 533 755; x_wconf 85' lang='lat'>³</span> <span class='ocrx_word' id='word_1_78' title='bbox 545 748 553 769; x_wconf 70' lang='grc' dir='ltr'>ε</span> <span class='ocrx_word' id='word_1_79' title='bbox 567 737 625 769; x_wconf 80' lang='lat' dir='ltr'>aEt</span> <span class='ocrx_word' id='word_1_80' title='bbox 635 746 699 768; x_wconf 81' lang='lat' dir='ltr'>nox</span> <span class='ocrx_word' id='word_1_81' title='bbox 707 737 897 768; x_wconf 89' lang='lat' dir='ltr'>illuminatio</span> <span class='ocrx_word' id='word_1_82' title='bbox 908 746 979 768; x_wconf 89' lang='lat' dir='ltr'>mea</span> 
     </span>
     <span class='ocr_line' id='line_1_16' title="bbox 210 790 979 828; baseline -0.001 -6"><span class='ocrx_word' id='word_1_83' title='bbox 210 793 242 823; x_wconf 93' lang='lat' dir='ltr'>in</span> <span class='ocrx_word' id='word_1_84' title='bbox 256 792 373 823; x_wconf 88' lang='lat' dir='ltr'>deliciis</span> <span class='ocrx_word' id='word_1_85' title='bbox 390 791 479 822; x_wconf 86' lang='lat' dir='ltr'>meis.</span> <span class='ocrx_word' id='word_1_86' title='bbox 498 791 579 828; x_wconf 85' lang='lat' dir='ltr'>Quia</span> <span class='ocrx_word' id='word_1_87' title='bbox 592 790 732 821; x_wconf 85' lang='lat' dir='ltr'>tenebrae</span> <span class='ocrx_word' id='word_1_88' title='bbox 751 799 815 821; x_wconf 92' lang='lat' dir='ltr'>non</span> <span class='ocrx_word' id='word_1_89' title='bbox 833 790 979 821; x_wconf 88' lang='lat' dir='ltr'>obscura-</span> 
     </span>
     <span class='ocr_line' id='line_1_17' title="bbox 209 843 973 882; baseline -0.005 -6"><span class='ocrx_word' id='word_1_90' title='bbox 209 845 329 876; x_wconf 89' lang='lat' dir='ltr'>buntur</span> <span class='ocrx_word' id='word_1_91' title='bbox 341 854 360 876; x_wconf 90' lang='lat' dir='ltr'>a</span> <span class='ocrx_word' id='word_1_92' title='bbox 375 847 416 882; x_wconf 84' lang='lat' dir='ltr'>te,</span> <span class='ocrx_word' id='word_1_93' title='bbox 433 847 463 876; x_wconf 90' lang='lat' dir='ltr'>et</span> <span class='ocrx_word' id='word_1_94' title='bbox 473 853 538 876; x_wconf 76' lang='lat' dir='ltr'>nox</span> <span class='ocrx_word' id='word_1_95' title='bbox 548 844 628 875; x_wconf 87' lang='lat' dir='ltr'>sicut</span> <span class='ocrx_word' id='word_1_96' title='bbox 637 844 703 874; x_wconf 90' lang='lat' dir='ltr'>dies</span> <span class='ocrx_word' id='word_1_97' title='bbox 713 843 973 875; x_wconf 72' lang='lat' dir='ltr'>illuminabitur.»</span> 
     </span>
     <span class='ocr_line' id='line_1_18' title="bbox 209 897 978 929; baseline -0.001 0"><span class='ocrx_word' id='word_1_98' title='bbox 209 897 274 929; x_wconf 90' lang='lat' dir='ltr'>Hoc</span> <span class='ocrx_word' id='word_1_99' title='bbox 289 898 384 929; x_wconf 87' lang='lat' dir='ltr'>etiam</span> <span class='ocrx_word' id='word_1_100' title='bbox 398 898 478 929; x_wconf 88' lang='lat' dir='ltr'>dixit</span> <span class='ocrx_word' id='word_1_101' title='bbox 491 898 530 929; x_wconf 88' lang='lat' dir='ltr'>ad</span> <span class='ocrx_word' id='word_1_102' title='bbox 543 897 763 929; x_wconf 82' lang='lat' dir='ltr'>certitudinem</span> <span class='ocrx_word' id='word_1_103' title='bbox 775 897 916 928; x_wconf 87' lang='lat' dir='ltr'>veritatis</span> <span class='ocrx_word' id='word_1_104' title='bbox 930 897 978 928; x_wconf 88' lang='lat' dir='ltr'>hi—</span> 
     </span>
     <span class='ocr_line' id='line_1_19' title="bbox 208 950 977 990; baseline 0 -8"><span class='ocrx_word' id='word_1_105' title='bbox 208 951 330 990; x_wconf 82' lang='lat' dir='ltr'>storiae,</span> <span class='ocrx_word' id='word_1_106' title='bbox 346 953 382 982; x_wconf 89' lang='lat' dir='ltr'>ut</span> <span class='ocrx_word' id='word_1_107' title='bbox 397 960 437 982; x_wconf 78' lang='lat' dir='ltr'>ex</span> <span class='ocrx_word' id='word_1_108' title='bbox 450 950 510 982; x_wconf 87' lang='lat' dir='ltr'>hoc</span> <span class='ocrx_word' id='word_1_109' title='bbox 524 952 690 990; x_wconf 81' lang='lat' dir='ltr'>appareat,</span> <span class='ocrx_word' id='word_1_110' title='bbox 707 950 791 990; x_wconf 90' lang='lat' dir='ltr'>quod</span> <span class='ocrx_word' id='word_1_111' title='bbox 810 959 977 990; x_wconf 88' lang='lat' dir='ltr'>parasceve</span> 
     </span>
     <span class='ocr_line' id='line_1_20' title="bbox 207 1004 974 1044; baseline 0 -9"><span class='ocrx_word' id='word_1_112' title='bbox 207 1004 320 1036; x_wconf 87' lang='lat' dir='ltr'>dicitur</span> <span class='ocrx_word' id='word_1_113' title='bbox 334 1013 398 1035; x_wconf 94' lang='lat' dir='ltr'>non</span> <span class='ocrx_word' id='word_1_114' title='bbox 412 1006 557 1044; x_wconf 89' lang='lat' dir='ltr'>respectu</span> <span class='ocrx_word' id='word_1_115' title='bbox 570 1004 684 1044; x_wconf 79' lang='lat' dir='ltr'>primae</span> <span class='ocrx_word' id='word_1_116' title='bbox 698 1004 759 1035; x_wconf 89' lang='lat' dir='ltr'>diei</span> <span class='ocrx_word' id='word_1_117' title='bbox 772 1013 974 1044; x_wconf 84' lang='lat' dir='ltr'>azymorum,</span> 
     </span>
     <span class='ocr_line' id='line_1_21' title="bbox 207 1057 976 1098; baseline 0 -10"><span class='ocrx_word' id='word_1_118' title='bbox 207 1057 286 1088; x_wconf 87' lang='lat' dir='ltr'>sicut</span> <span class='ocrx_word' id='word_1_119' title='bbox 296 1058 404 1089; x_wconf 87' lang='lat' dir='ltr'>dicunt</span> <span class='ocrx_word' id='word_1_120' title='bbox 414 1057 524 1096; x_wconf 82' lang='lat' dir='ltr'>Graeci,</span> <span class='ocrx_word' id='word_1_121' title='bbox 533 1058 586 1088; x_wconf 88' lang='lat' dir='ltr'>sed</span> <span class='ocrx_word' id='word_1_122' title='bbox 596 1060 740 1098; x_wconf 80' lang='lat' dir='ltr'>respectu</span> <span class='ocrx_word' id='word_1_123' title='bbox 752 1058 884 1089; x_wconf 84' lang='lat' dir='ltr'>sabbati.</span> <span class='ocrx_word' id='word_1_124' title='bbox 895 1057 976 1089; x_wconf 92' lang='lat' dir='ltr'>Nam</span> 
     </span>
     <span class='ocr_line' id='line_1_22' title="bbox 207 1112 976 1152; baseline 0.003 -10"><span class='ocrx_word' id='word_1_125' title='bbox 207 1112 353 1152; x_wconf 87' lang='lat' dir='ltr'>quamvis</span> <span class='ocrx_word' id='word_1_126' title='bbox 361 1113 483 1152; x_wconf 91' lang='lat' dir='ltr'>primus</span> <span class='ocrx_word' id='word_1_127' title='bbox 491 1112 557 1143; x_wconf 88' lang='lat' dir='ltr'>dies</span> <span class='ocrx_word' id='word_1_128' title='bbox 563 1121 748 1152; x_wconf 83' lang='lat' dir='ltr'>azymorum</span> <span class='ocrx_word' id='word_1_129' title='bbox 758 1115 838 1143; x_wconf 90' lang='lat' dir='ltr'>esset</span> <span class='ocrx_word' id='word_1_130' title='bbox 844 1113 976 1144; x_wconf 89' lang='lat' dir='ltr'>celeber-</span> 
     </span>
     <span class='ocr_line' id='line_1_23' title="bbox 206 1165 976 1205; baseline 0.001 -10"><span class='ocrx_word' id='word_1_131' title='bbox 206 1165 324 1203; x_wconf 90' lang='lat' dir='ltr'>rimus,</span> <span class='ocrx_word' id='word_1_132' title='bbox 340 1165 453 1196; x_wconf 81' lang='lat' dir='ltr'>licebat</span> <span class='ocrx_word' id='word_1_133' title='bbox 470 1166 620 1196; x_wconf 87' lang='lat' dir='ltr'>tamenin</span> <span class='ocrx_word' id='word_1_134' title='bbox 635 1174 672 1196; x_wconf 90' lang='lat' dir='ltr'>eo</span> <span class='ocrx_word' id='word_1_135' title='bbox 687 1165 837 1197; x_wconf 82' lang='lat' dir='ltr'>victualia</span> <span class='ocrx_word' id='word_1_136' title='bbox 857 1175 976 1205; x_wconf 83' lang='lat' dir='ltr'>praepa-</span> 
     </span>
     <span class='ocr_line' id='line_1_24' title="bbox 206 1218 976 1256; baseline 0.001 -8"><span class='ocrx_word' id='word_1_137' title='bbox 206 1226 291 1256; x_wconf 87' lang='lat' dir='ltr'>ra1·e;</span> <span class='ocrx_word' id='word_1_138' title='bbox 304 1218 356 1249; x_wconf 87' lang='lat' dir='ltr'>sed</span> <span class='ocrx_word' id='word_1_139' title='bbox 370 1227 435 1248; x_wconf 91' lang='lat' dir='ltr'>non</span> <span class='ocrx_word' id='word_1_140' title='bbox 450 1218 483 1248; x_wconf 89' lang='lat' dir='ltr'>in</span> <span class='ocrx_word' id='word_1_141' title='bbox 497 1218 638 1255; x_wconf 88' lang='lat' dir='ltr'>sabbato,</span> <span class='ocrx_word' id='word_1_142' title='bbox 647 1221 678 1249; x_wconf 90' lang='lat' dir='ltr'>et</span> <span class='ocrx_word' id='word_1_143' title='bbox 689 1218 827 1249; x_wconf 77' lang='lat' dir='ltr'>maxime</span> <span class='ocrx_word' id='word_1_144' title='bbox 836 1218 868 1249; x_wconf 92' lang='lat' dir='ltr'>in</span> <span class='ocrx_word' id='word_1_145' title='bbox 877 1219 976 1249; x_wconf 79' lang='lat' dir='ltr'>maxi-</span> 
     </span>
     <span class='ocr_line' id='line_1_25' title="bbox 206 1271 974 1311; baseline 0.001 -10"><span class='ocrx_word' id='word_1_146' title='bbox 206 1279 258 1302; x_wconf 91' lang='lat' dir='ltr'>mo</span> <span class='ocrx_word' id='word_1_147' title='bbox 273 1271 414 1309; x_wconf 86' lang='lat' dir='ltr'>sabbato,</span> <span class='ocrx_word' id='word_1_148' title='bbox 430 1271 505 1310; x_wconf 86' lang='lat' dir='ltr'>quia</span> <span class='ocrx_word' id='word_1_149' title='bbox 519 1274 595 1302; x_wconf 89' lang='lat' dir='ltr'>tunc</span> <span class='ocrx_word' id='word_1_150' title='bbox 608 1271 674 1301; x_wconf 88' lang='lat' dir='ltr'>dies</span> <span class='ocrx_word' id='word_1_151' title='bbox 687 1273 754 1301; x_wconf 90' lang='lat' dir='ltr'>erat</span> <span class='ocrx_word' id='word_1_152' title='bbox 774 1280 974 1311; x_wconf 86' lang='lat' dir='ltr'>azymorum.</span> 
     </span>
     <span class='ocr_line' id='line_1_26' title="bbox 206 1323 975 1364; baseline 0.001 -10"><span class='ocrx_word' id='word_1_153' title='bbox 206 1323 293 1355; x_wconf 85' lang='lat' dir='ltr'>Unde</span> <span class='ocrx_word' id='word_1_154' title='bbox 307 1324 421 1355; x_wconf 88' lang='lat' dir='ltr'>dicitur</span> <span class='ocrx_word' id='word_1_155' title='bbox 434 1327 444 1343; x_wconf 46' lang='grc' dir='ltr'>Β</span> <span class='ocrx_word' id='word_1_156' title='bbox 460 1335 467 1354; x_wconf 91' lang='lat'>:</span> <span class='ocrx_word' id='word_1_157' title='bbox 489 1324 585 1355; x_wconf 77' lang='lat' dir='ltr'>«Erat</span> <span class='ocrx_word' id='word_1_158' title='bbox 595 1324 681 1354; x_wconf 90' lang='lat' dir='ltr'>enim</span> <span class='ocrx_word' id='word_1_159' title='bbox 694 1333 833 1364; x_wconf 85' lang='lat' dir='ltr'>magnus</span> <span class='ocrx_word' id='word_1_160' title='bbox 842 1325 908 1356; x_wconf 92' lang='lat' dir='ltr'>dies</span> <span class='ocrx_word' id='word_1_161' title='bbox 924 1325 975 1356; x_wconf 89' lang='lat' dir='ltr'>ille</span> 
     </span>
     <span class='ocr_line' id='line_1_27' title="bbox 206 1377 974 1418; baseline 0.003 -10"><span class='ocrx_word' id='word_1_162' title='bbox 206 1378 338 1409; x_wconf 83' lang='lat' dir='ltr'>sabbati.</span> <span class='ocrx_word' id='word_1_163' title='bbox 353 1388 368 1407; x_wconf 79' lang='grc'>»</span> <span class='ocrx_word' id='word_1_164' title='bbox 394 1377 529 1417; x_wconf 82' lang='lat' dir='ltr'>Magnus</span> <span class='ocrx_word' id='word_1_165' title='bbox 548 1378 676 1418; x_wconf 90' lang='lat' dir='ltr'>quidem</span> <span class='ocrx_word' id='word_1_166' title='bbox 697 1380 781 1417; x_wconf 83' lang='lat' dir='ltr'>erat,</span> <span class='ocrx_word' id='word_1_167' title='bbox 804 1379 880 1418; x_wconf 87' lang='lat' dir='ltr'>quia</span> <span class='ocrx_word' id='word_1_168' title='bbox 902 1379 974 1410; x_wconf 85' lang='lat' dir='ltr'>sah-</span> 
     </span>
     <span class='ocr_line' id='line_1_28' title="bbox 205 1431 972 1471; baseline 0.001 -10"><span class='ocrx_word' id='word_1_169' title='bbox 205 1431 334 1468; x_wconf 84' lang='lat' dir='ltr'>batum3</span> <span class='ocrx_word' id='word_1_170' title='bbox 362 1432 482 1470; x_wconf 78' lang='lat' dir='ltr'>maior,</span> <span class='ocrx_word' id='word_1_171' title='bbox 507 1431 582 1471; x_wconf 87' lang='lat' dir='ltr'>quia</span> <span class='ocrx_word' id='word_1_172' title='bbox 609 1431 777 1462; x_wconf 88' lang='lat' dir='ltr'>sabbatum</span> <span class='ocrx_word' id='word_1_173' title='bbox 804 1432 972 1471; x_wconf 84' lang='lat' dir='ltr'>paschale;</span> 
     </span>
     <span class='ocr_line' id='line_1_29' title="bbox 205 1483 972 1524; baseline 0.001 -11"><span class='ocrx_word' id='word_1_174' title='bbox 205 1483 382 1522; x_wconf 84' lang='lat' dir='ltr'>maximus,</span> <span class='ocrx_word' id='word_1_175' title='bbox 398 1484 473 1522; x_wconf 91' lang='lat' dir='ltr'>quia</span> <span class='ocrx_word' id='word_1_176' title='bbox 488 1485 563 1514; x_wconf 84' lang='lat' dir='ltr'>tunc</span> <span class='ocrx_word' id='word_1_177' title='bbox 579 1484 658 1514; x_wconf 81' lang='lat' dir='ltr'>sacta</span> <span class='ocrx_word' id='word_1_178' title='bbox 672 1485 718 1514; x_wconf 91' lang='lat' dir='ltr'>est</span> <span class='ocrx_word' id='word_1_179' title='bbox 730 1483 871 1523; x_wconf 84' lang='lat' dir='ltr'>impletio</span> <span class='ocrx_word' id='word_1_180' title='bbox 886 1485 972 1524; x_wconf 82' lang='lat' dir='ltr'>figu-</span> 
     </span>
     <span class='ocr_line' id='line_1_30' title="bbox 204 1536 975 1575; baseline 0.003 -9"><span class='ocrx_word' id='word_1_181' title='bbox 204 1544 249 1567; x_wconf 87' lang='lat' dir='ltr'>rae</span> <span class='ocrx_word' id='word_1_182' title='bbox 273 1545 330 1575; x_wconf 88' lang='lat' dir='ltr'>per</span> <span class='ocrx_word' id='word_1_183' title='bbox 353 1536 530 1567; x_wconf 86' lang='lat' dir='ltr'>veritatem.</span> <span class='ocrx_word' id='word_1_184' title='bbox 558 1537 595 1568; x_wconf 87' lang='lat' dir='ltr'>Et</span> <span class='ocrx_word' id='word_1_185' title='bbox 619 1539 693 1567; x_wconf 90' lang='lat' dir='ltr'>tunc</span> <span class='ocrx_word' id='word_1_186' title='bbox 716 1537 849 1568; x_wconf 86' lang='lat' dir='ltr'>cessavit</span> <span class='ocrx_word' id='word_1_187' title='bbox 867 1538 975 1568; x_wconf 84' lang='lat' dir='ltr'>sabba-</span> 
     </span>
     <span class='ocr_line' id='line_1_31' title="bbox 204 1589 974 1629; baseline 0.001 -10"><span class='ocrx_word' id='word_1_188' title='bbox 204 1590 272 1619; x_wconf 90' lang='lat' dir='ltr'>tum</span> <span class='ocrx_word' id='word_1_189' title='bbox 285 1612 294 1627; x_wconf 85' lang='lat'>,</span> <span class='ocrx_word' id='word_1_190' title='bbox 311 1598 384 1620; x_wconf 89' lang='lat' dir='ltr'>cum</span> <span class='ocrx_word' id='word_1_191' title='bbox 398 1589 457 1620; x_wconf 84' lang='lat' dir='ltr'>fuit</span> <span class='ocrx_word' id='word_1_192' title='bbox 471 1589 655 1629; x_wconf 84' lang='lat' dir='ltr'>impletum3</span> <span class='ocrx_word' id='word_1_193' title='bbox 672 1592 702 1620; x_wconf 90' lang='lat' dir='ltr'>et</span> <span class='ocrx_word' id='word_1_194' title='bbox 716 1590 782 1620; x_wconf 90' lang='lat' dir='ltr'>dies</span> <span class='ocrx_word' id='word_1_195' title='bbox 796 1590 974 1621; x_wconf 91' lang='lat' dir='ltr'>dominicus</span> 
     </span>
     <span class='ocr_line' id='line_1_32' title="bbox 204 1642 973 1682; baseline 0.003 -10"><span class='ocrx_word' id='word_1_196' title='bbox 204 1642 353 1673; x_wconf 90' lang='lat' dir='ltr'>successit</span> <span class='ocrx_word' id='word_1_197' title='bbox 376 1642 596 1681; x_wconf 82' lang='lat' dir='ltr'>celebrandus,</span> <span class='ocrx_word' id='word_1_198' title='bbox 627 1643 702 1682; x_wconf 87' lang='lat' dir='ltr'>quia</span> <span class='ocrx_word' id='word_1_199' title='bbox 724 1645 793 1682; x_wconf 84' lang='lat' dir='ltr'>jam</span> <span class='ocrx_word' id='word_1_200' title='bbox 821 1643 973 1674; x_wconf 88' lang='lat' dir='ltr'>habentes</span> 
     </span>
     <span class='ocr_line' id='line_1_33' title="bbox 204 1695 971 1735; baseline 0.003 -10"><span class='ocrx_word' id='word_1_201' title='bbox 204 1695 369 1726; x_wconf 88' lang='lat' dir='ltr'>veritatem</span> <span class='ocrx_word' id='word_1_202' title='bbox 383 1695 445 1726; x_wconf 87' lang='lat' dir='ltr'>diei</span> <span class='ocrx_word' id='word_1_203' title='bbox 461 1696 603 1735; x_wconf 86' lang='lat' dir='ltr'>septimae</span> <span class='ocrx_word' id='word_1_204' title='bbox 616 1705 672 1735; x_wconf 90' lang='lat' dir='ltr'>per</span> <span class='ocrx_word' id='word_1_205' title='bbox 687 1696 800 1726; x_wconf 84' lang='lat' dir='ltr'>Christi</span> <span class='ocrx_word' id='word_1_206' title='bbox 816 1696 971 1735; x_wconf 73' lang='lat' dir='ltr'>quietern,</span> 
     </span>
     <span class='ocr_line' id='line_1_34' title="bbox 203 1746 972 1785; baseline 0.001 -9"><span class='ocrx_word' id='word_1_207' title='bbox 203 1747 407 1785; x_wconf 78' lang='lat' dir='ltr'>expectamus</span> <span class='ocrx_word' id='word_1_208' title='bbox 432 1746 695 1777; x_wconf 84' lang='lat' dir='ltr'>resurrectionem</span> <span class='ocrx_word' id='word_1_209' title='bbox 719 1748 750 1777; x_wconf 87' lang='lat' dir='ltr'>et</span> <span class='ocrx_word' id='word_1_210' title='bbox 769 1746 972 1785; x_wconf 84' lang='lat' dir='ltr'>glorificatio-</span> 
     </span>
     <span class='ocr_line' id='line_1_35' title="bbox 202 1799 972 1839; baseline 0.001 -10"><span class='ocrx_word' id='word_1_211' title='bbox 202 1807 276 1828; x_wconf 88' lang='lat' dir='ltr'>nem</span> <span class='ocrx_word' id='word_1_212' title='bbox 292 1801 425 1836; x_wconf 80' lang='lat' dir='ltr'>octavae,</span> <span class='ocrx_word' id='word_1_213' title='bbox 441 1808 513 1839; x_wconf 85' lang='lat' dir='ltr'>quae</span> <span class='ocrx_word' id='word_1_214' title='bbox 526 1801 593 1839; x_wconf 83' lang='lat' dir='ltr'>jam</span> <span class='ocrx_word' id='word_1_215' title='bbox 614 1799 646 1829; x_wconf 92' lang='lat' dir='ltr'>in</span> <span class='ocrx_word' id='word_1_216' title='bbox 666 1799 767 1839; x_wconf 88' lang='lat' dir='ltr'>capite</span> <span class='ocrx_word' id='word_1_217' title='bbox 790 1801 898 1830; x_wconf 86' lang='lat' dir='ltr'>nostro</span> <span class='ocrx_word' id='word_1_218' title='bbox 921 1800 972 1831; x_wconf 90' lang='lat' dir='ltr'>in-</span> 
     </span>
     <span class='ocr_line' id='line_1_36' title="bbox 202 1851 972 1890; baseline 0.003 -9"><span class='ocrx_word' id='word_1_219' title='bbox 202 1851 313 1882; x_wconf 87' lang='lat' dir='ltr'>choata</span> <span class='ocrx_word' id='word_1_220' title='bbox 337 1854 401 1890; x_wconf 85' lang='lat' dir='ltr'>est,-</span> <span class='ocrx_word' id='word_1_221' title='bbox 424 1854 454 1882; x_wconf 88' lang='lat' dir='ltr'>et</span> <span class='ocrx_word' id='word_1_222' title='bbox 475 1852 747 1883; x_wconf 81' lang='lat' dir='ltr'>consummabitur</span> <span class='ocrx_word' id='word_1_223' title='bbox 770 1852 803 1882; x_wconf 91' lang='lat' dir='ltr'>in</span> <span class='ocrx_word' id='word_1_224' title='bbox 824 1853 915 1882; x_wconf 86' lang='lat' dir='ltr'>nobis</span> <span class='ocrx_word' id='word_1_225' title='bbox 940 1854 972 1884; x_wconf 91' lang='lat' dir='ltr'>in</span> 
     </span>
     <span class='ocr_line' id='line_1_37' title="bbox 202 1902 973 1943; baseline 0.003 -11"><span class='ocrx_word' id='word_1_226' title='bbox 202 1902 345 1941; x_wconf 86' lang='lat' dir='ltr'>generali</span> <span class='ocrx_word' id='word_1_227' title='bbox 355 1903 594 1934; x_wconf 86' lang='lat' dir='ltr'>resurrectione.</span> <span class='ocrx_word' id='word_1_228' title='bbox 608 1903 646 1933; x_wconf 86' lang='lat' dir='ltr'>Et</span> <span class='ocrx_word' id='word_1_229' title='bbox 654 1902 879 1933; x_wconf 84' lang='lat' dir='ltr'>attendendum</span> <span class='ocrx_word' id='word_1_230' title='bbox 887 1904 973 1943; x_wconf 91' lang='lat' dir='ltr'>quod</span> 
     </span>
    </p>
   </div>
   <div class='ocr_carea' id='block_1_3' title="bbox 199 1956 972 2530">
    <p class='ocr_par' dir='ltr' id='par_1_4' title="bbox 199 1956 972 2475">
     <span class='ocr_line' id='line_1_38' title="bbox 201 1956 972 1987; baseline 0.003 -2"><span class='ocrx_word' id='word_1_231' title='bbox 201 1956 368 1985; x_wconf 89' lang='lat' dir='ltr'>sabbatum</span> <span class='ocrx_word' id='word_1_232' title='bbox 383 1956 560 1986; x_wconf 88' lang='lat' dir='ltr'>secundum</span> <span class='ocrx_word' id='word_1_233' title='bbox 579 1956 715 1986; x_wconf 84' lang='lat' dir='ltr'>litteram</span> <span class='ocrx_word' id='word_1_234' title='bbox 730 1956 892 1986; x_wconf 85' lang='lat' dir='ltr'>dicebatur</span> <span class='ocrx_word' id='word_1_235' title='bbox 906 1957 972 1987; x_wconf 82' lang='lat' dir='ltr'>dles</span> 
     </span>
     <span class='ocr_line' id='line_1_39' title="bbox 201 2008 971 2048; baseline 0.001 -10"><span class='ocrx_word' id='word_1_236' title='bbox 201 2008 335 2047; x_wconf 90' lang='lat' dir='ltr'>septima</span> <span class='ocrx_word' id='word_1_237' title='bbox 349 2009 359 2025; x_wconf 74' lang='lat'>⁵</span> <span class='ocrx_word' id='word_1_238' title='bbox 378 2019 384 2039; x_wconf 84' lang='lat' dir='ltr'>z</span> <span class='ocrx_word' id='word_1_239' title='bbox 416 2019 430 2037; x_wconf 77' lang='grc' dir='ltr'>(ι</span> <span class='ocrx_word' id='word_1_240' title='bbox 445 2008 585 2048; x_wconf 88' lang='lat' dir='ltr'>Septimo</span> <span class='ocrx_word' id='word_1_241' title='bbox 599 2008 649 2039; x_wconf 81' lang='lat' dir='ltr'>(lie</span> <span class='ocrx_word' id='word_1_242' title='bbox 664 2009 831 2039; x_wconf 83' lang='lat' dir='ltr'>sabbatum</span> <span class='ocrx_word' id='word_1_243' title='bbox 848 2009 971 2039; x_wconf 90' lang='lat' dir='ltr'>Domini</span> 
     </span>
     <span class='ocr_line' id='line_1_40' title="bbox 200 2060 971 2099; baseline 0.005 -9"><span class='ocrx_word' id='word_1_244' title='bbox 200 2060 254 2090; x_wconf 87' lang='lat' dir='ltr'>Dei</span> <span class='ocrx_word' id='word_1_245' title='bbox 268 2061 313 2091; x_wconf 92' lang='lat' dir='ltr'>tui</span> <span class='ocrx_word' id='word_1_246' title='bbox 328 2063 389 2099; x_wconf 86' lang='lat' dir='ltr'>est,</span> <span class='ocrx_word' id='word_1_247' title='bbox 401 2072 415 2089; x_wconf 85' lang='grc'>))</span> <span class='ocrx_word' id='word_1_248' title='bbox 433 2064 491 2092; x_wconf 92' lang='lat' dir='ltr'>etc.</span> <span class='ocrx_word' id='word_1_249' title='bbox 510 2062 547 2092; x_wconf 88' lang='lat' dir='ltr'>Et</span> <span class='ocrx_word' id='word_1_250' title='bbox 561 2062 621 2092; x_wconf 91' lang='lat' dir='ltr'>hoc</span> <span class='ocrx_word' id='word_1_251' title='bbox 638 2064 737 2092; x_wconf 86' lang='lat' dir='ltr'>cessat</span> <span class='ocrx_word' id='word_1_252' title='bbox 753 2062 763 2078; x_wconf 80' lang='lat'><strong>⁶</strong></span> <span class='ocrx_word' id='word_1_253' title='bbox 780 2073 786 2093; x_wconf 93' lang='lat'>:</span> <span class='ocrx_word' id='word_1_254' title='bbox 815 2074 829 2090; x_wconf 90' lang='lat'>«</span> <span class='ocrx_word' id='word_1_255' title='bbox 845 2062 971 2094; x_wconf 82' lang='lat' dir='ltr'>Cessare</span> 
     </span>
     <span class='ocr_line' id='line_1_41' title="bbox 200 2114 971 2154; baseline 0.004 -11"><span class='ocrx_word' id='word_1_256' title='bbox 200 2114 311 2144; x_wconf 81' lang='lat' dir='ltr'>faciam</span> <span class='ocrx_word' id='word_1_257' title='bbox 335 2123 430 2145; x_wconf 91' lang='lat' dir='ltr'>omne</span> <span class='ocrx_word' id='word_1_258' title='bbox 451 2115 605 2154; x_wconf 85' lang='lat' dir='ltr'>gaudium</span> <span class='ocrx_word' id='word_1_259' title='bbox 629 2116 714 2154; x_wconf 78' lang='lat' dir='ltr'>erS,</span> <span class='ocrx_word' id='word_1_260' title='bbox 740 2115 971 2147; x_wconf 83' lang='lat' dir='ltr'>solemnitatem</span> 
     </span>
     <span class='ocr_line' id='line_1_42' title="bbox 201 2169 971 2210; baseline 0.003 -11"><span class='ocrx_word' id='word_1_261' title='bbox 201 2169 286 2208; x_wconf 65' lang='lat' dir='ltr'>eius,</span> <span class='ocrx_word' id='word_1_262' title='bbox 302 2170 502 2200; x_wconf 86' lang='lat' dir='ltr'>neomeniam</span> <span class='ocrx_word' id='word_1_263' title='bbox 518 2171 603 2209; x_wconf 81' lang='lat' dir='ltr'>ejus,</span> <span class='ocrx_word' id='word_1_264' title='bbox 620 2170 786 2200; x_wconf 87' lang='lat' dir='ltr'>sabbatum</span> <span class='ocrx_word' id='word_1_265' title='bbox 800 2172 878 2210; x_wconf 69' lang='lat' dir='ltr'>eius.</span> <span class='ocrx_word' id='word_1_266' title='bbox 889 2181 903 2199; x_wconf 85' lang='lat'>»</span> <span class='ocrx_word' id='word_1_267' title='bbox 918 2170 971 2201; x_wconf 89' lang='lat' dir='ltr'>Se-</span> 
     </span>
     <span class='ocr_line' id='line_1_43' title="bbox 201 2222 968 2262; baseline 0.003 -10"><span class='ocrx_word' id='word_1_268' title='bbox 201 2222 342 2252; x_wconf 86' lang='lat' dir='ltr'>eundum</span> <span class='ocrx_word' id='word_1_269' title='bbox 356 2222 554 2261; x_wconf 85' lang='lat' dir='ltr'>allegoriam,</span> <span class='ocrx_word' id='word_1_270' title='bbox 573 2222 689 2253; x_wconf 87' lang='lat' dir='ltr'>dicitur</span> <span class='ocrx_word' id='word_1_271' title='bbox 707 2225 734 2253; x_wconf 82' lang='lat'>1.</span> <span class='ocrx_word' id='word_1_272' title='bbox 756 2223 845 2262; x_wconf 89' lang='lat' dir='ltr'>quies</span> <span class='ocrx_word' id='word_1_273' title='bbox 857 2222 968 2254; x_wconf 79' lang='lat' dir='ltr'>Christi</span> 
     </span>
     <span class='ocr_line' id='line_1_44' title="bbox 200 2274 969 2315; baseline 0.004 -12"><span class='ocrx_word' id='word_1_274' title='bbox 200 2274 234 2303; x_wconf 91' lang='lat' dir='ltr'>in</span> <span class='ocrx_word' id='word_1_275' title='bbox 257 2275 441 2313; x_wconf 87' lang='lat' dir='ltr'>sepulchro,</span> <span class='ocrx_word' id='word_1_276' title='bbox 465 2284 521 2315; x_wconf 89' lang='lat' dir='ltr'>per</span> <span class='ocrx_word' id='word_1_277' title='bbox 542 2284 639 2315; x_wconf 87' lang='lat' dir='ltr'>quam</span> <span class='ocrx_word' id='word_1_278' title='bbox 659 2276 739 2306; x_wconf 86' lang='lat' dir='ltr'>facta</span> <span class='ocrx_word' id='word_1_279' title='bbox 764 2278 810 2306; x_wconf 86' lang='lat' dir='ltr'>est</span> <span class='ocrx_word' id='word_1_280' title='bbox 827 2276 969 2307; x_wconf 86' lang='lat' dir='ltr'>liberatio</span> 
     </span>
     <span class='ocr_line' id='line_1_45' title="bbox 200 2326 969 2368; baseline 0.005 -13"><span class='ocrx_word' id='word_1_281' title='bbox 200 2326 391 2358; x_wconf 81' lang='lat' dir='ltr'>animarum.</span> <span class='ocrx_word' id='word_1_282' title='bbox 419 2328 549 2368; x_wconf 85' lang='lat' dir='ltr'>Propter</span> <span class='ocrx_word' id='word_1_283' title='bbox 572 2328 657 2368; x_wconf 92' lang='lat' dir='ltr'>quod</span> <span class='ocrx_word' id='word_1_284' title='bbox 680 2337 777 2368; x_wconf 88' lang='lat' dir='ltr'>supra</span> <span class='ocrx_word' id='word_1_285' title='bbox 791 2329 824 2359; x_wconf 87' lang='lat'>⁷:</span> <span class='ocrx_word' id='word_1_286' title='bbox 854 2340 868 2358; x_wconf 85' lang='lat'>«</span> <span class='ocrx_word' id='word_1_287' title='bbox 884 2329 969 2360; x_wconf 88' lang='lat' dir='ltr'>Ilanc</span> 
     </span>
     <span class='ocr_line' id='line_1_46' title="bbox 199 2379 969 2420; baseline 0.005 -11"><span class='ocrx_word' id='word_1_288' title='bbox 199 2379 298 2409; x_wconf 85' lang='lat' dir='ltr'>filiam</span> <span class='ocrx_word' id='word_1_289' title='bbox 313 2380 467 2418; x_wconf 79' lang='lat' dir='ltr'>Abrahae,</span> <span class='ocrx_word' id='word_1_290' title='bbox 484 2390 582 2420; x_wconf 86' lang='lat' dir='ltr'>quam</span> <span class='ocrx_word' id='word_1_291' title='bbox 597 2381 744 2420; x_wconf 84' lang='lat' dir='ltr'>alligavit</span> <span class='ocrx_word' id='word_1_292' title='bbox 758 2385 883 2412; x_wconf 87' lang='lat' dir='ltr'>satanas</span> <span class='ocrx_word' id='word_1_293' title='bbox 898 2391 969 2413; x_wconf 85' lang='lat' dir='ltr'>ecce</span> 
     </span>
     <span class='ocr_line' id='line_1_47' title="bbox 199 2432 969 2475; baseline 0.006 -13"><span class='ocrx_word' id='word_1_294' title='bbox 199 2432 307 2463; x_wconf 90' lang='lat' dir='ltr'>decem</span> <span class='ocrx_word' id='word_1_295' title='bbox 330 2434 360 2463; x_wconf 89' lang='lat' dir='ltr'>et</span> <span class='ocrx_word' id='word_1_296' title='bbox 382 2435 451 2464; x_wconf 89' lang='lat' dir='ltr'>octo</span> <span class='ocrx_word' id='word_1_297' title='bbox 476 2435 582 2473; x_wconf 88' lang='lat' dir='ltr'>annis,</span> <span class='ocrx_word' id='word_1_298' title='bbox 605 2444 670 2466; x_wconf 93' lang='lat' dir='ltr'>non</span> <span class='ocrx_word' id='word_1_299' title='bbox 693 2435 832 2475; x_wconf 83' lang='lat' dir='ltr'>oportuit</span> <span class='ocrx_word' id='word_1_300' title='bbox 849 2436 929 2467; x_wconf 89' lang='lat' dir='ltr'>solvi</span> <span class='ocrx_word' id='word_1_301' title='bbox 950 2446 969 2467; x_wconf 92' lang='lat' dir='ltr'>a</span> 
     </span>
    </p>

    <p class='ocr_par' dir='ltr' id='par_1_5' title="bbox 199 2485 969 2530">
     <span class='ocr_line' id='line_1_48' title="bbox 199 2485 969 2530; baseline 0.004 -13"><span class='ocrx_word' id='word_1_302' title='bbox 199 2485 328 2518; x_wconf 73' lang='lat' dir='ltr'>vinculo</span> <span class='ocrx_word' id='word_1_303' title='bbox 344 2486 404 2517; x_wconf 85' lang='lat' dir='ltr'>isto</span> <span class='ocrx_word' id='word_1_304' title='bbox 418 2486 468 2516; x_wconf 86' lang='lat' dir='ltr'>die</span> <span class='ocrx_word' id='word_1_305' title='bbox 483 2487 627 2518; x_wconf 85' lang='lat' dir='ltr'>sabbati?</span> <span class='ocrx_word' id='word_1_306' title='bbox 641 2499 656 2517; x_wconf 76' lang='lat' dir='ltr'>x&gt;</span> <span class='ocrx_word' id='word_1_307' title='bbox 686 2488 805 2520; x_wconf 86' lang='lat' dir='ltr'>Dicitur</span> <span class='ocrx_word' id='word_1_308' title='bbox 825 2491 854 2521; x_wconf 73' lang='lat'>⁶2.</span> <span class='ocrx_word' id='word_1_309' title='bbox 878 2490 969 2530; x_wconf 87' lang='lat' dir='ltr'>quies</span> 
     </span>
    </p>
   </div>
   <div class='ocr_carea' id='block_1_4' title="bbox 200 2579 970 2684">
    <p class='ocr_par' dir='ltr' id='par_1_6' title="bbox 200 2579 970 2684">
     <span class='ocr_line' id='line_1_49' title="bbox 231 2579 968 2613; baseline 0.005 -10"><span class='ocrx_word' id='word_1_310' title='bbox 231 2581 238 2597; x_wconf 87' lang='lat'>²</span> <span class='ocrx_word' id='word_1_311' title='bbox 254 2579 306 2610; x_wconf 82' lang='lat' dir='ltr'>Job,</span> <span class='ocrx_word' id='word_1_312' title='bbox 322 2581 397 2610; x_wconf 79' lang='lat' dir='ltr'>v,19.</span> <span class='ocrx_word' id='word_1_313' title='bbox 413 2593 443 2597; x_wconf 94' lang='grc'>-</span> <span class='ocrx_word' id='word_1_314' title='bbox 458 2581 467 2596; x_wconf 73' lang='lat'>2</span> <span class='ocrx_word' id='word_1_315' title='bbox 483 2581 623 2612; x_wconf 70' lang='lat' dir='ltr'>Apoc.‚x1v‚</span> <span class='ocrx_word' id='word_1_316' title='bbox 643 2585 678 2606; x_wconf 83' lang='lat'>13.</span> <span class='ocrx_word' id='word_1_317' title='bbox 694 2596 724 2601; x_wconf 89' lang='lat'>—-</span> <span class='ocrx_word' id='word_1_318' title='bbox 737 2583 747 2599; x_wconf 78' lang='lat'><strong>³</strong></span> <span class='ocrx_word' id='word_1_319' title='bbox 764 2583 968 2613; x_wconf 74' lang='lat' dir='ltr'>Psal.cxxxV111,</span> 
     </span>
     <span class='ocr_line' id='line_1_50' title="bbox 200 2616 969 2648; baseline 0.005 -10"><span class='ocrx_word' id='word_1_320' title='bbox 200 2617 238 2643; x_wconf 77' lang='grc' dir='ltr'>Η,</span> <span class='ocrx_word' id='word_1_321' title='bbox 265 2616 301 2639; x_wconf 77' lang='lat'>12.</span> <span class='ocrx_word' id='word_1_322' title='bbox 328 2629 353 2632; x_wconf 93' lang='grc'>--</span> <span class='ocrx_word' id='word_1_323' title='bbox 374 2616 384 2631; x_wconf 67' lang='lat'>⁸</span> <span class='ocrx_word' id='word_1_324' title='bbox 402 2616 483 2645; x_wconf 68' lang='lat' dir='ltr'>Joan„</span> <span class='ocrx_word' id='word_1_325' title='bbox 505 2622 564 2645; x_wconf 74' lang='lat' dir='ltr'>xlx,</span> <span class='ocrx_word' id='word_1_326' title='bbox 587 2618 624 2640; x_wconf 79' lang='grc'>31.</span> <span class='ocrx_word' id='word_1_327' title='bbox 648 2631 677 2635; x_wconf 88' lang='grc'>-</span> <span class='ocrx_word' id='word_1_328' title='bbox 695 2619 705 2634; x_wconf 73' lang='lat'>⁸</span> <span class='ocrx_word' id='word_1_329' title='bbox 721 2619 809 2647; x_wconf 59' lang='lat' dir='ltr'>lca-mk,</span> <span class='ocrx_word' id='word_1_330' title='bbox 826 2624 872 2648; x_wconf 83' lang='lat' dir='ltr'>xx,</span> <span class='ocrx_word' id='word_1_331' title='bbox 888 2621 923 2642; x_wconf 77' lang='lat'>10.</span> <span class='ocrx_word' id='word_1_332' title='bbox 939 2631 969 2636; x_wconf 89' lang='lat'>-—</span> 
     </span>
     <span class='ocr_line' id='line_1_51' title="bbox 226 2651 970 2684; baseline 0.005 -10"><span class='ocrx_word' id='word_1_333' title='bbox 226 2651 288 2680; x_wconf 68' lang='lat' dir='ltr'>Ose..</span> <span class='ocrx_word' id='word_1_334' title='bbox 305 2656 335 2680; x_wconf 87' lang='lat'>11,</span> <span class='ocrx_word' id='word_1_335' title='bbox 352 2652 389 2675; x_wconf 84' lang='lat'>11.</span> <span class='ocrx_word' id='word_1_336' title='bbox 405 2663 434 2668; x_wconf 90' lang='lat'>—</span> <span class='ocrx_word' id='word_1_337' title='bbox 447 2651 457 2667; x_wconf 83' lang='lat'>&#39;¹</span> <span class='ocrx_word' id='word_1_338' title='bbox 473 2651 545 2681; x_wconf 64' lang='lat' dir='ltr'>sup„</span> <span class='ocrx_word' id='word_1_339' title='bbox 560 2654 668 2682; x_wconf 70' lang='lat' dir='ltr'>X111‚16.</span> <span class='ocrx_word' id='word_1_340' title='bbox 687 2667 712 2670; x_wconf 95' lang='grc'>-</span> <span class='ocrx_word' id='word_1_341' title='bbox 729 2656 736 2667; x_wconf 46' lang='lat' dir='ltr'>t</span> <span class='ocrx_word' id='word_1_342' title='bbox 748 2653 833 2682; x_wconf 54' lang='lat' dir='ltr'>flebam,</span> <span class='ocrx_word' id='word_1_343' title='bbox 848 2660 883 2684; x_wconf 79' lang='grc' dir='ltr'>ιν,</span> <span class='ocrx_word' id='word_1_344' title='bbox 902 2656 924 2678; x_wconf 82' lang='grc'>9.</span> <span class='ocrx_word' id='word_1_345' title='bbox 940 2667 970 2672; x_wconf 89' lang='grc'>-</span> 
     </span>
    </p>
   </div>
   <div class='ocr_carea' id='block_1_5' title="bbox 757 191 1262 225">
    <p class='ocr_par' dir='ltr' id='par_1_7' title="bbox 757 191 1262 225">
     <span class='ocr_line' id='line_1_52' title="bbox 757 191 1262 225; baseline 0.002 -1"><span class='ocrx_word' id='word_1_346' title='bbox 757 192 968 225; x_wconf 85' lang='lat' dir='ltr'><strong>EVANGELII</strong></span> <span class='ocrx_word' id='word_1_347' title='bbox 991 191 1129 224; x_wconf 80' lang='lat' dir='ltr'>SANCTI</span> <span class='ocrx_word' id='word_1_348' title='bbox 1151 192 1262 225; x_wconf 85' lang='lat' dir='ltr'>LUCAE</span> 
     </span>
    </p>
   </div>
   <div class='ocr_carea' id='block_1_6' title="bbox 1025 260 1803 2528">
    <p class='ocr_par' dir='ltr' id='par_1_8' title="bbox 1028 260 1803 1732">
     <span class='ocr_line' id='line_1_53' title="bbox 1036 260 1801 302; baseline 0.005 -12"><span class='ocrx_word' id='word_1_349' title='bbox 1036 260 1218 292; x_wconf 87' lang='lat' dir='ltr'>animarum</span> <span class='ocrx_word' id='word_1_350' title='bbox 1230 262 1412 293; x_wconf 87' lang='lat' dir='ltr'>sanctarum</span> <span class='ocrx_word' id='word_1_351' title='bbox 1426 264 1437 282; x_wconf 77' lang='lat'>⁹</span> <span class='ocrx_word' id='word_1_352' title='bbox 1455 272 1461 293; x_wconf 76' lang='grc' dir='ltr'><strong><em>ε</em></strong></span> <span class='ocrx_word' id='word_1_353' title='bbox 1483 273 1498 291; x_wconf 77' lang='grc' dir='ltr'>α</span> <span class='ocrx_word' id='word_1_354' title='bbox 1512 262 1714 302; x_wconf 82' lang='lat' dir='ltr'>Relinquitur</span> <span class='ocrx_word' id='word_1_355' title='bbox 1728 264 1801 294; x_wconf 85' lang='lat' dir='ltr'>sab-</span> 
     </span>
     <span class='ocr_line' id='line_1_54' title="bbox 1036 313 1803 355; baseline 0.004 -11"><span class='ocrx_word' id='word_1_356' title='bbox 1036 313 1190 344; x_wconf 83' lang='lat' dir='ltr'>batismus</span> <span class='ocrx_word' id='word_1_357' title='bbox 1204 315 1321 354; x_wconf 89' lang='lat' dir='ltr'>populo</span> <span class='ocrx_word' id='word_1_358' title='bbox 1335 315 1399 347; x_wconf 86' lang='lat' dir='ltr'>Dei.</span> <span class='ocrx_word' id='word_1_359' title='bbox 1415 326 1430 344; x_wconf 74' lang='lat' dir='ltr'>n</span> <span class='ocrx_word' id='word_1_360' title='bbox 1454 315 1513 353; x_wconf 83' lang='lat' dir='ltr'>Qui</span> <span class='ocrx_word' id='word_1_361' title='bbox 1532 316 1617 346; x_wconf 91' lang='lat' dir='ltr'>enim</span> <span class='ocrx_word' id='word_1_362' title='bbox 1639 316 1803 355; x_wconf 84' lang='lat' dir='ltr'>ingressus</span> 
     </span>
     <span class='ocr_line' id='line_1_55' title="bbox 1036 368 1802 409; baseline 0.004 -12"><span class='ocrx_word' id='word_1_363' title='bbox 1036 369 1082 398; x_wconf 85' lang='lat' dir='ltr'>est</span> <span class='ocrx_word' id='word_1_364' title='bbox 1097 368 1129 397; x_wconf 88' lang='lat' dir='ltr'>iu</span> <span class='ocrx_word' id='word_1_365' title='bbox 1145 368 1287 407; x_wconf 86' lang='lat' dir='ltr'>requiem</span> <span class='ocrx_word' id='word_1_366' title='bbox 1301 370 1384 407; x_wconf 78' lang='lat' dir='ltr'>ejus,</span> <span class='ocrx_word' id='word_1_367' title='bbox 1400 369 1495 399; x_wconf 86' lang='lat' dir='ltr'>etiam</span> <span class='ocrx_word' id='word_1_368' title='bbox 1510 369 1576 409; x_wconf 85' lang='lat' dir='ltr'>ipse</span> <span class='ocrx_word' id='word_1_369' title='bbox 1591 369 1747 408; x_wconf 87' lang='lat' dir='ltr'>requievit</span> <span class='ocrx_word' id='word_1_370' title='bbox 1762 369 1802 400; x_wconf 86' lang='lat' dir='ltr'>ab</span> 
     </span>
     <span class='ocr_line' id='line_1_56' title="bbox 1035 419 1801 462; baseline 0.007 -13"><span class='ocrx_word' id='word_1_371' title='bbox 1035 419 1184 459; x_wconf 87' lang='lat' dir='ltr'>operibus</span> <span class='ocrx_word' id='word_1_372' title='bbox 1207 420 1284 451; x_wconf 86' lang='lat' dir='ltr'>suis.</span> <span class='ocrx_word' id='word_1_373' title='bbox 1307 420 1488 452; x_wconf 84' lang='lat' dir='ltr'>Secundum</span> <span class='ocrx_word' id='word_1_374' title='bbox 1512 422 1723 462; x_wconf 81' lang='lat' dir='ltr'>tropologiam</span> <span class='ocrx_word' id='word_1_375' title='bbox 1743 431 1801 454; x_wconf 83' lang='lat' dir='ltr'>au-</span> 
     </span>
     <span class='ocr_line' id='line_1_57' title="bbox 1034 473 1803 515; baseline 0.005 -13"><span class='ocrx_word' id='word_1_376' title='bbox 1034 474 1098 503; x_wconf 88' lang='lat' dir='ltr'>tem</span> <span class='ocrx_word' id='word_1_377' title='bbox 1119 473 1234 503; x_wconf 89' lang='lat' dir='ltr'>dicitur</span> <span class='ocrx_word' id='word_1_378' title='bbox 1255 477 1284 504; x_wconf 83' lang='grc'>1.</span> <span class='ocrx_word' id='word_1_379' title='bbox 1305 474 1470 504; x_wconf 76' lang='lat' dir='ltr'>sabbatum</span> <span class='ocrx_word' id='word_1_380' title='bbox 1490 475 1578 514; x_wconf 89' lang='lat' dir='ltr'>quies</span> <span class='ocrx_word' id='word_1_381' title='bbox 1600 484 1619 505; x_wconf 90' lang='lat' dir='ltr'>a</span> <span class='ocrx_word' id='word_1_382' title='bbox 1643 478 1803 515; x_wconf 86' lang='lat' dir='ltr'>perpetra-</span> 
     </span>
     <span class='ocr_line' id='line_1_58' title="bbox 1034 525 1799 568; baseline 0.007 -14"><span class='ocrx_word' id='word_1_383' title='bbox 1034 525 1118 555; x_wconf 90' lang='lat' dir='ltr'>tione</span> <span class='ocrx_word' id='word_1_384' title='bbox 1130 526 1247 565; x_wconf 82' lang='lat' dir='ltr'>peceati</span> <span class='ocrx_word' id='word_1_385' title='bbox 1262 527 1272 542; x_wconf 52' lang='grc' dir='ltr'><strong>Β</strong></span> <span class='ocrx_word' id='word_1_386' title='bbox 1287 537 1294 557; x_wconf 89' lang='lat'><strong>:</strong></span> <span class='ocrx_word' id='word_1_387' title='bbox 1312 537 1327 555; x_wconf 67' lang='lat' dir='ltr'>a</span> <span class='ocrx_word' id='word_1_388' title='bbox 1345 526 1446 557; x_wconf 89' lang='lat' dir='ltr'>Nolite</span> <span class='ocrx_word' id='word_1_389' title='bbox 1461 530 1586 567; x_wconf 86' lang='lat' dir='ltr'>portare</span> <span class='ocrx_word' id='word_1_390' title='bbox 1605 529 1745 568; x_wconf 87' lang='lat' dir='ltr'>pondera</span> <span class='ocrx_word' id='word_1_391' title='bbox 1768 528 1799 558; x_wconf 89' lang='lat' dir='ltr'>in</span> 
     </span>
     <span class='ocr_line' id='line_1_59' title="bbox 1033 578 1801 620; baseline 0.005 -12"><span class='ocrx_word' id='word_1_392' title='bbox 1033 578 1083 608; x_wconf 91' lang='lat' dir='ltr'>die</span> <span class='ocrx_word' id='word_1_393' title='bbox 1096 579 1252 609; x_wconf 76' lang='lat' dir='ltr'>sabbati.»</span> <span class='ocrx_word' id='word_1_394' title='bbox 1271 581 1301 610; x_wconf 73' lang='lat'>2.</span> <span class='ocrx_word' id='word_1_395' title='bbox 1318 579 1435 610; x_wconf 87' lang='lat' dir='ltr'>Dicitur</span> <span class='ocrx_word' id='word_1_396' title='bbox 1450 580 1546 610; x_wconf 89' lang='lat' dir='ltr'>etiam</span> <span class='ocrx_word' id='word_1_397' title='bbox 1561 581 1649 620; x_wconf 86' lang='lat' dir='ltr'>quies</span> <span class='ocrx_word' id='word_1_398' title='bbox 1663 585 1801 612; x_wconf 87' lang='lat' dir='ltr'>contem-</span> 
     </span>
     <span class='ocr_line' id='line_1_60' title="bbox 1034 630 1801 670; baseline 0.005 -10"><span class='ocrx_word' id='word_1_399' title='bbox 1034 630 1198 670; x_wconf 87' lang='lat' dir='ltr'>plationis,</span> <span class='ocrx_word' id='word_1_400' title='bbox 1223 632 1398 663; x_wconf 86' lang='lat' dir='ltr'>secundum</span> <span class='ocrx_word' id='word_1_401' title='bbox 1421 632 1497 663; x_wconf 89' lang='lat' dir='ltr'>illud</span> <span class='ocrx_word' id='word_1_402' title='bbox 1520 633 1540 652; x_wconf 86' lang='lat'>¹⁰</span> <span class='ocrx_word' id='word_1_403' title='bbox 1559 642 1567 663; x_wconf 90' lang='lat'><strong>:</strong></span> <span class='ocrx_word' id='word_1_404' title='bbox 1588 645 1602 662; x_wconf 73' lang='lat' dir='ltr'>a</span> <span class='ocrx_word' id='word_1_405' title='bbox 1619 634 1712 664; x_wconf 86' lang='lat' dir='ltr'>Porta</span> <span class='ocrx_word' id='word_1_406' title='bbox 1729 634 1801 664; x_wconf 88' lang='lat' dir='ltr'>atrii</span> 
     </span>
     <span class='ocr_line' id='line_1_61' title="bbox 1033 684 1802 725; baseline 0.004 -11"><span class='ocrx_word' id='word_1_407' title='bbox 1033 684 1205 723; x_wconf 86' lang='lat' dir='ltr'>interioris,</span> <span class='ocrx_word' id='word_1_408' title='bbox 1236 694 1308 725; x_wconf 82' lang='lat' dir='ltr'>quae</span> <span class='ocrx_word' id='word_1_409' title='bbox 1332 685 1456 725; x_wconf 87' lang='lat' dir='ltr'>respicit</span> <span class='ocrx_word' id='word_1_410' title='bbox 1479 685 1518 716; x_wconf 92' lang='lat' dir='ltr'>ad</span> <span class='ocrx_word' id='word_1_411' title='bbox 1542 686 1712 723; x_wconf 85' lang='lat' dir='ltr'>orientem,</span> <span class='ocrx_word' id='word_1_412' title='bbox 1741 686 1802 717; x_wconf 87' lang='lat' dir='ltr'>erit</span> 
     </span>
     <span class='ocr_line' id='line_1_62' title="bbox 1033 737 1801 778; baseline 0.004 -11"><span class='ocrx_word' id='word_1_413' title='bbox 1033 737 1139 767; x_wconf 86' lang='lat' dir='ltr'>clausa</span> <span class='ocrx_word' id='word_1_414' title='bbox 1157 746 1213 768; x_wconf 84' lang='lat' dir='ltr'>sex</span> <span class='ocrx_word' id='word_1_415' title='bbox 1234 738 1358 776; x_wconf 84' lang='lat' dir='ltr'>dicbus,</span> <span class='ocrx_word' id='word_1_416' title='bbox 1381 738 1415 768; x_wconf 94' lang='lat' dir='ltr'>in</span> <span class='ocrx_word' id='word_1_417' title='bbox 1435 739 1553 778; x_wconf 89' lang='lat' dir='ltr'>quibus</span> <span class='ocrx_word' id='word_1_418' title='bbox 1572 747 1651 778; x_wconf 89' lang='lat' dir='ltr'>opus</span> <span class='ocrx_word' id='word_1_419' title='bbox 1672 739 1725 776; x_wconf 90' lang='lat' dir='ltr'>fit;</span> <span class='ocrx_word' id='word_1_420' title='bbox 1751 739 1801 770; x_wconf 83' lang='lat' dir='ltr'>die</span> 
     </span>
     <span class='ocr_line' id='line_1_63' title="bbox 1031 788 1800 829; baseline 0.003 -11"><span class='ocrx_word' id='word_1_421' title='bbox 1031 790 1139 818; x_wconf 88' lang='lat' dir='ltr'>autem</span> <span class='ocrx_word' id='word_1_422' title='bbox 1164 789 1285 819; x_wconf 83' lang='lat' dir='ltr'>sabbati</span> <span class='ocrx_word' id='word_1_423' title='bbox 1309 788 1467 828; x_wconf 89' lang='lat' dir='ltr'>aperietur</span> <span class='ocrx_word' id='word_1_424' title='bbox 1492 800 1498 819; x_wconf 81' lang='lat' dir='ltr'>z</span> <span class='ocrx_word' id='word_1_425' title='bbox 1520 800 1535 817; x_wconf 75' lang='lat' dir='ltr'>i&gt;</span> <span class='ocrx_word' id='word_1_426' title='bbox 1562 790 1636 829; x_wconf 89' lang='lat' dir='ltr'>quia</span> <span class='ocrx_word' id='word_1_427' title='bbox 1658 791 1800 820; x_wconf 90' lang='lat' dir='ltr'>contem-</span> 
     </span>
     <span class='ocr_line' id='line_1_64' title="bbox 1031 841 1801 881; baseline 0.001 -9"><span class='ocrx_word' id='word_1_428' title='bbox 1031 841 1188 881; x_wconf 87' lang='lat' dir='ltr'>plantibus</span> <span class='ocrx_word' id='word_1_429' title='bbox 1201 842 1358 881; x_wconf 83' lang='lat' dir='ltr'>aperietur</span> <span class='ocrx_word' id='word_1_430' title='bbox 1372 842 1429 873; x_wconf 79' lang='lat' dir='ltr'>lux</span> <span class='ocrx_word' id='word_1_431' title='bbox 1450 842 1601 873; x_wconf 87' lang='lat' dir='ltr'>veritatis.</span> <span class='ocrx_word' id='word_1_432' title='bbox 1627 844 1655 873; x_wconf 86' lang='lat'>3.</span> <span class='ocrx_word' id='word_1_433' title='bbox 1680 842 1801 874; x_wconf 83' lang='lat' dir='ltr'>Dicitur</span> 
     </span>
     <span class='ocr_line' id='line_1_65' title="bbox 1032 895 1801 934; baseline 0.003 -10"><span class='ocrx_word' id='word_1_434' title='bbox 1032 895 1128 924; x_wconf 88' lang='lat' dir='ltr'>etiam</span> <span class='ocrx_word' id='word_1_435' title='bbox 1157 897 1256 926; x_wconf 88' lang='lat' dir='ltr'>status</span> <span class='ocrx_word' id='word_1_436' title='bbox 1292 895 1475 934; x_wconf 83' lang='lat' dir='ltr'>religionis,</span> <span class='ocrx_word' id='word_1_437' title='bbox 1509 904 1565 926; x_wconf 89' lang='lat' dir='ltr'>seu</span> <span class='ocrx_word' id='word_1_438' title='bbox 1600 895 1801 927; x_wconf 88' lang='lat' dir='ltr'>observantia</span> 
     </span>
     <span class='ocr_line' id='line_1_66' title="bbox 1031 947 1802 987; baseline 0 -9"><span class='ocrx_word' id='word_1_439' title='bbox 1031 948 1224 987; x_wconf 66' lang='lat' dir='ltr'>evangelicae</span> <span class='ocrx_word' id='word_1_440' title='bbox 1240 948 1436 987; x_wconf 82' lang='lat' dir='ltr'>perfectionis</span> <span class='ocrx_word' id='word_1_441' title='bbox 1452 949 1471 965; x_wconf 80' lang='lat'>¹¹</span> <span class='ocrx_word' id='word_1_442' title='bbox 1489 957 1496 979; x_wconf 93' lang='lat'>:</span> <span class='ocrx_word' id='word_1_443' title='bbox 1517 959 1532 978; x_wconf 69' lang='lat' dir='ltr'>a</span> <span class='ocrx_word' id='word_1_444' title='bbox 1549 947 1584 979; x_wconf 84' lang='lat' dir='ltr'>Si</span> <span class='ocrx_word' id='word_1_445' title='bbox 1607 949 1759 979; x_wconf 88' lang='lat' dir='ltr'>averteris</span> <span class='ocrx_word' id='word_1_446' title='bbox 1783 956 1802 978; x_wconf 87' lang='lat' dir='ltr'>a</span> 
     </span>
     <span class='ocr_line' id='line_1_67' title="bbox 1031 1001 1799 1042; baseline 0 -10"><span class='ocrx_word' id='word_1_447' title='bbox 1031 1002 1161 1032; x_wconf 87' lang='lat' dir='ltr'>sabbato</span> <span class='ocrx_word' id='word_1_448' title='bbox 1188 1002 1298 1042; x_wconf 88' lang='lat' dir='ltr'>pedem</span> <span class='ocrx_word' id='word_1_449' title='bbox 1327 1004 1436 1039; x_wconf 90' lang='lat' dir='ltr'>tuum,</span> <span class='ocrx_word' id='word_1_450' title='bbox 1468 1002 1569 1032; x_wconf 83' lang='lat' dir='ltr'>facere</span> <span class='ocrx_word' id='word_1_451' title='bbox 1603 1001 1799 1032; x_wconf 83' lang='lat' dir='ltr'>voluntatem</span> 
     </span>
     <span class='ocr_line' id='line_1_68' title="bbox 1030 1054 1799 1093; baseline 0 -8"><span class='ocrx_word' id='word_1_452' title='bbox 1030 1057 1120 1086; x_wconf 84' lang='lat' dir='ltr'>tuam</span> <span class='ocrx_word' id='word_1_453' title='bbox 1136 1055 1167 1085; x_wconf 90' lang='lat' dir='ltr'>in</span> <span class='ocrx_word' id='word_1_454' title='bbox 1182 1055 1231 1085; x_wconf 93' lang='lat' dir='ltr'>die</span> <span class='ocrx_word' id='word_1_455' title='bbox 1247 1057 1354 1086; x_wconf 87' lang='lat' dir='ltr'>sancto</span> <span class='ocrx_word' id='word_1_456' title='bbox 1366 1063 1448 1093; x_wconf 89' lang='lat' dir='ltr'>meo,</span> <span class='ocrx_word' id='word_1_457' title='bbox 1465 1056 1496 1085; x_wconf 83' lang='lat' dir='ltr'>et</span> <span class='ocrx_word' id='word_1_458' title='bbox 1510 1055 1672 1085; x_wconf 87' lang='lat' dir='ltr'>vocaveris</span> <span class='ocrx_word' id='word_1_459' title='bbox 1687 1054 1799 1085; x_wconf 83' lang='lat' dir='ltr'>sabba-</span> 
     </span>
     <span class='ocr_line' id='line_1_69' title="bbox 1030 1107 1799 1147; baseline 0 -9"><span class='ocrx_word' id='word_1_460' title='bbox 1030 1109 1100 1138; x_wconf 90' lang='lat' dir='ltr'>tum</span> <span class='ocrx_word' id='word_1_461' title='bbox 1123 1108 1290 1139; x_wconf 85' lang='lat' dir='ltr'>delicatum</span> <span class='ocrx_word' id='word_1_462' title='bbox 1313 1110 1343 1139; x_wconf 91' lang='lat' dir='ltr'>et</span> <span class='ocrx_word' id='word_1_463' title='bbox 1366 1110 1512 1139; x_wconf 89' lang='lat' dir='ltr'>sanctum</span> <span class='ocrx_word' id='word_1_464' title='bbox 1535 1108 1657 1139; x_wconf 90' lang='lat' dir='ltr'>donum</span> <span class='ocrx_word' id='word_1_465' title='bbox 1680 1107 1799 1147; x_wconf 81' lang='lat' dir='ltr'>glorio-</span> 
     </span>
     <span class='ocr_line' id='line_1_70' title="bbox 1031 1160 1800 1200; baseline 0.001 -10"><span class='ocrx_word' id='word_1_466' title='bbox 1031 1169 1113 1191; x_wconf 91' lang='lat' dir='ltr'>sum.</span> <span class='ocrx_word' id='word_1_467' title='bbox 1123 1170 1138 1189; x_wconf 76' lang='lat' dir='ltr'>n</span> <span class='ocrx_word' id='word_1_468' title='bbox 1152 1160 1331 1192; x_wconf 88' lang='lat' dir='ltr'>Secundum</span> <span class='ocrx_word' id='word_1_469' title='bbox 1347 1161 1541 1200; x_wconf 85' lang='lat' dir='ltr'>anagogiam</span> <span class='ocrx_word' id='word_1_470' title='bbox 1556 1163 1673 1199; x_wconf 78' lang='lat' dir='ltr'>autem,</span> <span class='ocrx_word' id='word_1_471' title='bbox 1686 1160 1800 1191; x_wconf 86' lang='lat' dir='ltr'>dicitur</span> 
     </span>
     <span class='ocr_line' id='line_1_71' title="bbox 1030 1213 1794 1254; baseline 0 -11"><span class='ocrx_word' id='word_1_472' title='bbox 1030 1214 1197 1245; x_wconf 86' lang='lat' dir='ltr'>sabbatum</span> <span class='ocrx_word' id='word_1_473' title='bbox 1232 1214 1322 1254; x_wconf 90' lang='lat' dir='ltr'>quies</span> <span class='ocrx_word' id='word_1_474' title='bbox 1351 1216 1479 1244; x_wconf 80' lang='lat' dir='ltr'>aeternae</span> <span class='ocrx_word' id='word_1_475' title='bbox 1505 1213 1712 1253; x_wconf 86' lang='lat' dir='ltr'>jucunditatis</span> <span class='ocrx_word' id='word_1_476' title='bbox 1734 1214 1756 1230; x_wconf 82' lang='lat'>¹¹</span> <span class='ocrx_word' id='word_1_477' title='bbox 1788 1224 1794 1242; x_wconf 92' lang='lat'>:</span> 
     </span>
     <span class='ocr_line' id='line_1_72' title="bbox 1034 1267 1800 1305; baseline 0 -9"><span class='ocrx_word' id='word_1_478' title='bbox 1034 1278 1048 1296; x_wconf 76' lang='grc' dir='ltr'>α</span> <span class='ocrx_word' id='word_1_479' title='bbox 1063 1267 1129 1297; x_wconf 85' lang='lat' dir='ltr'>Erit</span> <span class='ocrx_word' id='word_1_480' title='bbox 1157 1268 1273 1298; x_wconf 83' lang='lat' dir='ltr'>mensis</span> <span class='ocrx_word' id='word_1_481' title='bbox 1299 1277 1339 1298; x_wconf 82' lang='lat' dir='ltr'>ex</span> <span class='ocrx_word' id='word_1_482' title='bbox 1366 1276 1489 1305; x_wconf 87' lang='lat' dir='ltr'>mense,</span> <span class='ocrx_word' id='word_1_483' title='bbox 1515 1269 1545 1297; x_wconf 91' lang='lat' dir='ltr'>et</span> <span class='ocrx_word' id='word_1_484' title='bbox 1568 1267 1735 1297; x_wconf 88' lang='lat' dir='ltr'>sabbatum</span> <span class='ocrx_word' id='word_1_485' title='bbox 1759 1274 1800 1297; x_wconf 82' lang='lat' dir='ltr'>ex</span> 
     </span>
     <span class='ocr_line' id='line_1_73' title="bbox 1030 1319 1797 1360; baseline -0.001 -9"><span class='ocrx_word' id='word_1_486' title='bbox 1030 1320 1158 1351; x_wconf 88' lang='lat' dir='ltr'>sabbato</span> <span class='ocrx_word' id='word_1_487' title='bbox 1169 1344 1177 1358; x_wconf 89' lang='lat'>,</span> <span class='ocrx_word' id='word_1_488' title='bbox 1193 1331 1208 1348; x_wconf 73' lang='grc' dir='ltr'>ι)</span> <span class='ocrx_word' id='word_1_489' title='bbox 1225 1322 1283 1351; x_wconf 86' lang='lat' dir='ltr'>etc.</span> <span class='ocrx_word' id='word_1_490' title='bbox 1300 1320 1351 1351; x_wconf 86' lang='lat' dir='ltr'>Sic</span> <span class='ocrx_word' id='word_1_491' title='bbox 1368 1321 1519 1360; x_wconf 83' lang='lat' dir='ltr'>septimus</span> <span class='ocrx_word' id='word_1_492' title='bbox 1535 1320 1600 1351; x_wconf 86' lang='lat' dir='ltr'>dies</span> <span class='ocrx_word' id='word_1_493' title='bbox 1613 1319 1735 1351; x_wconf 87' lang='lat' dir='ltr'>sabbati</span> <span class='ocrx_word' id='word_1_494' title='bbox 1749 1329 1797 1350; x_wconf 91' lang='lat' dir='ltr'>se-</span> 
     </span>
     <span class='ocr_line' id='line_1_74' title="bbox 1029 1373 1798 1414; baseline 0.001 -11"><span class='ocrx_word' id='word_1_495' title='bbox 1029 1373 1171 1405; x_wconf 85' lang='lat' dir='ltr'>cundum</span> <span class='ocrx_word' id='word_1_496' title='bbox 1186 1374 1433 1414; x_wconf 78' lang='lat' dir='ltr'>quadriformem</span> <span class='ocrx_word' id='word_1_497' title='bbox 1448 1376 1566 1412; x_wconf 87' lang='lat' dir='ltr'>rotam,</span> <span class='ocrx_word' id='word_1_498' title='bbox 1584 1374 1615 1404; x_wconf 92' lang='lat' dir='ltr'>id</span> <span class='ocrx_word' id='word_1_499' title='bbox 1630 1376 1687 1412; x_wconf 83' lang='lat' dir='ltr'>est,</span> <span class='ocrx_word' id='word_1_500' title='bbox 1704 1374 1798 1404; x_wconf 89' lang='lat' dir='ltr'>intel-</span> 
     </span>
     <span class='ocr_line' id='line_1_75' title="bbox 1030 1426 1798 1467; baseline 0 -10"><span class='ocrx_word' id='word_1_501' title='bbox 1030 1427 1195 1466; x_wconf 87' lang='lat' dir='ltr'>ligentiam</span> <span class='ocrx_word' id='word_1_502' title='bbox 1211 1428 1460 1467; x_wconf 86' lang='lat' dir='ltr'>Scripturarum,</span> <span class='ocrx_word' id='word_1_503' title='bbox 1474 1427 1688 1467; x_wconf 82' lang='lat' dir='ltr'>septiformem</span> <span class='ocrx_word' id='word_1_504' title='bbox 1703 1426 1798 1458; x_wconf 85' lang='lat' dir='ltr'>habet</span> 
     </span>
     <span class='ocr_line' id='line_1_76' title="bbox 1030 1480 1797 1520; baseline -0.001 -9"><span class='ocrx_word' id='word_1_505' title='bbox 1030 1481 1260 1520; x_wconf 86' lang='lat' dir='ltr'>acceptionem,</span> <span class='ocrx_word' id='word_1_506' title='bbox 1277 1483 1313 1511; x_wconf 94' lang='lat' dir='ltr'>ut</span> <span class='ocrx_word' id='word_1_507' title='bbox 1328 1481 1450 1511; x_wconf 87' lang='lat' dir='ltr'>dicatur</span> <span class='ocrx_word' id='word_1_508' title='bbox 1465 1480 1631 1510; x_wconf 86' lang='lat' dir='ltr'>sabbatum</span> <span class='ocrx_word' id='word_1_509' title='bbox 1650 1488 1797 1519; x_wconf 87' lang='lat' dir='ltr'>corpora-</span> 
     </span>
     <span class='ocr_line' id='line_1_77' title="bbox 1030 1532 1796 1573; baseline 0 -10"><span class='ocrx_word' id='word_1_510' title='bbox 1030 1533 1068 1563; x_wconf 88' lang='lat' dir='ltr'>lis</span> <span class='ocrx_word' id='word_1_511' title='bbox 1083 1533 1188 1573; x_wconf 86' lang='lat' dir='ltr'>quies,</span> <span class='ocrx_word' id='word_1_512' title='bbox 1204 1534 1295 1573; x_wconf 89' lang='lat' dir='ltr'>quies</span> <span class='ocrx_word' id='word_1_513' title='bbox 1309 1533 1438 1571; x_wconf 84' lang='lat' dir='ltr'>Christi,</span> <span class='ocrx_word' id='word_1_514' title='bbox 1455 1533 1580 1572; x_wconf 89' lang='lat' dir='ltr'>requies</span> <span class='ocrx_word' id='word_1_515' title='bbox 1599 1532 1796 1570; x_wconf 86' lang='lat' dir='ltr'>animarum,</span> 
     </span>
     <span class='ocr_line' id='line_1_78' title="bbox 1029 1585 1798 1626; baseline -0.001 -9"><span class='ocrx_word' id='word_1_516' title='bbox 1029 1587 1158 1617; x_wconf 83' lang='lat' dir='ltr'>cessatio</span> <span class='ocrx_word' id='word_1_517' title='bbox 1173 1596 1191 1617; x_wconf 87' lang='lat' dir='ltr'>a</span> <span class='ocrx_word' id='word_1_518' title='bbox 1205 1586 1435 1626; x_wconf 88' lang='lat' dir='ltr'>perpetratione</span> <span class='ocrx_word' id='word_1_519' title='bbox 1451 1586 1582 1626; x_wconf 81' lang='lat' dir='ltr'>peccati,</span> <span class='ocrx_word' id='word_1_520' title='bbox 1603 1585 1705 1616; x_wconf 88' lang='lat' dir='ltr'>otium</span> <span class='ocrx_word' id='word_1_521' title='bbox 1719 1593 1798 1616; x_wconf 91' lang='lat' dir='ltr'>con-</span> 
     </span>
     <span class='ocr_line' id='line_1_79' title="bbox 1028 1639 1798 1679; baseline -0.001 -9"><span class='ocrx_word' id='word_1_522' title='bbox 1028 1640 1257 1679; x_wconf 80' lang='lat' dir='ltr'>templationis,</span> <span class='ocrx_word' id='word_1_523' title='bbox 1279 1641 1377 1670; x_wconf 86' lang='lat' dir='ltr'>status</span> <span class='ocrx_word' id='word_1_524' title='bbox 1395 1639 1575 1678; x_wconf 86' lang='lat' dir='ltr'>religionis,</span> <span class='ocrx_word' id='word_1_525' title='bbox 1591 1641 1622 1670; x_wconf 86' lang='lat' dir='ltr'>et</span> <span class='ocrx_word' id='word_1_526' title='bbox 1636 1647 1699 1679; x_wconf 85' lang='lat' dir='ltr'>pax</span> <span class='ocrx_word' id='word_1_527' title='bbox 1712 1646 1798 1669; x_wconf 88' lang='lat' dir='ltr'>sem-</span> 
     </span>
     <span class='ocr_line' id='line_1_80' title="bbox 1029 1692 1338 1732; baseline -0.003 -9"><span class='ocrx_word' id='word_1_528' title='bbox 1029 1693 1161 1732; x_wconf 70' lang='lat' dir='ltr'>piternae</span> <span class='ocrx_word' id='word_1_529' title='bbox 1174 1692 1338 1723; x_wconf 85' lang='lat' dir='ltr'>felicitatis.</span> 
     </span>
    </p>

    <p class='ocr_par' dir='ltr' id='par_1_9' title="bbox 1025 1744 1798 2528">
     <span class='ocr_line' id='line_1_81' title="bbox 1069 1744 1796 1785; baseline -0.003 -9"><span class='ocrx_word' id='word_1_530' title='bbox 1069 1746 1200 1784; x_wconf 86' lang='lat' dir='ltr'>Quarto,</span> <span class='ocrx_word' id='word_1_531' title='bbox 1222 1747 1378 1785; x_wconf 86' lang='lat' dir='ltr'>quantum</span> <span class='ocrx_word' id='word_1_532' title='bbox 1393 1745 1432 1775; x_wconf 88' lang='lat' dir='ltr'>ad</span> <span class='ocrx_word' id='word_1_533' title='bbox 1454 1744 1664 1775; x_wconf 85' lang='lat' dir='ltr'>reverentiam</span> <span class='ocrx_word' id='word_1_534' title='bbox 1687 1744 1796 1775; x_wconf 91' lang='lat' dir='ltr'>mulie-</span> 
     </span>
     <span class='ocr_line' id='line_1_82' title="bbox 1029 1797 1794 1837; baseline -0.003 -8"><span class='ocrx_word' id='word_1_535' title='bbox 1029 1808 1102 1829; x_wconf 90' lang='lat' dir='ltr'>rum</span> <span class='ocrx_word' id='word_1_536' title='bbox 1118 1799 1150 1828; x_wconf 92' lang='lat' dir='ltr'>in</span> <span class='ocrx_word' id='word_1_537' title='bbox 1171 1798 1413 1835; x_wconf 87' lang='lat' dir='ltr'>subsecutione,</span> <span class='ocrx_word' id='word_1_538' title='bbox 1435 1797 1642 1836; x_wconf 84' lang='lat' dir='ltr'>subjungitur</span> <span class='ocrx_word' id='word_1_539' title='bbox 1660 1798 1701 1837; x_wconf 88' lang='lat' dir='ltr'>(v.</span> <span class='ocrx_word' id='word_1_540' title='bbox 1720 1797 1767 1836; x_wconf 81' lang='lat'>55)</span> <span class='ocrx_word' id='word_1_541' title='bbox 1786 1806 1794 1827; x_wconf 87' lang='lat'>:</span> 
     </span>
     <span class='ocr_line' id='line_1_83' title="bbox 1028 1851 1798 1890; baseline -0.003 -7"><span class='ocrx_word' id='word_1_542' title='bbox 1028 1852 1054 1884; x_wconf 89' lang='lat' dir='ltr'><strong><em>S</em></strong></span> <span class='ocrx_word' id='word_1_543' title='bbox 1058 1852 1212 1882; x_wconf 76' lang='lat' dir='ltr'>ubsecutoe</span> <span class='ocrx_word' id='word_1_544' title='bbox 1227 1855 1335 1882; x_wconf 81' lang='lat' dir='ltr'>autem</span> <span class='ocrx_word' id='word_1_545' title='bbox 1349 1851 1508 1889; x_wconf 78' lang='lat' dir='ltr'>mulieres,</span> <span class='ocrx_word' id='word_1_546' title='bbox 1524 1859 1595 1890; x_wconf 80' lang='lat' dir='ltr'>quoe</span> <span class='ocrx_word' id='word_1_547' title='bbox 1610 1859 1683 1881; x_wconf 82' lang='lat' dir='ltr'>cum</span> <span class='ocrx_word' id='word_1_548' title='bbox 1698 1859 1733 1881; x_wconf 84' lang='lat' dir='ltr'>eo</span> <span class='ocrx_word' id='word_1_549' title='bbox 1748 1859 1798 1881; x_wconf 78' lang='lat' dir='ltr'>ve-</span> 
     </span>
     <span class='ocr_line' id='line_1_84' title="bbox 1028 1904 1794 1942; baseline -0.003 -7"><span class='ocrx_word' id='word_1_550' title='bbox 1028 1909 1142 1935; x_wconf 75' lang='lat' dir='ltr'>nerant</span> <span class='ocrx_word' id='word_1_551' title='bbox 1157 1905 1194 1935; x_wconf 78' lang='lat' dir='ltr'>cle</span> <span class='ocrx_word' id='word_1_552' title='bbox 1211 1904 1344 1934; x_wconf 75' lang='lat' dir='ltr'>Gale&#39;lcecz</span> <span class='ocrx_word' id='word_1_553' title='bbox 1356 1928 1365 1942; x_wconf 91' lang='lat'>,</span> <span class='ocrx_word' id='word_1_554' title='bbox 1381 1904 1529 1934; x_wconf 73' lang='lat' dir='ltr'>viderunt</span> <span class='ocrx_word' id='word_1_555' title='bbox 1540 1907 1794 1934; x_wconf 73' lang='lat' dir='ltr'>monumentum.</span> 
     </span>
     <span class='ocr_line' id='line_1_85' title="bbox 1028 1956 1793 1995; baseline -0.003 -7"><span class='ocrx_word' id='word_1_556' title='bbox 1028 1958 1093 1988; x_wconf 87' lang='lat' dir='ltr'>Hoc</span> <span class='ocrx_word' id='word_1_557' title='bbox 1122 1959 1227 1987; x_wconf 84' lang='lat' dir='ltr'>autem</span> <span class='ocrx_word' id='word_1_558' title='bbox 1253 1957 1408 1987; x_wconf 87' lang='lat' dir='ltr'>faciebant</span> <span class='ocrx_word' id='word_1_559' title='bbox 1435 1965 1476 1986; x_wconf 79' lang='lat' dir='ltr'>ex</span> <span class='ocrx_word' id='word_1_560' title='bbox 1506 1956 1630 1995; x_wconf 87' lang='lat' dir='ltr'>pietatis</span> <span class='ocrx_word' id='word_1_561' title='bbox 1659 1956 1793 1993; x_wconf 77' lang='lat' dir='ltr'>affeetu;</span> 
     </span>
     <span class='ocr_line' id='line_1_86' title="bbox 1027 2009 1796 2049; baseline 0 -9"><span class='ocrx_word' id='word_1_562' title='bbox 1027 2010 1111 2041; x_wconf 89' lang='lat' dir='ltr'>unde</span> <span class='ocrx_word' id='word_1_563' title='bbox 1127 2010 1234 2041; x_wconf 89' lang='lat' dir='ltr'>Glossa</span> <span class='ocrx_word' id='word_1_564' title='bbox 1250 2011 1271 2029; x_wconf 86' lang='lat'>¹³</span> <span class='ocrx_word' id='word_1_565' title='bbox 1290 2021 1320 2040; x_wconf 75' lang='lat' dir='ltr'>:a</span> <span class='ocrx_word' id='word_1_566' title='bbox 1335 2009 1414 2040; x_wconf 88' lang='lat' dir='ltr'>Aliis</span> <span class='ocrx_word' id='word_1_567' title='bbox 1431 2009 1513 2039; x_wconf 87' lang='lat' dir='ltr'>notis</span> <span class='ocrx_word' id='word_1_568' title='bbox 1526 2009 1600 2040; x_wconf 86' lang='lat' dir='ltr'>Jesu</span> <span class='ocrx_word' id='word_1_569' title='bbox 1616 2012 1686 2049; x_wconf 91' lang='lat' dir='ltr'>post</span> <span class='ocrx_word' id='word_1_570' title='bbox 1699 2010 1796 2049; x_wconf 87' lang='lat' dir='ltr'>depo-</span> 
     </span>
     <span class='ocr_line' id='line_1_87' title="bbox 1027 2062 1793 2102; baseline 0 -9"><span class='ocrx_word' id='word_1_571' title='bbox 1027 2063 1123 2093; x_wconf 88' lang='lat' dir='ltr'>situm</span> <span class='ocrx_word' id='word_1_572' title='bbox 1139 2072 1254 2102; x_wconf 88' lang='lat' dir='ltr'>corpus</span> <span class='ocrx_word' id='word_1_573' title='bbox 1268 2063 1486 2093; x_wconf 88' lang='lat' dir='ltr'>recedentibus</span> <span class='ocrx_word' id='word_1_574' title='bbox 1496 2087 1503 2101; x_wconf 90' lang='lat'>,</span> <span class='ocrx_word' id='word_1_575' title='bbox 1527 2063 1601 2093; x_wconf 83' lang='lat' dir='ltr'>solae</span> <span class='ocrx_word' id='word_1_576' title='bbox 1623 2062 1773 2093; x_wconf 86' lang='lat' dir='ltr'>mulieres</span> <span class='ocrx_word' id='word_1_577' title='bbox 1784 2086 1793 2100; x_wconf 92' lang='lat'>‚</span> 
     </span>
     <span class='ocr_line' id='line_1_88' title="bbox 1026 2115 1792 2155; baseline -0.001 -9"><span class='ocrx_word' id='word_1_578' title='bbox 1026 2125 1098 2155; x_wconf 83' lang='lat' dir='ltr'>quae</span> <span class='ocrx_word' id='word_1_579' title='bbox 1113 2116 1231 2147; x_wconf 87' lang='lat' dir='ltr'>arctius</span> <span class='ocrx_word' id='word_1_580' title='bbox 1239 2116 1399 2154; x_wconf 81' lang='lat' dir='ltr'>amabant,</span> <span class='ocrx_word' id='word_1_581' title='bbox 1409 2116 1548 2146; x_wconf 83' lang='lat' dir='ltr'>officium</span> <span class='ocrx_word' id='word_1_582' title='bbox 1562 2115 1683 2146; x_wconf 87' lang='lat' dir='ltr'>funeris</span> <span class='ocrx_word' id='word_1_583' title='bbox 1694 2116 1792 2154; x_wconf 91' lang='lat' dir='ltr'>inspi-</span> 
     </span>
     <span class='ocr_line' id='line_1_89' title="bbox 1027 2168 1793 2207; baseline -0.001 -8"><span class='ocrx_word' id='word_1_584' title='bbox 1027 2169 1166 2207; x_wconf 84' lang='lat' dir='ltr'>ciebant3</span> <span class='ocrx_word' id='word_1_585' title='bbox 1183 2171 1211 2199; x_wconf 87' lang='lat' dir='ltr'>et</span> <span class='ocrx_word' id='word_1_586' title='bbox 1228 2169 1296 2199; x_wconf 83' lang='lat' dir='ltr'>haec</span> <span class='ocrx_word' id='word_1_587' title='bbox 1314 2168 1468 2199; x_wconf 82' lang='lat' dir='ltr'>faciebant</span> <span class='ocrx_word' id='word_1_588' title='bbox 1488 2170 1524 2198; x_wconf 91' lang='lat' dir='ltr'>ut</span> <span class='ocrx_word' id='word_1_589' title='bbox 1537 2168 1683 2207; x_wconf 86' lang='lat' dir='ltr'>lugerent</span> <span class='ocrx_word' id='word_1_590' title='bbox 1704 2177 1793 2198; x_wconf 90' lang='lat' dir='ltr'>mor-</span> 
     </span>
     <span class='ocr_line' id='line_1_90' title="bbox 1025 2220 1789 2262; baseline -0.001 -10"><span class='ocrx_word' id='word_1_591' title='bbox 1025 2224 1133 2260; x_wconf 84' lang='lat' dir='ltr'>tuum,</span> <span class='ocrx_word' id='word_1_592' title='bbox 1155 2231 1250 2262; x_wconf 89' lang='lat' dir='ltr'>quem</span> <span class='ocrx_word' id='word_1_593' title='bbox 1276 2221 1364 2261; x_wconf 88' lang='lat' dir='ltr'>prius</span> <span class='ocrx_word' id='word_1_594' title='bbox 1385 2220 1561 2251; x_wconf 73' lang='lat' dir='ltr'>dilexerant</span> <span class='ocrx_word' id='word_1_595' title='bbox 1587 2221 1789 2251; x_wconf 91' lang='lat' dir='ltr'>moriturum.</span> 
     </span>
     <span class='ocr_line' id='line_1_91' title="bbox 1025 2273 1792 2314; baseline -0.001 -9"><span class='ocrx_word' id='word_1_596' title='bbox 1025 2274 1063 2305; x_wconf 87' lang='lat' dir='ltr'>Et</span> <span class='ocrx_word' id='word_1_597' title='bbox 1079 2275 1139 2305; x_wconf 87' lang='lat' dir='ltr'>hoc</span> <span class='ocrx_word' id='word_1_598' title='bbox 1158 2274 1282 2314; x_wconf 85' lang='lat' dir='ltr'>pietatis</span> <span class='ocrx_word' id='word_1_599' title='bbox 1303 2275 1349 2304; x_wconf 85' lang='lat' dir='ltr'>est</span> <span class='ocrx_word' id='word_1_600' title='bbox 1363 2275 1392 2304; x_wconf 88' lang='lat' dir='ltr'>et</span> <span class='ocrx_word' id='word_1_601' title='bbox 1407 2274 1572 2312; x_wconf 90' lang='lat' dir='ltr'>religionis</span> <span class='ocrx_word' id='word_1_602' title='bbox 1584 2297 1591 2311; x_wconf 90' lang='lat'>‚</span> <span class='ocrx_word' id='word_1_603' title='bbox 1617 2273 1792 2304; x_wconf 87' lang='lat' dir='ltr'>secundum</span> 
     </span>
     <span class='ocr_line' id='line_1_92' title="bbox 1026 2326 1791 2366; baseline -0.001 -9"><span class='ocrx_word' id='word_1_604' title='bbox 1026 2327 1104 2358; x_wconf 90' lang='lat' dir='ltr'>illud</span> <span class='ocrx_word' id='word_1_605' title='bbox 1116 2328 1136 2344; x_wconf 74' lang='lat'>¹⁶</span> <span class='ocrx_word' id='word_1_606' title='bbox 1150 2327 1258 2365; x_wconf 71' lang='lat' dir='ltr'>:aFili,</span> <span class='ocrx_word' id='word_1_607' title='bbox 1270 2327 1302 2357; x_wconf 92' lang='lat' dir='ltr'>in</span> <span class='ocrx_word' id='word_1_608' title='bbox 1317 2328 1480 2357; x_wconf 89' lang='lat' dir='ltr'>mortuum</span> <span class='ocrx_word' id='word_1_609' title='bbox 1494 2326 1614 2366; x_wconf 82' lang='lat' dir='ltr'>produc</span> <span class='ocrx_word' id='word_1_610' title='bbox 1623 2326 1791 2366; x_wconf 87' lang='lat' dir='ltr'>lacrymas,</span> 
     </span>
     <span class='ocr_line' id='line_1_93' title="bbox 1025 2380 1790 2420; baseline -0.001 -9"><span class='ocrx_word' id='word_1_611' title='bbox 1025 2383 1056 2411; x_wconf 87' lang='lat' dir='ltr'>et</span> <span class='ocrx_word' id='word_1_612' title='bbox 1071 2381 1161 2420; x_wconf 85' lang='lat' dir='ltr'>quasi</span> <span class='ocrx_word' id='word_1_613' title='bbox 1176 2381 1244 2411; x_wconf 87' lang='lat' dir='ltr'>dira</span> <span class='ocrx_word' id='word_1_614' title='bbox 1268 2389 1377 2420; x_wconf 85' lang='lat' dir='ltr'>passus</span> <span class='ocrx_word' id='word_1_615' title='bbox 1401 2380 1504 2420; x_wconf 90' lang='lat' dir='ltr'>incipe</span> <span class='ocrx_word' id='word_1_616' title='bbox 1526 2380 1664 2419; x_wconf 89' lang='lat' dir='ltr'>plorare,</span> <span class='ocrx_word' id='word_1_617' title='bbox 1689 2381 1720 2410; x_wconf 87' lang='lat' dir='ltr'>et</span> <span class='ocrx_word' id='word_1_618' title='bbox 1740 2388 1790 2410; x_wconf 88' lang='lat' dir='ltr'>se-</span> 
     </span>
     <span class='ocr_line' id='line_1_94' title="bbox 1025 2432 1793 2474; baseline -0.003 -9"><span class='ocrx_word' id='word_1_619' title='bbox 1025 2434 1165 2465; x_wconf 86' lang='lat' dir='ltr'>cundum</span> <span class='ocrx_word' id='word_1_620' title='bbox 1177 2434 1334 2474; x_wconf 89' lang='lat' dir='ltr'>judicium</span> <span class='ocrx_word' id='word_1_621' title='bbox 1350 2436 1484 2472; x_wconf 84' lang='lat' dir='ltr'>contege</span> <span class='ocrx_word' id='word_1_622' title='bbox 1504 2442 1616 2472; x_wconf 90' lang='lat' dir='ltr'>corpus</span> <span class='ocrx_word' id='word_1_623' title='bbox 1634 2432 1718 2463; x_wconf 90' lang='lat' dir='ltr'>illius</span> <span class='ocrx_word' id='word_1_624' title='bbox 1730 2456 1738 2471; x_wconf 87' lang='lat'>,</span> <span class='ocrx_word' id='word_1_625' title='bbox 1761 2435 1793 2464; x_wconf 79' lang='lat' dir='ltr'>et</span> 
     </span>
     <span class='ocr_line' id='line_1_95' title="bbox 1025 2486 1787 2528; baseline -0.003 -10"><span class='ocrx_word' id='word_1_626' title='bbox 1025 2496 1089 2518; x_wconf 94' lang='lat' dir='ltr'>non</span> <span class='ocrx_word' id='word_1_627' title='bbox 1103 2488 1256 2527; x_wconf 82' lang='lat' dir='ltr'>despicias</span> <span class='ocrx_word' id='word_1_628' title='bbox 1271 2487 1467 2528; x_wconf 85' lang='lat' dir='ltr'>sepulturam</span> <span class='ocrx_word' id='word_1_629' title='bbox 1482 2486 1576 2517; x_wconf 86' lang='lat' dir='ltr'>illius.</span> <span class='ocrx_word' id='word_1_630' title='bbox 1591 2499 1606 2518; x_wconf 71' lang='lat' dir='ltr'>n</span> <span class='ocrx_word' id='word_1_631' title='bbox 1622 2486 1787 2525; x_wconf 87' lang='lat' dir='ltr'>Sequitur:</span> 
     </span>
    </p>
   </div>
   <div class='ocr_carea' id='block_1_7' title="bbox 1026 2581 1792 2683">
    <p class='ocr_par' dir='ltr' id='par_1_10' title="bbox 1026 2581 1792 2683">
     <span class='ocr_line' id='line_1_96' title="bbox 1026 2581 1792 2612; baseline -0.003 -7"><span class='ocrx_word' id='word_1_632' title='bbox 1026 2583 1034 2593; x_wconf 64' lang='lat'>¹*</span> <span class='ocrx_word' id='word_1_633' title='bbox 1049 2583 1149 2611; x_wconf 62' lang='lat' dir='ltr'>levem„</span> <span class='ocrx_word' id='word_1_634' title='bbox 1168 2588 1231 2612; x_wconf 73' lang='lat' dir='ltr'>xvii,</span> <span class='ocrx_word' id='word_1_635' title='bbox 1251 2584 1289 2606; x_wconf 76' lang='lat'>21.</span> <span class='ocrx_word' id='word_1_636' title='bbox 1311 2594 1337 2598; x_wconf 92' lang='lat'>-—</span> <span class='ocrx_word' id='word_1_637' title='bbox 1358 2582 1378 2598; x_wconf 86' lang='lat'>¹⁰</span> <span class='ocrx_word' id='word_1_638' title='bbox 1398 2581 1495 2609; x_wconf 67' lang='lat' dir='ltr'>Ezech„</span> <span class='ocrx_word' id='word_1_639' title='bbox 1515 2586 1582 2610; x_wconf 66' lang='lat' dir='ltr'>nm,</span> <span class='ocrx_word' id='word_1_640' title='bbox 1606 2582 1627 2604; x_wconf 86' lang='lat'>1.</span> <span class='ocrx_word' id='word_1_641' title='bbox 1646 2594 1676 2598; x_wconf 90' lang='lat'><em>-</em></span> <span class='ocrx_word' id='word_1_642' title='bbox 1698 2581 1715 2597; x_wconf 79' lang='lat'>¹¹</span> <span class='ocrx_word' id='word_1_643' title='bbox 1734 2581 1792 2612; x_wconf 80' lang='lat' dir='ltr'>lsa.,</span> 
     </span>
     <span class='ocr_line' id='line_1_97' title="bbox 1027 2615 1790 2647; baseline 0 -6"><span class='ocrx_word' id='word_1_644' title='bbox 1027 2623 1103 2647; x_wconf 74' lang='lat' dir='ltr'>Lvui,</span> <span class='ocrx_word' id='word_1_645' title='bbox 1120 2618 1154 2641; x_wconf 83' lang='lat'>13.</span> <span class='ocrx_word' id='word_1_646' title='bbox 1170 2630 1201 2634; x_wconf 91' lang='lat'>—</span> <span class='ocrx_word' id='word_1_647' title='bbox 1217 2618 1234 2633; x_wconf 80' lang='lat'>¹&#39;·&#39;</span> <span class='ocrx_word' id='word_1_648' title='bbox 1252 2617 1323 2646; x_wconf 71' lang='lat' dir='ltr'>ibid,</span> <span class='ocrx_word' id='word_1_649' title='bbox 1339 2622 1408 2646; x_wconf 83' lang='lat' dir='ltr'>va{‚</span> <span class='ocrx_word' id='word_1_650' title='bbox 1421 2617 1460 2639; x_wconf 71' lang='lat'>23.</span> <span class='ocrx_word' id='word_1_651' title='bbox 1476 2629 1504 2633; x_wconf 98' lang='lat'><strong>—</strong></span> <span class='ocrx_word' id='word_1_652' title='bbox 1515 2616 1533 2632; x_wconf 81' lang='lat'>¹³</span> <span class='ocrx_word' id='word_1_653' title='bbox 1548 2616 1582 2639; x_wconf 77' lang='lat' dir='ltr'>Ex</span> <span class='ocrx_word' id='word_1_654' title='bbox 1596 2616 1667 2646; x_wconf 62' lang='lat' dir='ltr'>Ded„</span> <span class='ocrx_word' id='word_1_655' title='bbox 1680 2615 1724 2640; x_wconf 80' lang='lat' dir='ltr'>ubi</span> <span class='ocrx_word' id='word_1_656' title='bbox 1735 2623 1790 2647; x_wconf 82' lang='lat' dir='ltr'>sup.</span> 
     </span>
     <span class='ocr_line' id='line_1_98' title="bbox 1027 2653 1375 2683; baseline -0.006 -6"><span class='ocrx_word' id='word_1_657' title='bbox 1027 2654 1046 2670; x_wconf 66' lang='lat'>¹⁵</span> <span class='ocrx_word' id='word_1_658' title='bbox 1058 2653 1147 2683; x_wconf 51' lang='lat' dir='ltr'>an-ltu,</span> <span class='ocrx_word' id='word_1_659' title='bbox 1158 2659 1269 2683; x_wconf 62' lang='lat' dir='ltr'>xxxmn,</span> <span class='ocrx_word' id='word_1_660' title='bbox 1286 2654 1322 2682; x_wconf 85' lang='lat'>16,</span> <span class='ocrx_word' id='word_1_661' title='bbox 1339 2653 1375 2676; x_wconf 82' lang='lat'>18.</span> 
     </span>
    </p>
   </div>
  </div>
 </body>
</html>
