1987 3032
71 1196 168 1222 Respon-

77 1227 110 1246 sio
128 1227 154 1246 ad

64 1256 99 1283 obj
103 1258 167 1278 ectio<

64 1292 123 1307 nem.

86 2212 166 2230 Exem-

74 2241 110 2267 pla
124 2241 151 2261 de

61 2271 153 2292 medico.

188 202 248 232 284

186 314 347 350 curialitas,
368 318 396 343 et
418 316 595 352 providendi
621 315 835 349 ordinabilitas,
862 315 956 351 quod,

185 359 249 388 aliis
262 361 467 397 nescientibus,
480 361 636 390 insinuavit
645 362 707 389 filio
725 361 871 389 desectum
884 362 955 389 vini.

185 407 255 434 Item
278 408 432 443 supposuit
452 408 505 436 filii
523 410 706 444 potestatem,
722 407 897 443 largitatem,
917 408 956 436 ad

185 453 421 482 subveniendum
442 455 596 490 pietatem;
622 457 649 482 et
669 455 736 483 ideo
763 454 861 482 solum
882 454 922 482 ait
948 464 955 482 :

188 499 287 526 Vinum
310 508 362 527 non
380 502 485 535 habent,
501 501 679 529 insinuando
701 510 708 527 :
733 501 842 528 amanti
867 501 957 535 enim,

185 545 236 581 qui
256 548 297 573 est
318 548 422 581 potens
444 548 472 573 et
494 547 599 581 scienS,
619 549 646 574 et
667 546 770 574 volens
789 546 956 581 subvenire,

185 591 291 619 sufficit
300 592 450 620 nuntiare:
465 603 478 617 «
489 593 603 620 Amanti
615 593 693 620 enim
706 592 910 621 tantummodo
921 593 955 628 (a)

185 637 379 665 nuntiandum
395 640 447 672 est,
462 649 474 665 »
493 639 533 666 ait
545 639 721 674 Augustinus
737 641 757 666 ¹.

221 684 247 710 4.
272 685 304 711 Et
331 685 462 720 sequitur
486 685 638 721 responsio
667 685 824 713 salvatoris
853 694 860 712 ε
885 685 957 718 Quid

187 730 255 757 mihi
275 732 299 757 et
323 731 394 758 tibi?
419 733 472 759 etc.
494 731 550 759 Sed
578 732 716 767 quaeritur
744 731 870 766 qualiter
897 733 956 758 tam

187 775 259 804 dure
280 776 306 804 ei
325 777 486 813 respondit,
505 785 573 805 cum
593 778 705 805 dicatur
719 779 728 795 ‘-‘
746 786 752 805 :
777 779 868 805 «Erat
884 778 955 805 sub-

187 822 264 850 ditus
277 823 344 851 illis.
356 833 370 849 1)
386 824 456 851 Item
470 824 609 859 praecepit
621 825 630 840 ³
645 825 780 859 parentes
794 823 956 857 honorare,

186 869 268 904 quod
291 871 332 897 est
352 870 576 904 intelligendum
598 878 659 898 non
682 870 779 897 solum
802 870 888 903 facto,
904 870 957 898 sed

184 915 272 943 etiam
291 916 384 944 verbo
408 926 414 944 :
441 925 512 951 ergo
535 924 595 944 non
619 917 660 944 ita
682 924 784 951 aspere
809 916 957 943 debuisset

183 961 376 997 respondisse.
408 964 477 990 Item
500 962 554 990 fuit
580 964 674 990 mater
701 962 956 995 excellentissima,

182 1015 236 1035 nec
250 1015 383 1043 unquam
395 1009 470 1043 talis,
485 1011 512 1036 et
522 1009 583 1044 ipse
593 1009 670 1036 filius
686 1009 953 1043 obedientissimus,

182 1061 236 1081 nec
257 1062 391 1089 unquam
405 1055 471 1082 talis
492 1065 498 1082 :
516 1057 544 1082 et
561 1055 626 1091 ipsa
646 1055 766 1091 petebat
785 1064 821 1083 ex
840 1063 957 1083 summa

183 1100 370 1134 confidentia,
392 1103 419 1128 et
440 1109 475 1129 ex
494 1109 610 1129 summa
633 1102 749 1137 pietate,
766 1102 806 1129 ob
829 1102 956 1129 aliorum

183 1146 326 1181 inopiam,
349 1148 377 1174 et
399 1147 453 1174 fuit
475 1146 724 1175 verecundissime.
746 1147 830 1182 virgo
853 1157 858 1175 :
886 1156 956 1183 ergo

183 1191 308 1226 videtur,
325 1193 408 1228 quod
425 1194 513 1221 nimis
532 1202 634 1229 aspere
650 1194 676 1221 ei
694 1194 854 1229 respondit.
871 1196 903 1222 Et
918 1195 957 1222 ad

182 1237 236 1265 ista
264 1239 509 1274 respondendum
532 1240 694 1267 secundum
720 1241 914 1275 Augustinum
935 1242 955 1275 ⁴,

182 1285 234 1312 ubi
256 1285 305 1319 ait,
327 1286 409 1321 quod
437 1297 450 1312 «
468 1286 519 1314 illa
543 1289 604 1314 erat
627 1289 719 1314 mater
741 1287 846 1321 carnis,
864 1290 957 1315 mater

181 1331 362 1366 humilitatis,
386 1335 479 1360 mater
499 1333 686 1367 infirmitatis,
707 1342 797 1369 quam
815 1335 955 1370 suscepit;

182 1378 234 1406 sed
252 1379 438 1412 miraculum,
454 1380 538 1415 quod
558 1382 620 1407 erat
639 1381 776 1414 facturus,
794 1381 957 1409 secundum

183 1424 362 1452 divinitatem
385 1428 457 1459 erat,
482 1434 542 1454 non
564 1426 728 1454 secundum
747 1427 954 1455 infirmitatem.

182 1470 250 1498 Ideo
271 1479 331 1498 non
348 1473 478 1506 agnoscit
497 1473 610 1500 viscera
625 1473 766 1506 humana,
783 1476 956 1508 operaturus

183 1515 293 1550 divina,
309 1518 392 1552 quasi
417 1518 525 1546 diceret
547 1527 554 1545 z
580 1520 643 1546 Non
663 1519 797 1553 genuisti,
815 1520 897 1554 quod
919 1520 956 1547 de

181 1570 229 1589 me
251 1562 318 1590 facit
339 1563 532 1598 miraculum,
556 1564 624 1592 ideo
646 1565 684 1591 ait
713 1573 719 1591 ι
745 1565 817 1597 Quid
836 1566 904 1592 mihi
931 1567 957 1592 et

183 1608 244 1642 tibi,
260 1608 369 1636 scilicet
383 1617 550 1644 commune,
568 1612 711 1645 quantum
731 1610 770 1637 ad
783 1611 863 1638 hoc?
879 1611 954 1638 divi-

181 1653 301 1681 nitatem
331 1655 410 1682 enim
433 1663 530 1682 meam
559 1663 620 1683 non
643 1656 778 1691 genuisti,
800 1657 853 1683 sed
877 1657 956 1684 infir-

181 1699 321 1727 mitatem.
338 1710 351 1726 »
375 1703 407 1728 Et
425 1701 467 1728 ibi
491 1702 667 1736 Augustinus
688 1702 763 1729 bene
785 1704 812 1729 et
830 1702 956 1730 multum

181 1745 218 1773 de
230 1745 296 1773 hoc.
315 1748 384 1774 Item
403 1747 627 1782 chrysostomus
642 1748 651 1763 ⁵
668 1756 674 1774 :
694 1758 707 1773 u
722 1750 830 1776 Mutare
846 1756 956 1784 aquam

180 1791 210 1818 in
229 1792 331 1820 vinum
351 1795 412 1820 erat
436 1793 543 1820 divinae
562 1794 710 1829 potentiis,
725 1802 787 1821 non
807 1795 955 1830 humanae,

180 1845 270 1873 quam
286 1846 322 1866 ex
336 1841 427 1866 matre
442 1842 618 1875 susceperat.
631 1850 644 1865 n
662 1840 795 1874 Haecille,
812 1843 840 1868 et·
853 1849 955 1876 super-

179 1883 263 1911 addit
283 1884 354 1912 alias
375 1893 478 1912 causas
499 1894 505 1912 ι
533 1885 600 1913 ideo
626 1886 705 1913 enim
730 1887 770 1913 510
792 1887 954 1922 respondit,

181 1939 195 1955 11
210 1930 373 1957 maximum
387 1931 514 1958 inferens
528 1931 704 1966 profectum,
716 1940 778 1959 non
790 1932 955 1960 dimittebat

178 1975 303 2002 humilia
318 1976 355 2003 de
370 1985 400 2003 se
415 1985 527 2012 sapere.
552 1988 565 2003 »
584 1979 665 2011 Item,
683 1988 696 2003 «
711 1980 743 2005 ut
759 1986 820 2005 non
840 1978 954 2007 videre-

178 2022 225 2048 tur
240 2029 270 2048 se
289 2022 408 2056 injicere
424 2023 471 2059 (b),
487 2034 500 2047 »
523 2023 665 2051 miracula
684 2024 793 2051 scilicet
806 2024 952 2052 faciendo.

179 2068 260 2100 Item,
275 2077 289 2093 11
303 2070 335 2095 ut
350 2076 411 2096 non
422 2072 515 2097 essent
529 2072 665 2105 suspecta
680 2070 823 2098 miracula
835 2079 841 2097 z
855 2071 893 2098 ab
909 2071 954 2098 his

179 2112 268 2147 enim,
294 2114 345 2149 qui
373 2115 556 2149 indigebant,
581 2117 681 2151 rogari
709 2118 899 2152 oportuerat,
927 2119 954 2144 et

180 2159 300 2193 quando
321 2160 394 2188 tales
412 2163 526 2196 rogant,
542 2162 750 2197 insuspicabile
769 2164 811 2189 est
825 2163 953 2190 miracu-

179 2203 241 2231 lum
260 2207 287 2232 et
305 2213 380 2240 pura
400 2206 474 2234 laus.
496 2217 509 2232 »
533 2209 565 2234 Et
585 2207 670 2242 ponit
692 2209 702 2224 ⁶
722 2208 892 2243 exemplum
916 2208 952 2236 de

180 2250 295 2278 medico
312 2261 318 2278 :
345 2262 357 2277 11
373 2253 497 2285 Quando
512 2253 599 2280 intrat
612 2253 643 2280 111
665 2253 789 2281 domum
802 2254 953 2282 infirman-

180 2296 263 2330 tium,
279 2304 331 2324 nee
343 2301 464 2333 rogatur
475 2300 513 2326 ab
528 2299 662 2334 infirij,
674 2300 725 2327 sed
740 2309 757 2327 a
771 2301 951 2335 necessariis,

180 2341 212 2369 id
226 2344 268 2369 est
284 2345 426 2378 cognatis,
441 2345 626 2380 suspicabilis
643 2346 732 2374 erit.»
752 2349 822 2375 Item
839 2355 846 2373 :
866 2357 878 2371 «
893 2348 952 2374 Hoc

180 2387 229 2423 ait,
244 2389 380 2416 erudiens
399 2398 465 2418 eam
484 2399 545 2418 non
565 2392 642 2419 ultra
660 2392 730 2420 talia
752 2393 848 2421 facere
864 2402 871 2420 :
891 2395 953 2420 erat

212 2448 220 2464 ¹
235 2449 311 2479 Aug„
328 2449 353 2472 in
367 2450 450 2478 loun„
466 2452 538 2474 tract.
554 2457 625 2482 xmx,
640 2459 666 2475 11.
682 2453 705 2475 5.
719 2466 748 2469 —
763 2453 773 2469 ²
788 2453 854 2481 Luc.,
868 2458 897 2482 11,
912 2454 950 2476 51.

179 2496 210 2501 -
226 2483 236 2499 ³
256 2483 358 2513 Mam„
379 2490 422 2514 xv,
442 2487 463 2509 4.
479 2499 510 2503 —
528 2487 538 2502 ⁸
560 2488 633 2517 Aug„
655 2489 679 2510 in
698 2488 781 2518 Jonn„
801 2490 875 2511 tract.
890 2493 951 2518 vin,

179 2525 206 2542 11.
223 2520 245 2542 9.
257 2532 287 2536 -
298 2520 308 2536 ⁶
323 2519 464 2550 Chrysost„
477 2521 519 2544 ubi
531 2528 598 2552 sup„
611 2529 638 2545 11.
654 2524 677 2546 2.
688 2536 719 2541 --
733 2523 742 2537 θ
757 2523 831 2552 ibid„
845 2530 871 2547 n.
888 2524 911 2546 3.
921 2535 951 2540 —

181 2554 189 2567 ⁷
204 2556 279 2584 Aug„
298 2555 323 2578 in
341 2555 422 2585 doum,
440 2557 512 2580 tract.
530 2562 594 2587 vm,
610 2564 636 2581 n.
654 2560 680 2581 10
697 2559 722 2581 et
735 2565 788 2589 seq.
806 2571 837 2576 —
852 2559 860 2572 ⁸
876 2558 950 2588 ibid,

180 2595 206 2612 n.
229 2590 252 2612 9.
270 2602 300 2607 —
323 2589 332 2603 ⁹
352 2590 428 2621 lbid.‚
452 2597 477 2614 n.
502 2592 540 2615 10.
564 2604 594 2608 —
618 2593 640 2609 '0
658 2593 799 2624 Chrysost„
821 2594 847 2617 in
869 2594 951 2623 Joan„

181 2623 251 2648 hom.
266 2630 322 2656 xxi,
337 2625 370 2650 al.
384 2630 450 2656 xxii,
462 2632 488 2650 n.
504 2626 526 2649 ¹.
537 2639 568 2644 —
583 2627 600 2643 ¹¹
614 2628 688 2659 Aug„
705 2630 730 2651 in
741 2629 821 2657 Joan„
837 2631 909 2653 tract.
922 2634 949 2659 x,

706 201 919 233 EVANGELII
941 202 1081 234 SANCTI
1103 202 1266 234 JOANNIS

69 272 172 323 maliti-92²⁸
185 267 376 303 providentias
394 269 486 298 beatae
506 271 606 298 matris
626 269 775 303 sedulitas,
795 271 822 296 et
842 268 958 297 urbana

75 309 97 322 ¹¹¹
133 310 139 322 ¹
155 318 162 329 ›

1011 270 1092 297 0111111
1106 270 1190 298 multi
1204 270 1326 298 honoris
1340 270 1379 298 ad
1394 271 1530 305 matrem,
1545 271 1599 298 sed
1613 271 1706 299 multo
1720 279 1783 300 am-

1010 316 1087 351 plius
1109 317 1210 344 salutis
1238 316 1399 344 multorum
1427 326 1434 344 z
1460 325 1520 344 non
1543 325 1613 352 ergo
1641 317 1783 345 adversus

1011 364 1134 390 matrem
1155 365 1237 390 erant
1259 363 1320 390 haec
1346 363 1456 396 verba,
1481 362 1532 390 sed
1557 363 1783 398 dispensationis

1010 408 1120 436 multae.
1140 418 1154 434 »
1178 410 1242 436 Haec
1262 408 1322 441 ille,
1338 410 1366 436 et
1382 408 1423 435 ibi
1438 409 1514 436 bene
1533 409 1569 436 de
1584 409 1651 437 hoc.
1669 411 1700 437 Et
1714 409 1783 438 ideo

1011 456 1206 489 congruenter
1220 454 1350 490 sequitur
1369 463 1376 480 :
1396 455 1521 482 Nondum
1540 457 1613 482 venit
1632 456 1698 482 liora
1714 463 1781 483 mea.

1011 501 1051 527 Ex
1065 500 1122 528 11οο
1133 500 1276 535 objiciunt
1291 500 1427 533 haeretici,
1442 500 1515 528 sicut
1529 501 1657 528 insinuat
1671 504 1784 536 Augus-

1011 546 1087 573 tinus
1105 547 1126 580 7,
1142 547 1225 582 quod
1247 554 1318 581 ergo
1340 546 1489 581 subjectus
1512 547 1638 583 tempori
1662 550 1689 575 et
1707 547 1782 574 fatis.

1010 593 1080 620 Item
1101 600 1160 619 :ex
1181 600 1241 628 quo
1265 592 1426 627 discipulos
1449 596 1616 626 vocaverat,
1638 595 1666 621 et
1687 593 1784 622 futura

1011 638 1190 673 quibusdam
1204 638 1390 674 praedixerat,
1407 646 1477 672 ergo
1500 641 1620 666 venerat
1639 639 1715 667 hora
1737 639 1782 668 fa-

1011 685 1107 712 ciendi
1127 684 1278 712 miracula.
1297 686 1328 711 Et
1342 684 1381 712 ad
1402 684 1479 711 istud
1495 685 1654 720 respondet
1670 687 1784 720 Augus-

1011 731 1086 758 tinus
1102 730 1123 765 3,
1138 731 1221 766 quod
1236 732 1293 759 1100
1313 733 1354 759 est
1374 731 1608 766 intelligendum,
1624 731 1707 767 quod
1722 739 1784 760 non

1010 780 1129 805 venerat
1143 778 1217 805 hora
1231 778 1392 813 passionis:
1408 787 1422 803 «
1433 778 1486 812 lbi,
1502 778 1608 813 inquit,
1623 780 1650 805 te
1660 786 1784 814 coguos-

1011 833 1086 859 cam,
1109 833 1177 852 cum
1200 825 1330 860 pendere
1357 825 1388 852 in
1412 833 1497 852 cruce
1521 824 1676 852 infirmitas
1697 824 1784 852 111010-

1010 871 1094 906 perit,
1118 872 1200 905 cujus
1223 874 1316 898 mater
1335 878 1375 898 es.
1395 881 1408 896 »
1436 870 1516 898 Unde
1541 873 1568 898 et
1595 870 1691 906 ipsam
1714 873 1784 899 tunc

1010 917 1259 944 recommendavit
1283 917 1444 952 discipulo,
1469 924 1558 952 quem
1578 916 1728 951 diligebat.
1751 918 1785 944 Et

1011 971 1047 990 ex
1062 964 1118 991 hoc
1135 965 1214 999 patet
1224 971 1305 990 error
1319 963 1524 990 haerctieorum
1539 972 1546 989 :
1558 970 1618 990 non
1631 962 1710 990 enim
1723 964 1786 990 erat

1011 1010 1065 1037 51111
1089 1010 1149 1037 fato
1170 1009 1310 1037 Conditor
1330 1009 1404 1043 coeli,
1420 1011 1452 1036 ut
1471 1008 1510 1036 ait
1529 1009 1717 1044 Augustinus,
1732 1008 1784 1036 ubi

1011 1063 1100 1090 supra
1119 1055 1138 1082 ⁹.
1156 1057 1187 1083 Et
1210 1055 1252 1082 ibi
1274 1056 1350 1082 bene
1372 1055 1408 1082 de
1430 1055 1498 1082 hoc.
1519 1055 1608 1082 Aliter
1625 1054 1785 1090 respondet

1011 1102 1273 1137 Chrysostomusw,
1288 1102 1371 1137 quod
1387 1111 1401 1127 «
1416 1101 1483 1128 ideo
1499 1101 1540 1128 sic
1555 1101 1604 1134 ait,
1615 1101 1783 1135 ostendens,

1012 1148 1154 1184 quoniam
1169 1148 1270 1175 omnia
1285 1156 1352 1174 cum
1364 1150 1495 1182 tempore
1507 1147 1620 1174 decenti
1635 1149 1784 1182 operatur,

1012 1194 1096 1229 quasi
1121 1194 1199 1221 dicat
1221 1202 1227 1220 :
1248 1195 1311 1221 Non
1335 1201 1400 1220 sum
1424 1192 1558 1228 cognitus
1578 1193 1624 1219 his
1642 1193 1694 1228 qui
1717 1194 1785 1220 sunt

1011 1240 1068 1274 hic,
1083 1248 1178 1275 neque
1194 1240 1288 1266 sciunt
1303 1239 1386 1274 quod
1401 1239 1500 1266 deficit
1514 1239 1632 1273 vinum;
1652 1238 1714 1266 sine
1734 1246 1785 1266 eos

1011 1286 1116 1313 sentire
1135 1286 1191 1313 1100
1206 1286 1335 1321 primum
1355 1294 1361 1311 :
1382 1293 1453 1312 nam
1470 1285 1520 1320 qui
1536 1285 1618 1311 novit
1641 1283 1785 1320 quoniam

1011 1332 1042 1360 in
1056 1332 1223 1360 necessitate
1238 1334 1279 1359 est
1302 1331 1483 1364 constitutus,
1499 1339 1567 1358 cum
1585 1330 1713 1366 potiatur
1728 1330 1784 1365 his,

1012 1387 1078 1414 quae
1102 1378 1187 1414 petit,
1212 1378 1336 1405 multam
1354 1375 1445 1405 habet
1470 1377 1594 1412 gratiam
1602 1386 1609 1411 3
1639 1376 1690 1412 qui
1712 1384 1783 1404 vero

1012 1424 1187 1452 necessitatis
1207 1432 1268 1451 suae
1282 1431 1343 1451 non
1365 1423 1522 1458 assumpsit
1542 1431 1671 1456 sensum,
1687 1430 1785 1458 neque

1012 1470 1148 1498 beneficii
1165 1470 1347 1505 mysterium,
1364 1471 1390 1496 et
1412 1469 1556 1504 grandem
1575 1477 1693 1496 sensum
1711 1468 1785 1496 acci-

1010 1516 1080 1552 piet.
1097 1518 1160 1544 Non
1176 1524 1245 1550 ergo
1262 1516 1410 1550 subjectus
1425 1517 1487 1542 crat
1505 1517 1672 1550 temporum
1685 1522 1785 1542 neces-

1011 1562 1097 1596 sitati,
1115 1562 1166 1597 qui
1181 1562 1273 1589 factor
1292 1569 1396 1588 eorum
1412 1563 1481 1588 erat.
1497 1571 1510 1586 »
1537 1562 1599 1588 Haec
1619 1560 1679 1594 ille,
1695 1562 1723 1588 et
1741 1560 1784 1587 ibi

1011 1609 1085 1637 bene
1101 1609 1138 1636 de
1158 1609 1225 1635 hoc.
1241 1607 1297 1635 Sed
1320 1607 1469 1643 quaeritur,
1490 1606 1615 1642 qualiter
1631 1606 1671 1633 ait
1693 1615 1700 1633 :
1721 1607 1783 1633 Mu·
1799 1622 1904 1648 Qusfio.

1011 1657 1073 1688 lier,
1089 1657 1155 1688 etc„
1166 1662 1233 1681 cum
1249 1656 1321 1680 esset
1336 1654 1420 1688 virgo
1431 1652 1636 1680 sincerissima.
1653 1653 1782 1687 Respon-
1794 1653 1905 1705 clffiffi-tz

1012 1701 1144 1729 dendum
1158 1699 1321 1728 secundum
1336 1699 1531 1734 Augustinum
1547 1700 1583 1732 ¹¹,
1600 1698 1683 1734 quod
1700 1706 1783 1726 more

1011 1748 1221 1782 Scripturatum
1235 1747 1331 1773 mulier
1349 1753 1404 1781 pro
1419 1753 1491 1772 sexu
1511 1745 1641 1779 ponitur.
1657 1746 1689 1772 Et
1703 1744 1784 1772 idem

1010 1793 1166 1827 Gregorius
1180 1793 1203 1809 ¹²
1219 1801 1225 1820 :
1244 1802 1258 1817 <t
1271 1791 1356 1825 Quod
1371 1791 1477 1818 mulier
1492 1790 1598 1817 dieitur
1618 1790 1784 1826 dupliciter,

1011 1840 1119 1867 seilicet
1132 1846 1187 1874 pro
1203 1846 1285 1872 sexu,
1301 1840 1328 1865 et
1341 1845 1396 1872 pro
1411 1836 1590 1864 infirmitate.
1607 1846 1620 1863 »
1636 1837 1659 1854 ¹³
1673 1837 1785 1864 Factum

1012 1895 1044 1914 ex
1057 1887 1177 1912 muliere.
1191 1886 1224 1911 Et
1238 1883 1413 1917 notandum,
1427 1882 1510 1918 quod
1524 1882 1636 1910 dictum
1646 1882 1786 1918 Chrysos-

1011 1933 1082 1960 tomi
1101 1932 1149 1959 1110
1171 1939 1232 1958 non
1256 1932 1380 1963 tenetur,
1390 1929 1441 1965 qui
1461 1929 1500 1956 ait
1515 1928 1545 1963 ¹⁵,
1565 1929 1658 1964 quod,
1680 1939 1694 1955 «
1710 1929 1784 1958 defi-

1011 1978 1102 2006 ciente
1126 1977 1206 2011 vino,
1220 1976 1341 2003 volebat
1364 1978 1456 2002 mater
1474 1976 1540 2002 Jesu
1555 1975 1622 2010 illis,
1638 1985 1652 2002 11
1676 1975 1785 2004 scilicet

1011 2025 1061 2060 qui
1086 2025 1167 2051 crant
1185 2023 1215 2050 in
1239 2021 1358 2057 nuptiis,
1377 2031 1390 2046 «
1409 2029 1521 2056 ponere
1543 2021 1678 2055 gratiam,
1691 2023 1719 2049 et
1739 2029 1784 2050 50-

1010 2072 1105 2106 ipsam
1126 2069 1280 2096 clariorem
1302 2068 1397 2095 facere
1416 2075 1470 2102 per
1486 2066 1591 2101 filium,
1607 2069 1635 2094 et
1653 2067 1784 2095 fortassis

1011 2117 1083 2152 quid
1115 2116 1279 2143 humanum
1312 2113 1495 2149 patiebatur,
1528 2113 1782 2148 quemadmodum

1008 2164 1111 2190 fratres
1125 2163 1187 2196 ejus
1203 2161 1331 2188 dicentes
1347 2169 1353 2186 :
1378 2160 1526 2191 Manifesta
1540 2160 1656 2192 teipsum
1669 2159 1779 2194 mundo,

1010 2209 1085 2237 infra
1097 2209 1117 2226 ¹⁵
1126 2208 1258 2235 volentes
1269 2213 1345 2240 eam,
1360 2212 1425 2240 quae
1437 2212 1455 2231 a
1468 2203 1627 2238 miraculis,
1643 2204 1777 2238 gloriam.

1009 2257 1165 2291 Propterea
1179 2251 1379 2281 vehementius
1393 2250 1554 2286 respondit,
1569 2249 1669 2277 dicens
1687 2259 1694 2277 z
1707 2251 1780 2283 Quid

1008 2303 1075 2329 milti
1090 2304 1114 2328 et
1133 2301 1194 2333 tibi,
1208 2300 1304 2326 mulier
1318 2300 1331 2324 ?
1345 2306 1358 2323 11
1377 2298 1440 2324 Haec
1460 2296 1520 2330 ille,
1536 2298 1563 2323 et
1582 2296 1666 2331 quasi
1684 2296 1778 2324 simile

1010 2348 1049 2376 ait
1068 2347 1148 2375 idem
1161 2353 1241 2381 super
1255 2345 1412 2372 Matchoeum
1428 2343 1460 2377 ¹⁶,
1475 2350 1563 2378 super
1576 2341 1651 2370 illud
1665 2351 1672 2369 :
1688 2343 1779 2370 Mater

1009 2445 1034 2460 n.
1051 2438 1073 2460 2.
1100 2449 1112 2451 ⁴
1139 2436 1156 2449 ¹²
1171 2436 1257 2464 Greg„
1276 2432 1378 2462 Μαι-(11.,
1392 2431 1435 2455 lib.
1452 2432 1499 2460 M,
1517 2438 1540 2454 c.
1560 2436 1635 2460 xxvi,
1655 2431 1687 2454 ai.
1706 2437 1778 2462 mx,

1008 2479 1034 2496 n.
1058 2473 1097 2496 (15.
1117 2484 1146 2488 -
1171 2470 1191 2486 1³
1212 2468 1280 2497 Gal„
1300 2474 1335 2498 iv,
1359 2469 1382 2491 4.
1401 2480 1432 2484 —
1450 2466 1470 2482 ¹⁵
1492 2466 1632 2497 Chrysost„
1653 2467 1679 2489 in
1697 2467 1778 2496 Joan„

1008 2508 1078 2531 hom.
1093 2513 1136 2536 xx,
1148 2506 1179 2529 ul.
1193 2511 1275 2533 xxm.
1289 2505 1351 2527 2.-
1363 2503 1381 2519 ¹⁵
1397 2502 1453 2531 inf„
1465 2507 1512 2530 vn,
1526 2502 1547 2525 4.
1559 2513 1590 2518 —
1602 2502 1622 2518 ¹⁵
1635 2501 1777 2533 Chrysost„

1011 2544 1035 2567 in
1049 2542 1152 2572 Mattlz„
1166 2541 1236 2565 hom.
1250 2545 1311 2570 ην,
1325 2538 1357 2562 al.
1374 2543 1444 2567 xuv,
1459 2543 1484 2560 n.
1500 2538 1523 2560 1.

1039 2592 1074 2623 (α)
1098 2592 1158 2615 Coet.
1177 2590 1238 2613 edit.
1262 2589 1329 2612 deest
1349 2585 1535 2624 tantummodo.
1554 2598 1585 2603 —
1604 2585 1640 2615 (b)
1663 2585 1778 2611 Fortasse

1009 2627 1137 2659 legendum
1152 2625 1290 2657 subjicere,
1305 2622 1388 2654 suppl.
1402 2622 1429 2645 iu
1443 2621 1543 2645 divmis.

1814 503 1904 524 amii-

1811 539 1888 554 corum

1804 565 1897 592 ohJoctio

1812 596 1886 616 contu-
