<?xml version="1.0" encoding="UTF-8"?>
<!DOCTYPE html PUBLIC "-//W3C//DTD XHTML 1.0 Transitional//EN"
    "http://www.w3.org/TR/xhtml1/DTD/xhtml1-transitional.dtd">
<html xmlns="http://www.w3.org/1999/xhtml" xml:lang="en" lang="en">
 <head>
  <title>
</title>
<meta http-equiv="Content-Type" content="text/html;charset=utf-8" />
  <meta name='ocr-system' content='tesseract 3.04.00' />
  <meta name='ocr-capabilities' content='ocr_page ocr_carea ocr_par ocr_line ocrx_word'/>
</head>
<body>
  <div class='ocr_page' id='page_1' title='image "./operaomniasixtiv11bonauoft/operaomniasixtiv11bonauoft_0096.png"; bbox 0 0 1987 3032; ppageno 0'>
   <div class='ocr_carea' id='block_1_1' title="bbox 184 214 1236 259">
    <p class='ocr_par' dir='ltr' id='par_1_1' title="bbox 184 214 1236 259">
     <span class='ocr_line' id='line_1_1' title="bbox 184 214 1236 259; baseline -0.003 -9"><span class='ocrx_word' id='word_1_1' title='bbox 184 231 223 259; x_wconf 67' lang='lat'>32</span> <span class='ocrx_word' id='word_1_2' title='bbox 725 214 936 248; x_wconf 77' lang='lat' dir='ltr'><strong>EVANGELII</strong></span> <span class='ocrx_word' id='word_1_3' title='bbox 961 214 1100 246; x_wconf 87' lang='lat' dir='ltr'>SANCTI</span> <span class='ocrx_word' id='word_1_4' title='bbox 1126 214 1236 247; x_wconf 87' lang='lat' dir='ltr'>LUCAE</span> 
     </span>
    </p>
   </div>
   <div class='ocr_carea' id='block_1_2' title="bbox 183 284 981 2450">
    <p class='ocr_par' dir='ltr' id='par_1_2' title="bbox 183 284 957 439">
     <span class='ocr_line' id='line_1_2' title="bbox 183 284 956 327; baseline -0.018 -2"><span class='ocrx_word' id='word_1_5' title='bbox 183 293 351 326; x_wconf 89' lang='lat' dir='ltr'>ricordiam</span> <span class='ocrx_word' id='word_1_6' title='bbox 366 293 471 327; x_wconf 81' lang='lat' dir='ltr'>tuam,</span> <span class='ocrx_word' id='word_1_7' title='bbox 488 300 502 318; x_wconf 84' lang='lat'>»</span> <span class='ocrx_word' id='word_1_8' title='bbox 521 292 580 319; x_wconf 86' lang='lat' dir='ltr'>etc.</span> <span class='ocrx_word' id='word_1_9' title='bbox 601 287 637 318; x_wconf 89' lang='lat' dir='ltr'>Et</span> <span class='ocrx_word' id='word_1_10' title='bbox 650 288 658 303; x_wconf 91' lang='lat'>¹</span> <span class='ocrx_word' id='word_1_11' title='bbox 673 296 705 316; x_wconf 75' lang='lat' dir='ltr'>t«</span> <span class='ocrx_word' id='word_1_12' title='bbox 723 284 869 315; x_wconf 76' lang='lat' dir='ltr'>Miserere</span> <span class='ocrx_word' id='word_1_13' title='bbox 884 291 956 313; x_wconf 88' lang='lat' dir='ltr'>nos-</span> 
     </span>
     <span class='ocr_line' id='line_1_3' title="bbox 184 335 957 386; baseline -0.018 -7"><span class='ocrx_word' id='word_1_14' title='bbox 184 349 243 386; x_wconf 84' lang='lat' dir='ltr'>tri,</span> <span class='ocrx_word' id='word_1_15' title='bbox 259 347 341 378; x_wconf 86' lang='lat' dir='ltr'>Deus</span> <span class='ocrx_word' id='word_1_16' title='bbox 353 344 510 380; x_wconf 89' lang='lat' dir='ltr'>omnium,</span> <span class='ocrx_word' id='word_1_17' title='bbox 522 344 552 373; x_wconf 85' lang='lat' dir='ltr'>et</span> <span class='ocrx_word' id='word_1_18' title='bbox 565 341 683 380; x_wconf 82' lang='lat' dir='ltr'>respice</span> <span class='ocrx_word' id='word_1_19' title='bbox 695 347 752 369; x_wconf 89' lang='grc'><strong>1105</strong></span> <span class='ocrx_word' id='word_1_20' title='bbox 762 361 769 374; x_wconf 85' lang='grc'><em>,</em></span> <span class='ocrx_word' id='word_1_21' title='bbox 783 339 813 367; x_wconf 86' lang='lat' dir='ltr'>et</span> <span class='ocrx_word' id='word_1_22' title='bbox 827 335 957 367; x_wconf 66' lang='lat' dir='ltr'>ostende</span> 
     </span>
     <span class='ocr_line' id='line_1_4' title="bbox 184 401 400 439; baseline -0.023 -6"><span class='ocrx_word' id='word_1_23' title='bbox 184 402 294 439; x_wconf 81' lang='lat' dir='ltr'>nobis,</span> <span class='ocrx_word' id='word_1_24' title='bbox 310 412 324 428; x_wconf 82' lang='lat'>»</span> <span class='ocrx_word' id='word_1_25' title='bbox 343 401 400 429; x_wconf 78' lang='lat' dir='ltr'>etc.</span> 
     </span>
    </p>

    <p class='ocr_par' dir='ltr' id='par_1_3' title="bbox 187 442 961 750">
     <span class='ocr_line' id='line_1_5' title="bbox 226 442 959 487; baseline -0.019 -2"><span class='ocrx_word' id='word_1_26' title='bbox 226 458 275 485; x_wconf 72' lang='lat'>14.</span> <span class='ocrx_word' id='word_1_27' title='bbox 294 454 370 485; x_wconf 80' lang='lat' dir='ltr'>Dico</span> <span class='ocrx_word' id='word_1_28' title='bbox 394 451 498 487; x_wconf 73' lang='lat' dir='ltr'>vobis,</span> <span class='ocrx_word' id='word_1_29' title='bbox 522 451 579 478; x_wconf 80' lang='lat' dir='ltr'>etc.</span> <span class='ocrx_word' id='word_1_30' title='bbox 606 446 774 484; x_wconf 86' lang='lat' dir='ltr'>Postquam</span> <span class='ocrx_word' id='word_1_31' title='bbox 797 442 959 482; x_wconf 72' lang='lat' dir='ltr'>descripsit</span> 
     </span>
     <span class='ocr_line' id='line_1_6' title="bbox 187 493 959 543; baseline -0.019 -6"><span class='ocrx_word' id='word_1_32' title='bbox 187 505 379 538; x_wconf 83' lang='lat' dir='ltr'>conditiones</span> <span class='ocrx_word' id='word_1_33' title='bbox 389 507 597 543; x_wconf 85' lang='lat' dir='ltr'>personarum</span> <span class='ocrx_word' id='word_1_34' title='bbox 609 500 639 528; x_wconf 88' lang='lat' dir='ltr'>et</span> <span class='ocrx_word' id='word_1_35' title='bbox 650 504 792 536; x_wconf 73' lang='lat' dir='ltr'>precum,</span> <span class='ocrx_word' id='word_1_36' title='bbox 806 494 856 524; x_wconf 89' lang='lat' dir='ltr'>hic</span> <span class='ocrx_word' id='word_1_37' title='bbox 866 493 959 524; x_wconf 83' lang='lat' dir='ltr'>tertio</span> 
     </span>
     <span class='ocr_line' id='line_1_7' title="bbox 187 546 958 591; baseline -0.021 -1"><span class='ocrx_word' id='word_1_38' title='bbox 187 558 335 591; x_wconf 78' lang='lat' dir='ltr'>describit</span> <span class='ocrx_word' id='word_1_39' title='bbox 356 555 565 587; x_wconf 84' lang='lat' dir='ltr'>conditionem</span> <span class='ocrx_word' id='word_1_40' title='bbox 591 548 813 581; x_wconf 73' lang='lat' dir='ltr'>exauditionis.</span> <span class='ocrx_word' id='word_1_41' title='bbox 840 546 958 576; x_wconf 90' lang='lat' dir='ltr'>Descri-</span> 
     </span>
     <span class='ocr_line' id='line_1_8' title="bbox 187 600 959 644; baseline -0.021 0"><span class='ocrx_word' id='word_1_42' title='bbox 187 614 274 644; x_wconf 90' lang='lat' dir='ltr'>bitur</span> <span class='ocrx_word' id='word_1_43' title='bbox 290 612 397 641; x_wconf 84' lang='lat' dir='ltr'>autem</span> <span class='ocrx_word' id='word_1_44' title='bbox 414 608 465 638; x_wconf 89' lang='lat' dir='ltr'>hic</span> <span class='ocrx_word' id='word_1_45' title='bbox 479 603 690 636; x_wconf 79' lang='lat' dir='ltr'>exauditionis</span> <span class='ocrx_word' id='word_1_46' title='bbox 705 600 842 631; x_wconf 88' lang='lat' dir='ltr'>conditio</span> <span class='ocrx_word' id='word_1_47' title='bbox 857 609 959 639; x_wconf 83' lang='lat' dir='ltr'>quau-</span> 
     </span>
     <span class='ocr_line' id='line_1_9' title="bbox 188 653 961 703; baseline -0.019 -6"><span class='ocrx_word' id='word_1_48' title='bbox 188 669 257 697; x_wconf 88' lang='lat' dir='ltr'>tum</span> <span class='ocrx_word' id='word_1_49' title='bbox 272 665 311 695; x_wconf 89' lang='lat' dir='ltr'>ad</span> <span class='ocrx_word' id='word_1_50' title='bbox 324 662 480 703; x_wconf 68' lang='grc' dir='ltr'>ι1111110111111</span> <span class='ocrx_word' id='word_1_51' title='bbox 494 657 696 699; x_wconf 79' lang='lat' dir='ltr'>particulare,</span> <span class='ocrx_word' id='word_1_52' title='bbox 709 657 739 686; x_wconf 88' lang='lat' dir='ltr'>et</span> <span class='ocrx_word' id='word_1_53' title='bbox 751 655 907 694; x_wconf 89' lang='lat' dir='ltr'>quantum</span> <span class='ocrx_word' id='word_1_54' title='bbox 922 653 961 682; x_wconf 88' lang='lat' dir='ltr'>ad</span> 
     </span>
     <span class='ocr_line' id='line_1_10' title="bbox 189 713 532 750; baseline -0.023 0"><span class='ocrx_word' id='word_1_55' title='bbox 189 719 325 750; x_wconf 87' lang='lat' dir='ltr'>edictum</span> <span class='ocrx_word' id='word_1_56' title='bbox 342 713 532 746; x_wconf 86' lang='lat' dir='ltr'>universale.</span> 
     </span>
    </p>

    <p class='ocr_par' dir='ltr' id='par_1_4' title="bbox 190 760 981 2450">
     <span class='ocr_line' id='line_1_11' title="bbox 230 760 963 807; baseline -0.02 -5"><span class='ocrx_word' id='word_1_57' title='bbox 230 771 336 802; x_wconf 90' lang='lat' dir='ltr'>Primo</span> <span class='ocrx_word' id='word_1_58' title='bbox 355 768 465 807; x_wconf 84' lang='lat' dir='ltr'>igitur,</span> <span class='ocrx_word' id='word_1_59' title='bbox 483 766 639 805; x_wconf 85' lang='lat' dir='ltr'>quantum</span> <span class='ocrx_word' id='word_1_60' title='bbox 660 762 699 792; x_wconf 85' lang='lat' dir='ltr'>ad</span> <span class='ocrx_word' id='word_1_61' title='bbox 716 760 873 800; x_wconf 85' lang='lat' dir='ltr'>judicium</span> <span class='ocrx_word' id='word_1_62' title='bbox 890 767 963 798; x_wconf 86' lang='lat' dir='ltr'>par-</span> 
     </span>
     <span class='ocr_line' id='line_1_12' title="bbox 190 811 964 857; baseline -0.022 0"><span class='ocrx_word' id='word_1_63' title='bbox 190 825 321 857; x_wconf 85' lang='lat' dir='ltr'>ticulare</span> <span class='ocrx_word' id='word_1_64' title='bbox 336 822 409 853; x_wconf 87' lang='lat' dir='ltr'>dicit</span> <span class='ocrx_word' id='word_1_65' title='bbox 423 832 430 851; x_wconf 78' lang='lat'>2</span> <span class='ocrx_word' id='word_1_66' title='bbox 444 820 521 851; x_wconf 73' lang='lat' dir='ltr'>Dico</span> <span class='ocrx_word' id='word_1_67' title='bbox 536 817 644 847; x_wconf 78' lang='lat' dir='ltr'>vobis:</span> <span class='ocrx_word' id='word_1_68' title='bbox 659 812 825 846; x_wconf 72' lang='lat' dir='ltr'>Descendit</span> <span class='ocrx_word' id='word_1_69' title='bbox 838 812 887 842; x_wconf 76' lang='lat' dir='ltr'>hic</span> <span class='ocrx_word' id='word_1_70' title='bbox 897 811 964 850; x_wconf 76' lang='lat' dir='ltr'>jus-</span> 
     </span>
     <span class='ocr_line' id='line_1_13' title="bbox 191 865 962 917; baseline -0.021 -8"><span class='ocrx_word' id='word_1_71' title='bbox 191 879 328 917; x_wconf 77' lang='lat' dir='ltr'>tificatus</span> <span class='ocrx_word' id='word_1_72' title='bbox 353 876 385 905; x_wconf 78' lang='lat' dir='ltr'>in</span> <span class='ocrx_word' id='word_1_73' title='bbox 409 874 540 904; x_wconf 81' lang='lat' dir='ltr'>domum</span> <span class='ocrx_word' id='word_1_74' title='bbox 562 878 654 900; x_wconf 78' lang='lat' dir='ltr'>suam</span> <span class='ocrx_word' id='word_1_75' title='bbox 678 867 717 898; x_wconf 74' lang='lat' dir='ltr'>ab</span> <span class='ocrx_word' id='word_1_76' title='bbox 743 866 814 903; x_wconf 77' lang='lat' dir='ltr'>z&#39;llo,</span> <span class='ocrx_word' id='word_1_77' title='bbox 844 865 872 895; x_wconf 86' lang='lat' dir='ltr'>id</span> <span class='ocrx_word' id='word_1_78' title='bbox 899 867 962 901; x_wconf 82' lang='lat' dir='ltr'>est,</span> 
     </span>
     <span class='ocr_line' id='line_1_14' title="bbox 190 916 966 972; baseline -0.022 -10"><span class='ocrx_word' id='word_1_79' title='bbox 190 932 263 972; x_wconf 86' lang='lat' dir='ltr'>plus</span> <span class='ocrx_word' id='word_1_80' title='bbox 287 938 383 969; x_wconf 90' lang='lat' dir='ltr'>quam</span> <span class='ocrx_word' id='word_1_81' title='bbox 410 926 478 963; x_wconf 69' lang='lat' dir='ltr'>ille,</span> <span class='ocrx_word' id='word_1_82' title='bbox 505 924 579 964; x_wconf 88' lang='lat' dir='ltr'>quia</span> <span class='ocrx_word' id='word_1_83' title='bbox 606 921 784 952; x_wconf 80' lang='lat' dir='ltr'>Pharisaeus</span> <span class='ocrx_word' id='word_1_84' title='bbox 808 916 966 948; x_wconf 81' lang='lat' dir='ltr'>descendit</span> 
     </span>
     <span class='ocr_line' id='line_1_15' title="bbox 192 970 965 1024; baseline -0.021 -9"><span class='ocrx_word' id='word_1_85' title='bbox 192 984 386 1024; x_wconf 83' lang='lat' dir='ltr'>justificatus</span> <span class='ocrx_word' id='word_1_86' title='bbox 401 978 575 1010; x_wconf 81' lang='lat' dir='ltr'>secundum</span> <span class='ocrx_word' id='word_1_87' title='bbox 590 984 681 1006; x_wconf 89' lang='lat' dir='ltr'>suam</span> <span class='ocrx_word' id='word_1_88' title='bbox 697 973 894 1013; x_wconf 82' lang='lat' dir='ltr'>opinionem,</span> <span class='ocrx_word' id='word_1_89' title='bbox 912 970 965 1000; x_wconf 87' lang='lat' dir='ltr'>sed</span> 
     </span>
     <span class='ocr_line' id='line_1_16' title="bbox 194 1024 967 1067; baseline -0.021 1"><span class='ocrx_word' id='word_1_90' title='bbox 194 1038 253 1067; x_wconf 89' lang='lat' dir='ltr'>iste</span> <span class='ocrx_word' id='word_1_91' title='bbox 279 1034 455 1066; x_wconf 84' lang='lat' dir='ltr'>secundum</span> <span class='ocrx_word' id='word_1_92' title='bbox 489 1030 665 1061; x_wconf 84' lang='lat' dir='ltr'>veritatem.</span> <span class='ocrx_word' id='word_1_93' title='bbox 698 1026 787 1057; x_wconf 85' lang='lat' dir='ltr'>Unde</span> <span class='ocrx_word' id='word_1_94' title='bbox 814 1024 967 1055; x_wconf 86' lang='lat' dir='ltr'>Dominus</span> 
     </span>
     <span class='ocr_line' id='line_1_17' title="bbox 194 1078 966 1130; baseline -0.021 -9"><span class='ocrx_word' id='word_1_95' title='bbox 194 1090 266 1130; x_wconf 89' lang='lat' dir='ltr'>plus</span> <span class='ocrx_word' id='word_1_96' title='bbox 285 1089 396 1128; x_wconf 87' lang='lat' dir='ltr'>pensat</span> <span class='ocrx_word' id='word_1_97' title='bbox 415 1094 514 1116; x_wconf 89' lang='lat' dir='ltr'>unam</span> <span class='ocrx_word' id='word_1_98' title='bbox 528 1081 685 1114; x_wconf 89' lang='lat' dir='ltr'>humilem</span> <span class='ocrx_word' id='word_1_99' title='bbox 705 1078 966 1119; x_wconf 77' lang='lat' dir='ltr'>supplicationem</span> 
     </span>
     <span class='ocr_line' id='line_1_18' title="bbox 194 1130 967 1183; baseline -0.021 -9"><span class='ocrx_word' id='word_1_100' title='bbox 194 1141 367 1183; x_wconf 85' lang='lat' dir='ltr'>peccatoris</span> <span class='ocrx_word' id='word_1_101' title='bbox 380 1137 560 1180; x_wconf 82' lang='lat' dir='ltr'>poeniteutis</span> <span class='ocrx_word' id='word_1_102' title='bbox 573 1159 580 1171; x_wconf 74' lang='lat'>,</span> <span class='ocrx_word' id='word_1_103' title='bbox 597 1143 693 1174; x_wconf 85' lang='lat' dir='ltr'>quam</span> <span class='ocrx_word' id='word_1_104' title='bbox 718 1130 967 1162; x_wconf 84' lang='lat' dir='ltr'>innumerabiles</span> 
     </span>
     <span class='ocr_line' id='line_1_19' title="bbox 195 1183 964 1231; baseline -0.02 -4"><span class='ocrx_word' id='word_1_105' title='bbox 195 1197 334 1227; x_wconf 79' lang='lat' dir='ltr'>actiones</span> <span class='ocrx_word' id='word_1_106' title='bbox 356 1193 490 1231; x_wconf 84' lang='lat' dir='ltr'>alicujus</span> <span class='ocrx_word' id='word_1_107' title='bbox 508 1189 586 1230; x_wconf 81' lang='lat' dir='ltr'>J&#39;usti</span> <span class='ocrx_word' id='word_1_108' title='bbox 609 1188 646 1218; x_wconf 85' lang='lat' dir='ltr'>de</span> <span class='ocrx_word' id='word_1_109' title='bbox 674 1196 706 1217; x_wconf 86' lang='lat' dir='ltr'>se</span> <span class='ocrx_word' id='word_1_110' title='bbox 731 1183 964 1225; x_wconf 73' lang='lat' dir='ltr'>praesumentis.</span> 
     </span>
     <span class='ocr_line' id='line_1_20' title="bbox 196 1236 967 1288; baseline -0.021 -8"><span class='ocrx_word' id='word_1_111' title='bbox 196 1249 329 1288; x_wconf 83' lang='lat' dir='ltr'>Propter</span> <span class='ocrx_word' id='word_1_112' title='bbox 345 1246 430 1286; x_wconf 85' lang='lat' dir='ltr'>quod</span> <span class='ocrx_word' id='word_1_113' title='bbox 445 1244 560 1275; x_wconf 85' lang='lat' dir='ltr'>dicitur</span> <span class='ocrx_word' id='word_1_114' title='bbox 574 1243 585 1258; x_wconf 73' lang='lat'>²</span> <span class='ocrx_word' id='word_1_115' title='bbox 605 1252 611 1271; x_wconf 90' lang='lat'>:</span> <span class='ocrx_word' id='word_1_116' title='bbox 637 1252 651 1268; x_wconf 92' lang='lat'>«</span> <span class='ocrx_word' id='word_1_117' title='bbox 675 1238 830 1269; x_wconf 75' lang='lat' dir='ltr'>Gaudium</span> <span class='ocrx_word' id='word_1_118' title='bbox 857 1237 915 1266; x_wconf 87' lang='lat' dir='ltr'>erit</span> <span class='ocrx_word' id='word_1_119' title='bbox 935 1236 967 1265; x_wconf 94' lang='lat' dir='ltr'>in</span> 
     </span>
     <span class='ocr_line' id='line_1_21' title="bbox 197 1290 968 1339; baseline -0.021 -6"><span class='ocrx_word' id='word_1_120' title='bbox 197 1302 276 1332; x_wconf 85' lang='lat' dir='ltr'>coelo</span> <span class='ocrx_word' id='word_1_121' title='bbox 313 1308 408 1339; x_wconf 86' lang='lat' dir='ltr'>super</span> <span class='ocrx_word' id='word_1_122' title='bbox 447 1306 511 1327; x_wconf 86' lang='lat' dir='ltr'>uno</span> <span class='ocrx_word' id='word_1_123' title='bbox 549 1295 711 1334; x_wconf 79' lang='lat' dir='ltr'>peccatore</span> <span class='ocrx_word' id='word_1_124' title='bbox 750 1290 968 1330; x_wconf 71' lang='lat' dir='ltr'>poenitentiam</span> 
     </span>
     <span class='ocr_line' id='line_1_22' title="bbox 198 1341 967 1394; baseline -0.021 -8"><span class='ocrx_word' id='word_1_125' title='bbox 198 1356 324 1394; x_wconf 80' lang='lat' dir='ltr'>agente,</span> <span class='ocrx_word' id='word_1_126' title='bbox 334 1360 430 1392; x_wconf 89' lang='lat' dir='ltr'>quam</span> <span class='ocrx_word' id='word_1_127' title='bbox 439 1357 534 1389; x_wconf 88' lang='lat' dir='ltr'>super</span> <span class='ocrx_word' id='word_1_128' title='bbox 547 1346 724 1384; x_wconf 80' lang='lat' dir='ltr'>nonaginta</span> <span class='ocrx_word' id='word_1_129' title='bbox 737 1352 854 1374; x_wconf 87' lang='lat' dir='ltr'>novem</span> <span class='ocrx_word' id='word_1_130' title='bbox 863 1341 967 1381; x_wconf 68' lang='lat' dir='ltr'>justis,</span> 
     </span>
     <span class='ocr_line' id='line_1_23' title="bbox 199 1393 971 1447; baseline -0.019 -9"><span class='ocrx_word' id='word_1_131' title='bbox 199 1408 253 1447; x_wconf 90' lang='lat' dir='ltr'>qui</span> <span class='ocrx_word' id='word_1_132' title='bbox 278 1415 342 1437; x_wconf 89' lang='lat' dir='ltr'>non</span> <span class='ocrx_word' id='word_1_133' title='bbox 366 1404 511 1443; x_wconf 82' lang='lat' dir='ltr'>indigent</span> <span class='ocrx_word' id='word_1_134' title='bbox 527 1398 715 1441; x_wconf 84' lang='lat' dir='ltr'>poenitentia</span> <span class='ocrx_word' id='word_1_135' title='bbox 728 1421 736 1434; x_wconf 81' lang='lat'>‚</span> <span class='ocrx_word' id='word_1_136' title='bbox 753 1407 767 1424; x_wconf 76' lang='lat' dir='ltr'>n</span> <span class='ocrx_word' id='word_1_137' title='bbox 787 1396 818 1426; x_wconf 89' lang='lat' dir='ltr'>id</span> <span class='ocrx_word' id='word_1_138' title='bbox 833 1397 879 1425; x_wconf 82' lang='lat' dir='ltr'>est</span> <span class='ocrx_word' id='word_1_139' title='bbox 890 1419 899 1432; x_wconf 84' lang='lat'><em>,</em></span> <span class='ocrx_word' id='word_1_140' title='bbox 916 1393 971 1433; x_wconf 90' lang='lat' dir='ltr'>qui</span> 
     </span>
     <span class='ocr_line' id='line_1_24' title="bbox 199 1447 971 1499; baseline -0.019 -8"><span class='ocrx_word' id='word_1_141' title='bbox 199 1470 233 1491; x_wconf 82' lang='lat' dir='ltr'>se</span> <span class='ocrx_word' id='word_1_142' title='bbox 255 1459 403 1499; x_wconf 85' lang='lat' dir='ltr'>reputant</span> <span class='ocrx_word' id='word_1_143' title='bbox 425 1465 489 1486; x_wconf 89' lang='grc'><strong>11011</strong></span> <span class='ocrx_word' id='word_1_144' title='bbox 510 1462 615 1493; x_wconf 83' lang='lat' dir='ltr'>egere.</span> <span class='ocrx_word' id='word_1_145' title='bbox 639 1451 673 1481; x_wconf 92' lang='lat' dir='ltr'>In</span> <span class='ocrx_word' id='word_1_146' title='bbox 693 1459 756 1490; x_wconf 89' lang='lat' dir='ltr'>quo</span> <span class='ocrx_word' id='word_1_147' title='bbox 774 1448 856 1478; x_wconf 85' lang='lat' dir='ltr'>miro</span> <span class='ocrx_word' id='word_1_148' title='bbox 877 1447 971 1477; x_wconf 87' lang='lat' dir='ltr'>modo</span> 
     </span>
     <span class='ocr_line' id='line_1_25' title="bbox 200 1500 973 1553; baseline -0.022 -8"><span class='ocrx_word' id='word_1_149' title='bbox 200 1513 384 1553; x_wconf 81' lang='lat' dir='ltr'>reprimitur</span> <span class='ocrx_word' id='word_1_150' title='bbox 399 1508 547 1549; x_wconf 84' lang='lat' dir='ltr'>superbia</span> <span class='ocrx_word' id='word_1_151' title='bbox 562 1506 715 1541; x_wconf 86' lang='lat' dir='ltr'>humana,</span> <span class='ocrx_word' id='word_1_152' title='bbox 731 1504 767 1533; x_wconf 86' lang='lat' dir='ltr'>ut</span> <span class='ocrx_word' id='word_1_153' title='bbox 782 1501 896 1531; x_wconf 87' lang='lat' dir='ltr'>nonde</span> <span class='ocrx_word' id='word_1_154' title='bbox 907 1500 973 1530; x_wconf 92' lang='lat' dir='ltr'>suis</span> 
     </span>
     <span class='ocr_line' id='line_1_26' title="bbox 201 1553 973 1605; baseline -0.021 -7"><span class='ocrx_word' id='word_1_155' title='bbox 201 1566 320 1598; x_wconf 87' lang='lat' dir='ltr'>meritis</span> <span class='ocrx_word' id='word_1_156' title='bbox 334 1563 518 1605; x_wconf 83' lang='lat' dir='ltr'>praesumat.</span> <span class='ocrx_word' id='word_1_157' title='bbox 538 1560 667 1598; x_wconf 84' lang='lat' dir='ltr'>Propter</span> <span class='ocrx_word' id='word_1_158' title='bbox 677 1555 763 1595; x_wconf 86' lang='lat' dir='ltr'>quod</span> <span class='ocrx_word' id='word_1_159' title='bbox 779 1554 874 1585; x_wconf 84' lang='lat' dir='ltr'>etiam</span> <span class='ocrx_word' id='word_1_160' title='bbox 892 1553 973 1583; x_wconf 87' lang='lat' dir='ltr'>Deus</span> 
     </span>
     <span class='ocr_line' id='line_1_27' title="bbox 201 1608 974 1660; baseline -0.021 -8"><span class='ocrx_word' id='word_1_161' title='bbox 201 1619 382 1660; x_wconf 81' lang='lat' dir='ltr'>reprobavit</span> <span class='ocrx_word' id='word_1_162' title='bbox 396 1615 570 1656; x_wconf 89' lang='lat' dir='ltr'>superbum</span> <span class='ocrx_word' id='word_1_163' title='bbox 586 1611 741 1652; x_wconf 84' lang='lat' dir='ltr'>populum</span> <span class='ocrx_word' id='word_1_164' title='bbox 749 1608 927 1648; x_wconf 80' lang='lat' dir='ltr'>judaicum,</span> <span class='ocrx_word' id='word_1_165' title='bbox 944 1609 974 1637; x_wconf 86' lang='lat' dir='ltr'>et</span> 
     </span>
     <span class='ocr_line' id='line_1_28' title="bbox 200 1661 971 1712; baseline -0.019 -7"><span class='ocrx_word' id='word_1_166' title='bbox 200 1674 300 1712; x_wconf 83' lang='lat' dir='ltr'>elegit</span> <span class='ocrx_word' id='word_1_167' title='bbox 325 1671 448 1712; x_wconf 84' lang='lat' dir='ltr'>plebem</span> <span class='ocrx_word' id='word_1_168' title='bbox 470 1666 627 1698; x_wconf 86' lang='lat' dir='ltr'>humilem</span> <span class='ocrx_word' id='word_1_169' title='bbox 648 1663 816 1703; x_wconf 80' lang='lat' dir='ltr'>gentilium</span> <span class='ocrx_word' id='word_1_170' title='bbox 839 1661 971 1701; x_wconf 84' lang='lat' dir='ltr'>populo-</span> 
     </span>
     <span class='ocr_line' id='line_1_29' title="bbox 202 1713 973 1764; baseline -0.019 -7"><span class='ocrx_word' id='word_1_171' title='bbox 202 1735 296 1763; x_wconf 88' lang='lat' dir='ltr'>rum,</span> <span class='ocrx_word' id='word_1_172' title='bbox 317 1732 457 1764; x_wconf 88' lang='lat' dir='ltr'>quorum</span> <span class='ocrx_word' id='word_1_173' title='bbox 477 1722 619 1759; x_wconf 80' lang='lat' dir='ltr'>figuram</span> <span class='ocrx_word' id='word_1_174' title='bbox 643 1718 761 1756; x_wconf 81' lang='lat' dir='ltr'>gerunt</span> <span class='ocrx_word' id='word_1_175' title='bbox 786 1715 837 1744; x_wconf 87' lang='lat' dir='ltr'>hic</span> <span class='ocrx_word' id='word_1_176' title='bbox 860 1713 973 1744; x_wconf 85' lang='lat' dir='ltr'>Phari—</span> 
     </span>
     <span class='ocr_line' id='line_1_30' title="bbox 203 1767 974 1810; baseline -0.021 1"><span class='ocrx_word' id='word_1_177' title='bbox 203 1788 286 1810; x_wconf 82' lang='lat' dir='ltr'>saeus</span> <span class='ocrx_word' id='word_1_178' title='bbox 316 1780 346 1808; x_wconf 82' lang='lat' dir='ltr'>et</span> <span class='ocrx_word' id='word_1_179' title='bbox 380 1777 438 1806; x_wconf 87' lang='lat' dir='ltr'>iste</span> <span class='ocrx_word' id='word_1_180' title='bbox 471 1773 674 1804; x_wconf 75' lang='lat' dir='ltr'>Publicanus.</span> <span class='ocrx_word' id='word_1_181' title='bbox 719 1768 807 1798; x_wconf 88' lang='lat' dir='ltr'>Unde</span> <span class='ocrx_word' id='word_1_182' title='bbox 844 1767 952 1797; x_wconf 80' lang='lat' dir='ltr'>Glossa</span> <span class='ocrx_word' id='word_1_183' title='bbox 967 1777 974 1796; x_wconf 88' lang='lat'><strong>:</strong></span> 
     </span>
     <span class='ocr_line' id='line_1_31' title="bbox 209 1819 978 1872; baseline -0.018 -10"><span class='ocrx_word' id='word_1_184' title='bbox 209 1845 223 1862; x_wconf 90' lang='lat'>«</span> <span class='ocrx_word' id='word_1_185' title='bbox 234 1832 350 1872; x_wconf 84' lang='lat' dir='ltr'>Typice</span> <span class='ocrx_word' id='word_1_186' title='bbox 365 1828 545 1860; x_wconf 77' lang='lat' dir='ltr'>Pharisaeus</span> <span class='ocrx_word' id='word_1_187' title='bbox 558 1824 743 1855; x_wconf 82' lang='lat' dir='ltr'>Judaeorum</span> <span class='ocrx_word' id='word_1_188' title='bbox 759 1819 912 1860; x_wconf 90' lang='lat' dir='ltr'>populum</span> <span class='ocrx_word' id='word_1_189' title='bbox 928 1819 978 1849; x_wconf 87' lang='lat' dir='ltr'>de-</span> 
     </span>
     <span class='ocr_line' id='line_1_32' title="bbox 206 1872 979 1925; baseline -0.019 -9"><span class='ocrx_word' id='word_1_190' title='bbox 206 1887 325 1925; x_wconf 80' lang='lat' dir='ltr'>signat,</span> <span class='ocrx_word' id='word_1_191' title='bbox 341 1883 397 1923; x_wconf 85' lang='lat' dir='ltr'>qni</span> <span class='ocrx_word' id='word_1_192' title='bbox 412 1891 452 1912; x_wconf 80' lang='lat' dir='ltr'>ex</span> <span class='ocrx_word' id='word_1_193' title='bbox 464 1876 746 1920; x_wconf 81' lang='lat' dir='ltr'>justificationibus</span> <span class='ocrx_word' id='word_1_194' title='bbox 760 1873 842 1912; x_wconf 81' lang='lat' dir='ltr'>legis</span> <span class='ocrx_word' id='word_1_195' title='bbox 857 1872 979 1903; x_wconf 75' lang='lat' dir='ltr'>extollit</span> 
     </span>
     <span class='ocr_line' id='line_1_33' title="bbox 206 1926 979 1973; baseline -0.023 -2"><span class='ocrx_word' id='word_1_196' title='bbox 206 1939 320 1970; x_wconf 84' lang='lat' dir='ltr'>merita</span> <span class='ocrx_word' id='word_1_197' title='bbox 334 1946 407 1973; x_wconf 78' lang='lat' dir='ltr'>sua,</span> <span class='ocrx_word' id='word_1_198' title='bbox 430 1937 461 1965; x_wconf 86' lang='lat' dir='ltr'>et</span> <span class='ocrx_word' id='word_1_199' title='bbox 476 1929 690 1972; x_wconf 86' lang='lat' dir='ltr'>superbiendo</span> <span class='ocrx_word' id='word_1_200' title='bbox 709 1927 844 1962; x_wconf 84' lang='lat' dir='ltr'>recedit;</span> <span class='ocrx_word' id='word_1_201' title='bbox 867 1926 979 1955; x_wconf 89' lang='lat' dir='ltr'>humi-</span> 
     </span>
     <span class='ocr_line' id='line_1_34' title="bbox 206 1979 979 2024; baseline -0.021 -1"><span class='ocrx_word' id='word_1_202' title='bbox 206 1993 302 2023; x_wconf 79' lang='lat' dir='ltr'>liatus</span> <span class='ocrx_word' id='word_1_203' title='bbox 328 1989 520 2021; x_wconf 88' lang='lat' dir='ltr'>Publicanus</span> <span class='ocrx_word' id='word_1_204' title='bbox 551 1983 721 2024; x_wconf 81' lang='lat' dir='ltr'>gentilem,</span> <span class='ocrx_word' id='word_1_205' title='bbox 751 1980 806 2019; x_wconf 87' lang='lat' dir='ltr'>qui</span> <span class='ocrx_word' id='word_1_206' title='bbox 839 1979 934 2017; x_wconf 81' lang='lat' dir='ltr'>longe</span> <span class='ocrx_word' id='word_1_207' title='bbox 961 1988 979 2008; x_wconf 85' lang='lat' dir='ltr'>a</span> 
     </span>
     <span class='ocr_line' id='line_1_35' title="bbox 208 2032 977 2084; baseline -0.022 -7"><span class='ocrx_word' id='word_1_208' title='bbox 208 2045 271 2076; x_wconf 90' lang='lat' dir='ltr'>Deo</span> <span class='ocrx_word' id='word_1_209' title='bbox 296 2044 416 2084; x_wconf 87' lang='lat' dir='ltr'>positus</span> <span class='ocrx_word' id='word_1_210' title='bbox 438 2040 564 2080; x_wconf 83' lang='lat' dir='ltr'>peccata</span> <span class='ocrx_word' id='word_1_211' title='bbox 589 2036 775 2071; x_wconf 70' lang='lat' dir='ltr'>confitetur,</span> <span class='ocrx_word' id='word_1_212' title='bbox 803 2035 833 2063; x_wconf 87' lang='lat' dir='ltr'>et</span> <span class='ocrx_word' id='word_1_213' title='bbox 857 2032 977 2062; x_wconf 88' lang='lat' dir='ltr'>lamen-</span> 
     </span>
     <span class='ocr_line' id='line_1_36' title="bbox 208 2084 980 2136; baseline -0.019 -6"><span class='ocrx_word' id='word_1_214' title='bbox 208 2099 303 2130; x_wconf 88' lang='lat' dir='ltr'>tando</span> <span class='ocrx_word' id='word_1_215' title='bbox 318 2094 553 2136; x_wconf 80' lang='lat' dir='ltr'>appropinquat</span> <span class='ocrx_word' id='word_1_216' title='bbox 565 2090 637 2126; x_wconf 77' lang='lat' dir='ltr'>Deo⁷</span> <span class='ocrx_word' id='word_1_217' title='bbox 653 2090 684 2118; x_wconf 86' lang='lat' dir='ltr'>et</span> <span class='ocrx_word' id='word_1_218' title='bbox 697 2086 863 2117; x_wconf 80' lang='lat' dir='ltr'>exaltatur.</span> <span class='ocrx_word' id='word_1_219' title='bbox 876 2095 890 2112; x_wconf 87' lang='lat'>»</span> <span class='ocrx_word' id='word_1_220' title='bbox 909 2084 980 2115; x_wconf 82' lang='lat' dir='ltr'>ideo</span> 
     </span>
     <span class='ocr_line' id='line_1_37' title="bbox 209 2136 979 2184; baseline -0.025 0"><span class='ocrx_word' id='word_1_221' title='bbox 209 2152 324 2184; x_wconf 88' lang='lat' dir='ltr'>dicitur</span> <span class='ocrx_word' id='word_1_222' title='bbox 338 2150 348 2166; x_wconf 75' lang='lat'>⁸</span> <span class='ocrx_word' id='word_1_223' title='bbox 371 2159 377 2178; x_wconf 82' lang='lat' dir='ltr'>z</span> <span class='ocrx_word' id='word_1_224' title='bbox 398 2160 412 2176; x_wconf 88' lang='lat'>«</span> <span class='ocrx_word' id='word_1_225' title='bbox 427 2146 495 2178; x_wconf 88' lang='lat' dir='ltr'>Noli</span> <span class='ocrx_word' id='word_1_226' title='bbox 510 2144 610 2175; x_wconf 87' lang='lat' dir='ltr'>altum</span> <span class='ocrx_word' id='word_1_227' title='bbox 625 2149 749 2180; x_wconf 72' lang='lat' dir='ltr'>sapere,</span> <span class='ocrx_word' id='word_1_228' title='bbox 773 2138 827 2169; x_wconf 86' lang='lat' dir='ltr'>sed</span> <span class='ocrx_word' id='word_1_229' title='bbox 843 2138 930 2168; x_wconf 81' lang='lat' dir='ltr'>time.</span> <span class='ocrx_word' id='word_1_230' title='bbox 948 2136 979 2167; x_wconf 88' lang='lat' dir='ltr'>Si</span> 
     </span>
     <span class='ocr_line' id='line_1_38' title="bbox 211 2190 979 2236; baseline -0.025 1"><span class='ocrx_word' id='word_1_231' title='bbox 211 2206 296 2236; x_wconf 83' lang='lat' dir='ltr'>enim</span> <span class='ocrx_word' id='word_1_232' title='bbox 310 2203 391 2234; x_wconf 89' lang='lat' dir='ltr'>Deus</span> <span class='ocrx_word' id='word_1_233' title='bbox 408 2197 607 2230; x_wconf 83' lang='lat' dir='ltr'>naturalibus</span> <span class='ocrx_word' id='word_1_234' title='bbox 627 2193 725 2224; x_wconf 89' lang='lat' dir='ltr'>ramis</span> <span class='ocrx_word' id='word_1_235' title='bbox 744 2200 809 2221; x_wconf 90' lang='lat' dir='ltr'>non</span> <span class='ocrx_word' id='word_1_236' title='bbox 830 2190 979 2230; x_wconf 81' lang='lat' dir='ltr'>pepercit⁷</span> 
     </span>
     <span class='ocr_line' id='line_1_39' title="bbox 210 2242 979 2290; baseline -0.023 -1"><span class='ocrx_word' id='word_1_237' title='bbox 210 2267 251 2288; x_wconf 87' lang='lat' dir='ltr'>ne</span> <span class='ocrx_word' id='word_1_238' title='bbox 265 2259 342 2287; x_wconf 71' lang='lat' dir='ltr'>forte</span> <span class='ocrx_word' id='word_1_239' title='bbox 359 2263 418 2285; x_wconf 87' lang='lat' dir='ltr'>nec</span> <span class='ocrx_word' id='word_1_240' title='bbox 433 2251 489 2282; x_wconf 89' lang='lat' dir='ltr'>tibi</span> <span class='ocrx_word' id='word_1_241' title='bbox 511 2250 628 2290; x_wconf 87' lang='lat' dir='ltr'>parcat.</span> <span class='ocrx_word' id='word_1_242' title='bbox 642 2257 656 2274; x_wconf 63' lang='lat'>&gt;³</span> <span class='ocrx_word' id='word_1_243' title='bbox 679 2246 711 2276; x_wconf 88' lang='lat' dir='ltr'>Si</span> <span class='ocrx_word' id='word_1_244' title='bbox 735 2253 814 2282; x_wconf 85' lang='lat' dir='ltr'>ergo</span> <span class='ocrx_word' id='word_1_245' title='bbox 834 2242 915 2273; x_wconf 87' lang='lat' dir='ltr'>Deus</span> <span class='ocrx_word' id='word_1_246' title='bbox 929 2252 979 2273; x_wconf 87' lang='lat' dir='ltr'>re-</span> 
     </span>
     <span class='ocr_line' id='line_1_40' title="bbox 211 2297 981 2351; baseline -0.022 -10"><span class='ocrx_word' id='word_1_247' title='bbox 211 2310 323 2351; x_wconf 84' lang='lat' dir='ltr'>pressit</span> <span class='ocrx_word' id='word_1_248' title='bbox 348 2310 450 2347; x_wconf 77' lang='grc' dir='ltr'>ι1115105</span> <span class='ocrx_word' id='word_1_249' title='bbox 477 2304 605 2345; x_wconf 87' lang='lat' dir='ltr'>propter</span> <span class='ocrx_word' id='word_1_250' title='bbox 634 2297 834 2337; x_wconf 79' lang='lat' dir='ltr'>superbiam,</span> <span class='ocrx_word' id='word_1_251' title='bbox 863 2300 981 2335; x_wconf 85' lang='lat' dir='ltr'>quanto</span> 
     </span>
     <span class='ocr_line' id='line_1_41' title="bbox 210 2349 981 2401; baseline -0.021 -7"><span class='ocrx_word' id='word_1_252' title='bbox 210 2363 316 2401; x_wconf 80' lang='lat' dir='ltr'>magis</span> <span class='ocrx_word' id='word_1_253' title='bbox 330 2360 443 2399; x_wconf 81' lang='lat' dir='ltr'>impios</span> <span class='ocrx_word' id='word_1_254' title='bbox 458 2360 488 2388; x_wconf 89' lang='lat' dir='ltr'>et</span> <span class='ocrx_word' id='word_1_255' title='bbox 504 2355 656 2395; x_wconf 87' lang='lat' dir='ltr'>superbos</span> <span class='ocrx_word' id='word_1_256' title='bbox 670 2353 684 2381; x_wconf 71' lang='grc' dir='ltr'>ἱ)</span> <span class='ocrx_word' id='word_1_257' title='bbox 702 2351 712 2367; x_wconf 84' lang='grc'><strong><em>”</em></strong></span> <span class='ocrx_word' id='word_1_258' title='bbox 731 2361 745 2378; x_wconf 90' lang='lat'>«</span> <span class='ocrx_word' id='word_1_259' title='bbox 760 2349 791 2380; x_wconf 86' lang='lat' dir='ltr'>Si</span> <span class='ocrx_word' id='word_1_260' title='bbox 804 2350 912 2388; x_wconf 68' lang='grc' dir='ltr'>ι11151115</span> <span class='ocrx_word' id='word_1_261' title='bbox 927 2349 981 2378; x_wconf 81' lang='lat' dir='ltr'>vix</span> 
     </span>
     <span class='ocr_line' id='line_1_42' title="bbox 211 2402 981 2450; baseline -0.022 -4"><span class='ocrx_word' id='word_1_262' title='bbox 211 2415 403 2450; x_wconf 72' lang='lat' dir='ltr'>salvabitur,</span> <span class='ocrx_word' id='word_1_263' title='bbox 434 2410 550 2449; x_wconf 87' lang='lat' dir='ltr'>impius</span> <span class='ocrx_word' id='word_1_264' title='bbox 576 2410 606 2438; x_wconf 88' lang='lat' dir='ltr'>et</span> <span class='ocrx_word' id='word_1_265' title='bbox 632 2406 776 2446; x_wconf 79' lang='lat' dir='ltr'>peccator</span> <span class='ocrx_word' id='word_1_266' title='bbox 802 2402 857 2432; x_wconf 88' lang='lat' dir='ltr'>ubi</span> <span class='ocrx_word' id='word_1_267' title='bbox 889 2411 981 2441; x_wconf 86' lang='lat' dir='ltr'>pare-</span> 
     </span>
    </p>
   </div>
   <div class='ocr_carea' id='block_1_3' title="bbox 209 2469 980 2556">
    <p class='ocr_par' dir='ltr' id='par_1_5' title="bbox 209 2469 980 2556">
     <span class='ocr_line' id='line_1_43' title="bbox 209 2469 346 2499; baseline -0.022 0"><span class='ocrx_word' id='word_1_268' title='bbox 209 2469 291 2499; x_wconf 86' lang='lat' dir='ltr'>bunt</span> <span class='ocrx_word' id='word_1_269' title='bbox 304 2470 316 2497; x_wconf 65' lang='grc' dir='ltr'>ἱ)</span> <span class='ocrx_word' id='word_1_270' title='bbox 332 2478 346 2494; x_wconf 86' lang='lat'>»</span> 
     </span>
     <span class='ocr_line' id='line_1_44' title="bbox 251 2507 980 2556; baseline -0.022 -5"><span class='ocrx_word' id='word_1_271' title='bbox 251 2518 405 2554; x_wconf 83' lang='lat' dir='ltr'>Secundo,</span> <span class='ocrx_word' id='word_1_272' title='bbox 419 2517 573 2556; x_wconf 82' lang='lat' dir='ltr'>quantum</span> <span class='ocrx_word' id='word_1_273' title='bbox 589 2512 627 2542; x_wconf 88' lang='lat' dir='ltr'>ad</span> <span class='ocrx_word' id='word_1_274' title='bbox 638 2512 776 2541; x_wconf 80' lang='lat' dir='ltr'>edictum</span> <span class='ocrx_word' id='word_1_275' title='bbox 786 2507 980 2545; x_wconf 84' lang='lat' dir='ltr'>universale,</span> 
     </span>
    </p>
   </div>
   <div class='ocr_carea' id='block_1_4' title="bbox 210 2560 982 2610">
    <p class='ocr_par' dir='ltr' id='par_1_6' title="bbox 210 2560 982 2610">
     <span class='ocr_line' id='line_1_45' title="bbox 210 2560 982 2610; baseline -0.022 -4"><span class='ocrx_word' id='word_1_276' title='bbox 210 2573 317 2606; x_wconf 83' lang='lat' dir='ltr'>subdit</span> <span class='ocrx_word' id='word_1_277' title='bbox 334 2583 340 2602; x_wconf 78' lang='lat' dir='ltr'><em>z</em></span> <span class='ocrx_word' id='word_1_278' title='bbox 361 2572 445 2610; x_wconf 78' lang='lat' dir='ltr'>Quia</span> <span class='ocrx_word' id='word_1_279' title='bbox 459 2568 560 2598; x_wconf 77' lang='lat' dir='ltr'>omnis</span> <span class='ocrx_word' id='word_1_280' title='bbox 576 2565 672 2606; x_wconf 78' lang='lat' dir='ltr'>quise</span> <span class='ocrx_word' id='word_1_281' title='bbox 688 2563 818 2600; x_wconf 70' lang='lat' dir='ltr'>exaltat,</span> <span class='ocrx_word' id='word_1_282' title='bbox 835 2560 982 2591; x_wconf 76' lang='lat' dir='ltr'>humilict-</span> 
     </span>
    </p>
   </div>
   <div class='ocr_carea' id='block_1_5' title="bbox 210 2641 982 2720">
    <p class='ocr_par' dir='ltr' id='par_1_7' title="bbox 210 2641 982 2720">
     <span class='ocr_line' id='line_1_46' title="bbox 245 2641 982 2680; baseline -0.022 -3"><span class='ocrx_word' id='word_1_283' title='bbox 245 2652 352 2680; x_wconf 80' lang='lat' dir='ltr'>¹Eccli.,</span> <span class='ocrx_word' id='word_1_284' title='bbox 367 2655 458 2677; x_wconf 76' lang='lat' dir='ltr'>xxxvl,</span> <span class='ocrx_word' id='word_1_285' title='bbox 484 2650 504 2671; x_wconf 86' lang='lat' dir='ltr'>l.</span> <span class='ocrx_word' id='word_1_286' title='bbox 521 2659 552 2664; x_wconf 90' lang='lat'>-—</span> <span class='ocrx_word' id='word_1_287' title='bbox 570 2646 577 2659; x_wconf 74' lang='lat'>²</span> <span class='ocrx_word' id='word_1_288' title='bbox 591 2646 663 2674; x_wconf 58' lang='lat' dir='ltr'>Sup„</span> <span class='ocrx_word' id='word_1_289' title='bbox 679 2649 720 2672; x_wconf 65' lang='lat' dir='ltr'>XV,</span> <span class='ocrx_word' id='word_1_290' title='bbox 739 2644 762 2665; x_wconf 75' lang='lat'>7.</span> <span class='ocrx_word' id='word_1_291' title='bbox 779 2655 808 2659; x_wconf 97' lang='lat'>—</span> <span class='ocrx_word' id='word_1_292' title='bbox 825 2642 834 2655; x_wconf 64' lang='lat'><em>⁵</em></span> <span class='ocrx_word' id='word_1_293' title='bbox 851 2641 927 2667; x_wconf 49' lang='lat' dir='ltr'>Romu„</span> <span class='ocrx_word' id='word_1_294' title='bbox 945 2647 982 2671; x_wconf 69' lang='grc'>1111</span> 
     </span>
     <span class='ocr_line' id='line_1_47' title="bbox 210 2675 981 2720; baseline -0.021 -8"><span class='ocrx_word' id='word_1_295' title='bbox 210 2690 249 2720; x_wconf 78' lang='lat'>20,</span> <span class='ocrx_word' id='word_1_296' title='bbox 262 2691 301 2712; x_wconf 78' lang='grc'>21.</span> <span class='ocrx_word' id='word_1_297' title='bbox 314 2700 344 2704; x_wconf 94' lang='lat'>—-</span> <span class='ocrx_word' id='word_1_298' title='bbox 358 2686 481 2712; x_wconf 77' lang='lat' dir='ltr'>⁴lPe17·.‚</span> <span class='ocrx_word' id='word_1_299' title='bbox 498 2688 533 2712; x_wconf 72' lang='grc' dir='ltr'>ιν,</span> <span class='ocrx_word' id='word_1_300' title='bbox 551 2682 586 2704; x_wconf 74' lang='grc'>18.</span> <span class='ocrx_word' id='word_1_301' title='bbox 602 2693 631 2697; x_wconf 90' lang='grc'>-</span> <span class='ocrx_word' id='word_1_302' title='bbox 644 2681 652 2693; x_wconf 72' lang='lat'>³</span> <span class='ocrx_word' id='word_1_303' title='bbox 670 2678 743 2706; x_wconf 61' lang='lat' dir='ltr'>Abel„</span> <span class='ocrx_word' id='word_1_304' title='bbox 756 2679 778 2700; x_wconf 73' lang='grc'>4.</span> <span class='ocrx_word' id='word_1_305' title='bbox 791 2690 822 2694; x_wconf 94' lang='grc'><strong>-</strong></span> <span class='ocrx_word' id='word_1_306' title='bbox 839 2677 847 2690; x_wconf 68' lang='lat'>⁶</span> <span class='ocrx_word' id='word_1_307' title='bbox 858 2675 923 2705; x_wconf 64' lang='lat' dir='ltr'>Job„</span> <span class='ocrx_word' id='word_1_308' title='bbox 939 2681 981 2705; x_wconf 74' lang='lat' dir='ltr'>xx,</span> 
     </span>
    </p>
   </div>
   <div class='ocr_carea' id='block_1_6' title="bbox 1012 279 1812 2546">
    <p class='ocr_par' dir='ltr' id='par_1_8' title="bbox 1012 279 1812 2546">
     <span class='ocr_line' id='line_1_48' title="bbox 1013 279 1781 323; baseline -0.003 -11"><span class='ocrx_word' id='word_1_309' title='bbox 1013 282 1120 321; x_wconf 51' lang='lat' dir='ltr'>bitum</span> <span class='ocrx_word' id='word_1_310' title='bbox 1134 287 1163 313; x_wconf 73' lang='lat' dir='ltr'>et</span> <span class='ocrx_word' id='word_1_311' title='bbox 1186 284 1244 323; x_wconf 79' lang='lat' dir='ltr'>qzu&#39;</span> <span class='ocrx_word' id='word_1_312' title='bbox 1261 293 1293 313; x_wconf 81' lang='lat' dir='ltr'>se</span> <span class='ocrx_word' id='word_1_313' title='bbox 1309 284 1478 320; x_wconf 74' lang='lat' dir='ltr'>humiliat,</span> <span class='ocrx_word' id='word_1_314' title='bbox 1502 281 1706 313; x_wconf 67' lang='lat' dir='ltr'>exallabitur.</span> <span class='ocrx_word' id='word_1_315' title='bbox 1723 279 1781 311; x_wconf 79' lang='lat' dir='ltr'>Hic</span> 
     </span>
     <span class='ocr_line' id='line_1_49' title="bbox 1012 334 1783 375; baseline -0.004 -10"><span class='ocrx_word' id='word_1_316' title='bbox 1012 336 1105 365; x_wconf 86' lang='lat' dir='ltr'>datur</span> <span class='ocrx_word' id='word_1_317' title='bbox 1133 336 1291 375; x_wconf 82' lang='lat' dir='ltr'>generalis</span> <span class='ocrx_word' id='word_1_318' title='bbox 1314 337 1466 367; x_wconf 72' lang='lat' dir='ltr'>sententia</span> <span class='ocrx_word' id='word_1_319' title='bbox 1487 336 1525 367; x_wconf 89' lang='lat' dir='ltr'>de</span> <span class='ocrx_word' id='word_1_320' title='bbox 1549 334 1727 366; x_wconf 82' lang='lat' dir='ltr'>humilibus</span> <span class='ocrx_word' id='word_1_321' title='bbox 1752 334 1783 363; x_wconf 85' lang='lat' dir='ltr'>et</span> 
     </span>
     <span class='ocr_line' id='line_1_50' title="bbox 1014 385 1783 427; baseline -0.003 -10"><span class='ocrx_word' id='word_1_322' title='bbox 1014 389 1168 427; x_wconf 77' lang='lat' dir='ltr'>superbis,</span> <span class='ocrx_word' id='word_1_323' title='bbox 1187 388 1274 420; x_wconf 87' lang='lat' dir='ltr'>Unde</span> <span class='ocrx_word' id='word_1_324' title='bbox 1289 389 1396 419; x_wconf 81' lang='lat' dir='ltr'>Glossa</span> <span class='ocrx_word' id='word_1_325' title='bbox 1413 401 1419 420; x_wconf 89' lang='lat'>:</span> <span class='ocrx_word' id='word_1_326' title='bbox 1441 401 1456 417; x_wconf 74' lang='grc' dir='ltr'>(ι</span> <span class='ocrx_word' id='word_1_327' title='bbox 1469 388 1573 419; x_wconf 82' lang='lat' dir='ltr'>Posita</span> <span class='ocrx_word' id='word_1_328' title='bbox 1588 385 1739 418; x_wconf 85' lang='lat' dir='ltr'>Pharisaei</span> <span class='ocrx_word' id='word_1_329' title='bbox 1753 387 1783 415; x_wconf 85' lang='lat' dir='ltr'>et</span> 
     </span>
     <span class='ocr_line' id='line_1_51' title="bbox 1015 439 1785 482; baseline -0.004 -11"><span class='ocrx_word' id='word_1_330' title='bbox 1015 441 1178 472; x_wconf 79' lang='lat' dir='ltr'>Publicani</span> <span class='ocrx_word' id='word_1_331' title='bbox 1223 443 1436 473; x_wconf 83' lang='lat' dir='ltr'>controversia</span> <span class='ocrx_word' id='word_1_332' title='bbox 1453 467 1460 480; x_wconf 91' lang='lat'>‚</span> <span class='ocrx_word' id='word_1_333' title='bbox 1502 443 1629 482; x_wconf 83' lang='lat' dir='ltr'>ponitur</span> <span class='ocrx_word' id='word_1_334' title='bbox 1668 439 1785 480; x_wconf 88' lang='lat' dir='ltr'>judicis</span> 
     </span>
     <span class='ocr_line' id='line_1_52' title="bbox 1015 493 1786 534; baseline -0.004 -10"><span class='ocrx_word' id='word_1_335' title='bbox 1015 495 1186 531; x_wconf 71' lang='lat' dir='ltr'>sententia,</span> <span class='ocrx_word' id='word_1_336' title='bbox 1207 498 1243 525; x_wconf 92' lang='lat' dir='ltr'>ut</span> <span class='ocrx_word' id='word_1_337' title='bbox 1266 498 1416 525; x_wconf 77' lang='lat' dir='ltr'>caveatur</span> <span class='ocrx_word' id='word_1_338' title='bbox 1437 495 1596 534; x_wconf 86' lang='lat' dir='ltr'>superbia.</span> <span class='ocrx_word' id='word_1_339' title='bbox 1621 505 1634 522; x_wconf 79' lang='lat' dir='ltr'>n</span> <span class='ocrx_word' id='word_1_340' title='bbox 1664 493 1698 523; x_wconf 89' lang='lat' dir='ltr'>ln</span> <span class='ocrx_word' id='word_1_341' title='bbox 1723 500 1786 531; x_wconf 86' lang='lat' dir='ltr'>qua</span> 
     </span>
     <span class='ocr_line' id='line_1_53' title="bbox 1017 544 1786 587; baseline -0.005 -10"><span class='ocrx_word' id='word_1_342' title='bbox 1017 548 1169 577; x_wconf 77' lang='lat' dir='ltr'>sententia</span> <span class='ocrx_word' id='word_1_343' title='bbox 1200 548 1421 578; x_wconf 75' lang='lat' dir='ltr'>universaliter</span> <span class='ocrx_word' id='word_1_344' title='bbox 1459 547 1626 587; x_wconf 67' lang='lat' dir='ltr'>praefertur</span> <span class='ocrx_word' id='word_1_345' title='bbox 1654 544 1786 576; x_wconf 90' lang='lat' dir='ltr'>humilis</span> 
     </span>
     <span class='ocr_line' id='line_1_54' title="bbox 1017 599 1787 640; baseline -0.004 -9"><span class='ocrx_word' id='word_1_346' title='bbox 1017 601 1166 639; x_wconf 73' lang='lat' dir='ltr'>superbo,</span> <span class='ocrx_word' id='word_1_347' title='bbox 1182 601 1256 640; x_wconf 79' lang='lat' dir='ltr'>quia</span> <span class='ocrx_word' id='word_1_348' title='bbox 1270 601 1425 640; x_wconf 89' lang='lat' dir='ltr'>superbus</span> <span class='ocrx_word' id='word_1_349' title='bbox 1438 600 1530 631; x_wconf 78' lang='lat' dir='ltr'>debet</span> <span class='ocrx_word' id='word_1_350' title='bbox 1545 599 1636 638; x_wconf 77' lang='lat' dir='ltr'>dejici</span> <span class='ocrx_word' id='word_1_351' title='bbox 1652 622 1660 635; x_wconf 78' lang='grc'><em>,</em></span> <span class='ocrx_word' id='word_1_352' title='bbox 1674 606 1787 629; x_wconf 88' lang='lat' dir='ltr'>secun-</span> 
     </span>
     <span class='ocr_line' id='line_1_55' title="bbox 1017 650 1787 693; baseline -0.004 -10"><span class='ocrx_word' id='word_1_353' title='bbox 1017 654 1093 684; x_wconf 91' lang='lat' dir='ltr'>dum</span> <span class='ocrx_word' id='word_1_354' title='bbox 1109 654 1193 693; x_wconf 87' lang='lat' dir='ltr'>quod</span> <span class='ocrx_word' id='word_1_355' title='bbox 1208 654 1322 684; x_wconf 82' lang='lat' dir='ltr'>dicitur</span> <span class='ocrx_word' id='word_1_356' title='bbox 1338 653 1369 683; x_wconf 93' lang='lat' dir='ltr'>in</span> <span class='ocrx_word' id='word_1_357' title='bbox 1383 653 1487 685; x_wconf 76' lang='lat' dir='ltr'>Abdia</span> <span class='ocrx_word' id='word_1_358' title='bbox 1499 653 1508 669; x_wconf 81' lang='lat'>⁵</span> <span class='ocrx_word' id='word_1_359' title='bbox 1525 663 1531 682; x_wconf 90' lang='lat'>:</span> <span class='ocrx_word' id='word_1_360' title='bbox 1549 663 1563 679; x_wconf 90' lang='lat'>«</span> <span class='ocrx_word' id='word_1_361' title='bbox 1578 652 1610 682; x_wconf 86' lang='lat' dir='ltr'>Si</span> <span class='ocrx_word' id='word_1_362' title='bbox 1631 650 1787 681; x_wconf 81' lang='lat' dir='ltr'>exaltatus</span> 
     </span>
     <span class='ocr_line' id='line_1_56' title="bbox 1018 703 1790 746; baseline -0.005 -9"><span class='ocrx_word' id='word_1_363' title='bbox 1018 707 1114 737; x_wconf 83' lang='lat' dir='ltr'>fueris</span> <span class='ocrx_word' id='word_1_364' title='bbox 1128 709 1163 737; x_wconf 89' lang='lat' dir='ltr'>ut</span> <span class='ocrx_word' id='word_1_365' title='bbox 1177 707 1295 746; x_wconf 85' lang='lat' dir='ltr'>aquila,</span> <span class='ocrx_word' id='word_1_366' title='bbox 1308 707 1371 737; x_wconf 82' lang='lat' dir='ltr'>etsi</span> <span class='ocrx_word' id='word_1_367' title='bbox 1382 706 1463 736; x_wconf 67' lang='lat' dir='ltr'>inter</span> <span class='ocrx_word' id='word_1_368' title='bbox 1477 705 1578 735; x_wconf 86' lang='lat' dir='ltr'>sidera</span> <span class='ocrx_word' id='word_1_369' title='bbox 1591 704 1734 744; x_wconf 88' lang='lat' dir='ltr'>posueris</span> <span class='ocrx_word' id='word_1_370' title='bbox 1743 703 1790 734; x_wconf 88' lang='lat' dir='ltr'>ni-</span> 
     </span>
     <span class='ocr_line' id='line_1_57' title="bbox 1019 756 1789 797; baseline -0.006 -7"><span class='ocrx_word' id='word_1_371' title='bbox 1019 760 1094 790; x_wconf 91' lang='lat' dir='ltr'>dum</span> <span class='ocrx_word' id='word_1_372' title='bbox 1110 762 1218 797; x_wconf 87' lang='lat' dir='ltr'>tuum,</span> <span class='ocrx_word' id='word_1_373' title='bbox 1236 770 1250 787; x_wconf 77' lang='lat' dir='ltr'>n</span> <span class='ocrx_word' id='word_1_374' title='bbox 1277 761 1335 790; x_wconf 90' lang='lat' dir='ltr'>etc.</span> <span class='ocrx_word' id='word_1_375' title='bbox 1354 759 1391 789; x_wconf 83' lang='lat' dir='ltr'>Et</span> <span class='ocrx_word' id='word_1_376' title='bbox 1405 759 1462 789; x_wconf 76' lang='lat' dir='ltr'>Joh</span> <span class='ocrx_word' id='word_1_377' title='bbox 1475 762 1485 778; x_wconf 81' lang='lat'>⁸</span> <span class='ocrx_word' id='word_1_378' title='bbox 1501 769 1508 789; x_wconf 71' lang='grc' dir='ltr'>ε</span> <span class='ocrx_word' id='word_1_379' title='bbox 1531 757 1588 788; x_wconf 86' lang='lat' dir='ltr'>«Si</span> <span class='ocrx_word' id='word_1_380' title='bbox 1615 756 1789 787; x_wconf 80' lang='lat' dir='ltr'>ascenderit</span> 
     </span>
     <span class='ocr_line' id='line_1_58' title="bbox 1019 811 1790 853; baseline -0.005 -10"><span class='ocrx_word' id='word_1_381' title='bbox 1019 822 1120 853; x_wconf 81' lang='lat' dir='ltr'>usque</span> <span class='ocrx_word' id='word_1_382' title='bbox 1135 813 1173 843; x_wconf 86' lang='lat' dir='ltr'>ad</span> <span class='ocrx_word' id='word_1_383' title='bbox 1189 813 1305 843; x_wconf 70' lang='lat' dir='ltr'>offiium</span> <span class='ocrx_word' id='word_1_384' title='bbox 1320 813 1467 852; x_wconf 86' lang='lat' dir='ltr'>superbia</span> <span class='ocrx_word' id='word_1_385' title='bbox 1481 813 1562 851; x_wconf 82' lang='lat' dir='ltr'>ejus,</span> <span class='ocrx_word' id='word_1_386' title='bbox 1573 813 1603 841; x_wconf 89' lang='lat' dir='ltr'>et</span> <span class='ocrx_word' id='word_1_387' title='bbox 1613 812 1708 850; x_wconf 87' lang='lat' dir='ltr'>caput</span> <span class='ocrx_word' id='word_1_388' title='bbox 1720 811 1790 848; x_wconf 84' lang='lat' dir='ltr'>ejus</span> 
     </span>
     <span class='ocr_line' id='line_1_59' title="bbox 1020 863 1790 906; baseline -0.005 -10"><span class='ocrx_word' id='word_1_389' title='bbox 1020 867 1121 897; x_wconf 83' lang='lat' dir='ltr'>nubes</span> <span class='ocrx_word' id='word_1_390' title='bbox 1136 867 1296 905; x_wconf 83' lang='lat' dir='ltr'>tetigerit,</span> <span class='ocrx_word' id='word_1_391' title='bbox 1314 866 1405 906; x_wconf 84' lang='lat' dir='ltr'>quasi</span> <span class='ocrx_word' id='word_1_392' title='bbox 1428 864 1663 904; x_wconf 86' lang='lat' dir='ltr'>sterquilinium</span> <span class='ocrx_word' id='word_1_393' title='bbox 1680 864 1712 893; x_wconf 88' lang='lat' dir='ltr'>in</span> <span class='ocrx_word' id='word_1_394' title='bbox 1727 863 1790 893; x_wconf 87' lang='lat' dir='ltr'>fine</span> 
     </span>
     <span class='ocr_line' id='line_1_60' title="bbox 1020 915 1792 960; baseline -0.008 -9"><span class='ocrx_word' id='word_1_395' title='bbox 1020 921 1178 960; x_wconf 76' lang='lat' dir='ltr'>perdetur.</span> <span class='ocrx_word' id='word_1_396' title='bbox 1191 932 1205 948; x_wconf 78' lang='lat'>›&gt;</span> <span class='ocrx_word' id='word_1_397' title='bbox 1219 919 1439 959; x_wconf 73' lang='lat' dir='ltr'>Propter-quod</span> <span class='ocrx_word' id='word_1_398' title='bbox 1447 918 1593 949; x_wconf 87' lang='lat' dir='ltr'>dicitur⁷:</span> <span class='ocrx_word' id='word_1_399' title='bbox 1605 928 1618 946; x_wconf 77' lang='lat' dir='ltr'><strong>u</strong></span> <span class='ocrx_word' id='word_1_400' title='bbox 1627 915 1792 947; x_wconf 88' lang='lat' dir='ltr'>Contritio-</span> 
     </span>
     <span class='ocr_line' id='line_1_61' title="bbox 1021 968 1793 1013; baseline -0.008 -9"><span class='ocrx_word' id='word_1_401' title='bbox 1021 983 1093 1004; x_wconf 84' lang='lat' dir='ltr'>nem</span> <span class='ocrx_word' id='word_1_402' title='bbox 1111 974 1257 1013; x_wconf 85' lang='lat' dir='ltr'>praecedit</span> <span class='ocrx_word' id='word_1_403' title='bbox 1274 973 1432 1012; x_wconf 86' lang='lat' dir='ltr'>superbia.</span> <span class='ocrx_word' id='word_1_404' title='bbox 1448 983 1461 1000; x_wconf 81' lang='grc'>1)</span> <span class='ocrx_word' id='word_1_405' title='bbox 1482 971 1519 1002; x_wconf 86' lang='grc' dir='ltr'>Ε1</span> <span class='ocrx_word' id='word_1_406' title='bbox 1535 980 1552 1000; x_wconf 85' lang='lat' dir='ltr'>e</span> <span class='ocrx_word' id='word_1_407' title='bbox 1567 968 1724 1000; x_wconf 87' lang='lat' dir='ltr'>contrario</span> <span class='ocrx_word' id='word_1_408' title='bbox 1735 968 1793 999; x_wconf 90' lang='lat' dir='ltr'>hu-</span> 
     </span>
     <span class='ocr_line' id='line_1_62' title="bbox 1023 1021 1794 1065; baseline -0.006 -9"><span class='ocrx_word' id='word_1_409' title='bbox 1023 1027 1216 1065; x_wconf 76' lang='lat' dir='ltr'>milisjustus</span> <span class='ocrx_word' id='word_1_410' title='bbox 1224 1026 1393 1063; x_wconf 70' lang='lat' dir='ltr'>exaltatur,</span> <span class='ocrx_word' id='word_1_411' title='bbox 1404 1025 1462 1056; x_wconf 70' lang='grc' dir='ltr'>,1οὸ</span> <span class='ocrx_word' id='word_1_412' title='bbox 1473 1027 1500 1054; x_wconf 77' lang='lat'>⁸:</span> <span class='ocrx_word' id='word_1_413' title='bbox 1514 1036 1527 1052; x_wconf 75' lang='grc' dir='ltr'>α</span> <span class='ocrx_word' id='word_1_414' title='bbox 1539 1023 1598 1060; x_wconf 74' lang='lat' dir='ltr'>Qui</span> <span class='ocrx_word' id='word_1_415' title='bbox 1609 1021 1794 1053; x_wconf 69' lang='lat' dir='ltr'>humiliatus</span> 
     </span>
     <span class='ocr_line' id='line_1_63' title="bbox 1022 1075 1795 1117; baseline -0.008 -7"><span class='ocrx_word' id='word_1_416' title='bbox 1022 1080 1124 1117; x_wconf 69' lang='lat' dir='ltr'>suerit,</span> <span class='ocrx_word' id='word_1_417' title='bbox 1143 1080 1201 1110; x_wconf 86' lang='lat' dir='ltr'>erit</span> <span class='ocrx_word' id='word_1_418' title='bbox 1215 1080 1245 1109; x_wconf 91' lang='lat' dir='ltr'>in</span> <span class='ocrx_word' id='word_1_419' title='bbox 1262 1079 1376 1117; x_wconf 80' lang='lat' dir='ltr'>gloria,</span> <span class='ocrx_word' id='word_1_420' title='bbox 1393 1081 1422 1108; x_wconf 84' lang='lat' dir='ltr'>et</span> <span class='ocrx_word' id='word_1_421' title='bbox 1439 1078 1492 1117; x_wconf 85' lang='lat' dir='ltr'>qui</span> <span class='ocrx_word' id='word_1_422' title='bbox 1511 1075 1710 1107; x_wconf 84' lang='lat' dir='ltr'>inclinaverit</span> <span class='ocrx_word' id='word_1_423' title='bbox 1723 1083 1795 1105; x_wconf 90' lang='lat' dir='ltr'>ocu-</span> 
     </span>
     <span class='ocr_line' id='line_1_64' title="bbox 1022 1128 1792 1172; baseline -0.006 -9"><span class='ocrx_word' id='word_1_424' title='bbox 1022 1134 1069 1163; x_wconf 88' lang='lat' dir='ltr'>los</span> <span class='ocrx_word' id='word_1_425' title='bbox 1084 1142 1168 1170; x_wconf 75' lang='grc'><strong>51105,</strong></span> <span class='ocrx_word' id='word_1_426' title='bbox 1184 1133 1249 1172; x_wconf 84' lang='lat' dir='ltr'>ipse</span> <span class='ocrx_word' id='word_1_427' title='bbox 1264 1132 1449 1162; x_wconf 81' lang='lat' dir='ltr'>salvabitur.</span> <span class='ocrx_word' id='word_1_428' title='bbox 1468 1142 1483 1158; x_wconf 85' lang='lat'>»</span> <span class='ocrx_word' id='word_1_429' title='bbox 1503 1130 1539 1160; x_wconf 86' lang='lat' dir='ltr'>Et</span> <span class='ocrx_word' id='word_1_430' title='bbox 1555 1129 1624 1160; x_wconf 83' lang='lat' dir='ltr'>ideo</span> <span class='ocrx_word' id='word_1_431' title='bbox 1640 1128 1771 1159; x_wconf 81' lang='lat' dir='ltr'>Petrus⁹</span> <span class='ocrx_word' id='word_1_432' title='bbox 1785 1137 1792 1158; x_wconf 95' lang='lat'><strong>:</strong></span> 
     </span>
     <span class='ocr_line' id='line_1_65' title="bbox 1028 1181 1796 1224; baseline -0.005 -10"><span class='ocrx_word' id='word_1_433' title='bbox 1028 1198 1041 1215; x_wconf 87' lang='lat'>«</span> <span class='ocrx_word' id='word_1_434' title='bbox 1054 1185 1271 1216; x_wconf 87' lang='lat' dir='ltr'>Humiliamini</span> <span class='ocrx_word' id='word_1_435' title='bbox 1287 1185 1345 1215; x_wconf 89' lang='lat' dir='ltr'>suh</span> <span class='ocrx_word' id='word_1_436' title='bbox 1362 1184 1479 1224; x_wconf 84' lang='lat' dir='ltr'>potenti</span> <span class='ocrx_word' id='word_1_437' title='bbox 1496 1192 1594 1213; x_wconf 89' lang='lat' dir='ltr'>manu</span> <span class='ocrx_word' id='word_1_438' title='bbox 1610 1181 1674 1218; x_wconf 85' lang='lat' dir='ltr'>Dei,</span> <span class='ocrx_word' id='word_1_439' title='bbox 1690 1183 1725 1212; x_wconf 89' lang='grc'>111</span> <span class='ocrx_word' id='word_1_440' title='bbox 1740 1189 1796 1211; x_wconf 91' lang='lat' dir='ltr'>vos</span> 
     </span>
     <span class='ocr_line' id='line_1_66' title="bbox 1024 1233 1797 1277; baseline -0.008 -8"><span class='ocrx_word' id='word_1_441' title='bbox 1024 1239 1139 1269; x_wconf 79' lang='lat' dir='ltr'>exaltet</span> <span class='ocrx_word' id='word_1_442' title='bbox 1148 1239 1179 1268; x_wconf 91' lang='grc'>111</span> <span class='ocrx_word' id='word_1_443' title='bbox 1188 1241 1328 1277; x_wconf 84' lang='lat' dir='ltr'>tempore</span> <span class='ocrx_word' id='word_1_444' title='bbox 1335 1237 1536 1268; x_wconf 83' lang='lat' dir='ltr'>visitationis.</span> <span class='ocrx_word' id='word_1_445' title='bbox 1548 1246 1562 1264; x_wconf 78' lang='lat'>›&gt;</span> <span class='ocrx_word' id='word_1_446' title='bbox 1572 1235 1612 1265; x_wconf 89' lang='lat' dir='ltr'>De</span> <span class='ocrx_word' id='word_1_447' title='bbox 1618 1233 1797 1265; x_wconf 87' lang='lat' dir='ltr'>hisduobus</span> 
     </span>
     <span class='ocr_line' id='line_1_67' title="bbox 1025 1290 1798 1329; baseline -0.005 -8"><span class='ocrx_word' id='word_1_448' title='bbox 1025 1292 1278 1321; x_wconf 69' lang='grc' dir='ltr'>51111111111011111ιο</span> <span class='ocrx_word' id='word_1_449' title='bbox 1297 1301 1303 1320; x_wconf 87' lang='lat'>:</span> <span class='ocrx_word' id='word_1_450' title='bbox 1317 1303 1331 1319; x_wconf 90' lang='lat'>«</span> <span class='ocrx_word' id='word_1_451' title='bbox 1347 1291 1526 1329; x_wconf 81' lang='lat' dir='ltr'>Antequam</span> <span class='ocrx_word' id='word_1_452' title='bbox 1540 1290 1733 1324; x_wconf 86' lang='lat' dir='ltr'>conteratur,</span> <span class='ocrx_word' id='word_1_453' title='bbox 1745 1295 1798 1317; x_wconf 79' lang='lat' dir='ltr'>ex·</span> 
     </span>
     <span class='ocr_line' id='line_1_68' title="bbox 1026 1340 1796 1381; baseline -0.005 -7"><span class='ocrx_word' id='word_1_454' title='bbox 1026 1344 1143 1374; x_wconf 82' lang='lat' dir='ltr'>altatur</span> <span class='ocrx_word' id='word_1_455' title='bbox 1151 1353 1205 1374; x_wconf 91' lang='lat' dir='ltr'>cor</span> <span class='ocrx_word' id='word_1_456' title='bbox 1213 1343 1362 1380; x_wconf 86' lang='lat' dir='ltr'>hominis,</span> <span class='ocrx_word' id='word_1_457' title='bbox 1374 1345 1404 1373; x_wconf 91' lang='lat' dir='ltr'>et</span> <span class='ocrx_word' id='word_1_458' title='bbox 1413 1344 1583 1381; x_wconf 84' lang='lat' dir='ltr'>antequam</span> <span class='ocrx_word' id='word_1_459' title='bbox 1590 1340 1796 1380; x_wconf 82' lang='lat' dir='ltr'>glorificetur,</span> 
     </span>
     <span class='ocr_line' id='line_1_69' title="bbox 1026 1393 1798 1436; baseline -0.006 -9"><span class='ocrx_word' id='word_1_460' title='bbox 1026 1397 1226 1428; x_wconf 89' lang='lat' dir='ltr'>humiliatur:</span> <span class='ocrx_word' id='word_1_461' title='bbox 1235 1397 1340 1436; x_wconf 82' lang='lat' dir='ltr'>»quia,</span> <span class='ocrx_word' id='word_1_462' title='bbox 1349 1393 1573 1426; x_wconf 84' lang='lat' dir='ltr'>sicutdicitur¹¹</span> <span class='ocrx_word' id='word_1_463' title='bbox 1581 1404 1588 1424; x_wconf 90' lang='lat'>:</span> <span class='ocrx_word' id='word_1_464' title='bbox 1597 1393 1798 1433; x_wconf 85' lang='lat' dir='ltr'>«Superbum</span> 
     </span>
     <span class='ocr_line' id='line_1_70' title="bbox 1027 1447 1797 1489; baseline -0.006 -9"><span class='ocrx_word' id='word_1_465' title='bbox 1027 1451 1170 1489; x_wconf 85' lang='lat' dir='ltr'>sequitur</span> <span class='ocrx_word' id='word_1_466' title='bbox 1186 1449 1348 1480; x_wconf 86' lang='lat' dir='ltr'>humilitas</span> <span class='ocrx_word' id='word_1_467' title='bbox 1360 1474 1367 1487; x_wconf 84' lang='lat'>,</span> <span class='ocrx_word' id='word_1_468' title='bbox 1386 1451 1416 1479; x_wconf 87' lang='lat' dir='ltr'>et</span> <span class='ocrx_word' id='word_1_469' title='bbox 1430 1449 1585 1479; x_wconf 88' lang='lat' dir='ltr'>humilem</span> <span class='ocrx_word' id='word_1_470' title='bbox 1599 1447 1713 1487; x_wconf 87' lang='lat' dir='ltr'>spiritu</span> <span class='ocrx_word' id='word_1_471' title='bbox 1727 1455 1797 1476; x_wconf 92' lang='lat' dir='ltr'>sus-</span> 
     </span>
     <span class='ocr_line' id='line_1_71' title="bbox 1027 1499 1797 1542; baseline -0.005 -9"><span class='ocrx_word' id='word_1_472' title='bbox 1027 1503 1119 1542; x_wconf 84' lang='lat' dir='ltr'>cipiet</span> <span class='ocrx_word' id='word_1_473' title='bbox 1140 1503 1252 1541; x_wconf 81' lang='lat' dir='ltr'>gloria.</span> <span class='ocrx_word' id='word_1_474' title='bbox 1269 1514 1283 1530; x_wconf 90' lang='lat'>»</span> <span class='ocrx_word' id='word_1_475' title='bbox 1308 1501 1345 1532; x_wconf 88' lang='lat' dir='ltr'>Et</span> <span class='ocrx_word' id='word_1_476' title='bbox 1368 1502 1429 1532; x_wconf 90' lang='lat' dir='ltr'>hoc</span> <span class='ocrx_word' id='word_1_477' title='bbox 1447 1504 1491 1532; x_wconf 77' lang='lat' dir='ltr'>est</span> <span class='ocrx_word' id='word_1_478' title='bbox 1514 1500 1597 1540; x_wconf 90' lang='lat' dir='ltr'>quod</span> <span class='ocrx_word' id='word_1_479' title='bbox 1620 1500 1735 1530; x_wconf 86' lang='lat' dir='ltr'>dicitur</span> <span class='ocrx_word' id='word_1_480' title='bbox 1750 1499 1772 1516; x_wconf 81' lang='lat'>¹²</span> <span class='ocrx_word' id='word_1_481' title='bbox 1790 1510 1797 1529; x_wconf 90' lang='lat'>:</span> 
     </span>
     <span class='ocr_line' id='line_1_72' title="bbox 1033 1552 1800 1595; baseline -0.001 -12"><span class='ocrx_word' id='word_1_482' title='bbox 1033 1568 1046 1583; x_wconf 86' lang='lat'>«</span> <span class='ocrx_word' id='word_1_483' title='bbox 1062 1555 1114 1586; x_wconf 83' lang='lat' dir='ltr'>Est</span> <span class='ocrx_word' id='word_1_484' title='bbox 1130 1558 1256 1595; x_wconf 82' lang='lat' dir='ltr'>propter</span> <span class='ocrx_word' id='word_1_485' title='bbox 1275 1555 1411 1594; x_wconf 82' lang='lat' dir='ltr'>gloriam</span> <span class='ocrx_word' id='word_1_486' title='bbox 1434 1554 1621 1589; x_wconf 86' lang='lat' dir='ltr'>minoratio,</span> <span class='ocrx_word' id='word_1_487' title='bbox 1639 1555 1669 1584; x_wconf 85' lang='lat' dir='ltr'>et</span> <span class='ocrx_word' id='word_1_488' title='bbox 1683 1555 1731 1583; x_wconf 86' lang='lat' dir='ltr'>est</span> <span class='ocrx_word' id='word_1_489' title='bbox 1744 1552 1800 1592; x_wconf 90' lang='lat' dir='ltr'>qui</span> 
     </span>
     <span class='ocr_line' id='line_1_73' title="bbox 1029 1605 1800 1646; baseline -0.005 -7"><span class='ocrx_word' id='word_1_490' title='bbox 1029 1609 1068 1639; x_wconf 89' lang='lat' dir='ltr'>ab</span> <span class='ocrx_word' id='word_1_491' title='bbox 1089 1609 1268 1639; x_wconf 85' lang='lat' dir='ltr'>humilitate</span> <span class='ocrx_word' id='word_1_492' title='bbox 1293 1607 1410 1637; x_wconf 74' lang='lat' dir='ltr'>levabit</span> <span class='ocrx_word' id='word_1_493' title='bbox 1433 1609 1563 1646; x_wconf 79' lang='lat' dir='ltr'>caput.»</span> <span class='ocrx_word' id='word_1_494' title='bbox 1583 1605 1672 1636; x_wconf 86' lang='lat' dir='ltr'>Unde</span> <span class='ocrx_word' id='word_1_495' title='bbox 1688 1614 1800 1636; x_wconf 86' lang='lat' dir='ltr'>exem-</span> 
     </span>
     <span class='ocr_line' id='line_1_74' title="bbox 1029 1657 1800 1701; baseline -0.004 -10"><span class='ocrx_word' id='word_1_496' title='bbox 1029 1662 1119 1701; x_wconf 92' lang='lat' dir='ltr'>plum</span> <span class='ocrx_word' id='word_1_497' title='bbox 1135 1662 1290 1691; x_wconf 87' lang='lat' dir='ltr'>habemus</span> <span class='ocrx_word' id='word_1_498' title='bbox 1314 1661 1366 1691; x_wconf 79' lang='lat' dir='ltr'>hie</span> <span class='ocrx_word' id='word_1_499' title='bbox 1380 1661 1413 1690; x_wconf 91' lang='grc'>111</span> <span class='ocrx_word' id='word_1_500' title='bbox 1438 1660 1616 1697; x_wconf 70' lang='lat' dir='ltr'>pharisaeo,</span> <span class='ocrx_word' id='word_1_501' title='bbox 1640 1661 1670 1689; x_wconf 87' lang='lat' dir='ltr'>et</span> <span class='ocrx_word' id='word_1_502' title='bbox 1692 1657 1800 1689; x_wconf 83' lang='lat' dir='ltr'>Publi-</span> 
     </span>
     <span class='ocr_line' id='line_1_75' title="bbox 1030 1713 1802 1753; baseline -0.005 -8"><span class='ocrx_word' id='word_1_503' title='bbox 1030 1724 1123 1752; x_wconf 83' lang='lat' dir='ltr'>cano;</span> <span class='ocrx_word' id='word_1_504' title='bbox 1140 1715 1322 1753; x_wconf 74' lang='lat' dir='ltr'>exemplum</span> <span class='ocrx_word' id='word_1_505' title='bbox 1337 1714 1370 1743; x_wconf 94' lang='lat' dir='ltr'>in</span> <span class='ocrx_word' id='word_1_506' title='bbox 1385 1713 1502 1753; x_wconf 89' lang='lat' dir='ltr'>populo</span> <span class='ocrx_word' id='word_1_507' title='bbox 1511 1713 1639 1752; x_wconf 85' lang='lat' dir='ltr'>judaico</span> <span class='ocrx_word' id='word_1_508' title='bbox 1651 1736 1658 1750; x_wconf 88' lang='lat'>‚</span> <span class='ocrx_word' id='word_1_509' title='bbox 1674 1714 1705 1742; x_wconf 89' lang='lat' dir='ltr'>et</span> <span class='ocrx_word' id='word_1_510' title='bbox 1720 1720 1802 1750; x_wconf 83' lang='lat' dir='ltr'>gen-</span> 
     </span>
     <span class='ocr_line' id='line_1_76' title="bbox 1031 1764 1803 1807; baseline -0.005 -9"><span class='ocrx_word' id='word_1_511' title='bbox 1031 1768 1094 1805; x_wconf 89' lang='lat' dir='ltr'>tili;</span> <span class='ocrx_word' id='word_1_512' title='bbox 1112 1768 1295 1807; x_wconf 82' lang='lat' dir='ltr'>exemplum</span> <span class='ocrx_word' id='word_1_513' title='bbox 1312 1767 1344 1797; x_wconf 91' lang='lat' dir='ltr'>in</span> <span class='ocrx_word' id='word_1_514' title='bbox 1364 1766 1458 1797; x_wconf 83' lang='lat' dir='ltr'>Saule</span> <span class='ocrx_word' id='word_1_515' title='bbox 1481 1766 1636 1805; x_wconf 85' lang='lat' dir='ltr'>reprobo,</span> <span class='ocrx_word' id='word_1_516' title='bbox 1659 1767 1689 1795; x_wconf 88' lang='lat' dir='ltr'>et</span> <span class='ocrx_word' id='word_1_517' title='bbox 1704 1764 1803 1795; x_wconf 89' lang='lat' dir='ltr'>David</span> 
     </span>
     <span class='ocr_line' id='line_1_77' title="bbox 1032 1818 1805 1859; baseline -0.005 -8"><span class='ocrx_word' id='word_1_518' title='bbox 1032 1821 1146 1858; x_wconf 85' lang='lat' dir='ltr'>electo;</span> <span class='ocrx_word' id='word_1_519' title='bbox 1169 1820 1353 1859; x_wconf 86' lang='lat' dir='ltr'>exemplum</span> <span class='ocrx_word' id='word_1_520' title='bbox 1368 1828 1533 1850; x_wconf 89' lang='lat' dir='ltr'>summum</span> <span class='ocrx_word' id='word_1_521' title='bbox 1551 1819 1584 1848; x_wconf 92' lang='grc'>111</span> <span class='ocrx_word' id='word_1_522' title='bbox 1599 1818 1757 1855; x_wconf 81' lang='lat' dir='ltr'>Lucifero,</span> <span class='ocrx_word' id='word_1_523' title='bbox 1773 1820 1805 1847; x_wconf 87' lang='lat' dir='ltr'>et</span> 
     </span>
     <span class='ocr_line' id='line_1_78' title="bbox 1032 1871 1804 1904; baseline -0.005 0"><span class='ocrx_word' id='word_1_524' title='bbox 1032 1873 1106 1904; x_wconf 86' lang='lat' dir='ltr'>Jesu</span> <span class='ocrx_word' id='word_1_525' title='bbox 1126 1874 1259 1904; x_wconf 85' lang='lat' dir='ltr'>Christo.</span> <span class='ocrx_word' id='word_1_526' title='bbox 1280 1873 1367 1903; x_wconf 84' lang='lat' dir='ltr'>Unde</span> <span class='ocrx_word' id='word_1_527' title='bbox 1382 1872 1557 1902; x_wconf 81' lang='lat' dir='ltr'>secundum</span> <span class='ocrx_word' id='word_1_528' title='bbox 1581 1871 1665 1901; x_wconf 86' lang='lat' dir='ltr'>hanc</span> <span class='ocrx_word' id='word_1_529' title='bbox 1678 1872 1804 1900; x_wconf 84' lang='lat' dir='ltr'>senten-</span> 
     </span>
     <span class='ocr_line' id='line_1_79' title="bbox 1033 1923 1807 1963; baseline -0.005 -6"><span class='ocrx_word' id='word_1_530' title='bbox 1033 1928 1108 1957; x_wconf 80' lang='lat' dir='ltr'>tiam</span> <span class='ocrx_word' id='word_1_531' title='bbox 1131 1927 1270 1957; x_wconf 87' lang='lat' dir='ltr'>decurrit</span> <span class='ocrx_word' id='word_1_532' title='bbox 1289 1926 1386 1955; x_wconf 88' lang='lat' dir='ltr'>totius</span> <span class='ocrx_word' id='word_1_533' title='bbox 1413 1925 1560 1963; x_wconf 79' lang='lat' dir='ltr'>regimen</span> <span class='ocrx_word' id='word_1_534' title='bbox 1583 1923 1737 1954; x_wconf 86' lang='lat' dir='ltr'>universi.</span> <span class='ocrx_word' id='word_1_535' title='bbox 1770 1923 1807 1953; x_wconf 86' lang='lat' dir='ltr'>Et</span> 
     </span>
     <span class='ocr_line' id='line_1_80' title="bbox 1034 1976 1807 2019; baseline -0.008 -8"><span class='ocrx_word' id='word_1_536' title='bbox 1034 1983 1107 2011; x_wconf 84' lang='lat' dir='ltr'>nota</span> <span class='ocrx_word' id='word_1_537' title='bbox 1121 1979 1205 2019; x_wconf 81' lang='lat' dir='ltr'>quod</span> <span class='ocrx_word' id='word_1_538' title='bbox 1221 1979 1330 2009; x_wconf 84' lang='lat' dir='ltr'>eadem</span> <span class='ocrx_word' id='word_1_539' title='bbox 1347 1977 1501 2008; x_wconf 83' lang='lat' dir='ltr'>sententia</span> <span class='ocrx_word' id='word_1_540' title='bbox 1521 1985 1618 2016; x_wconf 87' lang='lat' dir='ltr'>supra</span> <span class='ocrx_word' id='word_1_541' title='bbox 1633 1976 1691 2006; x_wconf 86' lang='lat' dir='ltr'>fuit</span> <span class='ocrx_word' id='word_1_542' title='bbox 1707 1976 1807 2016; x_wconf 87' lang='lat' dir='ltr'>posita</span> 
     </span>
     <span class='ocr_line' id='line_1_81' title="bbox 1034 2029 1808 2070; baseline -0.006 -7"><span class='ocrx_word' id='word_1_543' title='bbox 1034 2035 1145 2063; x_wconf 88' lang='lat' dir='ltr'>contra</span> <span class='ocrx_word' id='word_1_544' title='bbox 1159 2032 1309 2062; x_wconf 85' lang='lat' dir='ltr'>invitatos</span> <span class='ocrx_word' id='word_1_545' title='bbox 1324 2031 1362 2061; x_wconf 89' lang='lat' dir='ltr'>ad</span> <span class='ocrx_word' id='word_1_546' title='bbox 1377 2031 1515 2070; x_wconf 74' lang='lat' dir='ltr'>nuptias,</span> <span class='ocrx_word' id='word_1_547' title='bbox 1528 2032 1558 2060; x_wconf 85' lang='lat' dir='ltr'>et</span> <span class='ocrx_word' id='word_1_548' title='bbox 1572 2038 1658 2059; x_wconf 83' lang='lat' dir='ltr'>nunc</span> <span class='ocrx_word' id='word_1_549' title='bbox 1675 2029 1808 2059; x_wconf 85' lang='lat' dir='ltr'>iteratur</span> 
     </span>
     <span class='ocr_line' id='line_1_82' title="bbox 1035 2081 1809 2123; baseline -0.006 -7"><span class='ocrx_word' id='word_1_550' title='bbox 1035 2087 1097 2123; x_wconf 85' lang='lat' dir='ltr'>hic,</span> <span class='ocrx_word' id='word_1_551' title='bbox 1114 2086 1167 2116; x_wconf 86' lang='lat' dir='ltr'>sed</span> <span class='ocrx_word' id='word_1_552' title='bbox 1182 2094 1248 2115; x_wconf 89' lang='lat' dir='ltr'>non</span> <span class='ocrx_word' id='word_1_553' title='bbox 1263 2085 1330 2114; x_wconf 84' lang='lat' dir='ltr'>sine</span> <span class='ocrx_word' id='word_1_554' title='bbox 1342 2093 1448 2121; x_wconf 80' lang='lat' dir='ltr'>causa,</span> <span class='ocrx_word' id='word_1_555' title='bbox 1465 2084 1541 2122; x_wconf 86' lang='lat' dir='ltr'>quia</span> <span class='ocrx_word' id='word_1_556' title='bbox 1556 2082 1674 2121; x_wconf 83' lang='lat' dir='ltr'>duplex</span> <span class='ocrx_word' id='word_1_557' title='bbox 1689 2084 1736 2112; x_wconf 87' lang='lat' dir='ltr'>est</span> <span class='ocrx_word' id='word_1_558' title='bbox 1749 2081 1809 2112; x_wconf 90' lang='lat' dir='ltr'>hu-</span> 
     </span>
     <span class='ocr_line' id='line_1_83' title="bbox 1036 2134 1808 2175; baseline -0.006 -6"><span class='ocrx_word' id='word_1_559' title='bbox 1036 2139 1151 2169; x_wconf 81' lang='lat' dir='ltr'>militas</span> <span class='ocrx_word' id='word_1_560' title='bbox 1176 2149 1182 2168; x_wconf 94' lang='lat'>:</span> <span class='ocrx_word' id='word_1_561' title='bbox 1206 2147 1271 2168; x_wconf 86' lang='lat' dir='ltr'>una</span> <span class='ocrx_word' id='word_1_562' title='bbox 1289 2139 1335 2167; x_wconf 91' lang='lat' dir='ltr'>est</span> <span class='ocrx_word' id='word_1_563' title='bbox 1361 2136 1540 2173; x_wconf 76' lang='lat' dir='ltr'>eharitatis,</span> <span class='ocrx_word' id='word_1_564' title='bbox 1562 2144 1626 2175; x_wconf 87' lang='lat' dir='ltr'>qua</span> <span class='ocrx_word' id='word_1_565' title='bbox 1644 2134 1808 2165; x_wconf 86' lang='lat' dir='ltr'>voluntate</span> 
     </span>
     <span class='ocr_line' id='line_1_84' title="bbox 1035 2187 1808 2231; baseline -0.008 -9"><span class='ocrx_word' id='word_1_566' title='bbox 1035 2192 1106 2231; x_wconf 90' lang='lat' dir='ltr'>quis</span> <span class='ocrx_word' id='word_1_567' title='bbox 1116 2191 1263 2222; x_wconf 90' lang='lat' dir='ltr'>humiliat</span> <span class='ocrx_word' id='word_1_568' title='bbox 1274 2199 1307 2220; x_wconf 88' lang='lat' dir='ltr'>se</span> <span class='ocrx_word' id='word_1_569' title='bbox 1319 2201 1326 2227; x_wconf 91' lang='lat'>;</span> <span class='ocrx_word' id='word_1_570' title='bbox 1345 2189 1406 2220; x_wconf 86' lang='lat' dir='ltr'>alia</span> <span class='ocrx_word' id='word_1_571' title='bbox 1418 2191 1465 2219; x_wconf 88' lang='lat' dir='ltr'>est</span> <span class='ocrx_word' id='word_1_572' title='bbox 1476 2188 1640 2218; x_wconf 87' lang='lat' dir='ltr'>humilitas</span> <span class='ocrx_word' id='word_1_573' title='bbox 1654 2187 1808 2224; x_wconf 75' lang='lat' dir='ltr'>veritatis,</span> 
     </span>
     <span class='ocr_line' id='line_1_85' title="bbox 1036 2240 1810 2284; baseline -0.005 -10"><span class='ocrx_word' id='word_1_574' title='bbox 1036 2254 1099 2284; x_wconf 85' lang='lat' dir='ltr'>qua</span> <span class='ocrx_word' id='word_1_575' title='bbox 1123 2244 1195 2284; x_wconf 90' lang='lat' dir='ltr'>quis</span> <span class='ocrx_word' id='word_1_576' title='bbox 1215 2252 1314 2283; x_wconf 86' lang='lat' dir='ltr'>parva</span> <span class='ocrx_word' id='word_1_577' title='bbox 1333 2242 1371 2273; x_wconf 89' lang='lat' dir='ltr'>de</span> <span class='ocrx_word' id='word_1_578' title='bbox 1392 2251 1425 2272; x_wconf 88' lang='lat' dir='ltr'>se</span> <span class='ocrx_word' id='word_1_579' title='bbox 1446 2241 1550 2272; x_wconf 88' lang='lat' dir='ltr'>sentit.</span> <span class='ocrx_word' id='word_1_580' title='bbox 1577 2241 1682 2280; x_wconf 88' lang='lat' dir='ltr'>Supra</span> <span class='ocrx_word' id='word_1_581' title='bbox 1695 2240 1717 2259; x_wconf 80' lang='lat'>⁸³</span> <span class='ocrx_word' id='word_1_582' title='bbox 1731 2248 1810 2278; x_wconf 85' lang='lat' dir='ltr'>ergo</span> 
     </span>
     <span class='ocr_line' id='line_1_86' title="bbox 1036 2292 1811 2335; baseline -0.008 -7"><span class='ocrx_word' id='word_1_583' title='bbox 1036 2298 1095 2327; x_wconf 92' lang='lat' dir='ltr'>hoc</span> <span class='ocrx_word' id='word_1_584' title='bbox 1108 2297 1197 2335; x_wconf 78' lang='lat' dir='ltr'>dixit,</span> <span class='ocrx_word' id='word_1_585' title='bbox 1214 2299 1249 2327; x_wconf 91' lang='grc'>111</span> <span class='ocrx_word' id='word_1_586' title='bbox 1264 2296 1409 2326; x_wconf 87' lang='lat' dir='ltr'>incitaret</span> <span class='ocrx_word' id='word_1_587' title='bbox 1421 2295 1459 2325; x_wconf 87' lang='lat' dir='ltr'>ad</span> <span class='ocrx_word' id='word_1_588' title='bbox 1472 2294 1686 2325; x_wconf 87' lang='lat' dir='ltr'>humilitatem</span> <span class='ocrx_word' id='word_1_589' title='bbox 1707 2292 1811 2323; x_wconf 87' lang='lat' dir='ltr'>chari-</span> 
     </span>
     <span class='ocr_line' id='line_1_87' title="bbox 1036 2343 1812 2386; baseline -0.006 -8"><span class='ocrx_word' id='word_1_590' title='bbox 1036 2349 1124 2385; x_wconf 83' lang='lat' dir='ltr'>tatis;</span> <span class='ocrx_word' id='word_1_591' title='bbox 1142 2348 1193 2378; x_wconf 89' lang='lat' dir='ltr'>hic</span> <span class='ocrx_word' id='word_1_592' title='bbox 1206 2348 1299 2377; x_wconf 80' lang='lat' dir='ltr'>iterat</span> <span class='ocrx_word' id='word_1_593' title='bbox 1313 2347 1462 2386; x_wconf 85' lang='lat' dir='ltr'>idipsum,</span> <span class='ocrx_word' id='word_1_594' title='bbox 1479 2348 1514 2375; x_wconf 88' lang='grc'>111</span> <span class='ocrx_word' id='word_1_595' title='bbox 1526 2345 1633 2375; x_wconf 87' lang='lat' dir='ltr'>incitet</span> <span class='ocrx_word' id='word_1_596' title='bbox 1648 2344 1688 2375; x_wconf 89' lang='lat' dir='ltr'>ad</span> <span class='ocrx_word' id='word_1_597' title='bbox 1704 2343 1812 2374; x_wconf 90' lang='lat' dir='ltr'>humi-</span> 
     </span>
     <span class='ocr_line' id='line_1_88' title="bbox 1036 2395 1811 2438; baseline -0.008 -7"><span class='ocrx_word' id='word_1_598' title='bbox 1036 2401 1156 2431; x_wconf 76' lang='lat' dir='ltr'>litatem</span> <span class='ocrx_word' id='word_1_599' title='bbox 1178 2400 1317 2431; x_wconf 73' lang='lat' dir='ltr'>veritatis</span> <span class='ocrx_word' id='word_1_600' title='bbox 1331 2424 1339 2437; x_wconf 87' lang='lat'>,</span> <span class='ocrx_word' id='word_1_601' title='bbox 1356 2400 1436 2429; x_wconf 88' lang='lat' dir='ltr'>sicut</span> <span class='ocrx_word' id='word_1_602' title='bbox 1449 2400 1578 2438; x_wconf 87' lang='lat' dir='ltr'>apparet</span> <span class='ocrx_word' id='word_1_603' title='bbox 1591 2421 1598 2434; x_wconf 97' lang='lat'>‚</span> <span class='ocrx_word' id='word_1_604' title='bbox 1615 2397 1690 2436; x_wconf 86' lang='lat' dir='ltr'>quia</span> <span class='ocrx_word' id='word_1_605' title='bbox 1706 2395 1811 2427; x_wconf 91' lang='lat' dir='ltr'>Publi-</span> 
     </span>
     <span class='ocr_line' id='line_1_89' title="bbox 1037 2448 1810 2493; baseline -0.009 -9"><span class='ocrx_word' id='word_1_606' title='bbox 1037 2464 1145 2489; x_wconf 78' lang='lat' dir='ltr'>canus,</span> <span class='ocrx_word' id='word_1_607' title='bbox 1162 2456 1290 2493; x_wconf 88' lang='lat' dir='ltr'>propter</span> <span class='ocrx_word' id='word_1_608' title='bbox 1305 2451 1528 2482; x_wconf 84' lang='lat' dir='ltr'>conscientiam</span> <span class='ocrx_word' id='word_1_609' title='bbox 1548 2449 1623 2480; x_wconf 85' lang='lat' dir='ltr'>mali</span> <span class='ocrx_word' id='word_1_610' title='bbox 1638 2449 1754 2486; x_wconf 75' lang='lat' dir='ltr'>meriti,</span> <span class='ocrx_word' id='word_1_611' title='bbox 1772 2448 1810 2478; x_wconf 79' lang='lat' dir='ltr'>(le</span> 
     </span>
     <span class='ocr_line' id='line_1_90' title="bbox 1037 2501 1811 2546; baseline -0.009 -9"><span class='ocrx_word' id='word_1_612' title='bbox 1037 2517 1070 2538; x_wconf 89' lang='lat' dir='ltr'>se</span> <span class='ocrx_word' id='word_1_613' title='bbox 1095 2506 1342 2546; x_wconf 81' lang='lat' dir='ltr'>compellebatur</span> <span class='ocrx_word' id='word_1_614' title='bbox 1357 2504 1440 2535; x_wconf 87' lang='lat' dir='ltr'>mala</span> <span class='ocrx_word' id='word_1_615' title='bbox 1461 2502 1588 2533; x_wconf 81' lang='lat' dir='ltr'>sentire.</span> <span class='ocrx_word' id='word_1_616' title='bbox 1610 2501 1684 2531; x_wconf 86' lang='lat' dir='ltr'>Haec</span> <span class='ocrx_word' id='word_1_617' title='bbox 1703 2502 1811 2531; x_wconf 85' lang='lat' dir='ltr'>autem</span> 
     </span>
    </p>
   </div>
   <div class='ocr_carea' id='block_1_7' title="bbox 1036 2600 1811 2703">
    <p class='ocr_par' dir='ltr' id='par_1_9' title="bbox 1036 2600 1811 2703">
     <span class='ocr_line' id='line_1_91' title="bbox 1036 2600 1810 2632; baseline -0.005 -4"><span class='ocrx_word' id='word_1_618' title='bbox 1036 2607 1059 2628; x_wconf 80' lang='lat'>7.</span> <span class='ocrx_word' id='word_1_619' title='bbox 1072 2617 1101 2621; x_wconf 87' lang='lat'>—-</span> <span class='ocrx_word' id='word_1_620' title='bbox 1117 2605 1124 2618; x_wconf 74' lang='lat'><em>⁷</em></span> <span class='ocrx_word' id='word_1_621' title='bbox 1142 2605 1223 2631; x_wconf 60' lang='lat' dir='ltr'>Prota,</span> <span class='ocrx_word' id='word_1_622' title='bbox 1239 2608 1291 2632; x_wconf 76' lang='lat' dir='ltr'>xvi,</span> <span class='ocrx_word' id='word_1_623' title='bbox 1313 2603 1349 2626; x_wconf 81' lang='lat'>18.</span> <span class='ocrx_word' id='word_1_624' title='bbox 1366 2614 1395 2619; x_wconf 89' lang='lat'>—</span> <span class='ocrx_word' id='word_1_625' title='bbox 1409 2600 1486 2628; x_wconf 77' lang='lat' dir='ltr'>⁸Joh‚</span> <span class='ocrx_word' id='word_1_626' title='bbox 1501 2605 1567 2630; x_wconf 75' lang='lat' dir='ltr'>xxii,</span> <span class='ocrx_word' id='word_1_627' title='bbox 1582 2601 1621 2623; x_wconf 74' lang='lat'>29.</span> <span class='ocrx_word' id='word_1_628' title='bbox 1637 2612 1667 2617; x_wconf 95' lang='lat'><strong>—</strong></span> <span class='ocrx_word' id='word_1_629' title='bbox 1682 2600 1692 2616; x_wconf 84' lang='lat'>⁹</span> <span class='ocrx_word' id='word_1_630' title='bbox 1709 2601 1714 2623; x_wconf 98' lang='grc' dir='ltr'>Ι</span> <span class='ocrx_word' id='word_1_631' title='bbox 1733 2601 1810 2629; x_wconf 76' lang='lat' dir='ltr'>Pecr..</span> 
     </span>
     <span class='ocr_line' id='line_1_92' title="bbox 1038 2635 1811 2670; baseline -0.005 -7"><span class='ocrx_word' id='word_1_632' title='bbox 1038 2647 1061 2670; x_wconf 85' lang='lat' dir='ltr'>v,</span> <span class='ocrx_word' id='word_1_633' title='bbox 1081 2642 1102 2663; x_wconf 75' lang='grc'>6.</span> <span class='ocrx_word' id='word_1_634' title='bbox 1119 2652 1149 2656; x_wconf 92' lang='lat'>--</span> <span class='ocrx_word' id='word_1_635' title='bbox 1165 2640 1181 2653; x_wconf 85' lang='lat'>¹⁰</span> <span class='ocrx_word' id='word_1_636' title='bbox 1198 2639 1281 2668; x_wconf 58' lang='lat' dir='ltr'>Prota,</span> <span class='ocrx_word' id='word_1_637' title='bbox 1296 2643 1375 2667; x_wconf 69' lang='lat' dir='ltr'>xviii,</span> <span class='ocrx_word' id='word_1_638' title='bbox 1396 2637 1431 2660; x_wconf 76' lang='lat'>12.</span> <span class='ocrx_word' id='word_1_639' title='bbox 1449 2648 1478 2653; x_wconf 92' lang='lat'>——</span> <span class='ocrx_word' id='word_1_640' title='bbox 1498 2637 1515 2651; x_wconf 81' lang='lat'>¹¹</span> <span class='ocrx_word' id='word_1_641' title='bbox 1532 2635 1615 2665; x_wconf 65' lang='lat' dir='ltr'>Pron„</span> <span class='ocrx_word' id='word_1_642' title='bbox 1633 2640 1709 2666; x_wconf 74' lang='lat' dir='ltr'>xxix,</span> <span class='ocrx_word' id='word_1_643' title='bbox 1728 2636 1766 2659; x_wconf 68' lang='lat'>23.</span> <span class='ocrx_word' id='word_1_644' title='bbox 1781 2647 1811 2652; x_wconf 92' lang='lat'><em>—</em></span> 
     </span>
     <span class='ocr_line' id='line_1_93' title="bbox 1040 2673 1546 2703; baseline -0.01 -5"><span class='ocrx_word' id='word_1_645' title='bbox 1040 2676 1059 2691; x_wconf 76' lang='lat'>¹²</span> <span class='ocrx_word' id='word_1_646' title='bbox 1074 2674 1163 2703; x_wconf 65' lang='lat' dir='ltr'>Ecclf„</span> <span class='ocrx_word' id='word_1_647' title='bbox 1178 2680 1221 2702; x_wconf 80' lang='lat' dir='ltr'>xx,</span> <span class='ocrx_word' id='word_1_648' title='bbox 1237 2675 1273 2696; x_wconf 76' lang='lat' dir='ltr'>il.</span> <span class='ocrx_word' id='word_1_649' title='bbox 1287 2685 1314 2690; x_wconf 89' lang='lat'>--</span> <span class='ocrx_word' id='word_1_650' title='bbox 1329 2673 1346 2689; x_wconf 79' lang='lat'>¹³</span> <span class='ocrx_word' id='word_1_651' title='bbox 1359 2673 1431 2701; x_wconf 84' lang='lat' dir='ltr'>Sup.,</span> <span class='ocrx_word' id='word_1_652' title='bbox 1445 2673 1546 2697; x_wconf 60' lang='grc'><strong>,111-,111</strong></span> 
     </span>
    </p>
   </div>
   <div class='ocr_carea' id='block_1_8' title="bbox 1976 911 1987 1212">
    <p class='ocr_par' dir='ltr' id='par_1_10' title="bbox 1976 911 1987 1212">
     <span class='ocr_line' id='line_1_94' title="bbox 1976 911 1987 1212; textangle 90"><span class='ocrx_word' id='word_1_653' title='bbox 1984 1205 1987 1212; x_wconf 85' lang='lat'>-</span> <span class='ocrx_word' id='word_1_654' title='bbox 1979 1124 1987 1169; x_wconf 68' lang='lat'>-⁴-</span> <span class='ocrx_word' id='word_1_655' title='bbox 1976 911 1987 1094; x_wconf 44' lang='lat' dir='ltr'>ffl-n1-⁴</span> 
     </span>
    </p>
   </div>
  </div>
 </body>
</html>
