1987 3032
93 1126 183 1147 Gladius

92 1157 167 1177 multis

78 1188 157 1208 modis.

200 175 259 204 486

200 239 278 266 enim
293 240 498 276 interpretatur
511 243 684 276 regnaturus
699 250 705 268 :
727 241 805 269 auris
825 250 895 276 ergo
911 250 971 270 am-

199 288 316 321 putata,
342 288 369 314 et
391 295 409 314 a
430 287 553 315 Domino
577 289 694 321 sanata,
720 287 815 322 signat
836 288 970 316 auditum

199 333 350 367 amputata
371 335 513 360 vetustate
534 335 708 360 renovatum
730 333 759 360 in
779 341 830 367 eo,
855 334 906 370 qui
927 342 970 362 re-

199 381 340 412 gnaturus
361 381 402 406 cst
426 387 492 406 cum
515 379 637 406 Christo.
662 392 674 404 »
696 381 760 408 Haec
781 381 968 415 Augustinus.

200 426 297 452 Petrus
312 433 382 460 ergo
397 425 492 460 figura
508 425 710 460 l'roelatorutn,
724 434 852 462 quorum
862 430 903 455 est
918 428 969 456 du-

199 479 264 498 cere
281 471 317 506 (a)
333 471 482 506 gladium,
502 472 637 500 divinum
660 481 840 505 sermonem,
863 474 900 501 de
922 482 969 502 va-

199 518 283 552 gina.
308 518 338 545 id
357 520 399 545 est
421 518 576 553 Scriptura.
595 519 602 535 ¹
620 519 731 546 «Vivus
753 522 793 547 est
807 528 904 548 sermo
921 521 969 548 Dei

200 565 227 591 et
250 564 367 598 etlicax‚
390 566 418 591 et
437 565 645 600 penetrabilior
668 566 749 593 omni
771 566 872 601 gladio
891 567 970 594 anci-

199 609 260 645 piti.
287 619 300 635 »
327 611 337 626 ²
367 619 381 635 «
404 611 494 638 Ponat
523 611 568 638 vir
595 611 728 646 gladium
756 620 845 648 super
874 613 970 640 femur

199 664 301 690 suum,
319 666 331 681 n
346 658 398 684 etc.
416 659 447 684 Et
466 657 575 685 debent
591 658 765 685 abscindere
781 666 883 686 aurem
899 659 969 686 dex-

199 704 305 736 teram,
321 702 482 736 auferendo
499 711 587 731 omne
610 704 870 739 impedimentum,
888 706 970 740 quod

200 747 322 782 impedit
340 748 442 776 audire
462 749 588 777 coelestia
602 752 612 766 ³
635 759 641 777 :
661 760 674 776 a
689 750 850 778 Persorabit
867 751 902 787 (b)
918 759 970 779 au-

198 801 260 820 rem
273 794 367 829 ejus.»
385 796 395 811 ¹0
414 805 427 820 «
442 795 514 823 Misit
528 796 673 831 digitosin
683 797 860 824 auriculas.»
872 797 902 823 ⁵«
914 798 971 825 Eri-

199 840 239 874 git
254 840 324 868 mihi
341 849 442 869 aurem
462 845 492 869 ut
509 843 638 870 audiam.
654 853 668 868 i)
686 845 717 870 Et
733 844 821 871 talem
836 845 970 872 auditum

199 889 281 914 sanat
297 888 450 922 Dominus,
467 890 497 915 ut
516 889 638 917 audiens
653 890 687 917 sit
702 898 769 917 cum
784 898 819 917 eo
835 893 971 926 regnatu-

199 941 262 967 rus,
279 941 368 968 supra
382 935 414 960 ⁶:
435 935 516 968 «Qui
541 936 633 962 credit
655 935 685 963 in
710 944 771 968 me,
793 937 816 963 si
836 940 970 965 mortuus

198 979 298 1010 suerit,
314 980 409 1015 vivet;
426 991 440 1006 u
457 981 508 1016 qui
530 981 637 1015 credit,
660 982 797 1018 inquam,
819 983 969 1011 audiendo

197 1027 323 1055 verbum
338 1028 386 1055 Dei
408 1037 414 1055 :
443 1029 556 1056 «Fides
578 1029 657 1056 enim
681 1031 691 1047 ⁷
713 1038 749 1057 ox
773 1031 884 1058 auditu.
903 1041 916 1057 »
938 1033 970 1058 Et

199 1076 267 1101 nota
283 1074 365 1110 quod
380 1076 419 1102 ait
439 1084 445 1102 :
463 1077 544 1102 Mitte
564 1077 685 1109 yludimn
699 1079 727 1104 in
747 1080 880 1111 raginam.
897 1078 969 1105 Dici-

200 1122 244 1147 tur
259 1121 337 1147 enim
361 1121 477 1155 gladius
501 1122 599 1149 multis
618 1123 732 1157 modis,
750 1125 781 1150 ut
800 1124 840 1151 ait
859 1125 968 1158 Grego-

198 1167 257 1193 rius
271 1167 281 1183 Β
302 1175 452 1202 exponens
474 1168 547 1195 illud
561 1169 593 1206 ¹¹:
618 1178 631 1194 «
651 1170 721 1196 Cum
743 1170 970 1205 apprehenderit

198 1220 265 1239 eum
285 1213 422 1248 gladius:
443 1224 456 1240 »
480 1214 586 1242 Dicitur
606 1215 698 1249 enim,
724 1215 831 1251 inquit,
853 1216 970 1251 gladius

198 1262 298 1287 saneta
323 1260 492 1295 praedicatio
515 1260 534 1276 ¹⁰
558 1270 563 1287 :
583 1270 596 1286 «
617 1263 648 1288 Et
673 1262 806 1296 gladium
836 1263 968 1299 spiritus,

198 1305 280 1340 quod
297 1308 339 1333 est
357 1307 481 1333 verbum
499 1307 555 1334 bei.
572 1317 586 1332 »
609 1309 679 1335 Item
700 1308 806 1336 dicitur
821 1309 968 1337 tribulatio

199 1352 369 1388 temporalis
385 1353 404 1370 ¹¹
423 1363 449 1380 z«
462 1355 493 1380 Et
507 1355 587 1381 tuam
603 1354 693 1389 ipsius
701 1355 831 1382 animam
840 1359 971 1391 pertran-

198 1399 267 1425 sibit
283 1399 410 1434 gladius.
425 1410 439 1425 »
463 1402 533 1428 ltem
557 1400 662 1428 dicitur
676 1402 827 1436 persuasio
846 1402 967 1437 maligni

198 1445 302 1479 hostis,
318 1448 406 1481 prout
420 1446 459 1473 ait
472 1447 615 1482 Propheta
631 1446 652 1464 ¹²
669 1456 675 1474 ι
695 1457 709 1472 «
724 1448 863 1476 Liberasti
879 1450 969 1477 David

198 1499 316 1518 servum
331 1493 413 1518 tuum
429 1492 464 1519 de
477 1492 576 1527 gladio
594 1493 734 1528 maligno.
752 1504 765 1520 »
783 1497 852 1522 Item
865 1495 970 1524 dicitur

198 1538 315 1572 gladius
328 1539 390 1574 ipse
412 1540 600 1567 Antichristus
621 1543 786 1577 assumptus
808 1542 837 1569 in
857 1542 970 1570 diaboli

199 1585 391 1613 ministerium
404 1595 410 1613 ε
427 1586 464 1614 de
476 1595 536 1622 quo
547 1588 647 1622 gladio
662 1588 834 1624 intelligitur
845 1591 970 1618 verbum

198 1632 253 1659 Job
267 1640 356 1667 supra
369 1632 488 1661 dictum.
506 1635 537 1661 Et
550 1634 654 1662 merito
670 1635 775 1662 dicitur
786 1636 885 1663 divina
898 1645 970 1672 prae-

200 1678 321 1712 dicatio,
337 1679 385 1706 vel
402 1681 528 1707 verbum
552 1680 699 1715 divinum,
723 1681 858 1716 gladius:
876 1683 971 1711 dictus

200 1724 278 1752 enim
297 1728 340 1752 est
353 1725 485 1760 gladius,
507 1726 589 1762 quod
610 1728 700 1761 qulam
716 1727 843 1762 dividat,
860 1729 891 1756 id
912 1733 970 1764 est,

201 1771 359 1805 cervicem,
376 1773 416 1800 ait
436 1773 538 1808 Papias
554 1776 581 1801 et
596 1774 723 1802 isidorus
738 1774 767 1802 ¹³.
784 1775 837 1808 Qui
854 1776 971 1811 gladius

200 1820 268 1846 tunc
283 1820 325 1845 est
339 1819 452 1853 bonuS,
467 1827 527 1847 non
543 1820 588 1847 cui
603 1828 710 1848 aureus
721 1823 763 1848 est
774 1821 903 1857 balteus,
917 1831 972 1851 nec

201 1864 247 1891 cui
262 1865 366 1899 vagina
381 1866 505 1900 gemmis
520 1866 720 1901 distinguitur;
744 1868 795 1895 sed
814 1869 860 1896 cui
876 1869 914 1896 ad
929 1878 973 1897 se-

202 1911 330 1938 candum
354 1913 396 1938 est
423 1912 537 1939 subtilis
560 1913 637 1940 acies
661 1916 688 1940 et
711 1922 831 1949 mucro,
862 1915 892 1942 id
916 1919 969 1948 est,

201 1965 325 1985 acumen
351 1958 512 1992 munitum,
548 1967 634 1986 omne
665 1963 837 1996 rupturum,
865 1962 974 1990 scilicet

202 2001 283 2036 quod
295 2002 406 2036 obviat,
418 2003 456 2029 ait
471 2003 578 2030 Seneca
589 2003 618 2030 ¹⁵.
634 2003 708 2031 Talis
724 2005 811 2032 debet
826 2013 888 2033 esse
901 2014 973 2041 prae-

202 2047 309 2075 dicatio
325 2048 417 2075 divini
440 2049 537 2083 verbi,
561 2057 631 2077 vera
654 2053 680 2077 et
703 2054 788 2078 acuta
805 2052 842 2079 ad
858 2052 972 2080 abscin-

202 2094 301 2121 denda
324 2097 444 2130 peccata
465 2096 474 2111 ²
497 2103 503 2121 ε
524 2097 642 2123 «Ponat
665 2097 708 2123 vir
730 2097 862 2131 gladium
885 2107 974 2134 super

202 2140 297 2168 femur
309 2149 410 2175 suum,
427 2144 454 2169 et
465 2141 580 2169 occidat
594 2143 798 2178 unusquisque
813 2144 933 2172 fratrem
946 2147 975 2173 et

202 2187 380 2221 proximum.
398 2197 412 2213 >³
430 2188 514 2221 Quod
530 2189 648 2224 exponit
662 2190 816 2223 Gregorius
831 2190 849 2206 ¹³
862 2190 898 2218 de
911 2191 973 2226 gla-

204 2232 254 2260 dio
274 2233 494 2270 increpationis,
511 2235 572 2261 sive
587 2235 670 2262 verbi
685 2236 784 2263 divini.
803 2237 821 2252 ¹⁶
838 2246 851 2262 «
868 2238 974 2265 Omnes

204 2280 332 2307 tenentes
352 2280 468 2315 gladios
489 2290 495 2307 :
512 2291 524 2307 ω
551 2281 633 2316 quod
649 2282 770 2317 exponit
783 2284 937 2318 Gregorius
954 2285 973 2301 ¹⁷

234 2361 242 2376 ¹
261 2360 343 2392 Heba,
364 2368 398 2392 ιν,
415 2365 453 2387 12.
473 2376 502 2381 ·—-
520 2363 530 2379 ²
544 2363 634 2393 Exod„
654 2369 744 2393 xxxu,
765 2366 804 2388 27.
824 2378 850 2382 -—
872 2366 881 2381 ³
901 2366 973 2397 thid„

203 2401 263 2425 xxi,
280 2398 303 2420 6.
319 2410 346 2414 —
364 2398 372 2411 ⁴
387 2399 475 2429 Marc„
492 2405 538 2427 vu,
555 2401 592 2424 323.
611 2413 640 2417 —
655 2401 663 2414 ⁵
678 2401 737 2428 lsa„
753 2406 776 2430 L,
794 2402 816 2424 4.
833 2414 858 2417 —
877 2402 885 2415 n
899 2402 972 2432 Sup.‚

204 2437 243 2461 Χῖ,
272 2433 300 2454 25
334 2445 362 2449 ——-
387 2434 394 2447 ⁷
416 2434 493 2464 Rom„
521 2441 550 2464 x,
576 2436 613 2458 17.
637 2448 664 2452 —
692 2436 700 2449 ⁸
727 2436 844 2466 Greg01·.,
871 2437 971 2467 Moral.‚

203 2467 246 2491 lib.
265 2469 376 2499 Rxxlv,
396 2476 418 2492 c.
440 2475 500 2499 v111,
521 2471 546 2494 in
561 2471 642 2501 princ.
662 2484 686 2488 -
705 2471 713 2485 ⁹
732 2471 790 2501 Job,
808 2478 866 2499 λιι,
886 2474 922 2496 17.
943 2486 973 2490 -

205 2503 224 2519 ¹⁰
238 2502 338 2533 Ephes..
352 2509 386 2533 vi,
407 2505 440 2527 ³7.
455 2517 482 2521 —
497 2506 514 2521 ¹¹
530 2506 597 2535 Luc„
612 2512 645 2535 11,
661 2508 700 2530 35.
716 2519 746 2524 —
765 2507 784 2523 ¹²
797 2507 864 2530 Psal.
881 2514 971 2539 chni,

207 2540 242 2561 10.
253 2551 283 2555 —
295 2538 311 2552 ¹²
323 2539 390 2568 isid„
403 2539 520 2569 Etymol.y
535 2541 578 2564 lib.
592 2542 692 2565 xxviii
703 2560 708 2571 ,Δ
720 2551 742 2565 c.
756 2548 779 2566 ii
801 2555 829 2559 —
842 2543 857 2557 ¹¹
869 2544 971 2573 Senes„

206 2573 281 2602 Epist.
303 2580 403 2603 an'lt,
419 2577 476 2597 autc
493 2576 560 2598 meti.
578 2590 600 2591 j
621 2577 639 2592 ¹⁵
655 2578 769 2605 Gregor.²
789 2579 884 2601 [histor.
901 2578 972 2607 Cura,

206 2610 268 2639 part.
286 2609 332 2639 ΙΙΙ,
348 2616 370 2632 c.
388 2615 406 2640 1,
424 2610 528 2633 admon.
546 2612 588 2640 23,
602 2613 659 2640 post
673 2612 738 2635 med.
756 2625 784 2629 —-
801 2612 817 2628 ¹¹³
834 2612 915 2643 Cana,
932 2619 970 2644 111,

720 175 931 206 EVANGELH
956 175 1094 208 SANCTl
1117 177 1281 210 JOANNlS

1025 243 1061 271 de
1085 243 1184 278 gladio
1209 245 1290 273 verbi
1315 246 1417 274 divini.
1441 246 1526 280 Quod
1549 253 1619 274 vero
1642 245 1792 281 sequitur:

1026 290 1139 317 Calicem
1153 299 1229 324 quem
1243 292 1319 319 dedit
1334 294 1400 320 mihi
1410 295 1497 323 Pater,
1510 294 1610 328 posset
1625 299 1686 320 esse
1696 292 1796 320 thema

1024 336 1054 363 in
1068 336 1214 364 passione.
1231 338 1310 365 Unde
1326 338 1366 366 ibi
1382 339 1436 366 tria
1448 338 1650 366 insinuantur:
1667 345 1795 374 quorum

1023 383 1151 418 primum
1161 385 1203 410 est
1216 383 1307 419 ipsius
1320 385 1463 420 passionis
1476 384 1630 418 acerbitas,
1643 384 1683 412 ibi
1697 392 1704 410 :
1723 384 1796 411 Cali-

1023 437 1091 461 cem,
1113 437 1166 464 per
1190 437 1280 464 quem
1301 430 1431 465 signatur
1445 430 1612 458 amaritudo
1632 429 1795 466 passionis,

1023 477 1111 510 prout
1124 475 1164 502 ait
1178 476 1333 511 Gregorius
1347 477 1375 502 ¹³.
1396 486 1409 501 «
1420 477 1510 510 Quid,
1527 477 1638 513 inquit,
1653 483 1706 511 per
1725 475 1795 503 cali-

1024 529 1105 554 cem,
1134 521 1190 549 nisi
1226 522 1360 549 dolorem
1397 523 1542 558 passionis
1575 522 1755 558 accipimus?
1779 531 1792 548 n

1027 568 1046 584 ¹⁹
1062 577 1075 592 α
1091 567 1216 595 Calicem
1241 568 1361 603 quidem
1381 576 1481 595 meum
1507 568 1623 596 bibetis.
1647 579 1662 594 ν)
1688 570 1720 596 Et
1741 569 1763 585 ’⁰
1785 579 1791 596 :

1026 624 1038 639 ι(
1053 615 1189 641 Transeat
1204 621 1221 641 a
1239 622 1286 641 me
1309 614 1385 642 calix
1405 614 1468 641 iste.
1485 624 1499 640 n
1521 616 1551 642 Et
1571 614 1609 642 de
1634 614 1689 642 isto
1704 614 1795 643 calice

1023 661 1054 688 in
1071 662 1192 695 Dialoqz‘s
1211 663 1232 678 ²¹
1251 670 1257 688 z
1273 670 1286 686 α
1299 661 1380 689 Calix
1400 661 1506 689 dicitur
1526 661 1668 697 poculum
1682 661 1795 697 passio-

1023 707 1078 734 nis.
1095 717 1107 732 »
1125 708 1259 735 Secundo
1283 707 1445 735 insinuatur
1465 710 1586 743 paterna
1606 707 1740 735 voluntas
1755 707 1793 735 de

1024 753 1160 788 passione
1175 753 1236 780 Filii
1251 762 1256 780 :
1276 754 1357 786 Quem
1372 754 1446 780 dedit
1463 754 1530 780 milti
1541 754 1633 787 Pater,
1647 755 1678 781 ut
1692 755 1733 780 est
1747 760 1795 781 ex-

1023 799 1152 834 positum
1166 807 1256 835 supra
1276 800 1314 827 ab
1331 800 1492 835 Augustino
1502 799 1524 815 ²²
1541 809 1546 826 :
1569 810 1581 825 (ι
1598 799 1652 833 Qui
1672 799 1794 835 proprio

1024 845 1085 873 filio
1102 854 1161 873 non
1175 846 1312 882 pepercit.
1324 857 1337 871 »
1351 846 1444 874 Tertio
1455 846 1619 873 insinuatur
1633 845 1694 873 Filii
1708 853 1795 881 spon-

1025 892 1145 920 taneitis
1166 892 1203 920 ad
1219 892 1433 926 sustinendum,
1451 894 1478 919 et
1491 892 1636 928 passionis
1646 892 1795 927 infimitas,

1024 939 1064 966 ibi
1081 948 1086 965 ε
1108 940 1140 966 Uc
1155 939 1242 965 bibam
1258 940 1335 966 illum
1348 948 1356 965 :
1371 939 1454 974 quod
1466 939 1545 966 enim
1559 938 1681 972 bibitur,
1697 938 1737 966 ad
1751 938 1796 966 in-

1024 986 1094 1012 tima
1113 985 1286 1020 ingreditur.
1314 987 1346 1012 L't
1369 985 1448 1012 enim
1475 986 1514 1012 ait
1537 984 1714 1020 Augustinus
1735 983 1758 1002 ²⁸
1786 995 1794 1012 .-

1027 1041 1039 1057 ι(
1056 1032 1135 1059 Prior
1153 1031 1229 1058 bibit
1244 1031 1377 1058 medicus
1389 1039 1476 1058 sanus
1487 1052 1493 1063 ‚
1506 1033 1536 1058 ut
1549 1031 1650 1059 bibere
1665 1038 1727 1059 non
1741 1030 1795 1058 du-

1024 1078 1127 1104 bitaret
1141 1080 1277 1113 aegrotus.
1292 1088 1304 1103 n
1332 1079 1372 1105 Ex
1397 1085 1456 1113 quo
1476 1085 1546 1111 ergo
1561 1077 1649 1104 Filius
1664 1077 1712 1104 Dei
1728 1085 1796 1113 pro·

1023 1124 1136 1159 pinavit
1151 1124 1187 1151 de
1200 1124 1248 1151 tali
1263 1124 1367 1158 calice,
1384 1124 1524 1151 incuriale
1540 1126 1581 1151 est
1595 1123 1654 1151 suis
1669 1123 1795 1159 discipu-

1023 1170 1068 1203 lis,
1083 1170 1128 1197 vel
1143 1170 1306 1197 volentibus
1326 1170 1409 1206 sequi
1425 1178 1510 1204 eum,
1532 1170 1569 1198 de
1585 1169 1691 1198 eodem
1706 1169 1794 1197 calice

1023 1224 1083 1243 non
1099 1216 1215 1251 bibere3
1233 1218 1260 1243 et
1282 1216 1422 1251 injustum
1444 1219 1485 1244 est
1505 1216 1655 1252 aliquibus
1670 1223 1796 1251 regnum

1023 1265 1138 1297 petere,
1155 1264 1181 1289 et
1196 1270 1263 1289 cum
1279 1270 1313 1289 eo
1338 1270 1477 1297 regnare,
1491 1262 1546 1289 nisi
1561 1262 1643 1298 prius
1656 1261 1794 1290 biberint.

1024 1308 1185 1344 Respondit
1210 1309 1271 1343 ipse
1296 1308 1426 1336 Salvator
1449 1308 1534 1336 matri
1559 1308 1690 1336 filiorum
1708 1308 1796 1336 Zebe-

1025 1356 1090 1390 daei,
1100 1356 1209 1392 petenti
1224 1356 1292 1383 filiis
1306 1356 1366 1383 suis
1375 1356 1476 1383 sedere
1486 1356 1517 1383 in
1528 1363 1621 1390 regno
1633 1363 1700 1383 eum
1710 1363 1746 1383 eo
1755 1354 1794 1384 ²⁵:

1029 1413 1041 1428 «
1060 1403 1193 1436 Potestis,
1218 1402 1329 1438 inquit,
1351 1402 1455 1430 bIbere
1476 1402 1614 1435 calicem,
1636 1409 1726 1438 quem
1740 1409 1796 1437 ego

1025 1449 1170 1477 bibiturus
1185 1449 1272 1476 sum?
1287 1459 1299 1474 »
1325 1448 1413 1482 Quasi
1439 1448 1568 1476 diceret:
1593 1449 1724 1482 Regnare
1743 1455 1796 1475 vo-

1025 1495 1152 1523 lentibus
1169 1495 1241 1522 calix
1254 1495 1336 1530 prius
1356 1496 1399 1522 est
1413 1494 1572 1522 bibendus.
1595 1494 1674 1522 Unde
1688 1495 1797 1529 Grego-

1025 1542 1084 1569 rius
1101 1541 1123 1558 25
1144 1550 1178 1568 :«
1193 1543 1245 1568 Per
1266 1540 1386 1568 calicem
1409 1540 1578 1576 pervenitur
1601 1540 1639 1567 ad
1661 1540 1797 1574 majesta-

1026 1590 1093 1615 tem.
1110 1598 1122 1612 »
1150 1589 1180 1615 Et
1208 1587 1249 1614 ibi
1275 1587 1349 1614 bene
1375 1587 1411 1614 de
1436 1587 1503 1614 hoc.
1532 1588 1564 1613 Et
1590 1586 1766 1621 Augustinus
1788 1595 1795 1613 :

1027 1645 1039 1658 a
1057 1634 1135 1662 Ordo
1151 1635 1202 1668 est,
1219 1635 1250 1661 ut
1264 1641 1316 1669 per
1330 1633 1533 1660 tribulationes
1547 1632 1586 1660 ad
1595 1632 1721 1667 gloriam
1731 1639 1798 1667 per-

1027 1681 1169 1708 veniatur.
1187 1691 1199 1706 »
1212 1679 1233 1697 ²⁶
1248 1690 1260 1706 α
1276 1679 1304 1708 si
1323 1679 1464 1707 fuerimus
1477 1679 1548 1706 socii
1564 1678 1750 1714 passionum,
1771 1680 1800 1706 et

1026 1727 1275 1755 consolationis.»
1299 1726 1319 1743 ²⁷
1339 1736 1352 1751 t(
1366 1726 1393 1754 Si
1417 1725 1624 1761 compatimur,
1646 1726 1674 1753 et
1697 1732 1799 1753 conre-

1027 1774 1195 1808 gnabimus.
1212 1783 1224 1799 n

1064 1822 1106 1851 12,
1125 1822 1157 1847 Et
1171 1819 1302 1855 sequitur
1317 1820 1422 1854 quarta
1439 1818 1600 1854 particula,
1615 1818 1646 1845 in
1660 1825 1721 1853 qua
1734 1825 1799 1845 nar-

1026 1869 1106 1895 ratur
1117 1865 1274 1894 Salvatoris
1285 1864 1521 1900 comprehensio,
1531 1864 1590 1892 ibi:
1604 1864 1708 1896 Cohors.
1725 1863 1800 1892 scili-

1029 1916 1073 1941 cet
1081 1912 1237 1940 multitudo
1244 1911 1379 1945 militum,
1390 1913 1491 1938 vocata
1499 1911 1536 1938 ab
1544 1918 1579 1938 eo
1586 1910 1668 1946 quod
1674 1913 1798 1946 coarctet,

1028 1960 1067 1987 ait
1075 1957 1234 1986 isidorusffl'.
1247 1959 1279 1984 Et
1290 1958 1424 1990 tribunus,
1434 1957 1542 1984 scilicet
1551 1957 1688 1993 princeps
1696 1957 1801 1984 cohor-

1027 2006 1062 2033 tis
1074 2028 1080 2037 ,
1097 2008 1120 2032 ct
1132 2005 1254 2032 ministri
1270 2004 1519 2038 comprehenderunt
1534 2005 1631 2030 Jesum.
1652 2004 1684 2030 Et
1698 2003 1728 2030 in
1743 2003 1800 2031 hoc

1028 2051 1174 2079 violentiae
1187 2051 1289 2078 illatio.
1305 2052 1340 2077 Et
1361 2051 1531 2084 ligaverunt,
1549 2052 1576 2077 et
1589 2049 1620 2077 in
1645 2049 1703 2077 hoc
1722 2057 1801 2077 com-

1028 2098 1164 2134 prehensi
1179 2096 1348 2132 captivatio.
1365 2097 1397 2123 Ut
1411 2096 1490 2123 enim
1511 2095 1616 2123 dicitur
1630 2095 1661 2123 in
1675 2095 1776 2124 Glossa
1791 2103 1798 2122 :

1032 2155 1045 2171 «
1059 2147 1118 2173 Mos
1133 2146 1194 2172 erat
1207 2145 1219 2171 J
1224 2143 1330 2174 udaeis,
1350 2145 1380 2169 ut
1395 2149 1484 2177 quem
1502 2143 1596 2168 morte
1612 2141 1738 2176 dignum
1748 2141 1799 2176 ju-

1030 2192 1176 2224 dicarent,
1192 2189 1322 2216 vinctum
1333 2187 1427 2223 judici
1444 2187 1601 2214 traderent.
1619 2196 1631 2212 ›>
1644 2189 1677 2215 Et
1689 2187 1751 2214 haec
1765 2186 1800 2214 li-

1031 2238 1109 2272 gatio
1124 2236 1177 2264 t'uit
1191 2236 1316 2270 figurata
1331 2234 1361 2262 in
1376 2234 1515 2268 ligatione
1532 2236 1626 2268 Isaac,
1643 2233 1713 2262 etin
1725 2233 1799 2269 liga-

1030 2321 1052 2342 8.
1069 2331 1091 2336 -
1113 2319 1129 2333 ¹⁷
1145 2318 1232 2347 Greg.‚
1247 2315 1349 2343 Moral.¹
1365 2315 1409 2338 lib.
1430 2315 1524 2345 xvm,
1543 2321 1566 2338 c.
1583 2320 1640 2345 xw,
1654 2316 1713 2345 post
1729 2314 1798 2338 med.

1030 2367 1059 2371 --
1080 2354 1098 2370 [Β
1115 2354 1231 2383 Gregor.,
1251 2351 1276 2373 in
1295 2351 1404 2380 Evanq„
1422 2350 1492 2373 hom.
1512 2355 1590 2379 xxxv,
1609 2351 1668 2380 post
1685 2349 1752 2373 med.
1769 2361 1795 2365 —

1031 2391 1049 2406 ¹⁹
1067 2388 1166 2415 matth„
1187 2393 1236 2416 xx,
1255 2387 1294 2409 23.
1312 2399 1341 2402 —
1357 2386 1375 2401 ²⁰
1395 2385 1470 2415 ibid„
1487 2391 1558 2415 xxvi,
1578 2386 1612 2410 19.
1629 2398 1659 2402 —
1674 2384 1694 2401 ²¹
1710 2385 1796 2415 Greg.‚

1031 2424 1141 2454 Dialoy..
1156 2423 1200 2446 lib.
1220 2423 1265 2451 lll,
1284 2428 1306 2444 c.
1323 2426 1397 2450 xxvi,
1411 2422 1469 2451 post
1483 2420 1551 2444 med.
1564 2433 1594 2438 —
1611 2420 1633 2436 ²²
1644 2420 1721 2449 Rom„
1738 2424 1796 2448 vm,

1030 2462 1067 2483 32.
1081 2472 1108 2476 —
1118 2459 1138 2475 ²⁸
1149 2460 1223 2489 Aug,
1233 2457 1263 2481 tle
1275 2455 1339 2480 verb.
1355 2456 1435 2485 Dom.,
1447 2462 1523 2479 serm.
1538 2460 1612 2484 xviii,
1625 2454 1655 2477 al.
1668 2459 1795 2484 mxxviii,

1030 2502 1054 2518 n.
1075 2495 1099 2517 7.
1119 2507 1148 2511 —
1168 2494 1188 2508 ²⁸
1207 2492 1307 2519 ruauh„
1327 2497 1374 2520 xx,
1394 2492 1432 2514 22.
1452 2503 1481 2507 —
1499 2491 1519 2506 ²⁵
1537 2491 1621 2520 Greg„
1643 2489 1668 2511 iu
1689 2489 1795 2519 Evanq..

1029 2530 1098 2553 horn.
1112 2529 1260 2557 xxv11,ante
1275 2527 1342 2550 med.
1354 2539 1384 2544 —
1397 2526 1419 2542 ²⁸
1433 2527 1450 2549 ΙΙ
1464 2526 1561 2553 Co1·.,1‚
1575 2525 1599 2547 7.
1610 2536 1639 2541 —
1652 2524 1674 2540 ²⁷
1687 2524 1707 2547 ll
1725 2524 1795 2554 Tim„

1032 2571 1061 2594 τι,
1079 2566 1115 2588 12.
1132 2577 1161 2581 —
1177 2564 1194 2577 ²³
1212 2563 1258 2586 lsid
1273 2580 1278 2591 ,
1295 2561 1440 2592 Elynoloy„
1456 2560 1498 2583 lib.
1515 2559 1604 2587 xvttt,
1621 2566 1642 2581 e.
1661 2565 1694 2582 ix.

1059 2614 1092 2644 (a)
1108 2613 1164 2643 Leq.
1180 2611 1297 2636 educere.
1313 2622 1341 2627 —-
1356 2608 1388 2639 (b)
1405 2608 1463 2632 Caet.
1478 2607 1538 2631 edit.
1554 2607 1666 2632 Pei-sora.
