1987 3032
687 201 892 233 EXPOSITIO
914 201 953 232 IN
974 202 1058 233 CAP.
1082 202 1173 234 XVII.

138 274 186 302 tro
205 269 418 301 misericordia
436 270 466 299 et
490 268 669 308 propitiatio
684 292 693 305 ,
709 280 724 296 n
747 271 805 299 etc.
833 268 905 298 Ideo

138 324 272 363 singulis
300 323 409 353 diebus
438 322 540 352 dicere
574 322 725 352 debemus
752 321 831 351 illud
858 322 866 338 ²
895 333 901 352 2

142 376 250 414 «Regi
273 377 379 406 autem
398 375 586 405 saeculorum
607 374 793 411 immortali,
819 374 905 404 invi-

138 429 233 465 sibili,
256 428 314 458 soli
334 428 396 458 Deo
417 429 530 465 honor,
554 430 584 458 et
606 427 708 466 gloria
730 427 763 456 in
788 427 904 457 saecula

137 481 337 511 saeculorum.
354 481 494 511 Amen.»

176 535 224 564 11.
240 534 286 565 Et
295 534 420 572 factum
435 537 495 570 est,
515 533 592 563 (lum
615 537 716 570 irem,
739 534 797 563 etc.
815 533 905 563 Post-

136 596 233 626 quam
247 586 416 626 discipulos
430 586 469 616 ad
485 586 659 625 spiritualia
672 594 767 624 opera
781 585 904 624 pietatis

136 639 319 670 informavit
341 639 528 669 documento
553 638 714 676 rationali⁷
738 639 768 668 et
790 647 903 668 manu-

136 693 227 723 duxit
239 692 385 731 exemplo
399 691 554 729 sensibili,
570 692 621 721 hic
635 693 701 730 jam
721 691 814 721 tertio
833 699 904 720 con-

136 746 242 775 firmat
262 746 341 775 facto
365 744 513 774 mtrabili.
538 744 571 774 In
596 752 658 783 quo
681 744 739 783 ipsi
761 743 904 782 discipuli

136 807 176 829 ex
190 798 258 828 viso
272 806 365 837 opere
379 797 515 828 mirabili
531 798 759 827 confirmantur
779 797 818 827 ad
837 806 904 827 cre-

135 852 274 881 dendum
289 874 298 888 ,
329 852 360 881 et
386 860 425 881 ex
450 851 606 881 intellecto
628 851 842 881 accenduntur
865 851 904 880 ad

136 904 335 934 imitandum.
352 903 390 934 Et
404 903 473 933 ideo
488 903 582 933 simul
598 903 771 933 litteraliter
791 905 822 933 et
840 904 905 942 spi-

135 957 290 987 ritualiter
318 957 378 987 hoc
403 956 595 986 miraculum
621 956 821 986 tractandum
846 959 902 987 cst.

136 1011 171 1041 In
190 1011 376 1049 hujusmodi
399 1012 506 1040 autem
527 1009 672 1039 miraculi
695 1010 904 1049 descriptione

134 1064 237 1103 primo
252 1063 457 1102 praemittitur
470 1063 591 1092 curatio
603 1062 803 1100 aegritudinis
818 1063 904 1094 incu-

135 1116 258 1153 rabilis;
286 1116 423 1146 secundo
445 1116 571 1145 additur
593 1116 777 1154 approbatio
803 1117 902 1154 grati-

133 1169 250 1199 tudinis
261 1168 529 1205 commendabilis,
542 1168 586 1197 ibi
596 1168 607 1184 ²
621 1178 627 1197 :
646 1168 733 1198 snus
748 1172 855 1198 aulem
865 1178 904 1199 er

134 1221 196 1251 illis
210 1225 245 1250 ut
258 1221 346 1257 vidit,
362 1224 419 1251 etc.
434 1220 520 1251 Circa
534 1223 641 1250 autem
652 1221 848 1251 curationem
859 1230 904 1251 az-

133 1274 306 1312 gritudinis
321 1273 515 1311 incurabilis⁷
534 1274 593 1303 tria
607 1273 851 1303 introducuntur
865 1274 904 1304 ad

133 1326 367 1365 expressionem
379 1328 409 1356 et
420 1326 726 1356 commendationem
741 1326 902 1364 miraculi,

133 1381 163 1409 et
179 1379 217 1409 ad
228 1379 417 1418 mysterium
428 1379 670 1417 significationis
679 1402 686 1415 ‚
704 1379 819 1408 scilicet
833 1388 905 1409 con-

132 1432 255 1470 gruitas
279 1432 357 1469 loci,
383 1431 544 1461 calamitas
568 1431 688 1468 morbi,
717 1433 747 1461 et
775 1431 904 1461 facilitas

132 1482 217 1512 modi
231 1482 372 1512 curandi.
402 1491 409 1494 “

173 1535 280 1565 Primo
304 1544 398 1573 ergo,
426 1536 583 1574 quantum
607 1534 645 1564 ad
669 1535 903 1573 congruitatem

132 1588 204 1625 loci,
220 1588 293 1618 dicit
310 1598 317 1618 z
335 1588 381 1619 Et
394 1588 519 1626 factum
534 1591 596 1625 est,
617 1587 695 1618 dum
715 1588 775 1618 iret
794 1589 827 1618 ἰη
849 1588 901 1619 Je-

131 1641 288 1678 rusalcm3
305 1650 360 1680 per
374 1650 471 1680 quam
489 1641 689 1679 significatur
702 1643 803 1671 status
818 1641 904 1680 quie-

131 1694 171 1723 tis
183 1705 188 1723 :
202 1703 277 1724 nam
289 1694 516 1733 interpretatur
527 1694 604 1724 ossio
610 1695 701 1734 pacis
710 1694 719 1710 ³
732 1705 738 1724 :
756 1706 770 1723 (ι
782 1695 900 1732 Lauda,

130 1746 316 1784 Jerusalem,
333 1746 520 1783 Dominum⁷
532 1746 640 1784 lauda,
654 1758 667 1774 n
683 1749 753 1783 etc.;
767 1749 796 1776 et
808 1749 878 1785 post
893 1755 900 1776 :

135 1810 150 1827 α
164 1799 222 1836 Qui
237 1800 342 1838 posuit
360 1799 439 1829 fines
463 1801 534 1828 tuos
558 1808 679 1837 pacem.
698 1810 711 1826 n
736 1799 904 1830 Transibat

126 1861 186 1891 per
205 1851 343 1881 mediam
362 1852 566 1887 Samariam,
588 1855 617 1881 et
636 1851 823 1889 Galilsemn,
847 1861 902 1890 per

131 1913 209 1943 quas
223 1904 408 1942 designatur
420 1904 571 1934 decursus
586 1905 751 1943 praesentis
768 1905 898 1935 itineris.

131 1956 273 1987 Samaria
282 1965 418 1995 namque
429 1956 654 1995 interpretatur
665 1957 816 1994 custodia,
829 1967 901 1997 quae

130 2009 220 2039 dehet
235 2018 302 2039 esse
316 2010 348 2038 in
364 2009 499 2046 actione,
517 2012 544 2039 -1,
560 2011 716 2048 quantum
731 2010 769 2040 ad
780 2012 899 2049 actum,

130 2063 304 2093 secundum
318 2062 394 2093 illud
407 2062 416 2078 ⁶
431 2073 437 2093 ε
455 2062 606 2093 «Custodi
620 2062 732 2102 pedem
747 2065 838 2093 tuum
856 2064 901 2094 in-

129 2116 276 2154 grediens
291 2116 421 2146 domum
437 2116 500 2146 Dei.
518 2127 532 2143 n
552 2119 580 2146 ἐξ,
598 2116 675 2146 Item
690 2119 846 2155 quantum
860 2118 899 2148 ad

129 2169 276 2199 effictum
290 2169 299 2185 ⁵
315 2180 321 2199 :
348 2181 362 2198 α
377 2169 503 2199 Custodi
526 2169 747 2208 temetipsum,
774 2172 804 2199 et
829 2170 898 2200 ani-

130 2230 215 2251 mam
226 2223 314 2251 tuam
326 2221 491 2252 sollicite.»
507 2222 544 2252 Et
555 2222 632 2252 illud
644 2222 805 2261 potissime
819 2232 901 2253 com-

130 2274 202 2312 petit
226 2274 380 2312 praelatis,
403 2275 579 2304 secundum
601 2275 723 2306 illudss:
748 2276 899 2307 «Custodi

130 2327 237 2356 virum
252 2326 349 2356 istum
362 2337 369 2356 2
381 2327 435 2366 qui
446 2327 470 2356 si
482 2326 590 2365 lapsus
600 2327 709 2365 fuerit,
722 2328 781 2358 erit
792 2329 900 2360 anima

131 2381 186 2409 tua
201 2388 258 2418 pro
277 2379 384 2409 anima
404 2381 484 2419 ejus.
500 2391 513 2407 »
533 2381 562 2410 3.
580 2380 675 2417 ltem,
689 2384 845 2420 quantum
860 2383 899 2413 ad

131 2432 265 2462 verbum
276 2431 285 2447 ⁷
302 2440 310 2462 :
332 2432 426 2462 «Dixi
441 2442 448 2463 :
464 2432 644 2463 Custodiam
663 2434 728 2464 vias
742 2444 845 2473 meas,
864 2437 900 2466 ut

131 2493 194 2515 non
209 2484 391 2524 delinquam
406 2485 439 2515 in
456 2485 569 2524 lingua
582 2495 662 2516 mea.
674 2497 688 2514 n
711 2486 839 2518 Galilaea
853 2488 900 2518 in-

165 2581 169 2593 ¹
186 2581 193 2603 l
211 2581 411 2612 T1‘m.‚1‚1·1.—
427 2583 436 2598 ²
449 2582 504 2611 lut,
521 2590 545 2606 V.
562 2584 598 2605 15.
612 2595 637 2599 -—
654 2583 745 2607 ³1¹sal.
762 2590 859 2612 chvn,
878 2587 898 2614 1,

135 2616 169 2638 14.
183 2628 213 2632 —
227 2616 235 2630 ⁴
250 2617 340 2645 Eccle..
358 2619 445 2646 1v‚17.
458 2631 484 2635 —
500 2618 510 2634 ὃ
526 2618 607 2647 Dent„
625 2624 660 2648 ιν,
675 2620 697 2642 9.
713 2631 743 2636 -
758 2620 815 2643 ⁶111
832 2620 899 2650 Κεφ,

132 2655 179 2680 xx,
197 2651 234 2674 39.
253 2665 282 2669 -
301 2653 311 2669 '¹
325 2653 394 2676 Psal.
413 2659 528 2682 xxxvm,
546 2655 569 2677 2.
587 2666 613 2670 -—
635 2654 643 2667 θ
658 2654 747 2684 Eccle.‚
766 2661 799 2684 11,
817 2657 853 2679 12.
869 2667 899 2673 —

1691 209 1728 237 57

962 270 1154 308 terpretatur
1176 270 1435 310 transmz‘qratz‘o,
1456 279 1529 310 quae
1552 271 1642 302 debet
1661 281 1729 304 esse

960 321 993 351 in
1004 322 1274 361 contemplatione,
1285 324 1460 354 secundum
1468 315 1545 354 illud
1553 323 1563 339 ³
1574 335 1580 354 :
1597 324 1730 355 «Trans-

960 374 1004 404 ivi
1032 375 1070 405 ad
1099 376 1373 415 contemplandam
1401 376 1587 416 sapientiam
1599 400 1606 414 ‚
1627 388 1641 405 n
1669 380 1727 408 eto.

960 426 998 457 Et
1012 427 1045 456 in
1064 427 1192 458 Psalmo
1206 428 1236 458 9;
1258 440 1272 456 «
1288 428 1444 464 Quoniam
1467 429 1606 458 transibo
1628 429 1660 459 in
1679 430 1729 460 lo-

960 489 1033 509 cum
1056 481 1247 511 tabernaculi
1269 482 1463 511 admirabilis
1484 490 1586 520 usque
1608 482 1646 511 ad
1670 482 1729 512 do-

960 541 1050 562 mum
1061 532 1125 563 Dei.
1135 544 1149 561 n
1164 533 1202 563 Et
1214 536 1287 564 nota
1299 534 1383 574 quod
1396 534 1511 564 dicitur
1519 543 1577 573 pe)-
1590 534 1729 566 mediam

960 587 1149 618 Samariam
1164 588 1312 624 transire,
1331 590 1361 618 et
1377 590 1445 627 post
1460 588 1651 627 exprimitur
1666 589 1729 620 Ga·

960 639 1060 677 liloea,
1077 640 1151 679 quia
1169 641 1258 679 prius
1279 643 1401 680 oportet
1419 641 1553 671 transire
1576 650 1632 680 per
1653 642 1730 672 acti-

960 702 1052 730 vam,
1068 695 1176 732 postea
1190 702 1246 732 per
1260 693 1550 732 contemplativam.
1568 693 1655 724 Unde
1676 695 1727 725 Ja-

959 745 1016 776 cob
1042 754 1107 775 non
1137 745 1300 776 habuisset
1328 745 1495 776 Rachelem
1514 770 1522 782 ,
1552 747 1612 777 nisi
1641 748 1730 787 prius

959 798 1122 828 habuisset
1130 797 1229 828 Liam.
1242 798 1280 829 Et
1290 799 1405 829 dicitur
1412 807 1470 838 per
1481 799 1620 830 mediam
1632 803 1731 832 trans-

959 851 1021 881 ire:
1037 860 1112 881 nam
1131 855 1158 881 1.
1172 852 1204 881 in
1218 852 1339 882 actione
1355 852 1497 882 medium
1511 853 1611 882 teneri
1627 853 1729 892 debet,

959 904 1142 934 declinando
1157 904 1359 943 superfluum
1374 906 1404 934 et
1424 904 1634 943 diminutum3
1651 908 1681 936 2.
1698 906 1729 937 in

959 957 1142 996 praelatione
1153 956 1308 994 similiter,
1320 957 1507 987 declinando
1517 959 1730 997 acceptionem

959 1018 1169 1048 personarum
1186 1010 1229 1039 ¹⁰:
1250 1020 1265 1037 α
1280 1009 1340 1046 lte,
1359 1011 1389 1039 et
1408 1009 1507 1040 redite
1527 1010 1564 1040 de
1584 1013 1674 1049 porta
1692 1012 1731 1042 ad

959 1063 1083 1100 portam
1103 1070 1159 1100 per
1174 1062 1315 1092 medium
1330 1064 1526 1099 castrorum,
1540 1074 1553 1090 »
1573 1065 1631 1093 etc,
1650 1065 1679 1094 3.
1697 1064 1732 1094 In

959 1114 1221 1153 contemplatione
1236 1115 1379 1145 similiter
1400 1115 1539 1145 medium
1559 1116 1658 1146 teneri
1677 1116 1730 1147 de-

959 1167 1011 1196 bet
1026 1167 1059 1196 in
1074 1167 1301 1197 considerando
1317 1179 1323 1198 ε
1342 1168 1375 1197 in
1391 1169 1482 1207 cujus
1496 1169 1638 1207 figuram
1654 1169 1730 1200 dici-

959 1221 1012 1249 tur
1026 1220 1064 1250 de
1079 1219 1245 1259 Seraphim
1259 1221 1276 1238 ¹¹
1288 1245 1295 1258 ,
1313 1221 1397 1260 quod
1416 1221 1561 1251 «duabus
1576 1221 1635 1252 alis
1650 1222 1732 1253 vela-

959 1273 1035 1302 bant
1049 1273 1161 1303 1aciem
1172 1275 1241 1312 eJ'us
1253 1274 1285 1310 ¹²,
1300 1276 1329 1303 et
1341 1273 1464 1304 duabus
1478 1274 1624 1304 velabant
1637 1275 1732 1314 pedes

959 1326 1048 1363 ejus,
1073 1328 1103 1355 et
1129 1326 1274 1363 duabus,
1296 1336 1310 1354 2>
1346 1326 1489 1357 videlicet
1516 1326 1729 1366 intermediis,

964 1378 1147 1408 «volabant.
1164 1389 1178 1406 n

999 1430 1159 1467 Secundo,
1173 1432 1329 1469 quantum
1340 1431 1379 1461 ad
1389 1431 1600 1461 calamitatem
1611 1433 1729 1471 morbi,

958 1483 1064 1513 subdit
1077 1482 1126 1521 (v.
1142 1484 1198 1522 12)
1216 1493 1223 1513 ι
1240 1483 1285 1514 Et
1303 1493 1376 1514 cum
1395 1485 1614 1523 inqrederetur
1630 1486 1732 1525 quod-

959 1536 1034 1566 dam
1058 1536 1239 1574 castellum,
1263 1542 1470 1567 occurrerant
1493 1539 1524 1568 ei
1540 1538 1647 1569 decem
1670 1540 1734 1570 viri

961 1589 1087 1628 leprosi.
1106 1589 1154 1619 Ad
1171 1589 1325 1626 litteram,
1342 1590 1429 1629 lepra
1450 1593 1497 1621 est
1517 1593 1648 1623 morbus
1671 1593 1731 1623 mi-

958 1642 1099 1672 serabilis
1115 1641 1316 1680 calamitatis,
1337 1643 1413 1682 quia
1431 1644 1534 1674 aufert
1552 1645 1731 1676 remedium

957 1695 1051 1732 artis,
1068 1695 1171 1734 privat
1187 1694 1299 1725 solatio
1315 1695 1470 1726 societatis
1483 1720 1491 1733 ‚
1515 1696 1630 1736 affligIt
1654 1707 1731 1736 gra-

958 1748 1084 1778 vamine
1098 1748 1302 1778 infirmitatis.
1319 1748 1357 1778 Et
1377 1749 1453 1779 tales
1472 1749 1602 1780 desolati
1622 1760 1730 1782 recur-

958 1810 1031 1831 sum
1042 1801 1158 1832 habere
1171 1802 1284 1832 debent
1297 1802 1335 1833 ad
1352 1801 1478 1833 Patrem
1493 1804 1729 1836 misericordiae.

959 1853 1031 1885 ldeo
1045 1854 1148 1884 addit:
1169 1854 1233 1892 Qui
1245 1857 1399 1884 steterunt
1413 1864 1433 1885 a
1449 1855 1553 1895 lonqe,
1569 1865 1660 1887 suam
1675 1867 1732 1897 ag-

958 1909 1121 1937 noscentes
1140 1907 1389 1937 immunditiam.
1412 1908 1461 1946 (v.
1479 1910 1532 1947 13)
1550 1909 1596 1940 Ec
1609 1910 1732 1942 levave-

957 1963 1034 1990 runt
1053 1968 1177 1996 vocem,
1203 1969 1294 1990 suam
1314 1960 1530 1999 exprimentes
1558 1962 1729 1994 miseriam.

957 2012 1101 2043 Dz'centes
1115 2021 1127 2041 .·
1142 2012 1217 2042 Jesu
1235 2016 1424 2052 praeceptor,
1445 2013 1593 2045 miserere
1611 2016 1729 2054 nostri,

956 2064 1098 2095 divinam
1122 2065 1326 2103 implorantes
1352 2065 1612 2098 misericordiam.
1634 2068 1732 2099 Juxta

956 2117 1042 2157 quod
1058 2117 1214 2157 Propheta
1226 2117 1301 2148 dicit
1312 2117 1333 2134 ¹³
1345 2128 1351 2148 ε
1362 2129 1376 2147 <1
1386 2118 1528 2149 Afflictus
1542 2128 1615 2150 sum
1629 2123 1660 2150 et
1674 2121 1731 2151 hu-

957 2170 1097 2200 miliatus
1121 2179 1194 2201 sum
1219 2170 1340 2201 nimis:
1368 2171 1538 2210 rugiebam
1562 2182 1581 2202 a
1606 2173 1731 2212 gemitu

957 2223 1058 2254 cordis
1073 2224 1146 2254 mei.
1159 2234 1173 2251 u

996 2276 1209 2315 Spiritualiter
1235 2278 1342 2307 autem
1373 2285 1429 2315 per
1457 2277 1565 2307 decem
1590 2277 1730 2317 leprosos

1783 1605 1851 1630 Lepi-a

1746 1634 1806 1660 quid.

1744 2293 1850 2319 Spin-itua-

956 2329 1144 2367 intelligitur
1165 2329 1355 2359 universitas
1376 2331 1576 2368 peccatorum
1598 2340 1728 2370 peccan-
1743 2324 1847 2373 {JJW‘

956 2382 1037 2413 tium
1052 2384 1162 2412 contra
1174 2381 1381 2420 Decalogum.
1397 2381 1504 2412 Glossa
1521 2393 1527 2412 :
1549 2394 1564 2412 (ι
1578 2382 1637 2420 Qui
1653 2394 1727 2415 con-

957 2436 1005 2465 tra
1020 2434 1213 2473 Decalogum
1227 2436 1372 2474 peccant,
1389 2443 1446 2465 nec
1460 2436 1597 2466 amando
1611 2436 1726 2475 Deum,

956 2487 994 2519 de
1008 2496 1072 2526 quo
1087 2487 1168 2517 male
1183 2487 1335 2524 sentiunt,
1347 2496 1406 2518 nec
1418 2488 1616 2527 proximum,
1630 2498 1650 2520 a
1663 2500 1726 2530 quo

955 2540 1153 2577 dividuntur,
1175 2540 1234 2571 sub
1253 2540 1382 2571 denario
1406 2550 1541 2572 numero
1561 2542 1601 2572 ad
1624 2542 1725 2574 Deum

956 2620 964 2633 ⁹
978 2619 1046 2644 Psal.
1063 2625 1116 2648 xm,
1130 2622 1155 2644 5.
1166 2632 1197 2638 -
1212 2621 1232 2637 ¹⁰
1243 2620 1335 2651 Eoeod.,
1351 2625 1434 2650 xxxii,
1449 2621 1488 2644 27.
1499 2632 1529 2638 —
1544 2621 1564 2637 ¹¹
1576 2622 1634 2651 lm„
1651 2627 1685 2653 νι,
1700 2624 1724 2647 2.

956 2668 986 2672 -
1001 2655 1019 2671 ¹²
1034 2654 1136 2679 Scilicet
1148 2655 1259 2679 Domini.
1274 2668 1303 2674 —
1320 2655 1339 2672 ¹³
1353 2655 1422 2679 Psal.
1438 2661 1538 2685 xxxvn,
1553 2657 1576 2679 9.
