1987 3032
752 250 957 283 EXPOSITIO
982 250 1021 280 IN
1045 251 1129 281 CAP.
1154 250 1177 280 l.

211 324 255 351 35.
271 323 304 350 Et
322 321 450 358 sequitur
471 319 555 348 tertia
572 326 641 355 pars
659 318 829 354 principalis
844 318 881 345 de
895 317 940 345 his

173 368 353 402 testimoniis,
363 366 471 394 scilicet
482 366 518 393 de
533 365 680 392 sanctitate
696 367 723 392 et
737 365 871 400 puritate,
881 364 938 391 ibi:

173 417 267 442 Altera
277 415 329 446 die,
339 415 404 447 etc„
416 414 443 440 et
458 412 499 439 ibi
512 413 638 447 quatuor
650 411 763 446 :primo
778 413 873 445 gestus
888 411 941 436 tes-

173 459 320 491 tificantis,
345 461 372 486 et
392 466 495 486 eorum
515 465 616 484 coram
638 457 745 492 quibus
768 455 941 491 praemissio,

174 506 216 534 ibi
234 515 241 533 ε
257 506 292 532 Et
313 506 458 539 respiciens
476 505 579 537 Jesum,
599 505 667 537 ete,
684 502 814 529 secundo
835 502 941 537 ipsius,

175 552 212 579 de
226 559 286 586 quo
301 553 362 578 erat
380 550 593 583 testimonium,
610 550 752 584 quantum
768 547 806 575 ad
821 549 942 582 statum,

174 596 360 632 specificatio,
374 596 415 623 ihi
434 605 440 623 :
457 598 492 623 Et
508 597 666 630 respiciens,
683 597 754 628 etc.;
770 595 854 622 tertio
870 594 943 621 testi-

174 643 266 670 monii
271 642 427 677 perhibitio
439 651 446 668 :
459 644 523 669 Ecce
536 649 630 675 ayrzuS,
638 643 702 675 etc.;
714 642 818 676 quarto
827 640 874 675 (a),
882 640 942 666 effi-

175 688 606 723 caciaetestimoniisubjunetio,
616 688 656 715 ihi
667 698 673 714 ι
683 689 717 715 Et
726 688 881 721 auclterunt,
888 689 942 714 ete.

209 736 254 763 Ait
278 743 348 770 ergo
369 744 376 762 t
401 735 496 762 Altera
521 735 581 768 die,
608 734 716 761 scilicet
740 742 805 769 quae
830 735 892 760 erat
914 733 944 760 in

176 781 344 809 crastinum.
374 781 419 808 Ait
444 780 690 815 Chrysostomus¹
713 788 720 806 ς
749 789 762 805 α
782 781 814 806 Et
838 779 868 806 in
888 779 945 806 hoe

175 827 293 855 Ioannis
307 827 445 854 sedulitas
460 826 499 854 ad
513 826 678 854 testimonia
693 825 894 853 continuanda
909 825 945 852 de

177 874 298 901 Christo.
314 883 328 898 n
348 873 442 900 Stabat
465 874 594 906 Joannes,
611 874 638 899 et
662 872 693 899 in
717 872 774 899 hoe
796 872 858 906 ejus
879 878 946 898 con-

177 921 256 947 stans
271 919 426 953 stabilitaS,
442 920 470 946 et
483 918 711 953 perfectibilitas.
728 918 808 945 Unde
823 918 923 945 Glossa
938 926 944 944 ε

182 976 196 991 ι(
210 967 268 993 Stat
280 965 442 993 immobilis
463 965 494 991 in
514 964 640 992 eulmine
655 964 851 999 perfeetionis.
867 974 880 989 »
897 963 948 991 Vel

179 1012 235 1040 hoe
250 1012 289 1039 ait
301 1012 411 1047 typice,
428 1011 467 1038 ad
481 1010 660 1045 signandum
676 1010 759 1045 quod
776 1012 843 1037 tunc
857 1018 948 1037 cessa-

179 1058 221 1086 vit
234 1058 296 1092 lex,
312 1059 400 1093 prout
415 1057 534 1092 exponit
549 1057 658 1084 (slossa.
670 1058 704 1083 Et
719 1057 770 1083 duo
785 1064 818 1084 esc
830 1057 949 1090 discipu-

180 1104 229 1138 lis,
246 1106 274 1132 et
287 1104 318 1131 in
330 1104 387 1130 hoe
402 1103 522 1131 ‚loannis
537 1102 673 1130 ordinata
686 1102 823 1130 voluntas
836 1111 842 1129 ε
856 1102 950 1130 voluit

180 1149 259 1177 enim
274 1149 357 1185 quod
372 1149 508 1184 discipuli
523 1149 567 1176 sui
582 1148 727 1176 Christum
746 1150 947 1183 sequerentur.

179 1197 274 1224 Unum
298 1196 377 1223 enim
397 1195 493 1223 solum
515 1195 611 1222 studio
637 1195 784 1229 habebat,
802 1194 950 1222 adducere

180 1250 230 1271 eos
245 1244 273 1270 et
286 1243 488 1278 conglutinare
499 1241 609 1269 Christo
618 1262 627 1276 ,
642 1242 681 1269 ait
693 1241 917 1276 Chrysostomus
929 1240 949 1267 ².

215 1290 259 1317 36.
274 1291 307 1317 Et
325 1289 456 1324 sequitur
469 1288 649 1322 secundum,
669 1288 711 1315 ibi
731 1297 737 1314 :
754 1289 788 1314 Et
806 1289 951 1321 respiciens

180 1335 282 1368 Jesum,
298 1336 351 1362 eto.
368 1336 398 1362 ln
412 1334 470 1362 hoc
484 1333 567 1370 quod
582 1333 641 1360 ait:
657 1334 823 1368 Respiciens,
836 1335 952 1360 notatur

181 1381 301 1410 loannis
315 1381 354 1409 ad
369 1381 512 1409 Christum
526 1381 636 1408 intenta
651 1380 845 1408 affectuositas
858 1389 864 1407 ;
879 1379 952 1407 illud

181 1428 260 1455 enim
274 1428 390 1463 respicit
404 1428 510 1462 homo,
535 1427 573 1455 ad
595 1427 678 1462 quod
700 1426 834 1454 afficitur.
852 1427 882 1453 ln
896 1426 952 1453 hoc

182 1474 265 1509 quod
279 1474 322 1501 ait
338 1483 344 1501 :
360 1475 448 1501 Iesum
464 1474 690 1506 deambulantem,
706 1472 836 1507 signatur
851 1471 953 1499 Christi

181 1519 333 1554 dignativa
344 1519 470 1547 bonitas.
482 1519 562 1547 Unde
572 1519 686 1546 Glossa:
701 1528 714 1543 (ι
722 1519 952 1550 Deambulantem,

180 1565 212 1593 id
227 1567 286 1600 est,
309 1565 347 1593 ad
362 1573 416 1593 nos
429 1565 610 1598 venientem,
632 1565 694 1600 ipse
710 1564 789 1591 enim
805 1563 954 1598 significa-

181 1614 228 1639 tur
240 1619 293 1647 per
306 1612 448 1646 Angelum
463 1613 473 1628 ³
488 1613 625 1646 paratum
639 1611 678 1638 ad
701 1610 925 1638 ambulandum.
938 1620 951 1636 »

217 1659 250 1685 Et
265 1658 397 1693 sequitur
411 1657 544 1691 tertium,
560 1656 671 1684 scilicet
685 1656 841 1684 testimonii
855 1656 954 1692 perhi-

183 1703 278 1731 bitio:
301 1704 365 1731 Ecce
384 1712 468 1738 agnus
491 1705 548 1731 Dei.
574 1704 605 1730 Ut
625 1703 703 1730 enim
724 1703 764 1730 ait
783 1703 954 1738 Chrysosto-

183 1757 250 1777 mus
264 1750 284 1784 ‘,
304 1760 318 1775 (ι
331 1757 392 1778 non
411 1757 485 1777 voce
500 1749 615 1782 solum,
638 1749 690 1776 sed
708 1751 735 1776 et
756 1748 847 1776 oculis
868 1749 956 1775 testa-

184 1795 271 1824 batur
285 1796 320 1831 (b)
341 1797 368 1823 et
382 1795 584 1823 admirabatur
595 1795 739 1822 Christum
749 1794 830 1822 laetus
841 1796 868 1822 et
879 1794 957 1822 exul-

184 1844 258 1869 tans.
285 1842 366 1869 Unde
390 1844 417 1868 et
440 1841 513 1868 sicut
530 1841 712 1876 praecipuum
732 1840 866 1868 ostendit.
887 1840 956 1868 Ideo

186 1887 300 1915 addunt
313 1887 400 1915 Graeei
415 1887 584 1921 articulum,
600 1894 618 1914 o
633 1888 732 1921 Agnus
747 1887 774 1919 ⁵,
799 1886 838 1914 ad
858 1888 956 1913 osten-

187 1933 317 1961 dendam
331 1934 392 1968 ejus
412 1932 622 1960 excellentiam.
641 1942 655 1959 »
679 1934 711 1960 Et
730 1932 772 1960 ibi
790 1932 916 1960 multum
930 1934 958 1960 et

187 1980 262 2008 bene
278 1980 314 2007 de
328 1980 394 2008 hoc.
411 1980 466 2008 Sed
481 1980 620 2015 quaeritur
638 1988 644 2007 ε
668 1987 705 2007 ex
726 1987 786 2015 quo
801 1987 890 2015 supra
904 1987 958 2015 po-

188 2026 245 2054 suit
257 2026 336 2053 istud
349 2026 565 2059 testimonium,
580 2025 698 2053 videtur
713 2025 796 2061 quod
809 2025 956 2061 superflue

188 2072 235 2100 hic
248 2074 368 2108 repetat.
383 2074 467 2103 ltem,
483 2080 520 2100 ex
534 2079 593 2107 quo
610 2071 668 2099 alia
682 2072 713 2107 (a)
728 2071 879 2106 conjunxit
889 2072 958 2099 huie

189 2118 354 2147 testimonio
369 2126 467 2153 supra,
479 2126 572 2153 quare
583 2117 622 2152 (d)
634 2117 686 2145 illa
695 2117 742 2145 hic
753 2117 868 2145 omisit?
878 2119 911 2145 Et
920 2117 959 2145 ad

189 2165 318 2200 primum
336 2164 494 2200 respondet
515 2164 536 2198 ⁶,
562 2163 644 2199 quod
673 2174 685 2188 «
706 2164 810 2192 natura
830 2164 960 2192 humana

189 2212 306 2246 reptans
329 2210 368 2238 ad
390 2209 602 2246 perditionem,
622 2209 690 2237 ideo
709 2209 821 2244 indiget
841 2209 958 2237 subme-

190 2256 354 2284 moratione
360 2265 368 2290 ;
383 2258 503 2291 propter
517 2255 601 2291 quod
615 2255 654 2282 ait
668 2255 773 2283 Paulus
786 2256 796 2271 ⁷
809 2265 815 2282 :
829 2255 961 2283 «Eadem

193 2303 319 2330 seribere
334 2302 456 2338 quidem
466 2309 527 2329 non
542 2301 687 2337 pigrum.»
699 2301 767 2329 ldeo
783 2309 845 2329 non
859 2310 959 2337 super·

192 2348 286 2376 fluum
294 2347 342 2375 hie
356 2348 502 2375 existimes
516 2348 659 2375 loannem
675 2347 779 2375 eadem
792 2350 958 2383 repetere.»

194 2395 238 2422 Ad
256 2394 337 2422 aliud
352 2394 482 2422 similiter
496 2394 669 2428 respondet,
690 2393 773 2428 quod
792 2403 807 2419 «
821 2401 882 2421 non
897 2394 961 2422 lon-

196 2447 266 2475 gum
280 2440 409 2469 hic'sacit
422 2447 606 2473 sermonem,
629 2439 790 2474 quoniam,
805 2441 837 2467 ut
852 2439 962 2468 dictum

196 2489 252 2521 est,
274 2495 369 2515 unum
389 2486 486 2515 solum
508 2485 539 2513 in
553 2484 649 2512 studio
664 2485 793 2513 habebat
815 2486 961 2515 adducere

229 2571 238 2587 ¹
253 2571 393 2603 chrysost.,
408 2573 434 2595 in
447 2572 528 2599 loun„
546 2570 616 2594 hom.
632 2575 699 2599 xvxi,
715 2570 747 2594 al.
760 2576 839 2601 xv111,
853 2578 878 2596 n.
896 2575 917 2596 ¹1.
932 2585 963 2590 -

199 2606 210 2621 ²
222 2606 284 2630 ibid.
299 2621 325 2624 —
341 2607 350 2622 ³
365 2607 430 2638 Tob.,
446 2613 471 2637 v,
485 2608 509 2629 ὕ.
524 2618 554 2623 -
569 2606 577 2619 ⁴
594 2605 733 2635 Chrysost„
752 2606 795 2629 ubi
812 2613 879 2637 sup„
895 2614 922 2631 n.
939 2609 962 2632 2.

197 2653 228 2658 -
245 2642 252 2655 ⁵
271 2641 301 2666 Ὅ
314 2643 391 2672 ἁγνὸς.
407 2655 438 2660 -
454 2641 550 2670 ⁶1hid.,
565 2647 592 2663 u.
609 2642 630 2663 1.
645 2653 675 2657 —
690 2641 697 2654 ⁷
713 2641 816 2672 Philip„
836 2648 879 2673 111,
898 2645 919 2666 ι,
934 2656 964 2660 -

199 2676 209 2692 ¹³
229 2676 318 2708 Eccli„
338 2683 398 2708 xix,
418 2678 442 2701 4.
460 2690 490 2695 -
511 2677 520 2691 ⁹
539 2675 681 2706 Chrysost„
703 2676 746 2699 ubi
764 2683 831 2708 sup„
850 2684 874 2702 n.
895 2680 918 2701 3.
933 2691 964 2695 -

1704 249 1762 277 275

996 325 1059 351 θος,
1076 319 1103 344 et
1118 316 1318 351 conglutinare
1338 316 1458 343 Christo.
1474 324 1487 341 »
1511 316 1542 342 Et
1561 314 1631 350 quia
1654 312 1764 340 sciebat

994 363 1077 398 illos,
1094 371 1194 390 coram
1209 363 1317 398 quibus
1331 362 1500 396 testabatur,
1517 368 1578 388 esse
1593 367 1764 395 perStlaSOS,

995 417 1056 437 non
1070 409 1185 437 addidit
1199 409 1271 443 alia,
1287 417 1378 444 quam
1399 416 1465 444 quae
1487 407 1565 434 dicta
1585 408 1652 433 sunt
1665 412 1763 439 supra.

1031 457 1063 483 Et
1077 456 1207 491 sequitur
1220 458 1372 491 quartum,
1396 455 1504 482 scilicet
1518 454 1627 481 fructus
1640 451 1688 479 vel
1707 451 1767 478 effi·
1782 458 1880 492 Fructus,

997 503 1077 530 cacia
1090 502 1261 537 testimonii,
1275 503 1317 530 ibi
1334 511 1340 529 z
1363 504 1396 529 Ec
1415 502 1560 529 audierunt
1576 501 1643 534 duo,
1659 499 1768 526 scilieet
1782 487 1887 537 {34¹5ss

996 548 1166 583 loquentem
1187 550 1347 582 loannem,
1367 551 1392 575 et
1412 550 1496 575 secuti
1517 550 1579 574 sunt
1599 548 1696 574 Jesum.
1713 544 1769 573 Sed
1782 547 1819 567 15·ss
1837 548 1874 568 nii-

997 595 1152 630 quaeritur,
1169 595 1295 630 qualiter
1317 595 1355 623 ita
1371 595 1428 622 cito
1444 595 1617 622 dimiserunt
1633 592 1769 627 discipuli

997 643 1140 668 loannem
1154 642 1326 676 magistrum
1340 649 1426 668 suum
1443 650 1449 667 :
1469 641 1522 673 Qut·
1538 640 1616 667 enim
1630 640 1640 656 ²³
1651 641 1703 666 cito
1719 646 1770 665 cre-

998 687 1050 721 dit,
1067 689 1131 715 levis
1145 690 1182 714 est
1198 687 1282 714 corde.
1304 689 1372 714 Item
1388 695 1449 714 non
1461 687 1593 720 videtur,
1609 685 1693 721 quod
1707 684 1769 711 fue-

998 733 1055 760 rint
1069 733 1219 760 affectuosi
1235 733 1273 760 ad
1288 732 1461 767 magistrum
1476 740 1573 759 suum.
1590 733 1622 758 Et
1640 730 1678 758 ad
1693 729 1771 757 istud

998 779 1157 814 respondet
1177 779 1400 814 Chrysostomus
1415 780 1424 795 ⁹
1439 799 1448 813 ,
1467 778 1549 813 quod
1568 785 1628 805 non
1644 779 1771 804 contem-

999 828 1100 854 nentes
1114 826 1300 860 magistrum,
1317 826 1406 853 secuti
1421 827 1504 859 sunt,
1528 825 1581 852 sed
1599 826 1631 852 ut
1650 824 1688 851 ad
1704 831 1773 851 eum

1000 873 1128 900 maxime
1147 873 1293 908 persuasi3
1310 880 1363 899 nee
1387 871 1560 899 destiterunt
1581 879 1598 898 a
1617 870 1772 905 magistro,

1001 919 1053 946 sed
1067 919 1224 947 voluerunt
1245 919 1370 953 discere,
1389 918 1472 954 quod
1487 918 1554 953 plus
1568 917 1622 944 fuit
1645 919 1773 950 Joanne,

1002 965 1111 992 seilicet
1123 965 1266 993 Christum
1278 975 1286 998 ‚-
1303 967 1330 992 et
1343 972 1404 992 non
1420 973 1456 992 ex
1470 965 1586 991 levitate
1606 964 1695 991 secuti
1710 964 1777 990 sunt

1002 1013 1115 1046 Jesum,
1135 1019 1189 1038 nee
1213 1019 1249 1039 ex
1269 1013 1439 1046 contemptu
1459 1010 1605 1045 magistri,
1626 1010 1678 1037 sed
1699 1010 1776 1037 suasi

1003 1066 1021 1085 a
1036 1058 1193 1093 magistro,
1209 1060 1236 1085 et
1251 1058 1402 1085 audientes
1417 1057 1616 1084 testimonium
1631 1056 1777 1090 magistri,

1004 1106 1031 1132 et
1054 1104 1185 1140 inspirati
1210 1113 1227 1132 a
1255 1105 1326 1132 Filio
1356 1104 1413 1131 Dei.
1439 1104 1494 1132 Alii
1522 1106 1619 1131 autem
1641 1102 1777 1138 discipuli

1003 1151 1123 1178 Joannis
1155 1151 1302 1186 zelotypia
1329 1152 1412 1178 erant
1441 1150 1588 1185 dispositi;
1619 1149 1649 1176 hi
1681 1151 1779 1175 autem

1005 1200 1087 1225 erant
1107 1197 1258 1232 meliores,
1283 1200 1310 1225 et
1332 1198 1423 1225 secuti
1448 1199 1531 1232 sunt,
1553 1196 1592 1224 ait
1614 1196 1727 1223 ibidem
1748 1194 1779 1230 (e)

1005 1244 1240 1279 Chrysostomus.

1041 1292 1084 1317 38.
1100 1291 1132 1317 Et
1153 1290 1284 1325 sequitur
1308 1289 1359 1316 illa
1379 1298 1447 1324 pars
1467 1289 1652 1324 principalis,
1675 1289 1705 1316 in
1721 1296 1781 1324 qua

1007 1335 1217 1363 determinatur
1238 1335 1274 1363 de
1289 1335 1444 1363 vocatione
1465 1335 1525 1363 sive
1549 1335 1721 1362 invitatione
1736 1335 1779 1362 di-

1007 1382 1204 1418 scipulorum,
1218 1385 1245 1409 et
1258 1381 1491 1409 manifestatione
1503 1381 1565 1409 Filii
1580 1382 1628 1408 Dei
1639 1389 1691 1417 per
1701 1381 1780 1416 ipsos
1827 1385 1899 1419 Matti-

1008 1428 1114 1462 vocati,
1126 1428 1185 1455 ibi:
1203 1429 1346 1456 Conversus
1359 1429 1444 1461 JesuS,
1461 1430 1526 1461 etc„
1539 1430 1566 1455 et
1579 1428 1630 1455 illa
1642 1427 1672 1454 in
1688 1427 1779 1455 duas:
1797 1416 1902 1467 έξῇξῧζὲἶ

1007 1474 1122 1509 primo,
1147 1473 1182 1500 de
1200 1474 1355 1501 vocatione
1380 1473 1590 1509 discipulorum
1609 1474 1648 1501 ad
1663 1475 1782 1509 aposto-

1008 1519 1100 1547 latum
1107 1530 1115 1555 ;
1131 1520 1272 1554 secundo,
1289 1520 1325 1547 de
1340 1520 1495 1547 vocatione
1515 1520 1688 1554 Nathanael,
1705 1519 1782 1547 seili-

1009 1566 1054 1593 cet
1067 1566 1107 1593 ad
1122 1566 1346 1602 discipulatum,
1362 1566 1403 1593 ibi
1420 1575 1426 1592 ε
1443 1567 1550 1593 Invenit
1563 1567 1719 1601 Philippus,
1729 1568 1782 1593 etc.

1010 1612 1105 1640 Prima
1119 1613 1150 1639 in
1164 1614 1221 1640 tres
1235 1622 1241 1639 ι
1257 1613 1354 1648 primo
1371 1612 1407 1639 de
1423 1613 1577 1640 vocatione
1592 1612 1721 1640 duorum
1740 1612 1784 1639 di—

1011 1658 1192 1694 scipulorum
1206 1658 1412 1693 praecursoris,
1430 1658 1466 1686 de
1482 1658 1589 1694 quibus
1602 1658 1786 1694 praemissum

1011 1706 1068 1738 est;
1093 1704 1223 1731 secundo
1246 1704 1283 1731 de
1304 1704 1459 1732 vocatione
1476 1704 1602 1732 Simonis
1616 1704 1706 1738 Petri,
1722 1704 1763 1731 ibi
1777 1714 1783 1731 :

1010 1751 1079 1777 Erat
1093 1753 1181 1777 autem
1203 1751 1341 1784 Andreas,
1366 1753 1436 1785 etc.;
1462 1751 1545 1778 tertio
1571 1751 1608 1778 de
1632 1751 1784 1778 vocatione

1013 1794 1151 1831 Philippi,
1168 1795 1210 1823 ibi
1226 1805 1232 1822 :
1250 1797 1281 1823 In
1301 1798 1466 1830 crastinum,
1481 1798 1534 1824 etc.
1551 1799 1582 1825 ln
1597 1797 1694 1832 prima
1712 1805 1786 1832 qua-

1012 1843 1078 1870 tuor
1095 1851 1101 1869 :
1118 1842 1214 1877 primo
1230 1842 1293 1869 Filii
1308 1843 1358 1870 Dei
1379 1843 1417 1870 ad
1438 1845 1557 1870 vocatos
1575 1843 1744 1877 conversio,
1760 1844 1788 1870 et

1013 1888 1051 1915 ab
1067 1888 1108 1915 eis
1127 1888 1276 1923 inquisitio
1288 1898 1295 1923 3
1311 1888 1442 1916 secundo
1453 1910 1462 1923 ,
1477 1897 1581 1917 eorum
1593 1889 1744 1924 responsio
1760 1891 1788 1916 et

1012 1934 1219 1969 interrogatio,
1242 1934 1284 1962 ibi
1301 1944 1307 1962 :
1325 1935 1378 1966 Qui
1392 1935 1500 1969 dicunt,
1521 1937 1593 1970 etc.;
1610 1935 1693 1963 tertio
1708 1936 1787 1970 ipso-

1013 1989 1080 2008 rum
1092 1980 1256 2014 invocatio,
1270 1980 1312 2008 ibi
1330 1989 1337 2007 :
1354 1982 1428 2008 Dicit
1441 1982 1495 2016 eis,
1510 1983 1575 2016 etc.;
1593 1983 1698 2017 quarto
1713 1983 1786 2009 tem-

1014 2027 1094 2062 poris
1108 2026 1301 2062 specificatio,
1316 2026 1358 2054 ibi
1372 2035 1378 2052 :
1397 2028 1464 2054 Erat
1479 2030 1565 2056 autem
1575 2028 1654 2062 hora,
1671 2029 1724 2055 etc.

1050 2073 1095 2101 Ait
1109 2080 1179 2108 ergo
1193 2082 1198 2100 :
1216 2073 1362 2100 conversus
1374 2076 1473 2100 autem.
1488 2075 1520 2100 Ut
1533 2074 1612 2101 enim
1623 2074 1662 2101 ait
1672 2073 1785 2108 Glossa,

1015 2119 1099 2155 quasi
1114 2127 1132 2147 a
1145 2121 1228 2154 tergo
1239 2119 1390 2153 viderunt3
1407 2119 1461 2146 sed
1474 2119 1580 2147 faciem
1595 2120 1720 2147 ostendit
1735 2119 1787 2153 eis,

1016 2166 1088 2193 dum
1103 2165 1140 2193 de
1156 2165 1305 2200 majestate
1321 2165 1489 2198 deseendit,
1510 2167 1542 2193 ut
1562 2168 1661 2201 posset
1675 2166 1786 2200 videri;

1015 2211 1096 2239 unde
1110 2211 1149 2240 ait
1163 2211 1308 2246 Propheta
1317 2212 1337 2229 ⁵⁰
1352 2220 1358 2238 :
1375 2212 1488 2238 Ostende
1498 2213 1605 2246 faciem,
1616 2215 1641 2239 et
1654 2213 1725 2239 salvi
1736 2214 1789 2240 eri-

1016 2266 1084 2285 mus.
1102 2257 1120 2273 ¹¹
1136 2259 1215 2289 Deus,
1234 2260 1264 2284 tu
1277 2265 1415 2286 conversus
1430 2258 1578 2291 vivificabis
1589 2265 1652 2292 nos,
1669 2257 1709 2286 ait
1721 2259 1788 2287 Pro-

1016 2304 1113 2339 pheta.

1052 2351 1088 2377 Et
1106 2350 1198 2377 videns
1217 2357 1258 2377 eos
1283 2352 1427 2384 sequentes.
1446 2351 1477 2377 Ut
1496 2350 1534 2377 ait
1558 2351 1736 2386 Augustinus
1752 2353 1786 2378 ¹²:

1020 2406 1033 2422 <t
1046 2398 1109 2424 Non
1125 2396 1165 2423 sic
1180 2395 1264 2423 illum
1280 2396 1493 2431 sequebantur,
1516 2397 1600 2432 quasi
1619 2398 1681 2432 jam
1696 2400 1727 2425 ut
1746 2398 1790 2425 in—

1017 2443 1159 2470 haererent
1173 2442 1232 2476 illi,
1254 2441 1308 2469 sed
1322 2441 1421 2470 videre
1435 2443 1592 2471 voluerunt
1606 2443 1658 2471 uhi
1671 2443 1787 2471 habita-

1018 2491 1075 2523 ret,
1092 2499 1105 2516 »
1123 2487 1317 2522 adimplentes
1331 2487 1407 2516 illud
1419 2488 1439 2506 ¹³
1456 2497 1462 2516 z
1479 2490 1510 2517 Si
1523 2489 1624 2517 videris
1637 2493 1788 2525 sensatum,

1020 2565 1038 2581 ¹·
1053 2563 1120 2588 Psal.
1136 2568 1225 2592 unx,
1243 2563 1264 2586 4.
1282 2576 1310 2580 —
1326 2564 1341 2579 ¹¹
1356 2564 1423 2588 Ρεαῖ.
1438 2571 1546 2595 ιΧΧΧιν,
1562 2567 1585 2590 7.
1600 2578 1630 2584 —
1642 2566 1662 2582 ¹²
1673 2567 1748 2597 Aug„
1764 2566 1789 2589 in

1019 2599 1099 2628 leam,
1113 2599 1185 2622 tract.
1204 2602 1249 2627 vu,
1263 2604 1288 2621 n.
1308 2600 1331 2622 9.
1345 2611 1377 2616 -
1390 2599 1411 2615 ¹³
1429 2600 1518 2629 Eccli„
1536 2606 1570 2631 Vi,
1587 2601 1625 2625 36.

1058 2643 1089 2671 (α)
1105 2641 1166 2665 Caet.
1181 2640 1243 2663 edit.
1255 2640 1321 2665 deest
1336 2645 1396 2674 etc.;
1410 2646 1542 2674 quarto.-—
1551 2644 1585 2674 (b)
1598 2644 1658 2667 Caet.
1671 2644 1729 2668 edil.
1742 2646 1791 2668 tes-

1021 2679 1126 2702 tatum-
1139 2676 1171 2707 (c)
1182 2677 1243 2700 Item
1250 2676 1341 2701 alta.—
1355 2678 1389 2709 (d)
1403 2679 1463 2703 Item
1473 2680 1615 2710 quim—(2)
1627 2680 1686 2703 Item
1696 2681 1788 2703 autem.
