1987 3032
208 202 265 232 302

207 265 292 294 odIri.
309 266 353 293 Ad
363 265 441 294 istud
450 264 692 301 respondendum
704 264 760 297 est,
771 262 977 296 distinguendo

206 319 224 340 a
237 314 319 348 parte
334 312 503 347 oculorum,
520 314 547 339 et
561 320 579 339 a
593 311 675 346 parte
694 309 769 336 lucis
785 317 792 335 ε
813 308 893 343 quod
913 310 980 335 sunt

207 358 285 386 oculi
310 359 387 393 sani,
416 359 476 385 sive
505 356 688 393 corporaleS,
713 355 774 382 sive
799 354 978 389 spirituales,

206 404 314 440 quibus
339 408 380 432 est
402 405 452 431 lux
477 403 629 437 amabilis;
653 404 679 429 et
703 403 768 428 sunt
795 400 872 427 oculi
892 400 978 434 zegri,

206 451 315 486 quibus
329 453 369 477 cst
386 450 513 477 odibilis.
531 449 610 476 Unde
626 447 805 483 Augustinus
820 446 826 460 ¹
843 455 850 473 2
869 456 883 471 u
903 448 977 473 Ocu-

206 496 242 524 lis
258 497 341 531 aegris
355 496 458 523 odiosa
473 498 514 523 est
537 496 603 529 lux,
627 503 692 529 quae
707 493 788 529 puris
811 494 853 520 est
867 492 978 520 amabi-

207 542 252 570 lis.
268 553 280 568 n
299 545 367 571 Item
379 544 421 569 est
434 541 676 577 distinguendum
695 548 712 567 a
725 541 807 576 parte
826 539 915 573 lucis,
931 538 978 565 vel

208 590 350 624 quantum
366 588 404 616 ad
421 588 508 616 istum
523 588 658 615 effectum
678 587 728 622 qui
744 588 785 613 est
802 586 914 619 lucere,
931 584 979 611 vel

207 637 353 671 quantum
367 634 406 662 ad
426 634 510 662 illum
535 634 586 669 qui
605 635 647 660 est
661 633 838 667 redarguere
858 640 864 658 ε
880 631 978 666 primo

207 681 298 709 modo
307 683 349 708 est
359 680 543 708 delectabilis
552 701 561 713 ,
573 681 716 715 quantum
728 680 770 705 cst
783 678 819 705 de
830 685 875 712 se,
888 684 980 712 quan-

207 729 270 754 tum
284 735 355 755 vero
370 727 407 755 ad
423 727 601 759 secundum,
618 728 659 753 est
678 724 808 752 odibilis.
825 723 906 751 Unde
922 726 978 750 Au-

209 774 341 809 gustinus
360 773 462 809 quaerit
479 774 504 806 ²,
524 780 576 800 cur
595 772 700 799 veritas
716 771 793 806 parit
813 770 933 803 odium,
954 771 981 796 et

209 821 368 856 respondet
382 822 421 848 ita
437 829 444 847 :
470 830 484 846 «
497 822 616 856 Propter
630 828 695 847 eam
714 827 777 846 rem
792 818 918 846 oderunt
933 825 981 844 ve-

211 868 339 902 ritatem,
361 876 452 904 quam
474 875 528 903 pro
543 866 663 894 veritate
682 867 782 893 amant
798 866 834 900 (a)
854 874 860 892 :
883 866 983 892 amant

213 915 291 942 enim
314 915 477 947 lucentem,
504 913 630 940 oderunt
652 912 886 946 redarguentem.
912 920 926 938 »
951 911 983 937 Et

212 961 254 988 ibi
268 961 345 988 bene
360 961 396 988 de
411 961 478 988 hoc.
494 961 564 988 Item
580 959 736 994 quaeritur:
754 959 806 991 Qui
819 958 888 984 male
904 959 962 991 affl't
973 978 981 991 ,

212 1015 266 1034 ‘non
279 1009 350 1034 venit
368 1007 403 1034 ad
426 1008 518 1034 lucem.
535 1005 663 1039 Qualiter
682 1005 759 1031 hoc?
775 1003 876 1039 quaerit
896 1003 983 1038 Chry-

213 1055 359 1081 sostomus
370 1055 380 1070 ³
391 1062 418 1080 z«
432 1055 532 1080 Nonne
546 1051 696 1088 publicani
708 1053 735 1078 et
749 1052 918 1085 peccatores
932 1057 983 1077 ve-

212 1102 319 1127 nerunt
333 1099 372 1127 ad
387 1102 492 1133 Deum,
509 1109 523 1124 »
546 1101 573 1125 et
592 1098 677 1125 multi
699 1097 747 1124 alii
769 1096 819 1132 qui
839 1095 983 1131 poenitue-

212 1147 291 1179 runt,
306 1148 338 1173 ut
351 1146 458 1173 mulier
467 1144 635 1181 peccatrix?
650 1143 766 1170 Falsum
785 1150 867 1176 ergo,
883 1142 936 1175 ait,
954 1143 985 1168 ut

213 1191 340 1225 videtur,
362 1192 444 1227 quod
466 1193 514 1226 qui
538 1192 607 1217 male
629 1191 701 1224 agit,
723 1197 776 1216 non
793 1190 866 1215 venit
886 1188 922 1214 acl
942 1188 983 1214 lu-

214 1247 278 1266 cem.
294 1249 307 1263 n
326 1240 357 1266 Et
369 1239 407 1266 ad
421 1238 478 1265 hoc
493 1238 664 1272 respondet,
682 1236 765 1272 quod
780 1243 839 1263 non
852 1235 891 1262 ait
910 1243 915 1261 :
933 1235 985 1267 Qut·

215 1286 283 1312 male
300 1287 354 1319 egit
369 1293 420 1312 aon
434 1286 524 1318 venit,
547 1283 655 1310 scilieet
678 1282 708 1309 in
723 1281 885 1317 praeterito,
908 1280 959 1307 sed
977 1289 983 1306 :

217 1332 269 1365 Qut
284 1332 351 1358 male
367 1332 440 1365 agit,
451 1330 507 1357 hoc
519 1332 575 1364 est,
587 1329 636 1364 qui
654 1336 769 1363 semper
784 1327 846 1354 vult
859 1326 985 1353 volutari

214 1378 325 1413 peccati
341 1377 455 1412 gurgite
473 1387 479 1402 ι
505 1376 569 1404 talis
590 1375 669 1403 enim
689 1382 750 1401 non
769 1373 832 1401 vult
853 1381 882 1400 se
898 1372 986 1407 subji-

216 1432 280 1451 cere
303 1423 419 1459 legihus
442 1423 500 1450 Dei.
522 1432 535 1448 »
563 1424 595 1449 Et
616 1421 657 1448 ibi
677 1421 753 1448 bene
778 1420 814 1447 de
829 1419 895 1446 hoc.
917 1420 986 1446 Item

216 1470 354 1506 quaeritur
372 1470 408 1497 de
428 1469 485 1496 hoe
500 1468 583 1502 quod
598 1467 637 1494 ait
657 1476 663 1494 ι
681 1467 734 1498 Qui
752 1467 822 1499 facit
837 1467 986 1498 veritatem,

215 1518 288 1544 venit
303 1517 338 1543 ad
356 1517 447 1543 lucem.
464 1518 536 1542 Cum
554 1514 636 1549 prius
651 1513 686 1540 sit
700 1512 799 1539 venire
819 1512 858 1539 ad
875 1511 986 1544 lucem,

217 1564 244 1590 et
256 1563 294 1590 ab
309 1570 344 1589 ea
358 1561 533 1595 illuminari,
549 1562 576 1587 et
590 1559 762 1594 gratificari,
774 1558 890 1585 videtur
906 1557 987 1592 quod

216 1617 277 1637 non
292 1609 326 1636 sit
340 1608 480 1644 possibile
499 1608 594 1635 facere
616 1607 697 1633 bona
716 1613 808 1640 opera
829 1607 987 1639 antequam

217 1656 283 1691 quis
297 1655 395 1682 veniat
405 1654 444 1681 ad
455 1654 560 1681 lucem.
578 1654 648 1680 Item
663 1651 826 1679 secundum
838 1650 895 1677 hoc
908 1650 988 1685 prius

218 1704 260 1729 est
273 1702 368 1729 facere
382 1702 463 1728 bona
478 1708 584 1736 opera,
600 1706 691 1734 quam
713 1697 813 1724 venire
829 1697 867 1724 ad
882 1696 991 1723 verita-

216 1750 286 1776 tem.
315 1750 385 1775 Item
407 1747 571 1775 seeundum
592 1746 649 1772 hoe
672 1743 812 1780 possibile
839 1744 880 1769 est
893 1742 988 1769 faeere

217 1795 299 1822 bona
313 1802 404 1830 opera
423 1794 484 1820 sine
505 1792 598 1827 gratia
622 1793 737 1825 gratum
761 1789 900 1822 faciente,
925 1796 990 1824 quae

218 1842 315 1874 datur,
324 1849 391 1868 cum
405 1840 496 1867 homo
507 1838 633 1866 venitad
641 1838 747 1864 lucem.
758 1836 802 1863 Ad
811 1834 990 1863 contrarium

218 1888 249 1915 in
259 1888 364 1915 Psalmo
377 1886 387 1902 ⁴
400 1896 406 1914 z
426 1898 438 1911 «
455 1888 568 1913 Vanum
584 1886 626 1912 est
639 1883 725 1911 vobis
738 1884 805 1910 ante
815 1882 912 1909 lucem
927 1888 991 1908 sur-

219 1942 298 1969 gere.
323 1944 336 1960 »
366 1935 398 1960 Et
422 1933 463 1959 sie
486 1933 564 1967 patet
589 1930 672 1966 quod
696 1929 796 1956 nullus
818 1927 886 1955 facit
911 1927 991 1954 bona

220 1988 328 2016 opera,
345 1981 505 2014 antequam
519 1977 617 2005 veniat
631 1975 669 2003 ad
686 1976 790 2002 lucem.
814 1975 846 2001 Et
860 1973 899 2000 ad
913 1973 991 2000 istud

219 2025 462 2062 respondendum
485 2023 647 2051 secundum
671 2020 865 2055 Augustinum
879 2020 889 2035 ⁵
903 2039 913 2053 ,
939 2019 991 2046 ubi

221 2073 259 2100 ait
273 2081 280 2099 z
300 2082 312 2097 «
327 2072 380 2105 Qui
404 2070 558 2098 confitetur
576 2070 696 2105 peccata
716 2075 787 2101 sua,
803 2068 830 2094 et
850 2067 967 2093 accusat
983 2074 989 2092 :

221 2119 273 2146 sed
287 2119 310 2146 si
325 2121 356 2146 tu
371 2125 504 2151 accusas,
527 2118 585 2143 Deo
606 2113 803 2149 conjungeris.
819 2123 832 2138 »
851 2114 883 2139 Et
896 2111 992 2147 sequi-

221 2166 268 2192 tur
284 2174 290 2192 :
310 2175 323 2191 «
340 2166 391 2198 Qui
405 2166 494 2190 autem
508 2164 577 2196 facit
599 2162 754 2193 veritatem,
770 2160 886 2186 accusat
908 2158 939 2184 in
962 2165 991 2184 se

222 2211 302 2238 mala
316 2219 384 2244 sua,
400 2213 427 2237 et
440 2210 481 2237 sic
494 2211 566 2236 venit
581 2208 616 2235 ad
631 2208 727 2240 lucem,
740 2205 786 2232 cui
802 2204 910 2239 gratias
922 2204 990 2238 agit.

222 2258 232 2273 θ
253 2257 391 2292 Evigilate
415 2256 487 2283 dum
511 2255 573 2281 dies
593 2254 635 2280 est
657 2261 663 2279 :
688 2251 816 2279 Christus
836 2258 908 2278 vero
930 2250 993 2277 dies

224 2306 275 2331 est.
292 2315 304 2328 n
321 2306 382 2332 Ilaec
397 2303 456 2330 ille.
470 2303 574 2329 Facere
584 2300 735 2327 veritatem
748 2306 818 2332 ergo
831 2299 917 2324 vocat
930 2297 993 2331 hic,

223 2352 342 2385 peccata
358 2356 529 2384 agnoscere,
550 2346 661 2374 Christo
679 2345 793 2372 lucente
803 2353 811 2378 3
837 2343 884 2370 vel
899 2343 940 2370 irc
954 2343 993 2370 ad

223 2395 321 2423 lucem
342 2398 428 2423 vocat
445 2394 552 2430 gratias
572 2395 630 2420 Deo
646 2399 751 2427 agere,
766 2390 813 2418 vel
831 2399 845 2415 «
859 2390 888 2416 in
904 2389 993 2416 dilec-

256 2454 264 2470 ¹
278 2454 350 2483 Aug„
367 2453 449 2483 Coris..
468 2452 513 2475 lib:
529 2451 583 2480 Vll,
597 2458 620 2473 c.
637 2455 689 2479 xw,
702 2456 727 2472 n.
742 2450 781 2472 22.
792 2461 821 2465 —
835 2448 846 2463 ²
862 2447 935 2477 Ibi‹l.‚
949 2447 993 2470 lib.

225 2490 256 2520 X,
270 2497 292 2513 c.
309 2495 382 2518 xxm,
399 2495 425 2511 11.
442 2490 481 2511 3ἱ.
501 2501 527 2504 -
544 2486 554 2502 ³
568 2486 709 2516 Chrysost„
725 2483 767 2507 ubi
781 2490 837 2514 sup.
852 2496 883 2501 —
899 2483 907 2496 ⁴
924 2483 993 2506 Psal.

226 2531 314 2555 cxxvi,
334 2526 358 2548 2.
380 2537 410 2542 —-
428 2524 437 2539 ⁵
456 2524 530 2553 Aug„
550 2522 576 2544 in
599 2522 680 2550 Joan.⁷
705 2521 775 2543 tract.
801 2524 848 2550 xu,
866 2525 893 2542 n.
911 2520 948 2542 13.
963 2531 994 2535 —

226 2561 236 2576 ⁸
247 2560 321 2588 ibid„
339 2566 364 2583 n.
382 2560 455 2582 14.—
469 2558 479 2574 ⁷
494 2557 635 2587 chrysost„
652 2557 677 2578 in
691 2556 772 2585 laam,
789 2554 860 2578 hom.
876 2559 946 2583 xxvx,
962 2553 992 2577 al.

226 2601 310 2625 xxvii,
325 2602 351 2618 n.
367 2596 390 2617 2.
402 2607 433 2612 —
448 2594 456 2607 ⁸
471 2592 575 2622 Coloss„
591 2597 619 2621 ιι,
635 2592 674 2620 14,
691 2592 728 2614 15.
745 2602 774 2608 -
792 2590 803 2606 ⁹
819 2590 877 2619 Ins„
888 2595 940 2619 ΧΗ,
956 2590 994 2612 32.

227 2642 257 2648 -
278 2631 299 2647 ¹⁰
319 2631 447 2659 Damaso„
471 2627 573 2651 orthod.
593 2625 659 2651 Fid..
676 2626 720 2649 lib.
745 2626 788 2655 IV,
813 2632 834 2649 c.
861 2630 914 2654 ιιι,
938 2625 996 2655 post

729 194 941 227 EVANGELlI
964 194 1101 226 SANCTI
1123 194 1139 226 J
1142 194 1286 226 OANNlS

1035 262 1113 289 tione
1129 261 1178 289 Dei
1200 263 1228 289 et
1247 262 1447 290 misericordia
1471 263 1641 297 ambulare,
1656 273 1671 290 n
1695 264 1756 292 sive
1774 265 1804 292 in

1035 307 1122 335 bonis
1137 308 1291 344 operibus,
1308 311 1339 336 ut
1353 309 1392 336 ait
1405 310 1582 344 Augustinus
1603 309 1726 337 ibidem.
1742 311 1805 338 Non

1036 356 1078 381 est
1099 362 1170 389 ergo
1192 354 1311 382 intentio
1332 355 1447 390 litterze,
1469 355 1551 391 quod
1575 356 1646 383 fiant
1671 356 1704 390 (b)
1725 356 1806 384 bona

1035 401 1096 427 sine
1111 401 1204 435 gratia
1219 401 1265 428 vel
1281 402 1345 428 lucc
1360 402 1429 429 fidei
1444 402 1573 435 lucente,
1596 402 1648 429 scd
1670 403 1702 428 ut
1715 410 1806 438 expo-

1035 446 1122 474 situm
1137 449 1178 474 est
1197 455 1249 483 per
1270 448 1472 482 Augustinum.
1498 451 1529 476 Et
1548 456 1602 484 per
1616 448 1673 475 hoe
1696 447 1735 475 ad
1755 447 1806 475 ob-

1032 492 1118 526 jecta.
1135 494 1167 520 Et
1180 495 1250 520 nota
1267 493 1300 528 (c)
1316 493 1353 520 de
1373 493 1424 520 illo
1440 494 1532 522 verbo
1552 503 1558 521 :
1583 495 1657 522 Sicut
1675 495 1807 521 exaltavit

1036 540 1138 573 Moyses
1155 543 1300 574 serpentem
1322 541 1351 566 in
1369 540 1472 567 deserto
1483 560 1492 574 ,
1514 542 1557 567 ita
1571 542 1689 568 exaltari
1703 543 1807 576 oportet

1035 586 1135 612 Filium
1149 587 1279 620 hominis,
1293 586 1376 621 quod
1391 588 1490 621 posset
1504 594 1566 614 esse
1579 587 1676 614 thema
1690 587 1720 614 in
1734 587 1806 614 festo

1036 631 1224 659 Exaltationis
1240 632 1353 666 Crucis,
1367 634 1394 659 et
1407 632 1592 660 insinuantur
1607 632 1649 660 ibi
1668 635 1807 668 quatuor,

1037 686 1165 713 quorum
1178 678 1308 713 primum
1323 681 1365 706 est
1385 679 1572 706 humanitatis
1594 678 1655 706 Filii
1671 678 1719 706 Dei
1733 678 1808 706 veri·

1036 725 1090 757 tas,
1105 724 1146 751 ibi
1161 733 1166 751 :
1183 726 1283 751 Filium
1302 725 1432 758 hominis;
1453 725 1618 752 secundum
1634 726 1676 752 est
1694 725 1809 760 generis
1824 713 1881 763 53:³1¹
1884 712 1928 762 ‘gei

1037 771 1139 798 mortis
1160 771 1296 806 specifica
1317 771 1441 807 qualitas
1463 773 1490 798 et
1512 771 1612 799 debita
1626 771 1809 806 congruitas,
1833 774 1920 794 veritas.

1037 817 1078 844 ibi
1093 826 1099 844 :
1116 817 1225 852 Oportet
1240 819 1359 844 exaltari
1367 838 1376 852 ‚
1387 817 1496 845 seilicet
1510 818 1539 845 in
1551 826 1651 852 cruce,
1665 818 1703 846 ad
1714 820 1809 846 osten-

1039 863 1168 891 dendam
1187 864 1340 891 victoriam
1360 864 1396 891 de
1411 864 1594 900 principibus
1615 864 1701 899 hujus
1722 864 1806 892 aeris.

1039 910 1118 937 Unde
1132 911 1356 946 Chrysostomus
1368 911 1414 938 hie
1428 912 1438 927 ⁷
1455 920 1481 938 z«
1491 911 1603 939 Athleta
1614 911 1733 946 nobilis,
1742 919 1810 938 cum

1038 957 1068 984 in
1082 957 1207 985 sublime
1222 957 1365 984 rebellem
1385 957 1476 990 levat,
1488 958 1689 993 etprosternit,
1705 957 1810 985 clario-

1038 1011 1102 1031 rem
1116 1004 1243 1031 ostendit
1258 1004 1410 1031 victoriam
1428 1013 1434 1031 ε
1451 1005 1490 1032 ita
1505 1007 1533 1032 et
1551 1005 1679 1032 Christus
1693 1004 1811 1040 opposi-

1039 1051 1080 1077 tas
1096 1050 1216 1077 virtutes
1235 1050 1370 1078 submisit
1390 1058 1537 1086 appensus
1551 1051 1581 1078 in
1595 1052 1696 1079 Cruce.
1715 1060 1729 1076 »
1747 1051 1810 1078 flaec

1040 1097 1098 1124 ille.
1115 1096 1125 1112 θ
1146 1107 1158 1123 α
1175 1097 1273 1124 Palam
1297 1097 1482 1133 triumphans
1505 1098 1536 1125 in
1557 1097 1723 1133 semetipso.
1740 1107 1754 1124 »
1780 1099 1812 1125 Et

1040 1143 1170 1170 ibidem:
1196 1155 1208 1168 «
1229 1144 1356 1178 Affigens
1381 1144 1474 1177 cruci,
1495 1155 1508 1170 n
1530 1146 1582 1172 etc.
1609 1144 1703 1172 Tertio
1723 1143 1811 1179 signi-

1040 1189 1143 1217 ficatur
1165 1198 1297 1224 congrua
1321 1190 1409 1225 hujus
1427 1190 1636 1225 figurabilitas,
1655 1190 1696 1218 ibi
1713 1199 1720 1216 :
1737 1191 1811 1218 Sicut

1041 1238 1172 1263 exaltavit
1186 1237 1288 1270 Moyses
1303 1239 1450 1271 serpentem
1461 1245 1470 1263 :
1481 1237 1517 1264 de
1533 1237 1616 1272 cujus
1630 1236 1730 1270 figurae
1740 1243 1810 1264 con-

1040 1282 1164 1316 gruitate
1176 1282 1286 1309 dictum
1295 1285 1337 1310 est
1346 1283 1376 1310 in
1389 1283 1489 1310 litterae
1498 1282 1690 1318 expositione.
1703 1283 1810 1315 Quarto

1846 683 1928 702 numu-

1041 1328 1183 1362 figuratur
1202 1329 1292 1364 ipsius
1313 1329 1456 1364 passionis
1477 1329 1507 1356 in
1524 1337 1609 1356 cruce
1628 1328 1811 1362 virtuosius,
1843 1329 1932 1364 ‘Pusio-

1042 1377 1070 1402 et
1084 1375 1266 1402 credentium
1279 1375 1388 1402 utilitas
1402 1385 1408 1402 :
1428 1377 1461 1402 Ut
1475 1377 1561 1403 omnis
1576 1377 1623 1410 qui
1637 1375 1722 1403 credit
1732 1395 1742 1410 ‚
1758 1377 1811 1403 etc.
1827 1365 1930 1411 mmm

1042 1420 1118 1448 Infra
1128 1422 1138 1438 ⁹
1154 1430 1160 1448 :
1183 1431 1196 1446 «
1210 1422 1281 1448 Cum
1296 1422 1438 1449 exaltatus
1461 1421 1561 1456 fuero,
1584 1421 1686 1449 omnia
1699 1421 1814 1449 traham

1043 1467 1081 1494 ad
1091 1475 1138 1494 me
1153 1468 1259 1502 ipsum,
1270 1477 1282 1492 ι)
1294 1469 1539 1496 ὓαῐηαεοεηυε.’οιι
1550 1468 1623 1501 Quia
1634 1475 1687 1503 per
1698 1468 1814 1503 lignum

1042 1520 1137 1547 mors,
1153 1514 1308 1549 oportebat
1320 1522 1372 1549 per
1386 1514 1501 1548 lignum
1512 1514 1575 1542 dari
1586 1514 1691 1547 vitam,
1706 1513 1815 1541 scilicet

1041 1567 1095 1594 per
1107 1560 1251 1587 Clu-istum
1264 1560 1294 1587 in
1309 1569 1394 1588 cruce
1407 1560 1626 1587 credentibus.»
1641 1562 1671 1587 Et
1686 1560 1727 1587 ibi
1738 1560 1814 1587 bene

1043 1606 1080 1633 de
1094 1606 1151 1633 hoc
1171 1608 1376 1634 Damascenus.
1401 1606 1477 1634 Illud
1500 1615 1570 1634 vero
1591 1606 1718 1634 verbum
1734 1615 1740 1634 :
1756 1607 1816 1634 Luae

1042 1655 1115 1680 venit
1129 1656 1158 1680 in
1172 1654 1315 1686 mundum,
1331 1656 1355 1680 et
1372 1653 1525 1680 dilexerunt
1544 1654 1659 1680 homines
1675 1655 1759 1688 maqis
1779 1655 1816 1680 te-

1043 1700 1136 1726 nebras
1150 1721 1158 1733 ‚
1187 1702 1285 1734 posset
1317 1707 1378 1727 esse
1404 1700 1502 1727 thema
1533 1699 1563 1726 in
1593 1699 1728 1727 Adventu
1753 1708 1760 1726 :
1784 1699 1815 1726 in

1044 1753 1105 1780 quo
1133 1745 1189 1773 tria
1218 1746 1396 1780 figurantur,
1421 1754 1549 1781 quorum
1572 1746 1718 1781 primum,
1752 1745 1815 1773 Filii

1045 1792 1093 1819 Dei
1123 1792 1369 1819 communicativa
1391 1792 1508 1819 bonitas
1525 1801 1531 1819 ;
1550 1793 1624 1826 Luae,
1649 1799 1716 1827 quae
1736 1799 1815 1819 sum·
1845 1790 1936 1810 ¹³⁰⁰st=⁸³

1045 1846 1092 1865 me
1113 1840 1140 1866 et
1162 1838 1293 1874 undique
1314 1840 1341 1866 et
1360 1838 1421 1865 sine
1443 1838 1606 1865 defectione
1629 1846 1659 1865 se
1683 1845 1816 1866 commu·
1831 1826 1930 1871 ἙΞἨΪ,

1045 1885 1133 1918 nicat,
1147 1892 1235 1920 supra
1246 1885 1265 1901 ¹¹
1278 1894 1284 1912 :
1301 1886 1368 1912 Erat
1384 1886 1432 1911 lum
1446 1892 1517 1911 vera.
1534 1883 1702 1912 Secundum
1715 1886 1757 1912 est
1771 1883 1816 1911 di·
1831 1882 1934 1903 Fffifflssl·

1046 1931 1163 1965 gnativa
1188 1931 1320 1966 ejusdem
1343 1931 1374 1958 in
1402 1931 1580 1958 assumendo
1604 1930 1816 1958 humanitatem

1045 1977 1208 2012 humilitas,
1225 1977 1266 2005 ibi
1280 1986 1286 2004 :
1307 1979 1387 2005 Venit
1401 1979 1430 2004 in
1443 1978 1571 2004 mundum
1578 1998 1587 2012 ,
1603 1977 1685 2012 quod
1699 1976 1754 2004 fuit
1765 1976 1818 2003 hu-

1045 2024 1214 2051 manitatem
1228 2032 1386 2051 assumere.
1409 2023 1489 2051 Unde
1510 2023 1611 2051 Glossa
1634 2031 1640 2050 :
1665 2022 1817 2050 «Verbum

1045 2070 1125 2097 venit
1139 2070 1169 2097 in
1179 2078 1307 2098 carnem.
1324 2080 1337 2096 »
1356 2071 1375 2086 ¹²
1392 2081 1405 2094 «
1419 2070 1502 2097 Venit
1513 2069 1694 2097 desideratus
1707 2068 1818 2096 cunctis

1047 2116 1191 2150 gentibus.
1211 2126 1223 2142 ι)
1241 2116 1334 2144 Tertio
1352 2116 1494 2151 figuratur
1507 2115 1662 2143 hominum
1676 2114 1818 2150 perversi-
1859 2109 1936 2130 ¹¹⁰mi·

1047 2164 1105 2196 tas,
1124 2163 1166 2189 ibi
1183 2171 1189 2189 :
1214 2164 1373 2190 DtIeoeerunt
1394 2163 1510 2189 homines
1528 2163 1614 2196 magis
1635 2161 1770 2195 tenebras,
1786 2159 1817 2187 id
1830 2145 1937 2192 ἲὲζῑῖξζ

1047 2211 1099 2243 est‚
1121 2217 1212 2244 opera
1230 2211 1427 2244 peccatorum.
1444 2208 1523 2235 Unde
1544 2207 1584 2235 ait
1603 2206 1758 2243 Apostolus
1774 2206 1815 2234 ¹³:

1050 2257 1167 2291 «Opera
1182 2256 1384 2289 tenebrarum,
1399 2264 1412 2280 n
1431 2256 1484 2282 etc.
1506 2256 1538 2281 Et
1552 2253 1619 2281 ideo
1635 2253 1817 2286 dilexerunt,

1048 2302 1119 2337 quia
1137 2304 1219 2329 erant
1233 2301 1369 2329 tenebrae.
1385 2301 1479 2336 Supra
1492 2301 1512 2317 ¹*
1527 2310 1558 2327 :a
1572 2302 1632 2328 Lux
1646 2300 1677 2327 in
1691 2298 1819 2327 tenebris

1047 2348 1134 2376 lucet.
1150 2358 1164 2374 »
1182 2350 1214 2375 Et
1227 2347 1269 2375 ibi
1283 2347 1358 2374 benc
1373 2346 1410 2374 de
1424 2346 1492 2374 hoc.

1082 2395 1128 2422 ⁶22.
1141 2396 1173 2422 Et
1187 2394 1318 2429 sequitur
1333 2393 1384 2420 illa
1393 2401 1473 2428 parS,
1485 2393 1515 2420 in
1528 2400 1587 2428 qua
1601 2392 1637 2420 de
1649 2390 1816 2419 manifesta·
1868 2380 1938 2400 M‘mi'

1049 2478 1149 2502 med.—
1163 2479 1181 2494 ¹¹
1197 2478 1300 2508 Sup.,1,
1317 2479 1341 2502 9.
1357 2491 1384 2496 -
1399 2478 1419 2494 ¹²
1427 2478 1502 2508 «4990
1520 2482 1548 2507 11,
1563 2477 1617 2500 8.-
1632 2475 1653 2492 ¹³
1665 2476 1743 2506 Rom.,
1759 2480 1816 2504 xm,

1052 2516 1088 2537 ¹2.
1102 2527 1128 2530 —
1147 2514 1165 2529 ’Β
1180 2515 1252 2543 Sup.,
1268 2519 1287 2543 1,
1301 2514 1325 2537 5.

1082 2553 1116 2583 (a)
1135 2554 1196 2577 Coet.
1215 2552 1275 2576 cclii.
1295 2552 1367 2583 quasi
1386 2559 1432 2583 pro
1452 2551 1570 2580 veritate,
1590 2558 1632 2574 nec
1647 2550 1705 2574 add.
1722 2553 1816 2575 amant.

1049 2601 1079 2605 —
1095 2587 1130 2618 (a)
1145 2589 1205 2613 Caee.
1221 2588 1282 2612 edit.
1297 2589 1368 2612 sicut.
1390 2600 1418 2605 —
1434 2587 1464 2616 (c)
1480 2587 1539 2610 Item
1553 2588 1634 2610 notat.
1652 2599 1682 2603 —
1703 2585 1740 2616 (d)
1756 2587 1818 2610 Item

1050 2623 1180 2647 recedens.
