1987 3032
177 225 234 252 4222

176 287 326 324 processio
342 285 474 314 Ecclesiae
489 286 519 312 in
532 283 629 312 Ramis
644 282 812 318 palmarum
823 301 832 315 ,
847 281 876 308 in
888 288 947 316 qua

177 333 364 370 processione
380 331 520 368 planius:
538 331 570 357 Et
586 329 738 356 clamabant
754 336 760 354 :
778 328 894 355 Osanna.
914 327 947 354 Ut

179 380 218 408 ait
239 379 414 415 Augustinus
428 379 434 395 ¹
449 387 455 404 :
475 388 487 401 «
504 378 564 404 Vox
579 374 758 402 obsecrantis
773 375 828 407 est,
853 373 946 408 magis

178 426 316 454 affectum
333 425 481 456 indicans,
507 430 597 458 quam
620 429 683 449 rem
707 420 858 456 aliquam:
874 419 947 447 sicut

178 475 245 500 sunt
265 471 403 508 quoedam
427 468 638 504 interjectiones
663 468 692 495 in
716 467 807 495 latina
828 466 945 501 lingua,

179 527 252 555 quas
265 518 314 545 vel
330 517 462 544 dolentes
476 515 601 542 dicimus
612 536 620 549 ,
644 516 676 541 ut
690 515 763 545 Heu:
779 512 827 540 vel
851 512 947 540 delec-

179 568 286 599 tantes,
307 566 338 591 ut
355 563 429 596 Vah3
449 562 494 590 vel
519 569 586 589 cum
607 560 807 592 admiramur,
831 561 858 586 et
873 558 946 586 dici-

179 620 245 639 mus
261 620 268 638 :
287 611 308 638 0
323 618 377 637 rem
392 611 503 636 novam!
515 609 568 636 etc.
585 609 641 635 Nec
658 599 737 634 enim
751 608 879 639 GraecuS,
894 612 947 632 nec

179 658 297 688 Latinus
310 655 493 692 interpretari
507 654 617 690 potuit;
633 653 707 681 sicut
721 655 748 680 ct
761 653 867 685 Racha,
883 659 949 686 quae

180 706 222 732 est
236 703 396 738 interiectio
411 702 547 729 affectum
562 699 742 735 indignantis
754 698 919 726 ostendens.
933 709 945 722 »

179 750 338 778 Benedictus
352 750 400 784 qui
413 749 485 775 venit
502 748 529 774 in
545 748 649 773 nomine
664 747 783 779 Domini,
799 744 873 771 sicut
887 744 949 779 ipse

179 796 375 833 praedixerat,
390 802 479 830 supra
490 796 500 811 *²
518 803 524 820 :
539 803 551 819 ιι
566 795 626 828 Ego
643 791 709 819 veni
723 792 754 819 in
766 790 886 818 nomine
901 792 950 817 Pa-

179 845 230 872 tris
244 843 312 871 mei.
325 852 339 868 i)
357 844 413 870 Rex
428 842 511 868 Israel
528 851 535 867 ι
552 839 711 867 credebant
727 838 805 865 enim
825 836 862 864 ad
878 837 950 864 litte-

180 899 244 918 ram
259 891 355 926 ipsum
371 896 433 916 esse
447 888 636 921 regnaturum
649 906 658 919 ,
677 884 786 912 scilicet
798 885 950 918 tempora-

179 938 254 966 liter.
276 936 328 964 Ubi
349 936 385 963 de
403 935 437 971 (a)
454 935 510 962 hac
527 933 715 970 processione
731 930 900 959 clamabant
914 931 924 945 ³
942 939 947 955 z

184 995 196 1010 «
214 983 400 1012 Benedictum
408 1002 417 1016 ,
433 980 515 1017 quod
529 979 608 1007 venit
622 986 745 1014 regnum
755 977 846 1013 patris
859 976 950 1003 nostri

181 1031 282 1059 David.
299 1040 312 1055 »
335 1029 391 1058 Sed
406 1027 554 1064 quaeritur,
573 1025 646 1062 quid
662 1024 754 1052 movit
772 1032 822 1051 eos
844 1023 882 1050 ad
898 1023 951 1050 ista

180 1077 334 1111 facienda,
349 1084 383 1103 ex
398 1082 457 1110 quo
468 1095 477 1107 ,
497 1081 586 1108 supra
600 1071 738 1108 proximo
752 1071 772 1105 ⁷⁴,
784 1080 796 1095 (t
808 1069 951 1097 dederant

181 1123 354 1151 mandatum
362 1120 523 1157 pontificcS,
536 1121 567 1146 ut
579 1117 833 1154 apprehenderent
848 1123 948 1149 eum,»

182 1170 290 1198 scilicet
304 1169 342 1196 ad
363 1166 580 1195 occidendum?
601 1167 633 1192 Et
647 1164 685 1191 ad
699 1164 756 1190 hoc
771 1162 951 1198 responden-

183 1217 255 1244 dum
269 1217 328 1249 est,
343 1214 425 1250 quod
439 1212 514 1240 illud
529 1211 667 1238 movebat
681 1217 732 1237 eos
747 1208 883 1242 exterius,
899 1208 951 1234 sci-

181 1263 249 1291 licet
263 1261 439 1290 miraculum
456 1259 492 1286 de
511 1257 607 1285 Lazari
630 1255 832 1288 suscitatione,
856 1257 884 1281 et
899 1254 952 1281 mi-

183 1309 276 1338 raculi
301 1306 512 1339 manifestatio,
544 1303 627 1340 quod
650 1302 785 1330 viderant
805 1309 872 1328 eum
897 1300 953 1328 dis-

184 1355 372 1384 cumbentem
388 1355 415 1380 et
430 1351 669 1379 manducantem.
686 1348 766 1375 Unde
781 1348 952 1383 Chrysosto-

184 1402 268 1430 mus⁵
284 1403 295 1428 ε’
305 1410 318 1426 «
329 1399 445 1428 Nullum
456 1398 573 1433 signum
582 1396 620 1424 ita
631 1395 776 1423 evellebat
790 1402 851 1425 eOS‚
860 1393 890 1421 id
902 1395 952 1426 est,

186 1447 348 1476 attrahebat
363 1445 403 1473 ad
416 1444 558 1472 Christum
569 1465 576 1477 ,
592 1444 624 1470 ut
639 1441 722 1477 quod
738 1440 855 1473 Lazari,
877 1439 953 1466 scili-

187 1497 231 1522 cet
244 1492 436 1521 resuscitatio.
451 1490 603 1518 Multitudo
618 1488 696 1516 enim
708 1511 716 1521 ,
732 1496 797 1523 quae
812 1486 953 1522 praeibat,

186 1543 213 1568 et
228 1539 416 1574 sequebatur,
433 1538 494 1564 erat
509 1535 655 1563 sufficiens
672 1534 827 1561 immittere
843 1540 911 1566 eos,
924 1532 955 1558 id

186 1588 228 1614 est
238 1607 245 1619 ,
259 1584 406 1620 principes
420 1584 451 1610 in
466 1582 638 1617 agoniam,»
651 1581 681 1607 id
696 1582 747 1613 est,
764 1580 793 1606 in
808 1579 953 1606 timorem.

190 1634 252 1660 Haec
277 1631 335 1658 ille.
352 1630 421 1657 Ideo
443 1628 548 1655 dicitur
567 1628 587 1661 ὓ,
611 1626 693 1662 quod
711 1636 723 1651 «
744 1626 893 1652 commota
915 1625 957 1650 est

186 1679 322 1707 universa
341 1676 458 1709 civitas,
483 1674 587 1710 populi
604 1675 701 1700 autem
725 1671 863 1699 dicebant
879 1680 885 1698 :
907 1670 956 1698 Hic

187 1727 228 1752 cst
256 1723 408 1759 Propheta.
433 1732 445 1747 n
472 1722 548 1748 lutus
581 1721 679 1746 autem
712 1717 883 1753 impellebat
907 1724 958 1744 eos

187 1770 305 1805 spiritus
328 1768 449 1800 Christi,
465 1765 590 1793 volentis
615 1764 776 1799 adimplere
802 1763 958 1799 dispensa-

189 1817 299 1844 tionem
313 1823 371 1842 suae
385 1812 547 1849 passionis⁷
565 1821 570 1839 :
587 1822 600 1837 «
613 1812 671 1838 Hoc
687 1812 780 1838 totum
794 1809 903 1837 factum
918 1810 960 1836 est

190 1864 221 1889 ut
240 1861 450 1896 adimpleretur
466 1858 548 1895 quod
564 1858 674 1885 dictum
697 1859 739 1884 cst
757 1864 810 1892 per
832 1855 960 1891 Prophe-

194 1911 254 1936 tam
266 1929 274 1942 ,
287 1917 301 1933 »
319 1910 372 1934 etc.
388 1906 444 1934 Sed
460 1905 609 1941 quaeritur,
625 1904 750 1939 qualiter
767 1903 899 1930 Salvator
914 1910 960 1928 su-

191 1954 290 1982 stinuit
311 1954 388 1981 hanc
409 1952 623 1985 obviationem,
645 1952 671 1977 et
692 1949 770 1976 hunc
790 1949 959 1976 honorem?

192 2002 288 2036 Supra
307 1999 386 2027 enim
400 1999 410 2014 Β
422 1998 495 2033 fugit
508 1997 653 2024 honorem
664 2017 671 2028 ,
687 1995 808 2031 quando
820 1994 961 2021 volebant

192 2055 260 2074 eum
285 2045 379 2073 facere
402 2052 502 2079 regem
514 2065 522 2078 ,
545 2045 571 2070 et
586 2050 674 2077 supra
699 2042 737 2069 ait
752 2042 761 2058 ⁹
777 2050 782 2068 z
802 2051 815 2066 «
834 2040 961 2067 Gloriam

193 2101 290 2120 meam
303 2100 363 2119 non
376 2099 485 2126 quaero.
497 2100 510 2116 »
522 2091 596 2123 Ergo
610 2088 726 2115 videtur
741 2086 823 2122 quod
837 2094 897 2113 non
913 2086 962 2112 de-

194 2139 304 2166 buisset
313 2137 452 2174 praedicta
467 2135 644 2163 sustinuisse.
657 2136 689 2161 Et
699 2133 737 2161 ad
752 2133 830 2160 istud
843 2139 964 2167 respon-

196 2185 328 2212 dendum
344 2186 402 2217 est,
419 2182 501 2218 quod
514 2183 576 2217 jam
591 2181 749 2208 advenerat
766 2180 880 2213 tempus
898 2186 964 2213 pas-

197 2230 301 2262 sionis,
317 2232 344 2257 et
358 2229 426 2256 ideo
441 2236 471 2256 se
488 2226 705 2260 manifestabat,
722 2228 748 2252 et
763 2225 963 2256 obviationem

194 2276 299 2312 populi
313 2278 341 2303 et
354 2275 458 2303 laudes
480 2273 634 2306 sustinuit,
660 2272 699 2299 ob
722 2270 964 2305 adimpletionem

196 2322 410 2357 scripturarum
433 2323 459 2348 et
480 2319 702 2356 prophetiarum
712 2339 721 2351 ,
735 2319 766 2344 ut
782 2316 893 2343 dictum
908 2317 964 2348 est,

198 2370 225 2395 et
240 2367 278 2395 ob
302 2367 503 2394 inductionem
523 2365 685 2392 multorum
709 2363 745 2391 ad
766 2362 872 2395 fidem,
897 2361 966 2396 quia

197 2421 268 2442 mox
284 2416 344 2440 erat
357 2420 496 2448 passurus
507 2434 514 2446 ,
541 2414 568 2439 et
586 2419 622 2438 ex
638 2409 823 2438 multitudine
846 2407 965 2435 exhibiti

232 2475 240 2490 ¹
252 2474 327 2504 Aug,
336 2473 361 2496 iu
372 2473 450 2501 Joan.‚
460 2473 530 2495 tract.
544 2477 612 2501 1.1,n.
624 2470 707 2494 2.Vid.
719 2477 743 2500 p.
755 2475 808 2499 seq.
821 2469 873 2496 423,
886 2466 933 2490 col.
944 2468 965 2490 1.

201 2509 250 2527 -Ξ
261 2509 343 2537 loon„
358 2513 381 2537 v,
397 2508 463 2530 43.-
477 2507 486 2520 ³
503 2507 589 2533 Marc,
604 2512 641 2536 Χι,
659 2507 725 2529 10.-—
739 2504 748 2521 δ
762 2505 834 2534 sup„
847 2509 883 2533 Χι,
897 2503 967 2526 58.-

202 2544 359 2574 sehrysost„
374 2542 513 2572 ubisup.—
524 2542 532 2557 ‘⁵
542 2541 752 2569 Ma!th.,xxx,10‚
766 2541 833 2562 11.—
844 2539 851 2552 7
863 2538 935 2567 ibid„
944 2539 966 2560 4.

203 2593 232 2596 —
247 2579 257 2595 ⁸
271 2580 343 2608 sup„
354 2579 441 2606 x1‚13›'.
455 2591 481 2593 —
500 2577 510 2592 ⁹
523 2578 594 2606 Sup.,
606 2581 660 2604 vui,
678 2577 715 2598 3¹10.
732 2587 758 2591 -
772 2573 899 2600 ¹⁰Matth..
912 2578 967 2601 xxi,

202 2616 225 2642 2,
241 2616 271 2644 55
285 2613 369 2639 Zaclv„
386 2618 422 2641 lx,
438 2614 492 2635 9.-
508 2612 529 2627 ¹¹
545 2611 686 2641 chrysost„
702 2610 744 2633 ubi
760 2616 847 2639 sup.—
863 2609 880 2624 ¹²
894 2609 968 2637 Aug„

202 2649 244 2673 ubi
258 2656 323 2680 sup.,
336 2655 362 2671 n.
375 2649 398 2671 5.
410 2660 439 2664 —
457 2647 475 2663 ¹³
493 2646 567 2676 ibid,
581 2652 605 2669 u.
622 2647 676 2668 2.-
696 2645 712 2659 '¹⁴
728 2644 830 2672 solers„
846 2649 878 2672 li,
897 2644 969 2666 15.-

695 213 906 246 EVANGELII
930 213 1069 244 SANCTl
1091 212 1255 244 JOANNIS

999 279 1121 308 honoris
1144 279 1307 315 augebatur
1329 280 1493 315 ignominia
1518 279 1672 315 passionis.
1698 280 1769 308 item

1001 326 1140 363 quaeritur
1155 325 1192 353 de
1207 326 1408 354 contrarietate
1422 325 1522 354 litterae
1534 346 1542 359 ,
1561 333 1627 361 quae
1643 325 1768 360 videtur,

1001 373 1072 409 quia
1086 372 1192 400 dicitur
1204 373 1223 389 ¹⁰
1241 381 1247 399 :
1265 381 1279 396 «
1295 373 1334 400 Ite
1350 372 1380 399 in
1394 372 1555 406 castellum,
1571 371 1654 408 quod
1668 373 1771 400 contra

1001 427 1054 447 vos
1069 420 1120 452 est,
1134 429 1148 444 n
1165 420 1233 452 etc.,
1250 420 1278 445 et
1292 417 1375 453 quod
1389 427 1403 443 α
1413 417 1487 445 sedit
1499 426 1586 454 super
1601 418 1727 452 asinam,
1743 421 1771 446 et

1001 465 1117 501 pullum
1141 465 1240 499 ejus.»
1263 465 1295 491 Et
1316 463 1447 491 similiter
1474 464 1521 491 hic
1544 464 1661 498 dicitur,
1686 464 1770 500 quod

1006 511 1103 539 «sedit
1116 518 1204 546 super
1218 509 1356 543 asellum,
1366 520 1380 535 »
1394 511 1447 538 etc.
1463 511 1496 537 Et
1506 510 1546 537 ad
1556 510 1634 538 istud
1649 518 1771 546 respon-

1003 558 1134 586 dendum
1149 559 1190 584 est
1205 556 1368 584 secundum
1382 556 1622 592 chrysostomum
1636 556 1674 591 ¹¹,
1694 564 1770 593 quo-

1002 604 1083 631 niam
1097 605 1221 638 utraque
1237 602 1312 630 tacta
1325 604 1408 636 sunt,
1419 602 1529 630 scilicet
1543 601 1626 638 quod
1639 602 1714 630 sedit
1725 610 1771 630 su-

1002 658 1055 686 per
1067 649 1198 683 asinam,
1213 650 1240 676 et
1250 649 1366 684 pullum
1381 649 1452 684 ejus.
1464 648 1600 683 Etprimo
1615 656 1704 685 super
1714 649 1771 676 asi-

1003 704 1083 730 nam,
1098 697 1256 731 postquam
1274 695 1369 722 soluta
1385 696 1445 729 est3
1466 694 1591 729 deinde,
1608 694 1772 722 dicentibus

1004 742 1165 778 discipulis,
1177 741 1348 777 seditsuper
1355 740 1480 776 pullum.
1492 742 1523 768 Et
1534 740 1592 768 hoc
1602 740 1655 768 fuit
1665 742 1771 776 myste-

1004 789 1081 816 rium
1091 809 1100 822 ,
1113 788 1195 824 quod
1211 787 1308 823 primo
1323 786 1452 814 Christus
1476 786 1550 814 sedit
1563 786 1594 813 in
1613 786 1730 821 Judaea,
1746 788 1774 814 et

1005 835 1089 871 quasi
1105 841 1193 870 super
1206 835 1334 861 veterem
1349 840 1533 868 synagogam
1539 842 1547 867 ;
1563 832 1671 860 deinde
1685 840 1774 869 super

1006 881 1165 909 Ecclesiam
1178 887 1351 908 conversam
1362 887 1398 906 ex
1410 879 1555 914 gentibus.
1563 880 1596 906 Et
1603 878 1685 914 quod
1697 886 1774 907 unus

1005 926 1183 962 evangelista
1198 926 1315 960 omittit,
1331 925 1406 953 alius
1420 926 1529 952 narrat.
1545 924 1626 953 Unde
1641 925 1774 960 Augusti-

1005 981 1060 1001 nus
1067 973 1088 990 ¹²
1099 982 1106 1000 :
1121 984 1133 998 «
1140 974 1188 1000 Hic
1197 972 1324 1000 breviter
1331 971 1442 999 dictum
1448 973 1489 998 est
1495 981 1503 1006 ;
1513 971 1594 1007 apud
1603 971 1677 999 alios
1685 979 1772 1000 evan-

1006 1020 1123 1055 gelistas
1141 1018 1309 1054 plenissime
1333 1017 1449 1052 legitur,
1470 1017 1725 1053 quemadmodum
1739 1018 1776 1046 sit

1005 1066 1124 1093 tactum.
1133 1075 1146 1091 n
1160 1066 1191 1092 Et
1201 1064 1238 1092 de
1250 1064 1304 1091 ista
1312 1063 1482 1092 obviatione
1492 1065 1520 1091 et
1528 1063 1620 1091 modo
1629 1063 1774 1092 obviatio-

1006 1113 1060 1146 nis,
1069 1111 1236 1147 Magisterin
1244 1111 1386 1137 Historiis.
1404 1109 1571 1138 Secundum
1580 1110 1775 1145 Augustinum

1005 1167 1076 1186 vero
1089 1159 1140 1192 ¹³,«
1150 1157 1224 1184 rami
1238 1156 1406 1192 palmarum
1419 1155 1523 1183 laudes
1533 1158 1615 1183 erant
1629 1155 1776 1191 signantes

1007 1205 1175 1237 victoriam,
1191 1211 1250 1238 qua
1264 1204 1324 1230 erat
1335 1201 1474 1229 Dominus
1486 1209 1539 1237 per
1552 1203 1678 1230 mortem
1689 1210 1776 1238 supe—

1006 1254 1122 1278 raturus
1134 1271 1142 1283 ‚
1158 1252 1185 1277 et
1206 1249 1337 1284 trophaeo
1360 1249 1452 1275 crucis
1471 1247 1508 1275 de
1525 1247 1647 1276 diabolo
1674 1248 1777 1276 mortis

1007 1297 1140 1333 principe
1155 1295 1395 1330 triumphaturus,
1405 1304 1418 1319 n
1430 1294 1449 1312 ¹⁸
1459 1304 1471 1319 α
1482 1293 1582 1329 palam
1594 1294 1778 1330 triumphans

1007 1344 1074 1371 illos
1089 1343 1119 1369 in
1135 1341 1300 1376 semetipso.
1313 1340 1418 1367 »Unde
1434 1339 1598 1367 notandum
1609 1361 1618 1374 ,
1633 1340 1717 1376 quod
1731 1341 1778 1368 tri-

1007 1389 1115 1425 plicem
1130 1388 1275 1415 honorem
1285 1387 1396 1415 Christo
1412 1385 1580 1414 detulerunt
1591 1386 1621 1414 in
1636 1386 1690 1414 ista
1704 1387 1778 1415 serie

1008 1436 1038 1463 in
1054 1438 1155 1471 typum
1167 1433 1289 1469 triplicis
1304 1433 1471 1468 dignitatis,
1485 1432 1534 1460 vel
1555 1432 1734 1460 excellentiss
1748 1433 1779 1460 in

1008 1482 1130 1510 Christo.
1148 1483 1178 1508 [n
1193 1482 1297 1515 typum
1318 1479 1396 1506 enim
1419 1480 1446 1506 et
1466 1479 1594 1513 figuram
1619 1479 1779 1513 maiestatis

1009 1530 1036 1555 et
1051 1526 1281 1562 omnipotentiae,
1296 1526 1473 1560 acceperunt
1487 1532 1587 1552 ramos
1600 1524 1777 1559 palmarum.

1009 1574 1109 1602 Palma
1127 1572 1206 1600 enim
1229 1572 1323 1606 dicta,
1340 1571 1410 1606 quia
1425 1578 1531 1598 manus
1545 1570 1670 1598 victricis
1689 1578 1779 1599 orna-

1009 1620 1069 1647 tiva
1083 1620 1135 1646 est.
1151 1620 1197 1646 Est
1212 1618 1290 1645 enim
1302 1628 1315 1641 «
1329 1617 1419 1644 arbor
1432 1616 1554 1651 insignis
1567 1616 1697 1644 victoriae
1711 1624 1780 1652 pro-

1011 1674 1078 1693 cero
1102 1673 1135 1692 ac
1160 1665 1268 1692 decoro
1289 1663 1434 1698 virgultu,
1453 1673 1466 1688 u
1485 1664 1516 1689 ut
1542 1662 1582 1690 ait
1601 1662 1728 1690 Isidorus
1746 1663 1779 1690 ¹⁵.

1012 1713 1049 1738 ¹⁶«
1059 1712 1139 1740 Sicut
1148 1710 1247 1746 palma
1258 1709 1460 1745 multiplicabo
1472 1709 1561 1736 dies.»
1574 1708 1615 1736 lbi
1626 1709 1782 1743 Gregorius

1012 1759 1087 1786 bene
1103 1758 1121 1774 ¹7
1139 1766 1144 1784 :
1156 1767 1170 1782 «
1182 1756 1283 1784 Palma
1295 1755 1378 1783 tarde
1389 1755 1522 1790 proficit,
1536 1754 1589 1782 sed
1603 1754 1655 1782 diu
1668 1754 1700 1781 in
1713 1754 1782 1782 viri-

1014 1804 1102 1832 ditate
1117 1803 1278 1838 supersistit
1291 1811 1296 1829 :
1314 1801 1436 1829 inferius
1447 1801 1483 1837 (b)
1495 1808 1599 1836 aspera
1613 1802 1673 1833 est,
1685 1803 1714 1828 et
1727 1800 1783 1828 ari-

1014 1851 1059 1878 dis
1073 1849 1229 1878 corticibus
1242 1848 1384 1876 obvoluta
1393 1857 1401 1882 3
1413 1846 1547 1882 superius
1556 1847 1621 1874 visu
1631 1849 1659 1874 et
1667 1847 1699 1882 (c)
1709 1846 1785 1874 fruc-

1014 1897 1091 1924 tibus
1106 1895 1246 1931 pulchra;
1271 1896 1299 1922 et
1318 1894 1349 1921 in
1373 1893 1439 1920 imis
1460 1893 1568 1920 minori
1589 1892 1784 1928 amplitudine

1015 1942 1161 1977 exsurgit,
1182 1941 1316 1976 superius
1331 1947 1402 1967 vero
1416 1938 1538 1974 majoris
1552 1940 1594 1966 est
1615 1938 1785 1974 amplitudi-

1015 1989 1069 2016 nis.
1083 1999 1095 2014 »
1114 1988 1195 2015 Unde
1217 1986 1371 2021 Gregorius
1386 1985 1426 2012 ¹⁸:
1443 1994 1457 2010 «
1471 1986 1539 2018 Quae
1553 1985 1649 2012 tenuis
1663 1985 1702 2012 ab
1719 1984 1786 2012 imis

1016 2034 1147 2071 proiicit,
1173 2033 1281 2061 vastior
1301 2032 1340 2059 ad
1364 2039 1480 2058 summa
1506 2030 1671 2058 succrescit.
1695 2040 1710 2056 u
1734 2031 1787 2058 Per

1016 2082 1147 2117 palmam
1163 2087 1234 2114 ergo
1254 2079 1385 2113 signatur
1403 2076 1570 2104 virtuositas
1588 2076 1725 2112 potentiae
1736 2096 1745 2110 ,
1760 2078 1788 2103 et

1017 2127 1182 2162 triumphus
1203 2124 1375 2152 victoriae.¹⁹
1393 2133 1406 2149 α
1423 2125 1535 2151 Statura
1554 2124 1605 2150 tua
1628 2122 1788 2150 assimilata

1018 2175 1059 2201 est
1074 2173 1190 2208 palmae.
1207 2181 1220 2197 ι)
1240 2172 1270 2198 ln
1290 2171 1394 2198 Psalmo
1412 2170 1434 2188 ²⁰
1453 2178 1459 2196 ι
1483 2178 1497 2194 (ι
1512 2170 1609 2196 ,iustus
1630 2170 1662 2195 ut
1686 2167 1788 2203 palma

1019 2219 1144 2247 florebit.
1159 2228 1172 2243 »
1190 2220 1221 2246 ln
1237 2220 1342 2252 typum
1360 2223 1431 2243 vero
1447 2217 1475 2242 et
1493 2215 1620 2249 figuram
1638 2222 1698 2242 suoe
1711 2213 1787 2241 veri-

1019 2266 1084 2293 tatis
1107 2268 1135 2292 et
1163 2264 1331 2300 sapientias,
1355 2264 1382 2290 et
1408 2269 1470 2289 suae
1492 2261 1641 2296 dignitatis
1659 2262 1789 2296 pastora-

1019 2311 1054 2338 lis
1075 2312 1105 2338 in
1124 2309 1266 2345 regendo,
1287 2309 1491 2344 processerunt
1513 2307 1633 2335 obviam
1653 2306 1699 2340 ei,
1719 2305 1790 2341 quia

1023 2368 1036 2383 «
1052 2365 1102 2393 per
1117 2357 1213 2392 ipsum
1228 2355 1322 2391 gratia
1335 2356 1363 2382 et
1376 2354 1497 2388 veritas,
1509 2363 1522 2378 n
1540 2360 1629 2389 supra
1639 2354 1659 2370 ²²
1676 2361 1682 2379 :
1701 2361 1715 2377 α
1727 2352 1788 2386 lpse

1023 2448 1041 2463 ¹⁵
1064 2447 1110 2470 {sid
1124 2464 1130 2476 ,
1151 2444 1298 2476 Elymoloq„
1322 2444 1366 2467 lib.
1389 2443 1468 2472 xvn,
1489 2449 1512 2466 e.
1537 2447 1586 2469 vn,
1609 2441 1634 2464 in
1659 2439 1740 2470 princ.
1759 2451 1789 2457 —-

1022 2484 1041 2498 ¹⁴·
1055 2482 1109 2509 Job,
1126 2487 1198 2511 xxix,
1215 2482 1251 2504 ¹8.
1264 2493 1291 2497 -
1307 2479 1327 2496 ¹⁷
1344 2480 1431 2509 Greg„
1445 2477 1548 2507 Mor-ol„
1562 2476 1604 2500 lib.
1617 2475 1682 2503 ΧΙΧ,
1698 2481 1721 2498 c.
1735 2480 1790 2504 xvi,

1022 2517 1053 2540 al.
1069 2522 1151 2546 mvn,
1163 2523 1188 2540 n.
1203 2517 1240 2545 49,
1254 2515 1341 2546 paucis
1355 2513 1465 2538 mutatis.
1475 2525 1504 2530 —
1515 2511 1535 2528 ¹⁸
1551 2510 1613 2535 tbid.
1628 2523 1659 2528 —
1674 2510 1693 2527 ¹⁹
1706 2510 1790 2538 Cant„

1023 2558 1067 2583 vu,
1083 2554 1106 2575 7.
1123 2565 1149 2569 —
1168 2552 1189 2568 2⁰
1207 2550 1344 2579 1’sal xffl,
1360 2551 1397 2573 15.
1413 2562 1445 2566 —
1457 2549 1475 2564 ἵ·
1492 2548 1564 2578 Sup„
1581 2553 1598 2575 1,
1615 2547 1652 2569 17.

1041 2604 1089 2643 ta}
1108 2605 1163 2634 Loq.
1180 2603 1250 2628 Unde
1263 2603 1298 2626 in.
1310 2615 1340 2620 —
1355 2601 1387 2631 (h)
1405 2600 1492 2631 Szwpl.
1508 2601 1584 2623 tactu.
1603 2611 1631 2616 —
1647 2598 1678 2628 (c)
1694 2598 1751 2628 Leq.
1767 2600 1793 2621 et

1024 2647 1086 2663 visu.
