1987 3032
641 229 680 261 IN
703 229 788 260 CAP.
810 229 863 260 XII
888 229 1025 260 SANCTI
1047 229 1219 261 JOANNIS.

139 298 364 333 degenerantem
377 306 383 324 ε
399 306 411 322 α
421 295 515 323 Tritici
527 303 653 330 granum
664 303 798 330 sparsum
810 298 901 329 terrae,

138 345 252 379 generis
273 344 318 371 sui
342 343 463 378 gratiam
487 341 600 375 reddit,
622 343 649 368 et
670 344 700 369 tu
721 341 902 376 degeneras:

137 390 236 426 fruges
250 399 311 419 non
325 390 491 418 adulterant
505 388 698 416 sinceritatem
713 388 756 414 sui
771 387 903 421 seminis,

138 439 165 464 et
179 440 210 464 tu
225 437 373 465 adulteras
395 436 552 471 puritatem
576 436 681 462 animae
704 437 769 462 tuce.
786 445 799 460 »
818 436 849 462 Et
863 435 905 461 ibi

138 483 214 510 bene
231 483 268 510 de
282 483 348 510 hoc.
365 483 397 508 Et
411 482 488 509 istud
508 490 633 516 granum
648 481 835 508 benedictum
851 488 904 515 pro

100 538 102 543 ’
138 529 249 556 Christo
262 530 413 556 mortuum
428 530 478 555 est.
502 530 534 555 Et
552 528 582 554 in
603 528 659 554 hoe
680 527 824 562 passionis
840 527 905 553 dira

139 574 296 608 acerbitas,
307 576 394 610 prout
407 574 516 601 dictum
530 575 572 600 est
585 581 674 609 supra
687 583 693 600 :
708 583 721 599 «
736 575 811 600 Mors
825 573 904 600 enim

138 620 385 648 terrihilissimum
400 622 455 654 est,
471 619 541 655 quia
557 620 696 646 terminus
714 619 873 655 passionis,
892 629 904 643 ι)

139 668 172 693 ut
193 667 232 694 ait
254 666 370 702 sapiens
386 666 404 692 ¹.
425 668 457 693 Et
480 668 577 693 tamen
597 666 638 692 sic
657 666 733 693 mori
752 665 908 692 voluerunt

140 714 297 747 martyres,
313 715 341 739 et
363 711 621 744 desideraverunt,
642 719 678 738 ne
701 719 718 738 a
739 711 816 745 vita,
841 719 907 745 quae

140 758 267 785 Christus
282 760 338 792 est,
353 759 571 792 separarentur,
581 759 669 792 prout
683 756 788 784 dicitur
802 756 811 770 2
828 766 834 783 :
852 767 865 781 ι(
877 758 907 783 ln

141 804 285 831 occisione
301 803 392 838 gladii
406 803 513 830 mortui
535 805 610 830 sunt.
633 814 646 828 n
674 805 706 830 Et
719 803 757 830 ad
773 802 908 837 martyris

141 849 333 877 imitationem
347 849 435 876 debet
453 849 550 876 fidelis
570 849 693 884 quilibet
715 849 791 876 mori
815 850 908 875 morte

141 895 338 931 quadruplici.
361 895 456 922 Prima
477 897 519 922 est
538 895 604 922 vitae
624 897 827 930 peecatorum,
848 894 908 921 sive

142 942 328 977 iniquitatum
343 941 516 969 omnimoda
531 941 667 968 extinctio
683 943 692 958 ³
710 951 716 968 :
733 951 746 966 ι(
760 942 788 969 Si
802 942 909 968 mortui

142 997 243 1016 sumus
265 991 401 1024 peccato,
420 988 573 1023 quomodo
595 988 728 1015 vivemus
750 988 780 1015 in
804 988 878 1015 illo?
894 999 906 1012 u

144 1036 216 1062 Mors
229 1035 307 1062 enim
324 1042 385 1061 non
403 1036 445 1061 est
459 1034 626 1061 substantiae
641 1034 843 1069 consumptio,
857 1034 909 1061 sed

142 1081 291 1108 unitorum
318 1081 468 1114 diseretio,
489 1082 522 1116 (a)
548 1081 701 1115 Dionysius
724 1080 743 1107 ⁶.
760 1080 813 1114 Qui
839 1088 908 1114 ergo

143 1134 210 1154 vere
232 1135 262 1154 se
280 1129 396 1162 separat
419 1127 457 1154 ab
480 1126 699 1162 iniquitatibus,
720 1127 760 1153 eis
775 1127 908 1153 moritur.

144 1174 212 1200 Item
226 1173 355 1200 secunda
368 1180 448 1200 mors
462 1175 503 1199 est
522 1172 647 1200 carnalis
667 1173 909 1208 concupiscentiae

143 1219 329 1246 mortificatio
347 1220 374 1246 et
385 1218 536 1246 crucifixio
552 1218 581 1245 in
597 1226 682 1245 cruce
694 1219 868 1254 poenitentiae
878 1220 887 1235 ὃ
902 1228 908 1245 z

147 1276 161 1292 α
176 1266 229 1299 Qui
244 1267 312 1293 sunt
326 1266 443 1299 Christi,
458 1273 576 1292 earnem
599 1273 684 1293 suam
705 1266 911 1293 crucifixerunt

145 1321 212 1340 cum
230 1312 308 1339 vitiis
327 1315 354 1339 et
372 1311 622 1347 concupiscentiis.
638 1322 652 1337 »
670 1313 701 1339 Et
715 1313 724 1328 θ
741 1322 746 1339 ;
766 1323 779 1337 (ι
798 1313 911 1340 Mortifi-

144 1361 206 1387 cate
220 1359 355 1386 membra
374 1361 479 1386 vestra.
495 1369 508 1385 u
526 1359 617 1386 Tertia
640 1367 736 1392 mors,
752 1358 911 1386 mundialis

144 1405 310 1441 cupiditatis
324 1405 473 1433 abdicatio
487 1406 497 1421 ⁷
514 1415 520 1432 :
539 1415 553 1430 «
569 1404 634 1432 Mihi
659 1405 790 1432 mundus
815 1405 909 1432 cruci-

143 1451 220 1478 fixus
241 1453 299 1485 est,
323 1453 350 1478 et
373 1459 427 1485 ego
446 1451 569 1478 mundo.
592 1462 604 1475 >1
628 1452 665 1478 De
689 1459 750 1486 qua
769 1454 863 1479 morte
886 1454 912 1478 et

143 1498 332 1525 crucifixione
352 1497 506 1532 Gregorius
529 1498 549 1531 ⁸,
575 1497 701 1524 multum
723 1505 810 1532 super
835 1497 911 1524 illud

107 1542 109 1544 ’
141 1545 189 1571 Job
203 1544 213 1560 ⁹
226 1552 232 1570 :
246 1553 260 1569 «
271 1543 449 1571 Abscondita
464 1545 505 1570 est
515 1543 553 1570 ab
569 1543 661 1570 oculis
672 1543 805 1570 omnium
814 1544 911 1570 viven-

142 1589 225 1616 tium.
237 1599 251 1615 »
266 1590 337 1616 item
351 1591 455 1624 quarta
468 1597 548 1616 mors
564 1592 605 1616 est
619 1589 649 1616 in
662 1589 909 1624 contemplatione

141 1635 242 1662 divina
262 1636 290 1662 et
310 1635 467 1662 dilectione
491 1635 648 1669 delectari,
665 1635 800 1670 exemplo
820 1638 911 1670 Apos-

141 1681 192 1708 toli
207 1680 227 1696 ¹⁰
243 1690 249 1708 ;
269 1690 282 1706 (ι
298 1681 368 1708 Vivo
384 1688 439 1715 ego
450 1681 513 1715 jam
527 1688 588 1708 non
603 1688 668 1715 ego.
685 1690 698 1706 »
717 1681 737 1697 ¹¹
754 1690 767 1705 α
783 1682 908 1716 Suspen-

141 1727 224 1754 dium
239 1726 327 1761 elegit
338 1726 438 1753 anima
452 1733 535 1760 mea,
546 1729 572 1753 et
586 1728 710 1753 mortem
726 1734 792 1753 ossa
806 1734 882 1753 mea.
894 1738 906 1751 n

143 1772 162 1789 ¹²
179 1783 192 1798 α
206 1772 310 1800 Mortui
332 1772 413 1805 estis,
431 1774 459 1799 et
473 1772 532 1799 vita
556 1774 652 1799 vestra
671 1772 846 1800 abscondita
867 1776 908 1801 est

140 1827 208 1846 cum
223 1818 344 1846 Christo.
361 1828 374 1844 ι)
391 1820 487 1845 Justus
506 1818 547 1845 sic
561 1820 695 1845 mortuus
710 1819 834 1846 multum
853 1819 907 1846 ad-

139 1864 194 1892 fert
214 1864 350 1892 fructum.
367 1864 410 1892 Ad
431 1864 571 1898 litteram,
593 1864 648 1891 nisi
671 1872 795 1899 granum
819 1866 908 1892 resol-

139 1913 244 1944 vatur,
270 1911 471 1944 humectetur,
494 1910 594 1944 algore
623 1910 856 1945 constringatur,
882 1914 909 1938 ct

140 1957 237 1984 calore
253 1957 425 1991 vivificetur,
441 1964 501 1983 non
521 1956 614 1983 adfert
627 1955 753 1984 fructum
770 1958 790 1973 ¹³
808 1966 814 1984 :
835 1968 848 1981 «
862 1959 905 1985 Ιιι-

139 2003 265 2038 sipiens,
277 2005 307 2030 tu
327 2002 409 2038 quod
430 2002 557 2029 seminas
578 2010 638 2029 non
651 2003 836 2037 vivificatur,
851 2004 905 2031 nisi

138 2049 219 2084 prius
235 2048 388 2076 moriatur.
403 2058 416 2074 ι)
432 2050 501 2075 Item
516 2048 704 2083 spiritualiter
719 2051 760 2076 est
774 2057 809 2076 cx
824 2053 904 2084 parte

139 2094 213 2122 ista:
237 2094 310 2122 sieut
329 2102 456 2129 granum
476 2094 516 2121 sic
537 2096 685 2121 mortuum
700 2094 810 2130 profert
830 2096 905 2123 fruc-

139 2143 215 2175 tum,
230 2141 270 2168 sic
291 2141 384 2175 justus
407 2140 593 2176 spiritualiter
614 2144 762 2176 mortuus,
777 2142 902 2171 fructum

137 2187 278 2214 virtutum
291 2187 353 2221 hie,
369 2189 397 2214 et
409 2187 598 2222 praemiorum
618 2189 698 2222 post,
723 2188 773 2223 qui
797 2188 904 2216 fructus

138 2235 180 2261 est
202 2233 337 2261 sublimis
359 2233 587 2261 honorabilitate
602 2233 621 2249 ¹³
644 2243 650 2260 ε
669 2244 682 2259 «
707 2234 803 2262 Flores
823 2236 881 2263 mei
895 2256 904 2269 ,

137 2279 246 2307 fruetus
270 2279 391 2307 honoris
417 2281 444 2307 et
466 2279 634 2307 honestatis,
661 2291 673 2305 »
700 2282 770 2308 Item
795 2281 904 2309 fruetus

137 2326 246 2353 multus
266 2325 474 2353 numerositate
488 2347 497 2360 ,
519 2328 551 2353 ut
574 2326 678 2353 dicitur
700 2327 747 2354 hic
770 2328 792 2344 ¹⁵
813 2336 819 2354 :
842 2329 904 2355 «De

136 2372 232 2400 fructu
249 2371 308 2400 oris
327 2372 371 2399 sui
386 2372 587 2408 unusquisque
605 2372 766 2408 replebitur
780 2373 876 2401 bonis.
888 2385 901 2401 »

173 2443 273 2472 'Arist.‚
289 2443 382 2472 Eune„
398 2442 442 2466 lib.
461 2443 535 2472 111,c.
554 2449 586 2466 νι.
602 2456 631 2460 -
647 2444 655 2457 ²
668 2444 753 2474 natm,
769 2450 805 2471 xx,
821 2446 858 2469 37.
875 2459 903 2463 —

137 2478 147 2493 ³
164 2478 241 2506 Rom„
258 2483 294 2507 vr,
312 2479 335 2500 2.
352 2490 378 2494 -
397 2478 407 2494 ¹·
425 2478 509 2507 Dion„
529 2478 557 2501 cle
575 2478 644 2502 Eccl.
659 2479 738 2508 Hier.r
756 2486 778 2503 e.
795 2486 830 2510 lv,
848 2483 905 2510 post

139 2512 205 2535 med.
219 2524 249 2529 —-
265 2513 274 2529 ὓ
289 2512 355 2542 Gal„
371 2518 395 2543 ν,
413 2515 451 2536 224.
468 2526 493 2530 -—
515 2515 524 2526 '⁵
542 2513 645 2541 coloss„
664 2519 710 2543 ιιι,
729 2516 751 2538 ij.
770 2527 799 2532 -
815 2515 822 2528 ⁷
838 2515 904 2547 (ΜΛ,

139 2552 177 2576 vl,
201 2549 238 2571 ¹4.
258 2561 289 2565 —
309 2547 320 2565 Β
341 2549 457 2577 Gregor„
477 2548 565 2572 Morus.
585 2548 629 2572 lib.
651 2549 742 2579 xvm,
767 2557 788 2573 e.
810 2556 903 2580 xxvm,

138 2581 170 2605 al.
188 2588 244 2612 wi,
257 2589 282 2606 n.
299 2584 338 2607 89.
356 2596 380 2600 -
396 2584 404 2596 ¹¹
419 2583 476 2611 1011,
489 2589 585 2613 xxvzu,
601 2585 637 2607 21.
654 2597 684 2601 —
699 2585 716 2600 Ν
733 2585 800 2612 Gal„
817 2591 848 2615 ιι,
864 2587 902 2609 20.

139 2629 165 2633 -
181 2618 196 2633 '¹
211 2617 268 2646 lob,
283 2622 328 2646 νιι,
344 2619 424 2642 15.—
441 2618 459 2634 ¹2
473 2617 579 2648 Colossa,
590 2624 629 2648 ιιι,
643 2619 666 2642 3.
678 2631 709 2636 --
722 2619 741 2635 ¹³
757 2620 763 2642 Ι
779 2619 847 2650 Com,
861 2625 903 2649 xv,

138 2653 178 2676 ³6.
196 2665 225 2670 —
247 2653 265 2668 ¹⁸
286 2653 375 2682 Eccli„
395 2659 465 2682 xxiv,
487 2654 525 2676 23.
546 2667 575 2670 —
600 2654 618 2669 ¹⁵
639 2654 720 2682 Prov..
747 2661 796 2683 ¹xri,
823 2657 858 2678 14.
875 2668 902 2672 —

255 2705 328 2727 Tou.
349 2705 395 2726 XI.

1669 234 1724 262 577

962 297 1031 323 Item
1047 297 1100 323 crit
1119 296 1226 324 fructus
1240 296 1396 324 deliciosus
1412 297 1566 325 dulcedine
1582 299 1609 325 et
1623 297 1722 325 delec-

960 341 1100 369 tabilitate
1115 342 1135 358 ¹⁶
1154 352 1179 369 ια
1195 344 1312 369 Fructus
1325 343 1401 370 enim
1411 343 1480 377 justi
1494 343 1608 377 lignum
1623 344 1696 371 vitae.
1708 355 1721 369 n

961 389 991 414 Et
1007 388 1025 404 ¹7
1041 397 1047 414 :
1068 398 1081 413 «
1096 388 1211 415 Initium
1227 388 1356 416 dulcoris
1371 389 1460 416 habet
1479 389 1587 416 fructus
1601 390 1689 417 illius.
1710 401 1722 416 n

961 436 1029 461 Item
1045 434 1098 461 erit
1111 435 1220 462 fruetus
1230 435 1366 470 perennis
1380 435 1580 470 perpetuitate,
1594 435 1670 463 infra
1684 435 1703 451 ¹⁸
1718 446 1726 463 .-

965 481 1076 508 «Posui
1092 489 1145 508 vos
1166 483 1198 508 ut
1219 481 1305 515 eatis,
1330 484 1358 508 et
1380 481 1505 509 fructum
1528 482 1683 516 adferatis,
1700 484 1727 509 et

961 526 1069 553 fructus
1086 528 1177 554 vester
1192 529 1317 554 maneat.
1333 538 1346 552 n
1365 527 1385 544 ¹⁹
1399 538 1412 552 α
1427 529 1482 555 Nec
1497 528 1657 563 aliquando
1675 529 1726 556 de-

962 572 1035 599 sinet
1049 572 1142 599 facere
1157 572 1315 600 fructum.»
1328 574 1446 601 Fructus
1461 574 1539 601 enim
1551 573 1571 590 ²⁰
1583 576 1624 601 est
1635 574 1725 609 justo,

963 618 1070 645 scilieet
1083 619 1103 635 Ἠ
1123 628 1136 643 «
1153 619 1370 653 Deusjndicans
1385 620 1414 646 in
1429 622 1514 654 terra,
1531 630 1544 646 »
1562 620 1670 648 scilicet
1685 620 1727 647 vi-

963 664 1103 698 ventium,
1119 664 1159 691 ait
1170 665 1313 700 Propheta
1328 665 1357 692 ²².
1370 665 1496 698 Quilibet
1510 674 1580 701 ergo
1592 666 1730 693 ascendat

964 710 993 736 in
1009 718 1124 737 erucem
1139 711 1314 745 poenitentiae
1328 711 1428 738 dicens
1442 710 1464 728 2³
1481 720 1506 738 :«
1521 712 1684 739 Ascendam
1698 711 1729 739 in

964 756 1105 791 palmam,
1119 758 1147 783 et
1160 757 1381 791 apprehendam
1397 758 1505 785 fruetus
1521 758 1591 792 eJ'uS.
1609 768 1622 783 ι)

1055 858 1168 884 Collatz'o
1183 860 1510 893 quinquaqesimaoccava,
1529 867 1579 894 xn,
1595 861 1640 886 26.

1001 942 1053 973 Qui
1066 943 1134 968 mihi
1146 944 1293 975 ministrat,
1309 952 1349 970 me
1362 947 1499 978 sequatur,
1512 947 1536 971 ec
1545 945 1593 971 ubi
1604 953 1648 979 eqo
1663 953 1729 979 sum,

966 988 1021 1013 illic
1037 990 1060 1014 et
1076 989 1198 1015 minister
1213 997 1284 1015 meus
1301 991 1361 1016 erit.
1378 991 1408 1016 ln
1423 989 1467 1017 his
1482 991 1578 1017 verbis
1594 991 1647 1018 tria
1665 991 1731 1018 insi-

965 1037 1109 1069 nuantur,
1130 1044 1257 1070 quorum
1281 1037 1409 1072 primum
1436 1039 1477 1064 est
1505 1037 1609 1064 animae
1636 1038 1731 1065 fidelis

965 1082 1043 1107 recta
1058 1084 1085 1108 et
1100 1081 1198 1109 debita
1213 1082 1432 1117 ordinabilitas,
1447 1083 1488 1110 ibi
1505 1093 1511 1110 :
1528 1085 1581 1116 Qui
1595 1085 1662 1110 mihi
1678 1087 1730 1111 mz'-

966 1129 1079 1160 w'strat,
1095 1130 1121 1154 et
1136 1128 1192 1155 hoc
1210 1128 1239 1155 in
1255 1130 1343 1163 statu;
1360 1129 1521 1156 secundum
1540 1132 1582 1156 est
1595 1130 1731 1157 imitatio-

966 1173 1010 1199 nis
1025 1173 1086 1200 Filii
1100 1174 1160 1208 Dei,
1175 1176 1202 1201 ct
1215 1175 1272 1201 hoc
1286 1175 1315 1201 in
1331 1178 1395 1202 actu
1416 1175 1464 1202 vel
1478 1175 1582 1203 affectu
1598 1176 1731 1211 perfeeti-

965 1219 1071 1252 bilitas,
1088 1220 1129 1247 ibi
1146 1229 1152 1247 :
1170 1222 1213 1247 Me
1222 1225 1364 1255 εεριιαίιινς
1379 1221 1493 1248 tertium
1503 1224 1544 1249 est
1558 1222 1730 1257 magnitudo

965 1266 1206 1294 remunerationis
1234 1267 1263 1293 in
1292 1267 1385 1294 fructa
1396 1288 1404 1301 ,
1434 1267 1475 1294 ibi
1505 1277 1511 1294 :
1541 1269 1576 1295 Ec
1608 1269 1656 1295 ubi
1685 1277 1730 1303 eqo

966 1320 1035 1345 sum,
1049 1314 1103 1340 etc.

1002 1360 1045 1386 Ait
1059 1367 1129 1393 ergo
1148 1369 1156 1385 :
1173 1360 1225 1392 Qui
1237 1361 1308 1386 mihi
1322 1362 1472 1387 ministrat.
1489 1362 1520 1388 Et
1532 1361 1563 1388 in
1577 1361 1644 1395 hoc,
1660 1361 1732 1389 sieut

966 1407 1073 1432 tactum
1088 1408 1139 1439 est,
1151 1408 1229 1433 reeta
1237 1406 1439 1434 ordinabilitas
1450 1407 1554 1434 animae
1568 1407 1664 1435 fidelis
1676 1408 1732 1435 sub

966 1453 1023 1478 Deo
1041 1461 1047 1478 ε
1064 1451 1133 1486 quia
1157 1452 1207 1486 qui
1222 1452 1383 1485 ministrat,
1399 1454 1441 1479 est
1463 1453 1545 1480 alteri
1560 1454 1707 1488 subjectus
1723 1463 1730 1481 z

966 1498 1084 1532 proprie
1108 1497 1299 1525 ministerium
1323 1501 1364 1525 est
1384 1499 1466 1534 quod
1489 1499 1560 1527 dant
1579 1500 1655 1527 servi
1679 1500 1732 1527 do-

965 1543 1045 1569 mino
1055 1564 1063 1577 ,
1080 1545 1111 1570 ut
1127 1543 1166 1570 ait
1181 1544 1288 1571 Seneca
1302 1545 1332 1570 ²⁵.
1351 1545 1439 1571 Debet
1452 1547 1549 1572 autem
1563 1545 1659 1573 fidelis
1674 1546 1731 1573 mi-

965 1589 1086 1616 nistrare
1104 1591 1160 1616 Deo
1176 1589 1404 1624 honorabiliter,
1423 1591 1481 1618 sive
1502 1591 1625 1626 idonee,
1650 1592 1731 1619 exhi-

964 1635 1064 1662 bendo
1080 1643 1110 1662 se
1125 1635 1228 1668 talem,
1245 1638 1271 1662 et
1296 1636 1431 1663 faciendo
1455 1645 1485 1664 se
1508 1637 1612 1671 talem,
1636 1638 1731 1673 qualis

965 1681 1053 1708 debet
1067 1690 1127 1708 esse
1143 1681 1273 1708 minister
1288 1682 1346 1708 Dei.
1363 1684 1481 1718 Propter
1496 1684 1577 1718 quod
1588 1684 1629 1712 ait
1641 1686 1732 1720 Apos-

964 1727 1040 1754 tolus
1088 1737 1114 1754 :a
1124 1728 1320 1755 Exhibeamus
1330 1736 1384 1755 nos
1400 1729 1529 1756 sicutDei
1544 1730 1725 1758 ministros.»

964 1776 995 1801 Et
1010 1775 1053 1800 ²⁶:
1074 1783 1086 1798 «
1101 1774 1154 1806 Qui
1176 1774 1243 1801 fecit
1265 1782 1319 1802 nos
1342 1775 1466 1802 idoncos
1489 1776 1636 1804 ministros
1658 1779 1728 1805 novi

963 1820 1143 1847 Testamenti.
1160 1830 1173 1845 n
1191 1820 1260 1847 ltem
1277 1820 1366 1848 debet
1380 1821 1543 1850 ministrare
1558 1823 1616 1850 Deo
1630 1823 1728 1851 humi-

961 1866 1026 1893 liter
1043 1866 1075 1901 (b)
1091 1868 1118 1893 et
1137 1866 1308 1893 obedienter
1319 1888 1327 1900 ,
1347 1866 1456 1894 scilicet
1480 1868 1663 1896 voluntatem
1678 1870 1727 1897 Dei

962 1912 1163 1947 adimplendo,
1183 1914 1210 1939 et
1229 1920 1258 1939 se
1274 1913 1329 1940 sub
1344 1914 1401 1940 Deo
1422 1913 1607 1942 humiliando
1618 1936 1626 1949 ,
1640 1919 1728 1950 prout

962 1958 1001 1985 ait
1015 1958 1157 1993 Propheta
1171 1959 1189 1974 ²⁷
1206 1967 1212 1984 :
1233 1967 1245 1982 ι(
1259 1959 1377 1986 Ministri
1392 1960 1472 1994 ejus,
1492 1960 1543 1995 qui
1557 1960 1649 1988 facitis
1674 1970 1726 1989 vo-

961 2004 1101 2031 luntatem
1113 2005 1184 2038 ejus.
1200 2014 1212 2030 »
1231 2006 1262 2032 Et
1277 2004 1296 2020 ²⁸
1311 2015 1338 2032 :«
1354 2005 1472 2033 Ministri
1488 2006 1590 2033 Christi
1606 2009 1682 2042 sunt,
1699 2010 1727 2035 et

961 2058 1024 2085 ego.
1040 2061 1053 2076 ι)
1072 2053 1104 2078 Et
1116 2052 1137 2067 ²⁹
1154 2060 1160 2077 :
1180 2061 1192 2076 «
1207 2051 1251 2078 Sic
1271 2059 1325 2078 nos
1350 2052 1494 2079 existimet
1507 2053 1598 2080 homo
1623 2055 1654 2080 ut
1677 2054 1726 2082 Dei

960 2097 1116 2124 ministros.
1133 2107 1145 2122 »
1164 2098 1234 2124 item
1250 2097 1337 2125 debet
1348 2098 1511 2126 ministrare
1531 2099 1725 2134 intelligenter

960 2144 1019 2170 sive
1038 2143 1205 2178 prudenter,
1222 2143 1415 2172 discernendo
1439 2153 1504 2180 quae
1525 2147 1601 2180 sunt,
1618 2146 1726 2181 placita

960 2191 1033 2224 Deo,
1058 2191 1086 2216 et
1099 2197 1165 2224 quae
1187 2197 1262 2220 nonz
1279 2199 1344 2225 quae
1363 2191 1497 2225 agenda,
1513 2194 1540 2219 et
1554 2200 1620 2227 quae
1636 2193 1727 2220 deeli-

959 2235 1057 2263 nanda
1071 2235 1091 2251 ²³⁰
1108 2245 1114 2262 ι
1133 2245 1146 2260 «
1169 2238 1308 2271 Acceptus
1329 2239 1371 2263 est
1391 2237 1452 2271 regi
1468 2237 1597 2265 minister
1622 2238 1726 2266 intelli-

958 2290 1039 2316 gens.
1054 2292 1066 2307 »
1086 2283 1155 2309 ltein
1169 2281 1257 2308 debet
1280 2282 1443 2310 ministrare
1467 2285 1524 2311 Deo
1548 2284 1681 2312 alacriter
1698 2287 1726 2313 et

958 2328 1115 2362 ferventem
1142 2327 1171 2354 in
1199 2329 1304 2355 Psalmo
1329 2329 1347 2345 ³¹
1371 2338 1377 2355 :
1397 2339 1410 2354 ι(
1433 2329 1487 2362 Qui
1512 2330 1582 2357 sacis
1604 2331 1723 2365 angelos

961 2401 1172 2430 ¹1³111·m·‚*.i‚::‹·.
1189 2414 1217 2417 —
1233 2401 1252 2416 ¹⁷
1268 2401 1355 2430 liz-cli„
1370 2408 1403 2431 xi,
1421 2404 1442 2425 21⁸.
1455 2415 1485 2419 —
1500 2403 1519 2419 ¹⁸
1533 2403 1613 2428 Jonn..
1627 2410 1669 2433 xv,
1689 2406 1724 2428 16.

959 2449 987 2453 --
1000 2437 1017 2451 ¹⁴³
1031 2436 1129 2464 saw-em„
1143 2441 1203 2464 xvii,
1220 2437 1241 2458 ὅ.
1258 2449 1288 2453 -
1303 2437 1321 2451 w
1338 2437 1396 2464 lm„
1409 2443 1448 2467 ιιι,
1466 2439 1503 2461 10.
1516 2451 1546 2455 -
1561 2438 1724 2469 21ΡεΙΛκῑιι,

961 2473 996 2494 12.
1007 2483 1035 2487 —
1048 2471 1065 2484 2²
1078 2470 1320 2498 Psal.xxx1.1:5.-—
1334 2473 1354 2487 '2¹
1365 2472 1446 2501 Cant„
1460 2478 1502 2503 ιιι,
1517 2474 1538 2496 8.
1553 2474 1612 2490 —2'b
1623 2475 1724 2503 senec„

957 2505 986 2528 dc·
1006 2506 1118 2535 lienesic.y
1136 2505 1178 2528 lib.
1203 2506 1248 2533 m,
1269 2513 1291 2529 c.
1313 2512 1366 2530 xxl.
1382 2520 1411 2524 —
1430 2508 1451 2523 ²⁵
1469 2508 1486 2530 ΙΙ
1509 2507 1578 2537 Corn,
1598 2514 1637 2538 vt,
1656 2510 1679 2532 Ιι.
1696 2522 1724 2525 -

959 2540 1200 2570 ²⁰1bid.,111,‹5.—
1215 2541 1234 2557 ³⁷
1248 2541 1315 2564 Psnl.
1331 2548 1374 2572 cn,
1388 2544 1426 2566 21.
1438 2555 1469 2560 —
1484 2543 1621 2572 ²⁸11Cor.y
1635 2550 1670 2572 M,
1684 2546 1723 2567 22³.

958 2587 987 2592 —
1007 2576 1026 2592 '³⁹
1046 2576 1051 2598 1
1073 2577 1140 2603 von,
1157 2581 1190 2604 ιν,
1211 2578 1232 2598 1.
1253 2589 1282 2592 —
1302 2576 1321 2591 ³⁰
1341 2578 1425 2607 Pron„
1441 2583 1497 2607 xiv,
1516 2580 1554 2600 ³5.
1575 2591 1604 2595 —
1622 2578 1639 2594 ⁸¹
1659 2578 1723 2601 psal.

957 2616 1016 2639 cm,
1032 2612 1054 2633 4.

991 2660 1023 2683 (as
1038 2654 1124 2683 suppl.
1140 2654 1181 2677 ait,
1195 2667 1224 2671 —
1242 2655 1274 2684 (ΙΝ)
1292 2656 1351 2678 Caet.
1367 2655 1424 2678 erlit.
1442 2656 1564 2679 similiter.

1569 2704 1605 2729 :57
