1987 3032
723 219 925 251 EXPOSITlo
947 219 985 249 IN
1005 219 1089 250 CAP.
1114 218 1217 250 XXIV.
1707 227 1765 256 <229

175 292 231 322 lud
245 293 253 308 ¹
272 302 278 321 :
299 302 313 319 «
328 290 417 320 Jesus
434 288 616 327 proficiebat
631 286 784 326 sapientia
802 288 832 316 et
847 287 939 316 aetate

173 346 204 375 et
220 343 324 383 gratia
336 341 419 381 apud
434 340 553 378 Deum,
570 342 601 369 et
613 339 768 369 homines.
786 349 800 366 »
818 338 855 368 Et
871 338 938 368 baec

173 405 292 435 magna
303 395 388 430 laus,
405 392 579 422 secundum
595 391 671 421 illud
687 395 697 410 ²
714 402 720 421 :
743 403 757 419 «
771 391 821 421 Sic
835 391 938 420 luceat

170 449 228 478 lux
242 448 344 477 vestra
361 454 467 475 coram
488 444 691 481 hominibus,
706 454 719 471 ι)
741 445 799 472 etc.
822 442 860 473 Ut
879 443 937 472 hoc

169 504 275 531 autem
294 499 366 535 fiat,
390 497 463 528 dicit
482 496 654 535 Gregorius
666 497 694 526 ³:
714 495 790 525 «Sic
804 504 883 535 opus
898 496 937 525 sit

169 552 203 582 in
217 551 342 591 publico
354 574 363 588 ,
380 551 416 580 ut
430 552 536 580 tamen
551 549 682 579 intentio
699 551 824 578 maneat
838 548 872 578 in
886 557 935 578 oc-

167 604 251 634 culto
262 627 269 640 ‚
286 605 320 633 ut
336 603 373 633 de
388 602 471 632 bono
488 610 582 640 opere
606 601 759 640 proximis
783 601 932 630 exhibea-

165 665 239 687 mus
255 655 455 694 exempfflm,
470 656 500 684 et
514 656 619 684 tamen
636 662 691 692 per
706 653 931 690 intentionem,

165 718 229 749 qua
244 709 301 739 soli
317 708 379 738 Deo
394 707 515 747 placere
530 707 706 746 quaerimus
717 729 724 743 ‚
741 715 865 745 semper
881 715 934 745 op-

162 764 267 791 temus
276 762 460 791 secretum.»
474 759 553 796 Quia
560 768 637 797 ergo
645 758 880 789 ChristusJesus
891 759 930 796 (a)

163 814 267 844 fuerat
287 814 442 852 perfectus
467 821 522 851 per
543 821 671 841 omnem
692 811 822 841 modum
836 834 843 847 ,
860 811 931 841 ideo

162 875 283 904 magna
307 865 440 896 materia
463 864 579 895 doloris
602 864 660 895 fuit
675 864 712 894 de
728 863 930 894 damnatione

161 919 258 957 ipsius
273 927 328 957 per
343 918 499 957 principes
513 917 709 952 Judaeorum,
724 918 754 946 et
766 916 834 946 ideo
850 916 926 946 sub-

160 971 205 1001 dit
221 972 264 1007 (v.
281 972 329 1007 ΕΞΟ)
352 981 358 1000 :
385 970 431 1001 Et
452 969 610 1009 quomodo
634 978 706 999 eum
730 968 929 998 tradiderunt

159 1023 279 1053 summi
307 1022 481 1052 sacerdotes
494 1046 501 1059 ,
527 1026 557 1052 et
578 1022 740 1061 principes
766 1021 868 1051 nostri
894 1022 927 1051 ἱη

159 1075 396 1104 damnationem
411 1075 537 1111 mortis,
556 1078 586 1104 et
599 1074 826 1111 crucifixerunt
841 1083 924 1104 cum.

158 1127 238 1158 Nam
253 1127 314 1158 hoc
329 1136 439 1157 verum
454 1128 513 1157 suit
524 1151 532 1164 ‚
555 1127 626 1156 licet
643 1127 760 1156 sactum
784 1126 926 1156 exterius

157 1180 263 1210 visum
294 1180 388 1210 suerit
414 1189 469 1219 per
492 1189 625 1210 manum
649 1179 752 1210 Pilati.
780 1178 866 1209 Unde
894 1179 924 1209 in

157 1233 279 1263 Joamze
292 1233 326 1271 (b)
342 1233 351 1248 ⁶
365 1244 371 1262 :
391 1243 404 1260 «
418 1232 499 1263 Gens
510 1235 563 1262 tua
576 1234 605 1262 et
621 1232 787 1262 Pontifices
808 1233 842 1269 (c)
862 1234 923 1262 tra-

158 1286 304 1316 diderunt
326 1288 356 1315 te
376 1285 469 1322 mihi7
487 1296 500 1312 n
523 1287 580 1314 etc.
606 1284 644 1314 Et
666 1285 736 1314 ideo
755 1284 923 1315 dolendum

157 1341 224 1368 erat
255 1339 292 1369 de
316 1337 477 1368 communi
504 1337 629 1367 damno.
657 1337 694 1367 Et
720 1337 789 1367 ideo
818 1337 922 1367 subdit

158 1392 199 1429 (v.
217 1392 263 1430 21)
285 1402 291 1421 :
308 1392 374 1423 Nos
389 1395 496 1420 aretem
517 1390 740 1429 sperabamus,
759 1391 836 1429 quia
858 1392 923 1429 ipse

155 1448 231 1474 esset
252 1444 473 1483 redempturus
491 1443 593 1473 lsrael
606 1452 616 1472 .·
635 1444 723 1481 quasi
739 1443 820 1473 dicat
838 1444 921 1482 quod

153 1506 209 1536 per
224 1497 283 1526 hoc
299 1498 344 1526 est
358 1496 532 1535 expectatio
547 1496 771 1535 redemptionis
784 1506 918 1526 evacua-

153 1552 195 1580 ta.
221 1550 286 1580 Hoc
305 1552 351 1580 est
365 1550 498 1580 verbum
517 1549 684 1579 hominum
701 1550 878 1580 cadentium
902 1560 920 1580 a

152 1612 207 1642 spe
221 1613 294 1640 sua,
311 1605 341 1633 et
357 1604 549 1642 dejectorum
566 1603 599 1632 in
624 1603 799 1633 maximam
822 1604 918 1633 tristi-

152 1657 238 1687 tIam.
256 1656 293 1687 Et
308 1656 367 1686 hoc
387 1659 432 1686 est
451 1656 577 1686 tristitia
602 1656 703 1692 mala,
727 1656 821 1695 quia,
840 1657 919 1686 sicut

151 1710 282 1740 dicitur⁵
304 1720 311 1739 ε
338 1708 475 1739 «Saeculi
500 1710 608 1738 autem
634 1708 759 1738 tristitia
783 1712 916 1739 mortem

151 1765 312 1802 operatur.
327 1772 341 1790 ι)
361 1762 395 1791 ln
416 1761 498 1791 hanc
512 1761 688 1791 ceciderant
703 1761 860 1800 perdendo
883 1763 918 1791 fi-

148 1815 284 1846 ducIam.
312 1814 384 1845 Ideo
409 1816 517 1843 contra
536 1814 595 1843 hoc
619 1814 733 1844 dicitur
753 1815 763 1830 ⁴³
785 1824 791 1843 :
820 1815 917 1845 «Non

149 1867 390 1904 contristemini,
416 1867 496 1896 sicut
511 1868 541 1896 et
556 1867 660 1896 eaeteri
680 1867 735 1906 qui
750 1876 836 1906 spem
851 1877 916 1898 non

148 1920 276 1951 habent.
287 1931 302 1948 ι)
321 1920 358 1950 Et
373 1923 382 1938 ⁷
399 1930 405 1949 :
427 1931 440 1948 «
456 1919 570 1949 Beatus
585 1919 641 1958 qui
660 1929 724 1950 non
739 1923 786 1950 est
800 1921 916 1951 stimu-

150 1974 232 2003 latus
248 1973 282 2003 iu
298 1972 422 2002 tristitia
439 1972 553 2002 delicti.
570 1984 583 2000 ι)
603 1972 641 2003 Et
655 1975 725 2012 post
741 1984 747 2004 z
771 1985 785 2002 «
800 1973 838 2004 Et
851 1983 915 2004 non

149 2026 263 2056 excidit
277 2035 296 2056 a
310 2035 364 2064 spe
379 2035 446 2055 sua.
463 2036 477 2053 »

188 2079 308 2116 Tertio,
325 2080 478 2118 quantum
490 2078 529 2109 ad
542 2079 782 2117 explicationem
797 2089 910 2118 causae,

147 2132 186 2162 ob
209 2141 306 2171 quam
331 2131 429 2161 animi
454 2133 521 2161 erat
543 2132 714 2169 haesiffltio,
740 2132 910 2172 adjungit:

145 2185 189 2215 Et
202 2194 287 2215 nunc
299 2193 393 2223 super
407 2184 473 2213 lucc
487 2184 607 2220 omnia,
625 2185 716 2215 tertia
727 2184 791 2214 dies
802 2189 847 2215 est
857 2186 912 2215 llo-

144 2236 193 2267 [lz'e
206 2236 295 2276 quod
303 2236 369 2266 lzoec
383 2238 473 2275 selem
488 2241 580 2275 swzt,·
588 2237 620 2266 in
632 2247 695 2276 quo
708 2237 823 2267 nonest
837 2239 912 2268 sub-

144 2289 227 2320 latus
239 2289 327 2319 dolor
341 2291 371 2319 et
386 2290 522 2327 afflictio,
540 2290 593 2320 sed
604 2290 728 2320 additus
741 2291 784 2329 (fl)
798 2293 910 2330 terror,

143 2345 173 2373 et
195 2342 358 2372 dubitatio.
388 2342 472 2372 Unde
495 2343 600 2372 subdit
624 2344 664 2381 (v.
693 2344 740 2382 ΞΒ)
764 2354 770 2373 ;
794 2345 862 2374 Sed
883 2349 911 2375 et

143 2395 290 2425 mulieres
306 2394 454 2434 quendam
466 2403 505 2424 cz
520 2395 634 2425 nostris
646 2399 827 2426 terruerunt
840 2406 908 2435 nos,

144 2455 214 2486 quoe
228 2451 301 2477 [mle
316 2447 417 2477 lucem
432 2447 566 2485 fuerunt
583 2448 628 2477 acl
643 2453 885 2480 monumentum
898 2459 909 2487 ,·

144 2498 235 2537 quia,
253 2500 288 2529 ut
303 2498 376 2528 dicit
398 2498 610 2537 Hieronymus
626 2507 633 2528 :
655 2510 668 2527 α
684 2498 725 2528 De
740 2499 847 2530 audita
862 2501 906 2530 sa-

177 2560 181 2572 “
198 2560 268 2589 Suqu
288 2565 317 2588 11,
337 2560 373 2583 52.
393 2572 421 2576 —
443 2559 450 2572 ²
471 2559 569 2583 lameth..
589 2565 612 2588 V,
638 2561 674 2583 tG.
697 2572 725 2576 —
747 2560 755 2574 ³
773 2562 857 2589 (brenU
882 2563 906 2586 in

143 2593 250 2624 Euanq„
265 2595 334 2617 hom.
350 2600 385 2623 xu,
397 2602 422 2617 n.
436 2595 502 2618 i.—²
517 2596 599 2622 Jeme„
614 2596 767 2624 xV111,-'l.²j.—
781 2596 791 2611 ⁵
804 2597 821 2619 ll
840 2598 907 2622 Cur..

143 2633 188 2657 νιι,
204 2630 241 2651 10.
264 2643 289 2646 —
306 2629 316 2644 ⁸³
335 2629 341 2652 l
363 2629 451 2658 Thess„
472 2635 506 2658 iv,
532 2632 567 2652 12.
588 2642 616 2646 —
634 2630 640 2642 ³
663 2630 750 2658 lit-cli„
771 2636 821 2660 Χιν,
844 2634 862 2654 1.
876 2645 906 2649 -

145 2664 152 2675 “
166 2663 236 2694 neu„
250 2663 292 2687 ubi
306 2670 397 2694 sup.—
409 2666 417 2677 '³
433 2665 513 2693 lnam,
529 2670 572 2693 XX,
585 2666 672 2688 5-9.—
687 2665 707 2681 ¹0
720 2665 779 2696 ΜΛ,
794 2672 865 2696 xxix,
882 2668 904 2690 4.

997 295 1049 315 ma
1057 287 1084 324 ej
1089 294 1126 316 us
1136 286 1240 325 potius
1248 288 1323 316 sunt
1331 288 1501 326 perterriti,
1513 297 1609 327 quam
1619 290 1734 328 gavisi.
1746 302 1759 319 n

997 338 1085 368 Ratio
1107 340 1214 369 autem
1237 339 1335 377 hujus
1350 340 1479 370 terroris
1499 341 1557 371 fuit
1576 344 1763 373 memoratio

995 392 1038 421 roi
1054 391 1206 421 mirabilis
1221 395 1250 421 et
1272 392 1365 421 ctiam
1384 393 1427 421 cis
1448 393 1648 424 incredibilis.
1676 394 1763 426 Unde

994 444 1098 473 subdit
1116 454 1122 473 ;
1140 444 1185 474 Et
1205 453 1268 473 non
1280 444 1405 474 amento
1421 454 1551 485 corpore
1566 447 1652 485 ejus,
1667 457 1762 478 vene-

993 500 1069 526 runt
1081 497 1226 533 dicentes,
1243 506 1274 527 se
1290 498 1386 527 ettam
1406 498 1555 528 visionem
1575 499 1762 539 cznqelorum

992 549 1116 585 vidissej
1129 550 1186 588 ([ῑιὶ
1197 549 1306 579 (limma
1316 559 1388 580 eum
1402 551 1514 581 m'vere.
1528 551 1600 582 Ideo
1612 562 1691 590 ergo
1702 554 1761 583 ter-

991 601 1041 630 riti
1058 604 1157 638 erant,
1169 602 1243 640 quia
1253 602 1404 632 horribile
1417 605 1494 640 erat,
1507 612 1620 643 corpus
1635 604 1760 635 Domini

990 654 1131 683 amisisse
1139 664 1146 691 3
1155 656 1185 684 et
1195 654 1385 692 incredibile⁷
1397 655 1478 693 quod
1492 656 1691 687 surrexisset.
1701 657 1760 687 Un-

989 707 1026 736 de
1048 707 1130 736 Beda
1141 707 1168 736 8;
1188 718 1201 735 «
1213 706 1375 737 Terruisse
1390 708 1539 739 dicuntur
1557 710 1669 740 merito
1685 720 1756 748 eos,

989 768 1126 798 quorum
1144 759 1304 789 mentibus
1315 756 1390 798 ‘plus
1405 760 1443 790 de
1458 770 1523 790 non
1539 762 1669 793 invento
1688 772 1757 794 cor-

988 821 1063 851 pore
1073 812 1231 842 dominico
1244 812 1427 842 moestitiam
1438 822 1500 852 qua
1511 814 1657 844 dolebant
1668 816 1758 846 adde-

981 875 1039 904 re,
1063 876 1160 906 quam
1170 867 1208 897 de
1224 867 1369 897 nuntiata
1376 876 1431 906 per
1440 868 1647 908 angeloscjus
1656 879 1758 900 resur-

986 920 1124 949 rectione
1139 920 1305 958 gaudium,
1317 929 1381 959 quo
1397 924 1615 951 recrearentur
1625 945 1633 959 ,
1648 923 1756 954 indere

987 975 1166 1012 potuerunt.
1179 984 1192 1000 »
1209 973 1245 1003 Et
1256 973 1329 1011 quia
1338 973 1409 1012 quis
1422 971 1656 1012 posset‘dicere‚
1670 976 1755 1014 quod

985 1025 1082 1054 verba
1113 1025 1286 1055 mulierum
1314 1034 1377 1055 non
1403 1025 1581 1055 debuerunt
1607 1035 1753 1065 movere,

984 1077 1053 1107 ideo
1061 1077 1283 1115 ostenditquod
1296 1077 1408 1106 frivola
1418 1086 1480 1107 non
1490 1078 1502 1106 s
1504 1080 1620 1107 uerunt
1631 1088 1686 1117 per
1695 1081 1754 1109 tes—

983 1129 1152 1159 timonium
1165 1131 1362 1168 etaspectum
1383 1129 1540 1159 virorum.
1567 1129 1654 1160 Unde
1668 1131 1753 1160 addit

984 1184 1025 1220 (v.
1035 1182 1082 1221 024)
1093 1193 1099 1212 ε
1112 1183 1141 1213 E
1144 1186 1155 1211 t
1163 1182 1448 1222 am'erwthm'dmn
1459 1192 1499 1212 ex
1509 1183 1623 1212 nostris
1635 1183 1680 1212 acl
1688 1193 1753 1214 mo-

981 1238 1185 1272 numentzmz;
1200 1239 1229 1264 et
1239 1235 1284 1264 ita
1298 1235 1497 1272 invenerzmt,
1506 1235 1587 1265 sicut
1601 1236 1749 1267 mulieres

981 1287 1142 1323 eliserunt,
1154 1288 1257 1326 ipsum
1264 1296 1337 1317 vero
1346 1296 1409 1317 mm
1417 1288 1614 1318 imenerunt.
1626 1288 1678 1318 Isti
1688 1289 1752 1319 fue-

979 1342 1054 1369 runt
1070 1340 1180 1370 Petrus
1195 1342 1225 1369 et
1239 1340 1391 1375 Joannes,
1409 1340 1489 1369 sicut
1511 1340 1627 1370 dicitur
1643 1342 1664 1370 ⁹.
1685 1342 1748 1372 Lu-

979 1402 1031 1421 cas
1050 1392 1162 1430 igitur,
1185 1392 1239 1431 qui
1260 1393 1348 1431 prius
1368 1392 1575 1430 singulariter
1598 1394 1749 1432 exprimit

978 1445 1016 1474 de
1034 1445 1126 1475 Petro
1139 1469 1146 1481 ‚
1164 1454 1251 1474 nunc
1265 1445 1425 1483 plurative
1440 1445 1605 1483 praesumit
1616 1470 1623 1483 ‚
1641 1448 1677 1476 ut
1691 1447 1748 1477 fir-

978 1506 1068 1527 mum
1089 1497 1231 1527 ostendat
1252 1506 1363 1527 eorum
1383 1498 1598 1528 testimonium
1617 1499 1656 1528 ad
1678 1508 1747 1529 cre-

976 1550 1114 1579 dendum
1138 1559 1253 1589 corpus
1278 1552 1345 1589 ejus
1362 1550 1533 1580 sublatum.
1557 1551 1595 1581 Et
1616 1551 1686 1582 ideo
1706 1561 1746 1583 ex

975 1602 1035 1632 hoc
1050 1603 1248 1633 mirabantur
1264 1605 1294 1633 et
1309 1604 1519 1641 terrebantur,
1536 1605 1589 1634 sed
1605 1614 1668 1635 non
1685 1606 1745 1636 lae-

974 1656 1186 1694 tificabantur,
1203 1657 1277 1695 quia
1292 1658 1553 1687 resurrectionem
1566 1666 1629 1687 non
1642 1659 1744 1689 crede-

974 1709 1070 1745 bant,
1086 1709 1139 1739 sed
1155 1709 1192 1739 de
1216 1719 1252 1739 ea
1275 1709 1485 1747 haesitabant3
1512 1712 1541 1740 et
1562 1710 1743 1742 haesitantes

973 1761 1175 1791 conferebant
1186 1785 1194 1799 ,
1211 1762 1283 1801 quia
1300 1763 1443 1792 nondum
1459 1763 1621 1802 sapiebant
1636 1763 1742 1794 coeles-

972 1814 1030 1852 tia,
1051 1814 1105 1844 sed
1125 1816 1265 1851 terrena,
1283 1815 1457 1845 secundum
1479 1816 1548 1845 illu(
1576 1816 1596 1832 ¹⁰
1616 1826 1623 1846 :
1645 1816 1742 1847 «Erit

972 1868 1062 1906 quasi
1083 1868 1232 1906 pythonis
1250 1868 1287 1898 de
1310 1871 1395 1898 terra
1413 1878 1476 1900 vox
1500 1871 1573 1907 tua,
1595 1871 1625 1900 et
1639 1870 1740 1901 humo

971 1920 1131 1959 eloquium
1143 1923 1235 1951 tuum
1247 1921 1425 1951 mussitabit
1437 1922 1484 1959 (e).
1501 1933 1514 1949 »
1531 1922 1644 1952 Contra
1656 1923 1739 1962 quod

970 1973 1086 2003 dicitur
1099 1974 1118 1990 ¹¹
1136 1984 1143 2003 ι
1168 1985 1182 2002 (ι
1197 1973 1228 2004 Si
1250 1974 1490 2004 consurrexistis
1505 1983 1577 2005 cum
1595 1975 1717 2006 Christo
1728 2000 1738 2013 ‚

969 2035 1042 2065 quse
1057 2035 1185 2056 sursum
1204 2028 1278 2056 sunt
1292 2027 1440 2065 quaerite,
1466 2027 1521 2057 ubi
1538 2027 1678 2058 Christus
1693 2031 1738 2059 est

969 2079 1001 2108 in
1017 2079 1146 2109 dextera
1161 2079 1215 2109 Dei
1230 2079 1359 2108 sedens:
1375 2088 1447 2117 quae
1463 2089 1591 2110 sursum
1605 2084 1679 2111 sunt
1693 2091 1738 2113 sa-

968 2133 1047 2171 pite,
1063 2142 1128 2162 non
1142 2141 1213 2171 quae
1228 2141 1323 2171 super
1338 2134 1466 2162 terram.
1481 2144 1495 2160 »
1511 2133 1572 2163 Sed
1589 2134 1734 2173 brutalis,

968 2185 1023 2224 qui
1045 2195 1108 2215 non
1132 2186 1296 2223 consurgit
1317 2194 1372 2224 per
1395 2185 1540 2224 spiritum
1554 2210 1563 2223 ,
1585 2187 1653 2217 haec
1672 2197 1736 2218 non

967 2238 1081 2275 credit,
1105 2247 1162 2268 nec
1186 2238 1277 2277 sapit.
1301 2238 1338 2268 Et
1362 2238 1430 2267 ideo
1452 2247 1549 2277 supra
1569 2240 1587 2255 ¹²
1606 2240 1732 2278 dicitur,

966 2292 1050 2330 quod
1072 2303 1086 2319 «
1106 2291 1173 2321 visa
1196 2293 1269 2321 sunt
1293 2292 1365 2320 ante
1393 2290 1480 2327 illos,
1512 2291 1594 2321 sicut
1625 2292 1735 2323 delira-

966 2347 1127 2381 mentum,
1159 2344 1257 2374 verba
1280 2343 1356 2379 ista,
1381 2353 1395 2370 ›>
1417 2342 1491 2381 quia
1512 2342 1532 2359 ¹³
1560 2344 1733 2375 «animalis

964 2396 1061 2426 homo
1091 2405 1156 2425 non
1180 2395 1310 2434 percipit
1338 2403 1374 2424 ca
1402 2403 1474 2434 quae
1503 2398 1577 2426 sunt
1604 2397 1732 2435 spiritus

964 2448 1033 2484 Dei;
1046 2448 1177 2478 stultitia
1186 2448 1271 2477 enim
1285 2449 1330 2477 cst
1346 2447 1435 2485 illi,et
1450 2457 1513 2478 non
1527 2450 1629 2487 potest
1643 2450 1732 2480 intel-

964 2502 1080 2540 ligere,
1105 2501 1180 2539 quia
1201 2500 1405 2539 spiritualiter
1432 2501 1632 2532 examinatur
1646 2504 1726 2541 ω.»

965 2564 979 2579 ιι
1003 2563 1103 2590 Colum,
1118 2569 1156 2591 ιιι,
1173 2564 1222 2585 1-2.
1237 2575 1266 2579 -—
1280 2563 1295 2576 ¹²
1311 2563 1383 2592 Sup.,
1400 2564 1436 2585 tl.
1453 2564 1534 2586 ί131
1551 2564 1711 2593 Cor.,11,it.

995 2599 1025 2627 (n)
1036 2598 1096 2621 Czrl.
1104 2597 1267 2626 mlsmjnsff-
1278 2597 1311 2627 (h)
1322 2597 1726 2629 Un‹l‹:.10nn1ies.—(c)[smmum.

962 2632 1038 2654 tui.—
1052 2631 1084 2659 (tl)
1104 2632 1268 2654 [remandans
1280 2645 1309 2648 —-
1327 2632 1355 2660 (ιι)
1371 2633 1427 2654 llum
1440 2632 1625 2655 11111ssi1abat.—
1638 2635 1669 2662 ts)
1680 2634 1727 2655 Me-

960 2667 1008 2689 [ms
1024 2667 1071 2695 legs.
1088 2666 1272 2690 vxanflnantur.
1288 2666 1342 2690 Vid.
1360 2668 1435 2690 Corn.
1450 2674 1464 2689 a
1477 2667 1536 2696 Lup.
1553 2667 1578 2690 iu
1597 2667 1662 2690 hunc
1677 2668 1725 2698 loc,
