1987 3032
707 186 911 219 EXPOSITIO
933 187 974 218 IN
995 187 1080 218 CAP.
1103 187 1182 219 xlv.

158 264 233 295 qno.
245 255 324 286 Cum
339 255 457 294 gaudio
471 254 679 284 revertuntur
693 255 821 293 propter
834 254 929 285 victo-

159 308 240 338 riam
254 307 394 344 Domini,
410 316 505 346 quem
519 306 668 336 videbant
681 308 859 345 penetrasse
873 315 929 337 su-

159 370 270 399 prema
297 360 460 390 coelorum.
492 359 580 390 Unde
604 359 712 390 Glossa
736 361 745 376 ¹
772 370 779 390 :
808 371 822 388 «
848 360 929 396 Quia

160 412 259 443 Deum
274 422 310 442 ac
324 413 494 443 Dominum
507 421 617 450 suum,
635 414 705 452 post
727 412 929 452 triumphum

160 465 408 502 resurrectionis,
425 466 519 496 coelos
533 466 641 496 vident
659 467 855 504 penetrasse,
870 465 928 495 lae-

161 520 277 548 tantur.
294 529 308 546 »
331 518 472 549 Christus
496 519 581 548 enim
596 518 806 557 triumphavit
820 518 929 557 plena-

160 570 221 608 rie,
238 571 410 601 secundum
430 571 532 601 illud⁴²
549 580 556 601 :
586 582 600 599 (ι
620 571 789 610 Expolians
810 570 928 610 princi-

160 625 252 661 patus
267 625 297 653 et
311 626 495 663 potestates,
511 623 652 654 traduxit
667 623 859 653 confidenter
874 632 929 662 pa-

160 675 240 713 lam,
256 677 456 716 triumphans
470 676 539 706 illos
552 676 585 706 in
599 676 777 715 semetipso.
794 687 808 704 1)
832 676 870 706 Et
892 676 930 706 de

160 728 219 759 hoc
235 730 431 768 gaudebant,
448 729 624 760 secundum
644 729 722 760 illud
735 729 745 745 ³
765 741 771 759 :
798 741 812 758 ι(
826 729 930 760 Laeta-

161 782 280 812 buntur
308 791 412 813 coram
442 785 486 819 te,
517 782 596 813 sicut
626 783 680 822 qui
714 782 863 812 laetantur
898 783 931 812 in

162 843 262 864 messe
270 846 277 871 ;
298 835 378 865 sicut
398 835 542 866 exultant
561 835 710 872 victores,
733 837 823 874 capta
846 844 930 874 pree-

161 886 212 923 da,
227 898 241 914 »
261 889 319 917 etc.
337 887 374 918 Et
389 888 463 927 quia
479 887 635 926 gaudium
649 887 810 926 spirituale
825 887 930 926 dispo-

162 939 208 969 nit
223 949 280 970 nos
295 941 333 970 ad
349 943 435 971 actus
451 941 645 980 spirituales,
670 940 786 970 scilicet
804 940 843 970 ad
863 940 933 970 lau-

163 991 302 1022 dandum
324 995 353 1023 et
377 993 551 1028 orandum,
575 993 644 1022 ideo
668 992 773 1022 subdit
799 993 839 1031 (v.
857 993 902 1031 53)
923 1003 930 1022 :

164 1044 208 1075 Et
224 1049 315 1074 erant
328 1054 450 1085 semper
465 1046 498 1074 ίη
513 1044 628 1084 templo
643 1044 808 1075 laudantes
829 1048 859 1074 et
881 1045 931 1075 be-

163 1097 338 1127 nedicentes
353 1098 467 1128 Deum.
485 1098 598 1128 Amen.
614 1096 648 1126 ln
661 1096 776 1136 templo
791 1099 881 1127 erant
895 1097 934 1127 ad

164 1150 319 1180 orandum
344 1153 374 1180 et
402 1150 632 1189 expectandum
661 1149 814 1188 Spiritum
843 1159 931 1180 sanc-

164 1204 252 1239 tum,
281 1203 455 1233 secundum
483 1202 585 1232 11111(16
614 1213 620 1232 ;
642 1214 656 1231 (ι
671 1202 709 1232 Et
738 1211 794 1232 vos
817 1202 935 1232 similes

164 1255 347 1285 hominibus
370 1256 609 1294 expectantibus
630 1255 802 1285 Dominum
822 1264 931 1293 suuni,

166 1308 292 1346 quando
326 1310 503 1339 revertatur
538 1317 556 1338 a
589 1308 723 1347 nuptiis,
754 1319 767 1335 1)
808 1310 866 1338 etc.
898 1308 936 1338 Et

168 1360 244 1399 quia
284 1361 498 1400 spiritualium
538 1361 682 1391 virorum
716 1370 780 1391 non
813 1363 936 1392 tantum

170 1415 216 1442 est
244 1416 418 1452 expectare,
451 1422 564 1443 verum
592 1414 688 1443 etiam
717 1413 876 1451 exultare,
907 1416 937 1445 et

168 1465 338 1495 exultando
354 1466 484 1496 laudare
495 1489 503 1502 ‚
519 1468 549 1496 et
563 1466 614 1496 hic
629 1468 675 1496 est
688 1468 775 1496 actus
790 1467 893 1496 finalis
907 1469 937 1497 et

168 1517 294 1556 patriae,
319 1518 393 1557 quia
416 1527 480 1548 non
503 1518 598 1548 habet
621 1519 734 1557 finem,
761 1519 936 1550 secundum

169 1569 245 1600 illud
261 1571 293 1600 ⁵:
323 1582 337 1599 (ι
352 1570 388 1600 In
409 1571 524 1601 saecula
547 1571 738 1602 saeculorum
761 1571 937 1602 laudabunt

170 1623 198 1651 te
226 1633 232 1652 :
263 1633 277 1650 1)
306 1623 399 1662 quia,
427 1624 573 1663 inquam,
604 1624 655 1654 hic
676 1626 721 1654 est
742 1626 831 1654 actus
856 1625 938 1656 fina-

168 1674 223 1711 lis,
247 1674 316 1705 ideo
334 1676 536 1706 beatissimus
557 1676 655 1706 Lucas
676 1677 794 1716 optime
809 1677 859 1708 hie
875 1678 939 1708 col-

169 1726 410 1759 locavit-[inem.
435 1729 520 1759 Facit
539 1730 638 1768 igitur
659 1731 755 1760 finem
778 1731 808 1760 in
826 1730 939 1761 Christi

171 1780 368 1819 ascensione,
400 1785 435 1812 ut
462 1782 596 1821 perfecte
617 1785 647 1812 et
673 1783 797 1821 integre
821 1783 938 1813 descri-

203 1861 207 1873 ¹
225 1861 261 1884 Ex
278 1862 348 1892 ssed„
372 1862 413 1886 ubi
434 1870 488 1892 sup.
507 1875 537 1879 —
553 1863 562 1878 2
578 1863 680 1893 coloss,
699 1870 730 1894 11,
753 1866 788 1888 15.
806 1878 834 1882 -
849 1866 857 1879 ³
879 1866 939 1895 Isca,

174 1900 208 1924 rx,
228 1896 250 1919 3.
270 1909 299 1914 -
320 1898 327 1909 ⁴
345 1898 416 1927 stip„
439 1904 489 1927 xii,
511 1901 548 1921 36.
571 1912 600 1916 -
619 1899 629 1914 ⁵
652 1899 720 1923 Psul.
742 1902 939 1930 Lxxx111,5.—-

1694 192 1753 223 ⁶239

983 254 1037 284 bat
1060 254 1152 285 illum
1175 255 1358 293 circuitum,
1380 263 1477 294 quem
1498 255 1570 286 fecit
1591 257 1750 296 Christus3

985 307 1022 337 de
1037 316 1101 346 quo
1116 308 1149 338 in
1168 307 1296 338 Psalmo
1313 307 1346 338 ⁸:
1361 318 1376 336 a
1387 307 1414 338 A
1424 316 1551 338 summo
1558 309 1637 339 coelo
1648 318 1754 348 egres-

984 359 1029 390 sio
1054 361 1145 399 ejus,
1173 363 1204 391 et
1229 370 1378 392 occursus
1404 362 1474 400 ejus
1497 370 1597 401 usque
1612 363 1649 393 ad
1669 372 1754 393 sum-

986 421 1076 442 mum
1100 414 1180 452 ejus.
1200 424 1215 442 »
1235 413 1273 444 Et
1294 414 1326 444 in
1340 414 1464 445 Jocmne
1488 414 1526 453 (a)
1542 414 1575 444 ⁷:
1597 415 1713 446 «Exivi
1735 425 1754 446 a

985 464 1087 503 Patre,
1105 468 1135 495 et
1150 467 1223 497 veni
1237 467 1270 497 in
1283 467 1441 498 mundum
1454 478 1462 504 ;
1478 467 1597 498 iterum
1610 468 1754 508 relinquo

985 518 1153 556 mundum,
1175 522 1206 550 et
1223 520 1303 550 vado
1319 520 1358 551 ad
1374 520 1510 551 Patrem.
1526 531 1540 549 1)
1559 521 1644 552 Facit
1657 522 1755 552 finem

984 571 1017 601 in
1033 572 1165 611 templo,
1182 576 1216 603 ut
1234 573 1314 618 sicut
1332 583 1350 604 a
1370 573 1541 604 sacerdotio
1563 574 1689 614 incoepit
1709 575 1755 605 le-

986 624 1068 663 gali,
1095 625 1211 655 scilicet
1222 625 1399 664 Zachariae,
1425 627 1470 656 sic
1497 629 1695 658 consummet
1722 627 1756 657 in

985 677 1158 708 sacerdotio
1172 679 1338 717 spirituali.
1353 678 1440 709 Unde
1457 679 1565 710 Glossa
1580 682 1590 697 ³
1604 691 1611 710 ι
1632 692 1647 709 (t
1657 680 1757 710 Lucas

985 729 1039 768 qui
1054 731 1263 761 sacerdotium
1279 731 1394 760 Christi
1409 732 1532 761 caeteris
1547 732 1686 772 amplius
1702 741 1756 762 ex-

986 783 1169 821 ponendum
1198 783 1353 822 suscepit,
1390 783 1510 822 quique
1544 784 1757 823 pulcherrime

986 834 1197 874 Evangelium
1220 844 1315 865 suum
1337 844 1356 865 a
1380 835 1557 866 ministerio
1582 836 1690 876 templi
1719 836 1756 875 (b)

987 888 1198 918 sacerdotium
1213 888 1370 918 Zachariae
1389 888 1498 928 coepit,
1520 889 1571 919 hic
1594 889 1627 918 in
1649 889 1759 928 templi

987 941 1153 972 devotione
1175 942 1355 981 complevit.
1380 941 1465 973 Fecit
1486 942 1581 973 etiam
1604 942 1702 973 finem
1727 942 1760 972 in

988 994 1041 1024 Dei
1065 994 1208 1033 laudem,
1233 995 1288 1034 qui
1311 997 1358 1025 est
1381 995 1454 1025 finis
1477 995 1544 1025 sine
1572 995 1646 1025 fine.
1672 994 1761 1025 Unde

988 1046 1192 1086 Augustinus
1213 1048 1332 1078 dieit9:
1363 1048 1572 1078 «Dominicus
1594 1048 1660 1078 dies
1683 1048 1758 1085 erit,

989 1099 1043 1136 qui
1067 1098 1154 1129 velut
1179 1100 1311 1129 octavus
1330 1101 1487 1136 aeternus,
1514 1099 1629 1129 Christi
1652 1107 1760 1129 resur-

989 1151 1126 1181 rectione
1147 1153 1287 1182 sacratus
1307 1154 1369 1190 est,
1394 1154 1548 1182 aeternam
1571 1161 1635 1182 non
1658 1152 1762 1182 solum

988 1201 1133 1240 spiritus,
1157 1212 1272 1233 verum
1295 1205 1326 1234 et
1346 1203 1488 1243 corporis
1502 1203 1647 1243 requiem
1661 1203 1763 1242 praefi-

989 1256 1099 1293 gur-at,
1116 1255 1171 1285 ubi
1186 1255 1382 1293 vacabimus,
1394 1258 1425 1286 et
1433 1256 1623 1292 videbimus,
1639 1257 1669 1286 et
1680 1264 1764 1285 ama-

990 1307 1107 1344 bimus,
1126 1310 1157 1337 et
1171 1307 1389 1339 laudabimus:
1407 1309 1492 1348 quod
1507 1309 1565 1339 erit
1580 1309 1612 1338 in
1623 1309 1686 1338 fine
1697 1308 1763 1338 sine

990 1360 1053 1390 fine
1072 1371 1078 1390 :
1104 1369 1178 1391 nam
1205 1362 1276 1400 quis
1298 1361 1379 1392 alius
1401 1364 1507 1392 noster
1523 1363 1570 1391 est
1592 1361 1681 1398 finis,
1701 1360 1762 1391 nisi

992 1413 1158 1451 pervenire
1175 1414 1214 1444 ad
1241 1423 1394 1453 regnum,
1425 1415 1517 1453 cujus
1544 1413 1651 1444 nullus
1665 1415 1711 1443 est
1726 1413 1764 1442 fi-

992 1464 1061 1493 nis?
1076 1476 1090 1491 »
1108 1464 1155 1494 Α(1
1167 1474 1263 1504 quein
1278 1474 1336 1495 nos
1350 1465 1500 1504 perducat
1516 1464 1531 1494 J
1535 1473 1608 1494 esus
1622 1463 1764 1494 Christus

991 1519 1090 1549 Filius
1102 1519 1154 1550 Dei
1166 1529 1221 1559 per
1233 1521 1488 1551 intercessionem
1500 1519 1690 1550 dulcissima}
1702 1517 1763 1547 Ma-

992 1573 1047 1602 tris
1062 1582 1145 1611 suae,
1171 1578 1201 1604 et
1223 1574 1396 1604 beatissimi
1416 1573 1510 1604 Lucae
1530 1571 1761 1610 Evangelistae,

992 1626 1046 1665 qni
1062 1636 1135 1656 cum
1152 1626 1244 1657 Patre
1259 1629 1289 1657 et
1305 1626 1425 1666 Spiritu
1440 1628 1548 1656 sancto
1562 1625 1653 1663 vivit,
1671 1627 1699 1655 et
1715 1633 1763 1655 re-

994 1683 1071 1717 gnat
1088 1679 1168 1710 Deus
1181 1680 1213 1709 in
1231 1680 1346 1710 saecula
1361 1679 1563 1710 saeculorum.
1578 1679 1692 1709 Amen.

994 1786 1002 1799 ⁶
1020 1786 1087 1810 Psal.
1101 1792 1172 1817 xvnr,
1189 1789 1212 1810 7.
1229 1800 1256 1804 —
1272 1787 1279 1803 ⁷
1296 1789 1377 1817 joan„
1393 1795 1446 1818 xvi,
1462 1790 1500 1812 28.
1518 1802 1544 1805 -
1560 1789 1568 1802 ⁸
1586 1789 1622 1811 Ex
1636 1786 1687 1810 [led
1701 1805 1707 1816 ,
1720 1785 1764 1809 ubi

994 1828 1048 1851 sup.
1064 1835 1089 1838 —-
1104 1824 1111 1835 ³
1128 1825 1203 1853 Aug,
1216 1823 1245 1846 (le
1258 1824 1333 1847 Cz'tvil.
1350 1824 1404 1853 Dei,
1417 1824 1459 1847 lib.
1472 1824 1548 1854 xxu,
1564 1831 1589 1847 11.
1601 1825 1623 1846 5.

1025 1866 1059 1896 (a)
1074 1866 1133 1890 Cret,
1147 1867 1207 1891 edit.
1220 1869 1249 1891 Et
1261 1869 1381 1892 Joannes.
1397 1881 1427 1885 —
1443 1868 1475 1898 (b)
1492 1868 1586 1891 Forsan
1601 1866 1763 1897 supplendum

993 1908 1047 1931 per.
