1987 3032
193 232 250 260 '104

191 294 260 326 ovis
272 302 344 334 quae
359 293 466 333 periit;
483 301 591 332 quaere
605 300 735 322 servum
749 293 853 327 tuum,
871 299 886 318 ι»
899 290 957 320 ete.

193 346 237 379 Et
249 348 375 378 salvum
388 348 496 386 facere
510 346 598 386 quod
605 346 761 386 perierat,
777 343 894 373 scilicet
906 350 962 381 per

194 400 440 431 misericordiam
464 411 470 430 ε
489 400 496 416 ¹
523 411 537 428 a
561 398 704 429 Salvabis
721 406 772 427 me
788 395 962 426 secundum

195 463 348 493 magnam
360 452 607 483 misericordiam
628 453 729 481 tuam.
746 460 760 477 »
782 448 819 479 Et
834 449 902 478 haec
917 450 963 478 est

195 506 410 538 misericordia
423 506 559 536 salvans.
577 504 707 544 Propter
723 503 808 543 quod
831 503 861 532 et
875 502 964 532 ²Iesus

195 562 327 592 vocatur
345 562 355 576 ²
377 570 384 590 z
413 571 426 587 «
450 558 582 589 Vocabis
603 566 721 588 nomen
744 558 813 595 ejus
830 555 938 586 Jesum
955 565 961 585 τ

197 615 261 654 ipse
282 613 367 643 enim
391 612 515 642 salvum
538 611 629 641 faciet
654 609 808 649 populum
832 617 928 638 suum
947 616 966 637 a

196 667 330 707 pcccatis
342 674 465 696 eorum.
481 676 495 693 »
520 664 557 695 Et.
577 665 587 681 ³
612 673 620 694 ε
649 675 662 691 «
689 662 758 694 Non
781 663 828 692 est
848 661 882 691 in
905 661 966 691 alio

198 720 304 759 aliquo
319 719 413 749 salus.
431 718 494 748 Nec
507 717 594 747 enim
609 716 697 746 aliud
713 723 830 746 nomen
846 716 892 744 est
909 713 967 744 sub

199 772 276 803 coelo
292 772 401 802 datum
417 770 615 806 hominibus,
632 769 666 799 in
680 777 743 808 quo
758 769 900 807 oporteat
911 775 969 796 nos

199 825 302 856 salvos
326 825 406 855 fieri.
423 835 437 852 »
456 823 544 854 Unde
558 822 674 853 (licitur
687 822 697 837 ¹*
715 832 721 851 z
746 832 760 849 «
775 820 883 851 Omnis
897 819 968 859 qui-

200 887 338 918 cumque
358 876 551 908 invocaverit
566 883 684 905 nomen
699 874 841 910 Domini,
863 873 970 904 salvus

200 932 270 962 erit.
286 942 300 960 ι)

242 987 290 1014 Η.
309 984 385 1014 Hoee
400 982 461 1012 illis
475 981 693 1019 audientibus,
716 982 774 1011 etc.
801 979 971 1018 Postquam

202 1036 348 1075 exemplo
373 1044 522 1074 expresso
545 1034 732 1073 approbavit
753 1032 972 1063 liberalitatem

203 1091 236 1120 in
250 1088 465 1120 distribuendo
476 1087 679 1127 temporalia,
695 1086 747 1116 hic
762 1085 908 1125 exemplo
921 1095 974 1124 pa-

204 1142 341 1173 rabolico
365 1140 564 1171 commendat
586 1139 784 1170 sedulitatem
808 1139 842 1168 in
864 1137 974 1168 multi-

206 1195 349 1235 plicando
365 1194 541 1233 spiritualia
552 1216 561 1230 ,
578 1195 608 1223 et
623 1201 639 1222 e
655 1191 812 1222 contrario
826 1191 975 1230 reprobat

205 1246 448 1286 negligentiam.
476 1246 529 1275 Est
549 1248 656 1275 antem
673 1245 730 1274 ista
749 1244 898 1275 sedulitas
921 1253 976 1283 per

206 1302 346 1341 ipsorum
368 1299 580 1338 spiritualium
601 1298 763 1328 liberalem
782 1296 976 1327 distributio-

206 1364 291 1391 nem,
308 1355 338 1383 et
354 1352 553 1391 negligentia
569 1360 624 1391 per
639 1352 781 1390 ipsorum
796 1349 976 1380 absconsio-

207 1416 293 1437 nem.
328 1406 363 1436 ln
396 1406 455 1436 hac
483 1405 583 1444 igitur
616 1404 765 1444 parabola
793 1403 978 1442 exponenda

208 1459 348 1500 procedit
370 1459 430 1489 hoc
453 1458 573 1488 ordine.
602 1457 707 1487 Primo
731 1464 869 1495 namque
894 1463 979 1494 prae-

211 1513 306 1542 mittit
323 1511 520 1542 occasionem
538 1509 757 1540 introducendi
775 1507 977 1548 parabolam3

211 1565 349 1596 secundo
371 1574 446 1595 vero
470 1564 575 1594 subdit.
596 1563 695 1603 ipsius
725 1561 884 1602 parabolae
909 1562 979 1592 des-

211 1619 398 1658 criptionem
414 1618 609 1654 ordinatam,
631 1617 671 1646 ibi
695 1619 704 1635 ⁵
729 1627 735 1646 ι
759 1616 849 1647 Dixit
871 1624 946 1654 erqo
971 1624 980 1645 .-

214 1672 317 1703 Homo
332 1670 465 1711 quidam
476 1670 599 1707 nobilis,
611 1671 669 1699 etr.
687 1669 774 1699 Circa
783 1668 981 1698 occasionem

214 1724 459 1761 attendendum,
489 1723 573 1762 quod
601 1722 757 1762 duplicem
783 1723 871 1752 notat-
894 1721 983 1751 istius

214 1777 372 1817 parabolae
397 1776 632 1806 introducendae
651 1775 864 1812 occasionem,
887 1774 985 1804 ratio-

215 1831 318 1861 nalem
340 1829 453 1860 scilicet
477 1828 722 1858 confutationem
746 1827 932 1864 rebellium,
955 1828 986 1857 et

216 1883 455 1914 instructionem
473 1881 675 1920 simplicium.

257 1935 365 1966 Primo
380 1935 491 1973 igitur,
508 1935 664 1972 quantum
689 1932 726 1962 ad
741 1932 986 1962 confutationem

218 1990 395 2026 rebellium,
415 1987 487 2018 dicit
507 1998 512 2017 :
530 1987 607 2017 Horo
622 1986 683 2016 iltis
699 1985 910 2023 audientibus,
927 1985 987 2015 sci-

218 2043 287 2073 licet
302 2042 363 2071 illis
379 2041 435 2080 qui
450 2039 713 2074 murmurabunt,
736 2038 888 2077 adjiciens
908 2038 990 2068 dixit

217 2094 422 2136 parabolam,
441 2102 476 2124 eo
494 2092 582 2133 qnod
593 2096 668 2123 esset
677 2100 780 2132 prope
798 2091 987 2129 Jerusalem,

220 2149 330 2188 inqua
344 2148 460 2178 scilicet
482 2156 499 2177 a
519 2146 533 2177 J
540 2146 636 2177 udaeis
658 2145 827 2176 rebellibus
850 2145 988 2175 occiden-

220 2202 278 2231 dus
293 2203 369 2239 erat,
386 2200 559 2230 secundum
584 2199 669 2238 quod
690 2198 895 2237 Evangelista
919 2206 990 2237 pas-

221 2254 341 2284 sionem
371 2254 470 2293 ipsius
493 2254 525 2283 in
551 2252 725 2284 Jerusalem
748 2252 860 2282 factam
883 2251 916 2281 in
940 2260 990 2281 se-

222 2308 391 2346 quentibus
414 2308 530 2336 narrat.
548 2306 620 2336 Ideo
644 2304 827 2344 parabolam
851 2304 941 2341 dicit,
958 2305 991 2334 in

222 2369 286 2399 qua
302 2360 471 2389 confutatio
487 2358 650 2389 rebellium
673 2358 862 2397 explicatur,
880 2366 992 2387 seeun—

223 2413 301 2443 dum
329 2413 413 2451 quod
441 2412 475 2442 in
503 2414 566 2442 line
594 2412 752 2451 parabolae
785 2411 914 2450 ponitur
932 2414 950 2430 -⁶
982 2421 988 2439 z

232 2468 456 2498 Verumtamen
473 2465 615 2495 inlmieos
629 2474 713 2495 meos
725 2465 805 2502 illos,
818 2464 875 2504 qui
886 2464 993 2494 nolue-

224 2523 301 2550 runt
313 2528 364 2549 me
384 2526 519 2556 reynero
532 2526 686 2557 superse,
704 2517 850 2548 adducite
865 2517 940 2554 lucc,
964 2521 994 2547 et

258 2645 350 2667 ¹0rut.
375 2643 494 2672 Manum„
520 2641 586 2664 inter
613 2642 757 2672 apocrypha
786 2642 931 2666 Bibliorum.
964 2655 993 2660 -—

228 2682 238 2697 '-'
255 2679 356 2709 Mutua,
376 2685 394 2708 1,
409 2680 448 2702 21.
469 2691 489 2695 -
502 2678 510 2691 ³
529 2677 594 2707 Act„
610 2682 644 2707 lv,
659 2678 695 2701 12.
713 2691 739 2694 -—
756 2678 766 2693 Β
784 2679 861 2708 Rom„
874 2684 900 2708 x,
914 2680 951 2702 13.
964 2691 994 2696 --

738 222 946 254 lCVANGELIl
971 221 1111 253 SANC'rl
1133 220 1244 252 LUCAE

1018 288 1182 327 interficite
1202 293 1275 320 ante
1290 298 1350 320 me.
1367 290 1403 320 ln
1418 289 1499 320 hane
1513 290 1622 319 autem
1639 286 1784 318 rebellio-

1019 350 1093 372 nem
1108 341 1302 380 inciderunt,
1319 343 1394 382 quia
1414 352 1479 373 non
1498 342 1682 373 hahuerunt
1694 339 1787 371 sedu-

1020 394 1140 424 litatem
1161 394 1199 424 ad
1219 394 1333 425 Christi
1354 395 1490 434 gratiam
1513 393 1786 433 cognoscendam3

1021 449 1051 477 et
1065 447 1135 478 ideo
1155 448 1302 478 excaecati
1321 450 1412 485 sunt,
1428 450 1459 478 et
1480 447 1626 478 obdurati
1643 457 1649 476 :
1668 448 1699 477 et
1713 454 1788 485 gra-

1021 500 1097 530 tiam
1120 509 1216 539 quam
1236 501 1390 531 dehebant
1416 501 1592 541 suscipere,
1618 500 1790 540 impugna-

1022 553 1114 589 bant;
1131 555 1162 582 et
1183 557 1349 592 propterca
1372 553 1468 583 etiam
1485 554 1573 592 justo
1598 552 1651 583 Dei
1670 551 1791 592 judicio

1024 605 1068 635 cis
1082 605 1198 635 veritas
1213 606 1450 645 proponebatur
1473 614 1537 636 non
1559 605 1703 645 explicite
1713 629 1721 643 ,
1737 603 1791 635 sed

1025 658 1248 698 parabolarum
1263 659 1488 698 aenigmatibus
1502 657 1669 695 obvoluta,
1685 665 1794 688 secun-

1026 712 1101 741 dum
1117 711 1194 742 illud
1209 711 1218 727 ⁷
1237 722 1243 742 :
1262 722 1275 740 α
1294 711 1329 741 In
1345 711 1502 751 parabolis
1515 711 1629 751 loquor
1640 710 1704 748 eis,
1720 709 1795 750 quia

1026 765 1168 795 videntes
1183 774 1247 795 non
1270 765 1396 802 vident,
1412 767 1442 795 et
1464 764 1629 795 audientes
1652 772 1716 794 non
1739 771 1796 794 au-

1027 818 1130 856 dient,
1148 827 1251 857 neque
1266 818 1442 857 intelligent
1467 829 1474 848 :
1499 820 1530 849 et
1550 817 1739 857 adimpletur
1762 817 1797 847 in

1028 871 1073 901 eis
1089 871 1254 911 prophetia
1267 871 1363 902 Isalca
1377 871 1506 902 dicentis
1529 870 1539 886 ⁸
1568 882 1574 901 z
1595 870 1716 902 Auditu
1738 878 1795 900 au-

1029 923 1138 962 dietis,
1153 926 1183 955 et
1205 933 1268 955 non
1283 924 1485 963 intelligetis;
1503 926 1533 955 et
1547 924 1688 955 videntes
1709 923 1798 954 vide-

1030 976 1113 1014 bitis,
1130 979 1160 1007 et
1175 986 1237 1007 non
1252 977 1409 1008 videbilis.
1426 977 1637 1007 lncrassatum
1652 977 1699 1006 est
1712 975 1799 1006 enim

1031 1040 1084 1061 cor
1099 1031 1205 1070 populi
1221 1031 1275 1070 huj
1282 1040 1330 1069 us,
1346 1033 1376 1061 ct
1390 1031 1520 1061 auribus
1535 1030 1677 1070 graviter
1689 1028 1797 1060 audie-

1031 1085 1123 1121 runt,
1140 1086 1170 1114 et
1186 1085 1293 1114 oculos
1307 1093 1381 1114 suos
1396 1084 1595 1121 clauserunt,
1611 1092 1651 1113 ne
1672 1081 1800 1122 quando

1032 1137 1157 1167 videant
1173 1137 1286 1174 oculis,
1304 1139 1334 1167 et
1347 1137 1478 1167 auribus
1492 1136 1641 1172 audiant,
1664 1137 1694 1165 et
1708 1134 1801 1165 corde

1032 1189 1223 1229 intelligant,
1241 1191 1271 1220 et
1285 1192 1521 1227 convertantur,
1535 1191 1566 1219 et
1580 1196 1689 1219 sanem
1702 1196 1766 1218 eos.
1782 1197 1797 1215 n

1074 1242 1235 1280 Secundo,
1258 1245 1413 1282 quantum
1436 1243 1474 1273 ad
1496 1241 1706 1273 eruditionem
1729 1240 1804 1271 sim-

1035 1295 1176 1335 plicium,
1193 1295 1298 1326 subdit
1311 1307 1317 1326 z
1330 1296 1375 1326 Et
1383 1299 1462 1335 quia
1477 1295 1706 1331 eoeistz'marent,
1718 1293 1807 1334 quod

1035 1349 1203 1388 confestim
1218 1358 1353 1389 reqnum
1368 1349 1430 1381 Dei
1443 1349 1717 1387 manifestaretur.
1740 1346 1806 1378 Hoc

1036 1403 1235 1433 aestimabant
1250 1402 1362 1432 Christi
1374 1402 1531 1441 discipuli,
1546 1401 1624 1441 quia
1639 1400 1808 1432 credebant

1037 1457 1196 1487 Christum
1222 1457 1462 1495 Redemptorem
1488 1458 1518 1486 et
1540 1455 1739 1486 Salvatorem
1760 1454 1808 1485 ire

1037 1510 1070 1540 in
1084 1509 1258 1541 Jerusalem
1272 1509 1311 1539 ad
1327 1518 1393 1539 snat·
1415 1508 1515 1547 regiae
1531 1507 1691 1547 potestatis
1706 1509 1808 1538 osten-

1037 1563 1199 1594 tationem.
1226 1562 1312 1593 Unde
1327 1564 1357 1593 et
1377 1562 1551 1593 secundum
1566 1561 1680 1592 seriem
1696 1569 1808 1591 narra—

1039 1616 1132 1646 tionis
1149 1616 1287 1646 historiae
1303 1615 1495 1654 evangelicae
1516 1615 1576 1645 hoc
1597 1616 1740 1654 tempore
1760 1622 1809 1644 ac-

1040 1669 1131 1700 cessit
1158 1671 1259 1699 mater
1282 1669 1421 1699 tiliorum
1448 1668 1588 1699 Zebedaei
1612 1667 1651 1698 ad
1678 1666 1808 1705 Jesum,

1040 1722 1166 1762 quando
1176 1746 1186 1760 ,
1202 1722 1376 1752 secundum
1400 1722 1485 1761 quod
1509 1721 1623 1752 dicitur
1633 1743 1643 1757 ,
1658 1720 1740 1751 dixit
1754 1720 1811 1751 Do-

1041 1776 1129 1806 mino
1143 1778 1153 1794 ⁹
1171 1786 1178 1806 2
1199 1786 1213 1803 «
1229 1775 1281 1805 Dic
1306 1778 1342 1805 ut
1365 1775 1492 1805 sedeant
1513 1774 1547 1804 hi
1567 1773 1631 1804 duo
1652 1773 1710 1803 filii
1726 1773 1809 1812 mei,

1042 1838 1127 1860 unus
1142 1829 1180 1859 ad
1197 1828 1359 1859 dexteram
1380 1830 1488 1865 tuam,
1504 1828 1535 1857 et
1556 1835 1640 1857 unus
1663 1825 1702 1856 ad
1725 1825 1814 1856 sinis-

1042 1884 1123 1911 tram
1139 1881 1173 1911 in
1189 1890 1290 1919 regno
1305 1883 1371 1911 tuo.
1397 1891 1410 1907 n
1436 1879 1521 1910 Unde
1537 1879 1644 1909 Glossa
1669 1890 1675 1909 :
1704 1890 1718 1906 «
1735 1878 1815 1915 Quia

1043 1934 1186 1973 discipuli
1203 1933 1425 1963 existimabant
1441 1941 1579 1971 regnum
1596 1931 1646 1962 Dei
1659 1940 1735 1962 mox
1747 1940 1814 1962 esse

1044 1989 1238 2024 venturum,
1265 1986 1347 2016 hanc
1371 1994 1484 2016 eorum
1507 1984 1722 2023 ignorantiam
1745 1984 1815 2016 illu-

1045 2041 1162 2077 minat,
1179 2040 1292 2069 docens
1307 2048 1339 2069 se.
1364 2038 1456 2077 regni
1471 2038 1520 2067 sui
1535 2038 1631 2067 sulem
1652 2039 1718 2068 toto
1739 2037 1816 2068 orbe

1045 2095 1279 2133 dispersurum,
1296 2094 1325 2122 et
1340 2092 1372 2121 in
1388 2092 1449 2121 tine
1464 2091 1571 2121 saeculi
1582 2091 1725 2130 ¹iudicem
1748 2099 1815 2121 om-

1046 2147 1136 2177 nium
1164 2154 1338 2185 regemque
1367 2146 1548 2175 venturum.
1576 2142 1664 2173 Unde
1692 2145 1723 2174 et
1748 2143 1816 2174 haec

1048 2200 1194 2240 parabola
1209 2202 1254 2229 est
1272 2198 1311 2229 ad
1334 2197 1572 2227 instruelionem
1591 2196 1737 2227 omnium
1757 2205 1814 2227 vo-

1048 2253 1180 2283 lentium
1206 2251 1370 2292 pervenire
1392 2250 1430 2281 all
1456 2259 1612 2289 regnum,
1636 2251 1672 2280 ut
1699 2248 1815 2280 intelli-

1049 2308 1128 2346 gant
1143 2316 1175 2336 se
1197 2314 1259 2335 non
1284 2314 1373 2344 posse
1393 2305 1425 2334 in
1444 2303 1522 2333 illud
1544 2302 1730 2342 pervenire,
1755 2302 1816 2332 nisi

1048 2370 1103 2400 per
1119 2358 1413 2398 multiplicationem
1435 2355 1647 2396 spiritualium
1671 2357 1702 2386 et
1725 2354 1817 2385 fidele

1048 2413 1248 2452 obsequium,
1260 2410 1436 2441 secundum
1447 2409 1532 2449 quod
1542 2408 1658 2439 dicitur
1672 2408 1693 2423 ¹⁰
1707 2417 1736 2438 ια
1747 2406 1817 2438 Non

1048 2466 1151 2496 omnis
1166 2465 1220 2504 qui
1235 2464 1309 2494 dicit
1326 2463 1404 2493 mihi
1421 2471 1428 2492 :
1446 2461 1588 2497 Domine,
1604 2460 1747 2498 Domine,
1763 2460 1816 2490 iu-

1048 2519 1144 2550 trabit
1169 2518 1201 2547 in
1224 2526 1364 2556 regnum
1387 2514 1556 2551 eoelorum;
1584 2513 1638 2544 sed
1662 2513 1717 2553 qui
1746 2513 1818 2544 facit

1052 2639 1062 2654 ὅ
1076 2638 1132 2666 lnt'.,
1147 2638 1222 2659 v.12.
1238 2648 1267 2653 -—
1282 2639 1290 2647 ”
1304 2635 1359 2663 lnl'.,
1371 2640 1395 2656 v.
1409 2633 1448 2656 27.
1465 2644 1496 2648 —
1510 2632 1517 2645 ⁷
1534 2630 1631 2657 Matth„
1649 2636 1711 2660 xlii,
1734 2632 1817 2654 13-15.

1051 2686 1079 2691 —
1093 2674 1101 2687 ὃ
1113 2673 1173 2702 Iso„
1185 2678 1221 2702 vi,
1234 2674 1255 2695 ss.
1271 2672 1318 2689 —9
1330 2668 1429 2698 Mami„
1448 2673 1491 2697 xx,
1506 2668 1586 2691 2i.—-
1601 2667 1620 2683 ¹⁹
1636 2666 1818 2697 lbid.,vu‚2l.
