1987 3032
202 199 260 228 514

202 271 268 290 mus
280 263 300 296 ¹,
310 273 323 289 «
334 263 403 299 quia
417 264 524 292 decens
538 266 599 292 erat
613 264 783 299 discipulos,
799 265 849 290 aut
861 262 970 290 disere-

203 308 271 336 dere
290 308 420 343 mulieri,
436 312 486 338 aut
500 310 617 342 dolere,
632 309 774 344 quoniam
790 316 849 336 non
864 308 970 342 dignos

202 361 252 381 eos
268 354 335 382 fecit
355 363 407 382 suo
422 355 496 388 visu,
515 355 542 382 id
565 357 606 382 est
629 354 860 382 manifestatione
879 363 884 381 :
901 354 970 381 ideo

201 407 296 435 neque
310 408 400 427 unum
418 401 496 427 diem
512 400 620 427 dimisit
635 400 810 435 pertransire
828 409 833 427 z
851 402 970 435 propter

201 445 283 480 quod
295 454 360 473 sero
374 446 482 473 adstitit
499 446 532 480 (α)
553 446 603 480 eis,
620 446 742 481 quando
764 447 892 473 maxime
909 448 969 473 erat

200 491 342 519 decens.»
362 494 423 519 Haec
443 492 502 519 ille.
527 494 562 519 Ec
583 495 656 519 stetit
675 495 703 519 in
716 494 802 520 medio
824 494 970 527 discipulo-

198 545 267 564 rum.
283 537 327 564 Sic
340 538 513 572 promiserat
528 540 538 555 ²
554 546 560 564 :
581 548 594 563 «
610 539 660 566 Ubi
676 538 737 565 duo
760 539 804 565 vel
821 541 877 566 tres
898 546 969 565 con-

198 584 309 618 gregati
323 587 390 612 sunt
412 585 442 612 in
457 586 577 613 nomine
593 594 671 619 meo,
688 586 728 612 ibi
745 594 811 612 sum
825 585 854 612 iu
869 584 967 612 medio

197 637 309 656 eorum.
327 640 340 655 »
357 631 413 657 Sed
431 632 578 666 quaeritur,
597 642 610 657 «
625 640 716 667 quare
733 639 792 659 non
809 631 968 658 credebaut

197 683 263 702 eum
273 684 333 703 esse
341 676 525 711 phantasma,
537 678 610 705 sicut
620 677 837 711 erediderunt&
845 676 967 712 qnando

196 722 332 757 apparuit
346 723 387 749 eis
400 723 557 750 ambulans
571 732 659 759 super
677 731 773 757 mare,
789 723 916 750 maxime
932 731 967 750 ex

195 776 255 802 quo
281 768 398 795 intravit
425 769 471 796 hic
496 769 595 804 januis
610 769 725 802 clausis,
743 780 754 794 n
773 771 803 796 ut
828 769 969 804 proponit

194 815 418 850 Chrysostomus
432 815 452 843 ⁴.
469 818 500 842 Et
514 816 552 843 ad
567 816 623 843 hoc
643 815 806 851 respondet
831 816 967 850 Chrys-os-

196 862 300 894 tomus,
317 861 398 896 quod
425 872 437 886 «
459 862 566 889 mulier
594 869 817 896 praeassumens,
833 871 846 885 »
868 861 899 887 id
915 863 966 895 est,

193 906 362 941 praedicem,
381 916 394 932 «
415 907 538 934 multam
553 907 642 934 tidem
658 909 778 942 operata
802 907 889 933 estin
913 906 964 933 eis.

193 953 306 978 Etcum
328 952 396 986 hoe,
412 953 596 980 manifestum
623 955 650 980 et
677 953 776 979 mitem
799 952 896 979 visum
925 952 966 978 eis

193 997 330 1031 ostendit,
346 998 541 1025 simulantem
556 1000 583 1025 et
594 1006 665 1025 voce
680 998 808 1025 firmavit
823 998 964 1024 fluctuan-

193 1046 250 1071 tem
275 1047 413 1078 mentem,
439 1045 539 1071 dicens
556 1053 561 1070 :
578 1046 637 1071 Ριιεε
650 1046 736 1078 vobis,
764 1051 966 1071 rememorans

192 1090 242 1124 eis,
259 1091 341 1125 quod
356 1090 469 1117 dixerat
483 1092 550 1117 ante
565 1090 744 1125 passionem,
757 1098 846 1125 supra
860 1091 870 1105 5
881 1099 906 1115 :a
917 1092 966 1116 Ρα-

191 1143 244 1162 cem
259 1144 341 1162 meum
353 1136 386 1162 do
401 1137 487 1168 2*0bis‚·
504 1137 532 1162 et
545 1144 634 1171 supra
648 1137 658 1151 ⁶
675 1144 681 1162 :
701 1137 732 1162 Ιιι
755 1144 794 1163 me
808 1144 898 1170 pacem
917 1136 965 1163 Ιια-

190 1181 294 1207 bebz'tls.
307 1191 319 1206 ι)
336 1183 372 1208 [ιε
386 1189 445 1216 qua
460 1190 531 1216 pace
546 1182 586 1208 ibi
604 1181 714 1208 dictum
730 1183 780 1208 est.
798 1183 828 1208 Et
843 1189 904 1209 non
919 1189 965 1208 so-

190 1227 249 1253 lum
263 1227 392 1254 firmavit
407 1235 458 1254 eos
474 1235 561 1262 vocc;
579 1227 631 1254 sed
647 1227 686 1263 (v.
705 1227 746 1260 20)
764 1236 770 1253 :
787 1228 911 1254 Ostendit
927 1229 964 1254 εἰς

188 1280 283 1299 manus
296 1275 320 1299 et
332 1274 412 1300 latus.
431 1274 462 1300 Ut
473 1273 511 1300 ait
525 1273 701 1307 Augustinus
714 1274 723 1288 '¹
743 1282 748 1299 ε
769 1282 783 1298 (ι
800 1273 880 1300 Clavi
896 1280 962 1300 ma-

189 1325 244 1345 nus
254 1318 388 1352 fixerant,
401 1319 503 1346 laneca
513 1319 588 1346 latus
599 1319 661 1353 cjus
674 1321 830 1354 aperuerat
843 1328 849 1345 :
863 1319 902 1345 ibi
916 1319 962 1353 (h),

188 1364 227 1390 ad
240 1363 438 1392 dubitantium
460 1365 551 1392 corda
565 1365 712 1396 sananda,
727 1365 883 1392 vulnerum
898 1367 966 1392 suut

188 1411 302 1437 servata
323 1410 452 1445 vestigia.
469 1421 482 1436 ι)
502 1413 565 1438 Haec
587 1411 646 1438 ille.
672 1410 682 1427 ⁸
705 1420 718 1436 ‹<
737 1410 854 1445 Palpate
875 1412 901 1437 et
924 1410 963 1436 vi-

188 1455 263 1488 dete,
280 1465 292 1480 u
311 1458 364 1483 etc.
380 1458 412 1483 Et
426 1459 505 1492 patet
520 1458 690 1492 mysterium
706 1456 752 1483 hie
766 1465 772 1483 :
787 1457 873 1483 Filius
883 1456 961 1483 enim

188 1501 236 1528 Dei
251 1504 373 1536 apparet
388 1502 541 1537 descipulis,
556 1503 587 1529 in
602 1510 662 1538 quo
679 1504 801 1537 apparet
816 1502 962 1529 obedien-

188 1546 262 1573 tialis
277 1547 445 1581 humilitas3
469 1550 495 1574 et
518 1549 695 1582 congregatis,
711 1548 742 1574 in
765 1555 825 1582 quo
851 1548 960 1581 figura-

188 1594 233 1618 tur
246 1592 391 1619 charitatis
406 1593 594 1627 unanimitas,
610 1596 641 1620 ut
656 1593 766 1620 dietum
782 1595 822 1620 est
833 1593 842 1608 '²
858 1601 864 1619 z
881 1604 893 1616 «
908 1593 960 1620 Ubi

188 1637 313 1671 duo,vel
327 1640 383 1665 tres
399 1639 567 1673 congregati
582 1639 688 1666 fuerint
703 1639 732 1665 in
747 1639 867 1665 nomine
879 1646 957 1673 meo,

186 1683 228 1709 ibi
242 1691 292 1710 ero
307 1684 338 1710 in
351 1684 450 1712 medio
466 1693 579 1712 eorum.
597 1695 609 1710 n
629 1685 708 1712 Unde
733 1687 759 1712 et
783 1692 871 1720 super
887 1693 958 1712 con-

186 1732 322 1764 gregatos
337 1729 498 1766 discipulos
512 1732 522 1747 ⁹
535 1731 686 1758 descendit
702 1730 832 1766 Spiritus.
847 1732 879 1757 Et
893 1733 960 1757 tunc

186 1777 318 1810 apparet,
335 1776 455 1811 quando
470 1778 542 1810 fores
569 1779 635 1804 sunt
651 1778 759 1809 clausae,
780 1776 810 1803 id
827 1778 878 1810 est,
895 1784 959 1803 sen-

186 1821 282 1848 suales
298 1822 556 1857 apprehensiones,
573 1823 741 1850 affectiones
759 1822 815 1849 sub
831 1822 960 1856 regulari

186 1866 341 1902 disciplina
356 1868 499 1895 cohibitoe.
513 1870 532 1885 ¹⁰
550 1869 662 1903 «Vade,
677 1868 805 1904 populus
820 1876 914 1902 meus,
929 1868 960 1894 in

186 1913 322 1940 cubicula
336 1914 368 1949 (c)
387 1917 444 1948 tua,
461 1914 566 1941 claude
587 1923 674 1950 super
694 1917 719 1941 te
735 1914 817 1941 ostia.
835 1925 848 1938 »
868 1915 899 1941 Et
914 1915 933 1933 ¹¹
951 1922 957 1940 ι

189 1958 321 1986 «Clauso
341 1959 425 1994 ostio,
443 1968 494 1987 ora
509 1962 621 1996 patrem
642 1962 734 1986 tuum.
751 1971 764 1984 »
788 1960 804 1975 ¹2
828 1970 840 1985 ιι
861 1959 959 1994 Pepigi

184 2003 280 2031 foedus
301 2012 368 2031 cum
384 2005 477 2032 oculis
500 2006 582 2039 meis,
599 2016 613 2043 a
639 2008 693 2033 etc,
710 2005 750 2032 lbi
769 2005 924 2040 Gregorius
940 2003 959 2023 ¹³

185 2051 260 2078 bene
281 2051 318 2078 de
339 2052 516 2080 cohibitione
537 2061 687 2085 sensuum,
710 2052 760 2087 qui
782 2053 849 2078 sunt
874 2051 958 2086 quasi

185 2097 261 2124 tores
276 2097 390 2125 animae.
409 2101 440 2125 Et
457 2099 487 2125 in
509 2098 557 2125 die
572 2099 740 2125 sabbatorum
755 2099 887 2132 apparet,
904 2096 957 2123 sei-

184 2142 251 2170 licet
266 2144 387 2179 quando
404 2146 445 2172 est
459 2146 574 2172 vacatio
590 2145 627 2172 ab
644 2144 783 2180 operibus
802 2143 957 2170 servilibus

185 2192 383 2223 peccatorum.
411 2191 430 2207 ¹⁵
455 2201 468 2216 «
483 2191 637 2218 Vocaveris
669 2190 826 2217 sabbatum
849 2189 958 2216 delica-

185 2236 256 2262 tum.
273 2245 286 2260 ι)
305 2238 336 2263 Ε1.
349 2236 406 2264 hoc
429 2237 460 2263 in
481 2244 550 2270 sero,
566 2236 687 2271 quando
712 2238 754 2262 est
775 2234 956 2269 refrigeratio

184 2283 306 2309 aestuum
321 2282 604 2318 concupiscibilium.
614 2283 633 2299 ¹5
651 2291 663 2308 «
676 2281 780 2309 Anima
794 2289 862 2309 mea
877 2280 955 2308 desi—

217 2364 223 2379 ¹
247 2363 388 2393 Chrysost„
411 2364 453 2387 ubi
476 2370 531 2393 sup.
556 2377 586 2381 —
611 2364 621 2379 Ἴ
642 2363 742 2393 Mattio,
766 2369 844 2392 xviii,
866 2364 904 2386 20.
925 2375 955 2380 -—

185 2398 193 2411 ³
209 2398 296 2427 Mara,
315 2403 355 2426 νι,
377 2400 414 2421 41).
428 2411 458 2415 -
478 2399 485 2412 ⁴
501 2398 642 2429 Chrysost.‚
665 2398 708 2421 ubi
725 2405 781 2428 sup.
801 2411 828 2414 —
851 2398 859 2411 ⁵
883 2399 956 2427 Sup.,

185 2438 238 2462 siv,
253 2433 282 2456 27
308 2445 338 2449 —
353 2433 361 2446 ⁵
376 2435 448 2462 suu,
464 2440 517 2462 xvi,
532 2436 571 2457 323.
587 2447 617 2450 —
632 2434 639 2447 ⁷
655 2434 730 2463 Aug„
749 2433 791 2456 ubi
807 2439 873 2463 sup.,
889 2440 914 2456 n.
931 2434 954 2456 4.

184 2480 215 2484 —
230 2468 238 2481 θ
252 2467 318 2496 Luc„
338 2473 408 2496 xxiv,
429 2469 467 2491 39.
487 2481 512 2484 -
530 2470 538 2482 ⁹
553 2470 618 2497 Act„
638 2474 672 2498 11,
693 2471 712 2492 1.
729 2481 758 2485 -—
776 2468 794 2483 ²⁰
810 2469 868 2496 1811„
883 2473 953 2496 xxvi,

185 2504 223 2526 20.
236 2515 267 2519 —
284 2502 304 2518 ¹¹
318 2502 419 2532 illattlz„
436 2508 470 2532 vi,
486 2504 509 2526 G.
522 2516 551 2520 —
566 2505 585 2519 ¹²
597 2503 651 2533 Job,
666 2509 740 2532 xxm,
758 2505 779 2527 t.
791 2516 820 2519 —
836 2503 856 2519 ¹³
868 2504 955 2533 Greg„

184 2537 287 2567 Moral„
304 2537 440 2567 lib.XX11,
456 2544 478 2560 c.
496 2544 529 2568 u,
545 2544 571 2561 n.
586 2540 608 2561 4.
628 2551 653 2555 -—
670 2539 688 2553 ¹²
705 2538 762 2567 isa„
778 2543 855 2568 Lviu,
873 2539 910 2561 13.
924 2550 954 2555 -

187 2573 203 2586 ¹⁵
217 2573 278 2602 Isa.,
293 2578 364 2602 xxw,
376 2574 398 2596 9.
413 2585 445 2589 —
459 2573 478 2588 ¹¹³
493 2572 548 2602 Joh,
563 2578 597 2602 lv,
616 2574 651 2597 16.
667 2586 697 2590 —
713 2573 730 2589 ¹⁷
747 2574 834 2603 Grcg„
853 2572 954 2603 Mor-al„

184 2605 227 2629 lib.
247 2606 277 2635 V,
293 2613 314 2630 c.
330 2613 391 2637 xxv,
403 2607 435 2630 al.
449 2612 537 2636 xxxiv,
552 2614 576 2630 n.
592 2609 670 2630 153.-
687 2608 705 2623 ¹³
721 2607 838 2637 Soplwn„
853 2613 897 2635 ιιι,
915 2608 950 2630 tii.

720 196 927 237 EVANGELH
951 196 1090 228 SANCTI
1111 197 1275 229 JOANNlS

1026 263 1139 290 deravit
1152 265 1179 291 te
1194 263 1231 291 de
1255 266 1349 292 nocte.
1370 274 1383 290 n
1409 265 1454 293 Sic
1469 271 1614 300 apparens
1633 267 1660 293 et
1674 266 1794 294 veniens

1024 312 1090 342 scat,
1106 309 1136 336 in
1157 317 1218 344 quo
1232 311 1350 338 notatur
1363 318 1416 338 sua
1436 310 1649 345 immortalitas,
1664 314 1692 339 et
1707 312 1795 340 etiam

1025 354 1170 382 divinitas
1189 355 1208 373 ¹⁸
1222 356 1326 383 «Stetit
1341 356 1472 391 quidam.
1488 367 1501 381 n
1518 356 1558 384 tbi
1579 358 1734 392 Gregorius
1749 358 1769 375 ¹⁷
1785 366 1792 385 :

1027 410 1040 424 «
1054 400 1153 428 Omnis
1168 403 1310 435 creatura,
1327 402 1397 437 quia
1422 402 1458 430 de
1482 402 1574 430 nihilo
1591 405 1643 436 est,
1661 402 1792 431 defluere

1024 446 1143 480 dicitur;
1159 449 1234 474 stare
1249 448 1347 474 autem
1367 447 1458 474 solius
1474 448 1616 475 Creatoris
1631 450 1682 482 est,
1696 450 1727 476 ut
1741 456 1794 484 per

1024 500 1113 527 quem
1128 493 1307 520 transeuntia
1328 500 1388 520 non
1403 495 1562 528 transeunt,
1584 504 1596 519 n
1619 496 1672 521 etc.
1697 496 1729 522 Et
1753 494 1794 522 sio

1023 545 1166 573 apparens
1180 541 1234 565 stat
1248 540 1278 565 in
1293 539 1391 572 medio,
1405 539 1435 566 in
1451 547 1511 574 quo
1525 542 1647 575 apparet
1665 539 1792 574 justitiae,

1022 582 1175 616 aequitatis,
1200 583 1227 609 et
1250 582 1388 609 omnibus
1410 582 1540 610 liberalis
1563 583 1793 611 communicabi-

1023 626 1087 653 litas
1098 627 1114 643 ’ὅ
1127 636 1133 654 :
1144 638 1156 652 u
1168 629 1229 655 Rex
1245 628 1331 655 lsrael
1346 628 1376 655 in
1390 628 1488 655 medio
1499 628 1552 662 tui,
1566 636 1627 656 non
1641 628 1766 657 timebis.
1776 640 1789 655 ι»

1023 674 1054 699 Et
1069 673 1089 689 ¹³·
1106 681 1135 699 :«
1150 674 1208 707 Ego
1224 673 1366 701 habitabo
1382 674 1419 708 (d)
1439 674 1469 700 in
1483 674 1583 702 medio
1596 674 1648 701 tui.
1666 683 1680 700 ι)
1695 674 1738 702 Ab
1757 683 1792 703 eo

1022 718 1101 745 enim
1115 718 1166 753 qni
1182 721 1223 745 est
1237 719 1267 745 in
1290 718 1390 747 medio
1406 719 1444 746 ad
1464 727 1566 747 omues
1589 719 1794 748 circumferen-

1023 763 1075 790 tias
1087 766 1129 791 est
1142 764 1263 799 aequalis
1275 765 1524 800 appropinquatio
1539 765 1651 801 absque
1667 765 1793 794 declina-

1022 809 1111 843 tione,
1122 811 1200 837 reeta
1220 810 1346 844 situatio,
1368 813 1395 838 et
1410 810 1549 838 omnibus
1567 811 1697 839 liberalis
1711 819 1792 840 com-

1021 857 1182 884 municatio
1192 865 1198 883 ε
1209 865 1274 892 quae
1287 856 1477 884 consimiliter
1484 860 1550 884 sunt
1560 865 1577 884 a
1585 857 1656 885 Filio
1671 858 1719 886 Dei
1728 866 1792 886 om-

1021 902 1118 936 nibus,
1135 905 1276 938 quantum
1299 905 1340 930 est
1355 910 1370 930 a
1386 904 1467 938 parte
1485 903 1529 930 sui
1546 912 1552 931 z
1572 913 1586 929 (ι
1600 905 1662 931 Non
1680 903 1759 931 enim
1772 904 1794 920 ²⁰

1021 950 1062 975 est
1076 956 1270 984 personarum
1286 952 1421 984 acceptor
1435 951 1518 977 Deus.
1538 959 1551 975 ι)
1568 949 1636 977 ldeo
1651 952 1726 978 recte
1749 949 1792 977 di-

1021 994 1094 1021 citur
1106 997 1181 1021 stare
1194 995 1223 1021 in
1239 994 1338 1022 medio
1353 998 1372 1014 ²¹
1387 1003 1419 1022 τε(
1434 997 1464 1022 ln
1476 995 1576 1022 medio
1591 995 1713 1023 fratrum
1726 1003 1790 1023 rec-

1021 1042 1065 1066 tor
1079 1048 1183 1067 eorum
1198 1041 1226 1067 in
1242 1041 1364 1068 honore.
1384 1051 1397 1066 u
1416 1042 1448 1068 Et
1461 1041 1498 1068 de
1515 1041 1582 1075 hoc,
1598 1041 1706 1069 scilicet
1720 1049 1792 1077 qua·

1020 1085 1083 1113 liter
1098 1086 1184 1113 Filius
1200 1086 1246 1113 Dei
1269 1086 1299 1113 in
1314 1086 1424 1120 medio,
1438 1094 1528 1122 supra
1547 1087 1684 1122 proximo
1697 1088 1730 1114 ¹².
1745 1087 1791 1116 Sic

1019 1134 1096 1159 stans
1110 1132 1139 1158 in
1154 1132 1264 1166 medio,
1280 1132 1353 1159 dixit
1369 1141 1375 1159 :
1393 1134 1452 1159 Paa:
1465 1134 1548 1166 vobis,
1567 1133 1725 1161 ostendens
1738 1140 1791 1169 per

1019 1177 1117 1213 ipsum
1139 1178 1245 1205 saetam
1260 1186 1322 1205 esse
1347 1186 1450 1213 pacem
1465 1178 1628 1206 coelestium
1647 1181 1675 1206 et
1689 1181 1791 1206 terres—

1020 1224 1116 1250 trium.
1132 1224 1155 1240 '²³
1174 1233 1187 1249 ι(
1201 1223 1264 1259 lpse
1289 1226 1331 1251 est
1351 1232 1409 1259 pax
1435 1226 1545 1251 nostra.
1566 1234 1578 1250 n
1596 1223 1615 1241 ²⁴
1640 1235 1654 1250 α
1667 1226 1731 1252 Non
1749 1227 1792 1252 est

1020 1271 1092 1296 Deus
1115 1269 1320 1304 dissensionis,
1340 1269 1391 1296 sed
1412 1270 1502 1305 pacis.
1518 1280 1531 1295 »
1549 1271 1582 1297 Et
1595 1270 1682 1298 Isaias
1698 1272 1728 1305 (e)
1745 1271 1765 1286 ²¹⁵
1782 1280 1788 1296 ε

1021 1325 1034 1340 κ
1052 1314 1207 1349 Disciplina
1229 1315 1307 1342 enim
1322 1315 1403 1350 pacis
1419 1318 1525 1343 nostrae
1542 1323 1629 1351 super
1643 1323 1742 1343 eum.»
1758 1317 1790 1343 Et

1019 1360 1055 1387 de
1071 1361 1225 1396 multiplici
1240 1369 1323 1396 pace,
1338 1369 1427 1397 supra
1445 1362 1475 1388 ²⁰.
1492 1363 1522 1389 Et
1535 1369 1597 1389 non
1611 1361 1708 1389 solum
1719 1369 1790 1398 prm—

1019 1407 1162 1434 nuntiavit
1178 1407 1270 1434 verbo
1287 1417 1293 1433 ;
1311 1409 1368 1434 Pam
1382 1407 1465 1441 vobis,
1480 1408 1636 1435 ostendens
1650 1415 1680 1435 se
1694 1415 1790 1435 resur-

1018 1454 1134 1485 rexisse,
1151 1454 1203 1481 sed
1218 1455 1334 1482 ostendit
1354 1456 1392 1481 eis
1410 1462 1505 1482 manus
1526 1457 1551 1481 et
1572 1455 1654 1488 latus,
1670 1454 1789 1489 signans

1018 1499 1047 1526 in
1067 1499 1135 1533 illis,
1153 1500 1203 1535 qui
1227 1502 1382 1534 resurgunt
1400 1499 1543 1535 spirituali
1567 1502 1789 1533 resurrectione,

1017 1545 1100 1580 quod
1115 1545 1175 1572 haec
1191 1547 1257 1572 sunt
1273 1553 1341 1573 vera
1362 1545 1455 1580 signa,
1471 1545 1580 1573 scilicet
1593 1545 1708 1573 novitas
1722 1545 1787 1573 vitae

1017 1594 1044 1618 et
1066 1592 1310 1625 conversationis,
1332 1600 1397 1626 quae
1419 1592 1562 1626 figuratur
1584 1591 1615 1619 in
1639 1592 1739 1626 latere,
1761 1594 1789 1620 et

1017 1636 1235 1671 perfectibilitas
1253 1637 1441 1671 operationis,
1467 1645 1533 1672 quae
1553 1637 1584 1663 in
1599 1637 1736 1664 manibus
1754 1637 1788 1664 fi-

1016 1685 1145 1717 guratur.
1163 1683 1181 1699 ²⁷
1197 1692 1211 1707 «
1226 1682 1353 1710 Christus
1366 1683 1524 1710 resurrexit
1538 1690 1556 1710 a
1570 1681 1692 1710 mortuis
1708 1692 1714 1710 :
1731 1693 1745 1708 »
1760 1685 1788 1711 et

1016 1728 1146 1763 sequitur
1169 1737 1175 1755 z
1195 1737 1208 1754 ι(
1232 1729 1263 1755 Et
1286 1735 1341 1755 nos
1361 1728 1391 1755 in
1415 1729 1542 1756 novitate
1566 1728 1632 1755 vitae
1652 1728 1787 1757 ambule-

1016 1783 1091 1802 mus.
1107 1785 1120 1801 ))

1051 1823 1084 1848 Et
1096 1820 1227 1856 sequitur
1242 1819 1455 1855 discipulorum
1475 1821 1703 1855 congratulatio,
1718 1821 1761 1848 ibi
1777 1830 1784 1848 ε

1018 1867 1111 1894 Gavisi
1124 1869 1187 1894 sunt
1199 1867 1340 1902 discipuli,
1350 1867 1407 1892 viso
1418 1867 1542 1893 Domino.
1554 1867 1633 1894 lstud
1643 1867 1786 1902 gaudium

1015 1913 1189 1948 promiserat
1201 1912 1252 1946 eis,
1270 1920 1360 1947 supra
1374 1912 1394 1927 ²⁸
1411 1921 1417 1938 :
1438 1921 1451 1937 «
1466 1912 1578 1940 Videbo
1593 1920 1656 1947 vos,
1673 1914 1701 1939 et
1713 1920 1786 1946 gau-

1016 1958 1097 1985 debit
1111 1966 1162 1985 cor
1176 1961 1314 1985 vestrum.
1327 1967 1340 1983 ι)
1355 1958 1446 1993 Opere
1457 1957 1536 1985 enim
1546 1958 1689 1993 implevit,
1703 1958 1785 1994 quod

1015 2003 1156 2039 promisit.
1173 2006 1205 2031 Et
1222 2013 1235 2028 «
1249 2003 1387 2030 universa
1401 2003 1462 2030 haec
1480 2003 1662 2031 inducebant
1681 2011 1732 2032 eos
1746 2004 1786 2032 ad

1014 2049 1115 2084 fidem,
1129 2060 1141 2074 ι)
1152 2050 1191 2077 ait
1201 2049 1424 2084 Chrysostomus
1440 2050 1471 2076 ²⁹.
1488 2051 1520 2076 Et
1534 2050 1637 2077 merito
1652 2052 1720 2078 sunt
1733 2057 1784 2085 ga-

1015 2095 1084 2129 visi,
1104 2096 1175 2131 quia
1198 2106 1212 2121 «
1233 2096 1354 2130 plenum
1378 2094 1538 2129 gaudium,
1562 2095 1614 2123 ubi
1633 2103 1694 2123 non
1718 2103 1785 2132 spes

1013 2141 1119 2175 lactat,
1138 2141 1190 2168 sed
1211 2141 1263 2168 ubi
1282 2148 1328 2168 res
1342 2141 1447 2174 nutrit,
1463 2150 1476 2166 n
1500 2141 1539 2168 ait
1553 2141 1729 2176 Augustinus
1745 2142 1782 2177 ³⁰,

1014 2187 1084 2223 quia
1099 2186 1234 2222 discipuli
1249 2194 1363 2213 summe
1384 2186 1592 2214 desiderabant
1611 2187 1715 2214 Filium
1733 2188 1783 2215 Dei

1014 2233 1124 2267 videre,
1136 2235 1198 2260 tum
1209 2233 1322 2260 ratione
1337 2231 1442 2259 intensi
1459 2232 1578 2266 amoris,
1594 2235 1656 2260 tum
1669 2233 1783 2261 ratione

1013 2280 1124 2307 timoris
1139 2280 1169 2306 in
1184 2287 1243 2315 quo
1260 2281 1350 2306 erant.
1366 2279 1446 2313 ldeo,
1459 2280 1516 2306 viso
1537 2280 1659 2314 Domino,
1677 2280 1782 2309 merito

1012 2365 1042 2369 —
1064 2353 1080 2366 ¹⁹
1095 2352 1180 2381 Zaclz.,
1199 2359 1230 2381 x,
1248 2353 1284 2374 11.
1302 2364 1328 2368 —
1350 2350 1368 2365 ²⁰
1382 2351 1446 2378 Act„
1461 2357 1492 2380 x,
1512 2352 1550 2374 34.
1568 2364 1598 2368 —
1615 2351 1634 2368 ²1
1653 2352 1738 2382 Eccli„
1754 2359 1780 2383 x,

1011 2388 1050 2410 24.
1063 2400 1090 2404 —-
1103 2387 1122 2403 ²²
1134 2388 1206 2417 Sup.,
1221 2386 1326 2415 x1x‚18.
1340 2398 1366 2402 —-
1379 2385 1400 2401 ²³
1414 2385 1514 2416 Ephes„
1527 2392 1555 2416 ιι,
1570 2387 1607 2409 ¹4.
1619 2399 1645 2403 —
1659 2386 1678 2402 ²⁴
1690 2387 1699 2410 1
1712 2387 1779 2417 Con,

1011 2428 1065 2450 xiv,
1086 2424 1125 2446 33.
1147 2434 1174 2439 -·-
1194 2421 1214 2437 ²⁵
1234 2422 1293 2449 lm„
1314 2426 1374 2450 ιιιι,
1395 2421 1418 2444 5.
1441 2433 1471 2437 —
1492 2421 1512 2436 ’ὃ
1531 2422 1603 2451 Sup„
1623 2426 1676 2450 xiv,
1698 2422 1735 2444 20.
1751 2434 1778 2438 —-

1011 2458 1029 2471 ²⁷
1045 2458 1123 2487 Rom„
1142 2462 1175 2485 vr,
1192 2457 1213 2479 4.
1228 2468 1259 2473 —-
1273 2455 1294 2471 ²⁸
1305 2457 1378 2485 sup„
1391 2460 1445 2485 xvi,
1457 2456 1496 2478 22.
1507 2468 1537 2472 —
1547 2455 1568 2471 ²2
1581 2455 1720 2486 Chrysost„
1737 2456 1780 2480 ubi

1011 2498 1066 2522 sup.
1080 2505 1111 2509 —
1125 2492 1144 2508 ³⁰
1165 2492 1239 2521 Aug„
1260 2497 1337 2514 serm.
1355 2495 1379 2520 V,
1395 2496 1425 2513 ex
1441 2489 1579 2519 sirmond,
1595 2489 1626 2513 al.
1642 2495 1697 2520 xxt,
1713 2497 1740 2514 n.
1755 2493 1778 2516 ¹.

1042 2536 1076 2565 (a)
1101 2535 1161 2558 Caet.
1180 2534 1239 2558 edit.
1262 2534 1366 2558 assistit.
1380 2546 1411 2551 —
1431 2533 1463 2563 (b)
1481 2532 1524 2556 At.
1546 2533 1598 2556 ubi.
1617 2545 1647 2551 —
1670 2534 1696 2564 (c)
1717 2534 1778 2559 Coet.

1010 2569 1071 2593 edit.
1086 2570 1185 2593 cubilia.
1204 2583 1230 2586 -
1248 2569 1280 2599 (d)
1297 2570 1359 2594 Item
1372 2568 1528 2592 habitabam.
1542 2581 1573 2585 —
1587 2568 1620 2598 (e)
1637 2569 1697 2593 Item
1713 2571 1778 2601 Apo·
1805 2578 1808 2581 ·

1011 2605 1097 2629 stolus.
