1987 3032
165 215 204 243 46
709 209 920 243 EVANGELII
941 209 1082 240 SANCTI
1106 209 1219 240 LUCAE

164 278 306 317 figuram
320 278 434 309 dicitur
449 279 476 317 ¹,
493 279 534 318 (a)
556 278 589 308 in
613 278 733 317 nuptiis
754 286 838 317 aqua
861 285 935 306 con-

165 340 257 363 versa
279 334 326 363 est
346 332 379 362 in
398 333 522 363 vinum.
547 332 587 363 At
608 341 624 363 e
647 332 821 368 contrario,
848 330 936 360 dives

165 386 343 416 cruciatur:
360 388 370 403 ¹
390 397 404 413 «
416 385 470 416 Vae
485 386 576 416 vobis
591 385 752 422 divitibus,
768 384 821 423 qui
838 383 935 413 habc-

166 439 207 469 tis
228 438 474 469 consolationem
497 440 648 468 vestram.
666 448 680 465 »
702 437 738 467 Et
756 437 766 452 ³
783 447 790 466 t
818 448 833 464 α
847 436 938 466 Risus

166 491 274 522 dolore
288 491 480 528 miscebitur,
497 493 527 521 et
542 493 684 521 extrema
703 489 811 529 gaudii
834 489 938 519 luctus

168 546 301 584 occupat
313 544 363 582 (b).
376 543 471 574 »Haec
482 544 567 574 enim
578 543 740 574 delectatio
755 541 937 581 temporalis

167 599 229 635 est,
254 597 286 626 in
307 599 464 626 aeternum
489 596 609 626 deliciae
630 595 824 626 cruciantur.
851 594 937 625 Unde

168 649 361 688 Gregoriusb
378 660 385 679 z
407 660 421 677 α
434 648 691 678 Momentaneum
712 649 758 678 est
779 647 863 686 quod
884 647 937 677 de-

166 702 270 738 lectat,
282 701 335 731 sed
351 703 507 731 aeternum
522 703 567 732 est
580 701 664 741 quod
678 701 806 731 cruciat.
819 710 833 728 »
849 703 863 729 J
868 702 937 730 usto

167 754 267 793 igitur
290 753 344 784 Dei
365 754 485 793 judicio
513 756 559 784 est
582 752 873 792 correspondentia,
900 753 936 782 ut

168 806 210 837 sic
225 806 263 836 sit
276 806 429 836 transitus
443 816 462 837 a
474 807 632 837 contrario
648 807 681 837 in
695 806 903 842 contrarium,
919 814 938 835 a

168 859 368 890 tribulatione
386 860 501 890 scilicet
521 860 560 890 ad
581 859 848 896 consolationem,
871 860 902 888 et
921 867 940 888 a

168 912 380 943 consolatione
402 912 441 942 ad
467 915 621 943 aeternam
645 912 847 942 asfflctionem
869 922 876 941 z
901 911 940 941 ad

168 965 299 995 modum
314 965 479 1004 cujusdam
494 965 614 1002 crucis,
631 965 664 994 in
685 965 778 1003 quus
797 964 941 1002 figuram

168 1018 282 1048 dicitur
292 1018 302 1034 ⁵
315 1017 354 1048 de
369 1017 463 1048 Jacob
477 1018 562 1057 quod
581 1018 615 1047 in
629 1017 846 1047 benedictione
860 1016 941 1046 filio-

168 1079 242 1100 rum
263 1070 378 1110 Joseph
401 1079 515 1100 manus
535 1070 719 1101 cancellavit
742 1070 781 1100 ad
809 1070 941 1100 modum

169 1132 283 1153 crucls.

209 1175 329 1213 Tertio,
346 1177 501 1215 quantum
519 1176 558 1206 ad
580 1175 803 1206 rectitudinem
818 1170 949 1205 divin0-'

170 1237 244 1259 rum
256 1228 466 1267 Judiciorum,
483 1228 590 1258 subdit
611 1230 660 1267 (v.
675 1228 730 1264 ⁶26)
750 1239 756 1257 ι
776 1228 822 1259 Et
842 1231 876 1257 in
895 1227 942 1258 his

170 1281 333 1319 omnibus,
356 1282 438 1311 inter·
461 1290 518 1311 nos
543 1285 572 1311 et
596 1290 650 1311 vos
671 1281 765 1311 chaos
786 1290 942 1320 moqrmm

168 1334 336 1372 firmatum
352 1338 412 1364 est:
429 1334 461 1363 in
480 1343 543 1373 quo
563 1334 744 1364 insinuatur
764 1333 941 1372 impossibi-

171 1386 242 1416 litas
257 1387 530 1426 appropinquandi
547 1387 629 1416 inter
645 1386 796 1425 reprobos
818 1388 848 1416 et
866 1385 944 1416 elec-

171 1441 231 1469 tos.
249 1439 454 1470 Ecclesz‘astes
468 1439 478 1455 ⁶
494 1450 500 1468 :
524 1451 537 1468 α
551 1439 585 1469 Si
600 1439 744 1469 ceciderit
763 1439 889 1477 lignum
905 1438 944 1468 ad

134 1492 136 1494 ’
173 1494 317 1522 austrum
336 1494 391 1522 aut
412 1492 451 1522 ad
475 1492 673 1531 aquilonem,
694 1492 726 1521 in
743 1500 944 1530 quocumque

174 1544 242 1575 loco
257 1545 418 1582 ceciderit,
439 1545 482 1574 ibi
502 1545 571 1575 erit.
584 1556 597 1572 n
623 1544 711 1574 Hanc
733 1544 945 1582 intransgres-

175 1598 356 1628 sibilitatem
379 1599 472 1628 vocat
496 1597 606 1635 chaos,
631 1598 709 1636 quia
730 1606 787 1627 nec
815 1598 946 1636 possunt

174 1650 250 1681 boni
271 1651 304 1681 in
326 1651 471 1681 tenebras
493 1650 698 1688 descendere,
726 1659 783 1680 nec
809 1650 884 1680 mali
912 1650 946 1679 in

174 1703 279 1734 lucem
305 1703 473 1734 bonorum.
501 1703 631 1742 Propter
656 1703 741 1742 quod
766 1703 880 1733 dicitur
901 1703 912 1718 ⁷
937 1713 943 1731 :

181 1767 195 1784 α
208 1755 377 1786 Ambulate
390 1756 467 1787 dum
481 1756 585 1786 lucem
604 1756 744 1793 habetis,
762 1758 797 1786 ut
811 1764 876 1785 non
891 1763 947 1785 vos

177 1809 314 1839 tenebrae
337 1809 618 1848 comprehendant.
637 1819 652 1837 i>
671 1808 714 1838 De
732 1808 792 1838 hac
814 1808 949 1837 intrans-

177 1861 399 1901 gressibilitate
423 1862 456 1891 in
479 1861 587 1892 Glossa
608 1861 681 1891 dicit
705 1860 892 1891 Ambrosius
906 1860 916 1875 ⁸
938 1870 946 1890 ε

182 1926 196 1943 (ι
209 1914 293 1944 Inter
307 1923 479 1954 pauperem
495 1916 525 1944 et
539 1913 669 1945 divitem
684 1914 779 1944 chaos
794 1915 857 1950 est,
873 1913 949 1952 quia

177 1970 248 2007 post
262 1970 397 1998 mortem
416 1969 580 2006 nequeunt
600 1966 710 1997 merita
732 1966 865 2004 mutari,
881 1976 895 1993 »
914 1975 949 1995 ac

177 2029 234 2059 per
243 2020 303 2050 hoc
312 2029 369 2050 nec
384 2020 493 2050 haberi
509 2019 615 2059 aliqua
632 2020 805 2050 consolatio
823 2021 947 2049 mutua.

178 2073 216 2103 Et
232 2073 302 2104 ideo
316 2072 441 2103 subdit:
462 2073 503 2102 Ut
515 2072 550 2102 Ιιὶ
562 2073 620 2112 qui
632 2073 744 2103 volunt
757 2072 829 2102 Ιιίηε
844 2075 948 2101 ἵναπε-

179 2128 226 2155 ire
239 2124 285 2155 acl
296 2134 365 2162 vos,
382 2134 446 2155 non
463 2125 605 2164 possint,
626 2125 806 2164 praestando
826 2124 950 2163 pietatis

179 2178 334 2209 auxilium
345 2201 353 2215 ,
369 2187 425 2208 nec
441 2178 513 2208 inde
533 2178 594 2208 huc
617 2182 831 2215 transmeare,
854 2177 949 2207 attin-

181 2231 284 2269 gendo
299 2231 338 2261 ad
357 2231 527 2270 praemium
542 2233 708 2261 aeternum.
726 2230 813 2261 Unde
827 2229 948 2268 Grego-

182 2283 248 2313 rius
263 2283 296 2312 ⁹:
327 2295 341 2311 (t
355 2283 518 2314 Justorum
539 2283 670 2321 animae,
693 2283 749 2313 etsi
774 2283 807 2312 in
827 2284 950 2312 naturae

182 2344 250 2365 suae
277 2336 416 2366 bonitate
442 2336 689 2366 misericordiam
715 2335 852 2372 habent,
882 2336 951 2374 Jam

183 2392 258 2418 tunc
273 2388 409 2418 auctoris
430 2389 477 2418 sui
496 2389 627 2427 justitiae
649 2389 844 2427 conjunctae,
865 2390 951 2418 tanta

183 2441 369 2472 rectitudine
383 2441 657 2479 constringuntur,
674 2443 708 2472 ut
729 2440 816 2471 nulla
840 2440 879 2470 ad
899 2449 949 2470 rc-

217 2521 226 2537 ¹
239 2521 321 2549 Joan„
334 2526 367 2549 11,
380 2522 404 2544 9.
418 2532 449 2537 -
461 2520 471 2536 ²
486 2520 559 2549 sup.‚
578 2525 612 2548 v1,
629 2521 665 2542 14.
680 2533 711 2537 —
725 2520 733 2533 ³
748 2521 829 2549 Pron„
844 2525 897 2549 xiv,
914 2520 950 2542 13.

183 2568 215 2573 --
227 2555 238 2571 ⁴
250 2556 335 2586 Greg„
351 2556 376 2578 in
390 2555 497 2584 Evany„
512 2554 582 2577 hom.
598 2560 640 2577 xx„
652 2567 683 2571 —
697 2555 707 2570 ⁵
721 2554 791 2583 Gen„
806 2560 896 2583 vaui,
914 2555 951 2577 14.

184 2603 215 2608 —-
229 2591 238 2604 ⁶
252 2591 344 2618 Eccle.‚
358 2596 399 2620 xx,
418 2591 441 2613 3.
456 2602 487 2607 —
505 2589 516 2606 7
533 2590 615 2618 loun„
630 2595 677 2619 xu,
699 2591 737 2613 35.
752 2602 783 2607 —-
800 2590 810 2605 ⁸
824 2589 952 2619 Ambros.‚

187 2627 212 2649 in
232 2626 300 2656 Luc„
322 2626 366 2650 lib.
389 2625 463 2655 vm,
488 2631 514 2648 11·
538 2625 575 2647 18.
600 2637 631 2641 —
651 2625 659 2638 ⁹
681 2625 767 2656 Greg.‚
796 2626 819 2647 ίιι
846 2625 952 2655 Ευα119.,

186 2661 256 2686 hom.
271 2666 313 2686 xL.
328 2674 360 2679 —
375 2661 394 2678 ¹⁰
411 2659 479 2685 Psal.
494 2665 590 2690 11111111,
605 2662 644 2684 11.
661 2673 692 2678 —
709 2661 727 2677 ¹¹
747 2660 838 2687 Eccle..
858 2666 894 2690 ix,
914 2661 952 2683 10.

993 276 1108 316 probos
1123 276 1338 315 compassione
1357 279 1583 307 moveantur.»
1604 275 1675 306 Mali
1690 275 1764 315 qui-

993 329 1065 358 dem
1080 338 1142 359 non
1158 331 1288 368 possunt
1305 329 1344 359 de
1363 329 1527 368 ergastulo
1548 331 1633 359 exire
1658 327 1766 358 tartari

995 381 1156 411 infernalis
1172 382 1193 400 ¹0
1215 392 1244 411 z«
1258 381 1449 421 Relinqucnt
1463 382 1496 420 [cl
1514 382 1624 412 alienis
1642 380 1766 411 divitias

994 443 1082 471 suas,
1100 436 1130 464 et
1145 434 1311 473 sepulchra
1325 444 1438 465 eorum
1453 434 1567 465 domus
1584 434 1712 464 illorum
1735 432 1767 462 in

995 489 1162 517 aeternum.
1174 498 1188 514 »
1212 487 1250 517 De
1267 487 1326 517 hoc
1339 496 1403 517 non
1417 488 1517 526 potest
1531 486 1621 523 exiri,
1639 484 1743 525 quia¹¹
1758 496 1765 515 :

999 551 1012 568 α
1026 539 1087 570 Nec
1109 549 1204 579 opus,
1229 548 1287 569 nec
1310 540 1408 576 ratio,
1433 548 1491 569 nec
1514 539 1684 578 sapientia,
1711 546 1768 568 nec

995 592 1124 622 scientia
1137 594 1230 622 erunt
1241 592 1325 630 apud
1337 592 1453 622 inferos
1463 594 1574 631 quotu
1584 600 1764 631 properas.»

995 643 1059 675 Nec
1073 644 1159 674 euim
1176 644 1214 674 de
1228 644 1352 674 inferno
1367 646 1499 684 possunt
1514 644 1642 683 egredi,
1660 652 1717 673 nec
1737 643 1769 673 in

995 697 1137 736 requiem
1153 697 1325 727 electorum
1340 697 1457 727 intrare
1473 697 1493 713 ¹²
1514 708 1520 726 ε
1534 708 1548 725 (1
1564 695 1633 727 Non
1646 695 1771 735 adjiciet

996 750 1081 779 ultra
1096 752 1129 780 ut
1145 751 1341 789 pertranseat
1354 758 1411 789 per
1425 751 1454 779 te
1478 749 1720 779 incircumcisus
1741 750 1772 778 et

997 802 1220 832 immundus.»
1240 801 1327 832 Unde
1343 802 1457 832 dicitur
1474 803 1496 821 ¹³
1520 812 1553 832 :a
1570 801 1660 832 Foris
1679 809 1771 831 canes

997 857 1027 885 et
1049 855 1198 892 venefici,
1226 857 1256 885 et
1281 855 1449 894 impudici,
1475 857 1506 885 et
1529 854 1715 892 homicidae,
1741 856 1772 884 et

997 907 1088 937 idolis
1104 907 1290 944 servientes,
1304 918 1318 935 »
1333 909 1392 937 etc.
1409 907 1490 938 Boni
1504 910 1611 938 autem
1624 916 1689 938 non
1702 915 1772 947 pos-

998 962 1073 991 sunt
1096 960 1231 990 transire
1255 960 1295 990 ad
1321 960 1420 990 malos
1445 960 1615 997 videndos,
1641 961 1773 999 possunt

998 1015 1103 1043 tamen
1115 1013 1152 1043 ad
1166 1013 1431 1052 contemplandos
1444 1012 1531 1044 Unde
1542 1013 1575 1042 in
1586 1011 1750 1052 Isaz'a(el)“
1763 1022 1770 1042 z

1004 1078 1018 1095 (1
1038 1066 1260 1105 Egredientur,
1285 1068 1315 1096 et
1334 1066 1486 1096 videbunt
1510 1066 1663 1096 cadavera
1686 1065 1772 1096 viro-

997 1128 1071 1150 rum
1082 1119 1136 1158 qui
1152 1119 1350 1158 praevaricati
1368 1119 1486 1149 suntin
1502 1128 1573 1148 me:
1587 1117 1704 1149 vermis
1717 1126 1770 1148 eo—

998 1181 1070 1202 rum
1086 1180 1151 1201 non
1167 1172 1339 1209 morietur,
1360 1174 1390 1201 et
1409 1172 1495 1210 ignis
1509 1180 1621 1201 eorum
1636 1179 1701 1200 11011
1715 1179 1773 1200 ex·-

1000 1225 1186 1263 tinguetur;
1208 1226 1238 1254 et
1259 1226 1354 1254 erunt
1367 1233 1468 1263 usque
1484 1224 1523 1254 ad
1537 1223 1712 1254 satietatem
1729 1223 1772 1254 vi-

1000 1277 1097 1307 sionis
1114 1277 1201 1307 omni
1218 1277 1316 1306 carni.
1332 1287 1347 1304 1>

1040 1331 1089 1359 27.
1104 1330 1149 1361 Et
1163 1331 1209 1360 ait
1223 1339 1230 1359 ε
1248 1330 1336 1369 Rosso
1354 1338 1430 1368 erqo
1444 1333 1489 1366 te,
1503 1333 1605 1368 paler,
1621 1330 1680 1359 etc.
1698 1328 1772 1359 Post

1001 1383 1245 1421 denegationem
1261 1382 1483 1412 misericordiae
1500 1384 1643 1421 respectu
1664 1390 1771 1421 perso-

1003 1444 1053 1465 nae
1083 1436 1218 1475 propriae
1229 1459 1236 1473 ,
1263 1435 1409 1465 subditur
1436 1435 1488 1464 hic
1514 1434 1682 1473 denegatio
1706 1443 1774 1464 res-

1004 1490 1095 1527 pectu
1111 1497 1254 1527 personae
1265 1489 1334 1527 conj
1342 1490 1456 1518 unctae.
1471 1487 1557 1517 Circa
1567 1496 1664 1527 quam
1679 1487 1774 1517 intro-

1002 1541 1163 1571 ducuntur
1177 1543 1329 1580 quatuor,
1345 1541 1461 1571 scilicet
1479 1540 1585 1579 petitio
1602 1539 1775 1570 misericor-

1001 1594 1072 1631 diae,
1085 1595 1251 1633 denegatio
1262 1594 1486 1624 misericordiae
1502 1593 1683 1632 postulatae,
1695 1592 1774 1623 ratio

1001 1647 1160 1686 petitionis
1184 1647 1371 1686 propositae,
1395 1648 1425 1676 et
1444 1646 1627 1685 approbatio
1646 1654 1775 1685 respon-

1002 1699 1098 1729 sionis
1109 1701 1177 1739 Jam
1193 1700 1290 1730 datae.

1043 1752 1150 1783 Primo
1162 1752 1274 1791 igitur,
1291 1754 1448 1792 quantum
1461 1752 1501 1782 ad
1515 1751 1699 1791 petitionem
1716 1752 1772 1781 mi-

1003 1805 1181 1835 sericordiae
1196 1808 1339 1844 respectu
1354 1814 1498 1844 personae
1513 1806 1708 1844 conjunctae,
1725 1805 1774 1835 di-

1003 1858 1044 1888 cit
1059 1868 1066 1888 t
1088 1858 1135 1889 Et
1148 1859 1195 1888 (ιὶῐ
1209 1868 1219 1889 .·
1236 1859 1323 1898 Roqo
1346 1868 1422 1898 erqo
1447 1863 1486 1896 te,
1497 1862 1604 1898 pater,
1620 1862 1656 1889 ut
1669 1859 1776 1888 mittas

1004 1920 1077 1940 eum
1093 1911 1126 1940 in
1139 1911 1269 1941 domum
1280 1912 1386 1951 patris
1402 1913 1475 1942 mei.
1492 1911 1567 1941 Haec
1578 1920 1654 1941 vero
1668 1911 1777 1950 petitio

1004 1965 1072 1993 erat
1085 1964 1230 1999 carnalis,
1245 1964 1320 2003 quia
1335 1964 1437 1994 solnm
1452 1964 1489 1994 ad
1502 1965 1614 1994 fratres
1624 1973 1657 1994 se
1668 1966 1777 1994 exten-

1004 2015 1064 2053 dit,
1084 2016 1168 2046 unde
1181 2016 1287 2046 subdit
1304 2027 1310 2047 :
1328 2017 1438 2048 Habeo
1454 2017 1538 2046 enim
1553 2017 1695 2057 quinque
1708 2017 1777 2056 fra-

1006 2072 1066 2098 tres
1084 2071 1106 2087 ¹⁵
1126 2080 1140 2097 «
1160 2069 1318 2099 Miseratio
1332 2069 1473 2099 hominis
1489 2069 1571 2099 circa
1592 2069 1776 2109 proximum

1005 2130 1118 2159 suum,
1140 2132 1154 2149 n
1173 2124 1232 2152 etc.
1260 2121 1331 2152 Ideo
1356 2122 1489 2152 carnalis
1511 2124 1596 2160 erat,
1621 2121 1696 2161 quia
1719 2130 1777 2161 pro

1005 2174 1154 2204 fratribus
1176 2174 1370 2212 carnalibus,
1397 2177 1427 2205 et
1451 2174 1627 2205 secundum
1649 2182 1776 2204 carnem

1005 2227 1197 2257 viventibus.
1211 2227 1248 2257 Et
1263 2227 1323 2257 hoc
1332 2227 1471 2257 insinuat
1484 2227 1577 2257 etiam
1590 2227 1656 2266 ipse
1668 2235 1778 2257 nume-

1005 2289 1062 2310 rus
1075 2281 1250 2319 quinarius,
1264 2281 1298 2309 in
1310 2289 1373 2319 quo
1386 2280 1576 2319 intelligitur
1589 2279 1675 2319 quod
1689 2279 1779 2319 quin-

1006 2342 1067 2372 que
1078 2334 1224 2363 sensibus
1236 2333 1374 2372 corporis
1384 2335 1476 2363 erant
1484 2333 1591 2370 dediti,
1603 2332 1778 2363 secundum

1006 2386 1083 2415 illud
1098 2387 1180 2425 quod
1194 2386 1308 2416 dicitur
1323 2385 1531 2416 Samaritanae
1546 2386 1567 2404 ¹⁶
1587 2396 1593 2415 ι
1606 2397 1620 2414 α
1633 2385 1778 2424 Quinque

1006 2438 1092 2469 viros
1110 2438 1266 2476 habuisti,
1283 2441 1313 2469 et
1328 2438 1415 2469 hunc
1431 2447 1527 2478 quem
1546 2438 1660 2476 habes,
1679 2448 1694 2466 »
1717 2440 1774 2468 etc.

1007 2548 1036 2552 -
1057 2535 1076 2550 ¹²
1095 2535 1155 2564 Im„
1177 2541 1226 2564 Lu,
1249 2537 1269 2558 1.
1289 2547 1318 2552 ——
1337 2535 1354 2550 '³
1374 2536 1459 2565 ΛΡΜ,
1477 2540 1547 2563 xxii,
1569 2535 1606 2557 15.
1626 2546 1656 2551 -
1676 2534 1695 2550 ¹⁸
1718 2533 1776 2563 Isa.,

1008 2575 1077 2599 val,
1092 2572 1130 2593 24.
1146 2583 1176 2587 —
1195 2571 1212 2586 ¹⁵
1227 2569 1315 2598 Eccli„
1330 2576 1403 2600 xviii,
1424 2572 1461 2594 12.
1475 2583 1506 2588 —
1522 2570 1539 2585 ¹⁸
1553 2569 1635 2598 loon„
1650 2574 1685 2598 iv,
1702 2569 1738 2592 18.

1041 2623 1074 2653 (a)
1096 2622 1184 2653 Suppl.
1209 2623 1285 2653 quod.
1308 2635 1339 2640 —
1363 2623 1396 2653 (b)
1424 2622 1483 2646 Caet.
1507 2621 1566 2645 edit.
1590 2621 1732 2652 occupabit.
1749 2635 1775 2640 -

1010 2658 1039 2688 (c)
1057 2659 1116 2681 coet.
1131 2657 1190 2683 edit.
1206 2658 1400 2688 Relinquant.-
1415 2656 1451 2688 (d)
1463 2658 1523 2682 uem
1536 2656 1607 2680 Unde
1621 2657 1707 2681 lsaias.
