<?xml version="1.0" encoding="UTF-8"?>
<!DOCTYPE html PUBLIC "-//W3C//DTD XHTML 1.0 Transitional//EN"
    "http://www.w3.org/TR/xhtml1/DTD/xhtml1-transitional.dtd">
<html xmlns="http://www.w3.org/1999/xhtml" xml:lang="en" lang="en">
 <head>
  <title>
</title>
<meta http-equiv="Content-Type" content="text/html;charset=utf-8" />
  <meta name='ocr-system' content='tesseract 3.04.00' />
  <meta name='ocr-capabilities' content='ocr_page ocr_carea ocr_par ocr_line ocrx_word'/>
</head>
<body>
  <div class='ocr_page' id='page_1' title='image "./operaomniasixtiv11bonauoft/operaomniasixtiv11bonauoft_0391.png"; bbox 0 0 1987 3032; ppageno 0'>
   <div class='ocr_carea' id='block_1_1' title="bbox 14 1464 113 1514">
    <p class='ocr_par' dir='ltr' id='par_1_1' title="bbox 14 1464 113 1514">
     <span class='ocr_line' id='line_1_1' title="bbox 14 1464 113 1485; baseline -0.02 0"><span class='ocrx_word' id='word_1_1' title='bbox 14 1464 113 1485; x_wconf 77' lang='lat' dir='ltr'>Justitiae</span> 
     </span>
     <span class='ocr_line' id='line_1_2' title="bbox 41 1500 90 1514; baseline 0.02 -1"><span class='ocrx_word' id='word_1_2' title='bbox 41 1500 90 1514; x_wconf 76' lang='lat' dir='ltr'>VOX·</span> 
     </span>
    </p>
   </div>
   <div class='ocr_carea' id='block_1_2' title="bbox 695 234 1174 267">
    <p class='ocr_par' dir='ltr' id='par_1_2' title="bbox 695 234 1174 267">
     <span class='ocr_line' id='line_1_3' title="bbox 695 234 1174 267; baseline -0.006 1"><span class='ocrx_word' id='word_1_3' title='bbox 695 235 899 267; x_wconf 82' lang='lat' dir='ltr'><strong>EXPOSITIO</strong></span> <span class='ocrx_word' id='word_1_4' title='bbox 923 234 962 266; x_wconf 91' lang='lat' dir='ltr'>IN</span> <span class='ocrx_word' id='word_1_5' title='bbox 985 236 1071 266; x_wconf 87' lang='lat' dir='ltr'>CAP.</span> <span class='ocrx_word' id='word_1_6' title='bbox 1094 235 1174 266; x_wconf 85' lang='lat' dir='ltr'><strong>VIII.</strong></span> 
     </span>
    </p>
   </div>
   <div class='ocr_carea' id='block_1_3' title="bbox 130 304 904 2558">
    <p class='ocr_par' dir='ltr' id='par_1_3' title="bbox 130 304 904 2558">
     <span class='ocr_line' id='line_1_4' title="bbox 171 304 904 342; baseline -0.007 -8"><span class='ocrx_word' id='word_1_7' title='bbox 171 309 196 334; x_wconf 84' lang='lat'>7.</span> <span class='ocrx_word' id='word_1_8' title='bbox 208 307 323 341; x_wconf 83' lang='lat' dir='ltr'>Cumque</span> <span class='ocrx_word' id='word_1_9' title='bbox 327 307 526 342; x_wconf 74' lang='lat' dir='ltr'>perseverarent</span> <span class='ocrx_word' id='word_1_10' title='bbox 532 306 727 339; x_wconf 63' lang='lat' dir='ltr'><em>interrogantes</em></span> <span class='ocrx_word' id='word_1_11' title='bbox 738 312 807 338; x_wconf 84' lang='lat' dir='ltr'>eum,</span> <span class='ocrx_word' id='word_1_12' title='bbox 819 304 904 330; x_wconf 71' lang='lat' dir='ltr'>erescit</span> 
     </span>
     <span class='ocr_line' id='line_1_5' title="bbox 135 350 901 387; baseline -0.005 -7"><span class='ocrx_word' id='word_1_13' title='bbox 135 361 172 387; x_wconf 88' lang='lat' dir='ltr'>se,</span> <span class='ocrx_word' id='word_1_14' title='bbox 199 353 237 380; x_wconf 86' lang='lat' dir='ltr'>ad</span> <span class='ocrx_word' id='word_1_15' title='bbox 262 352 438 387; x_wconf 82' lang='lat' dir='ltr'>signandam</span> <span class='ocrx_word' id='word_1_16' title='bbox 466 351 667 379; x_wconf 85' lang='lat' dir='ltr'>auctoritatem</span> <span class='ocrx_word' id='word_1_17' title='bbox 689 353 715 378; x_wconf 91' lang='lat' dir='ltr'>et</span> <span class='ocrx_word' id='word_1_18' title='bbox 730 350 901 386; x_wconf 86' lang='lat' dir='ltr'>potentiam.</span> 
     </span>
     <span class='ocr_line' id='line_1_6' title="bbox 134 397 904 432; baseline -0.005 -7"><span class='ocrx_word' id='word_1_19' title='bbox 134 400 168 425; x_wconf 83' lang='lat' dir='ltr'>Et</span> <span class='ocrx_word' id='word_1_20' title='bbox 181 399 253 426; x_wconf 73' lang='lat' dir='ltr'>discit</span> <span class='ocrx_word' id='word_1_21' title='bbox 277 401 314 425; x_wconf 82' lang='lat' dir='ltr'>eis</span> <span class='ocrx_word' id='word_1_22' title='bbox 331 407 340 424; x_wconf 94' lang='lat'><em>:</em></span> <span class='ocrx_word' id='word_1_23' title='bbox 356 399 410 430; x_wconf 77' lang='lat' dir='ltr'>Qui</span> <span class='ocrx_word' id='word_1_24' title='bbox 431 399 488 425; x_wconf 78' lang='lat' dir='ltr'>sine</span> <span class='ocrx_word' id='word_1_25' title='bbox 502 400 608 432; x_wconf 75' lang='lat' dir='ltr'>peccato</span> <span class='ocrx_word' id='word_1_26' title='bbox 630 400 669 424; x_wconf 82' lang='lat' dir='ltr'>est</span> <span class='ocrx_word' id='word_1_27' title='bbox 686 400 818 428; x_wconf 80' lang='lat' dir='ltr'>vestrum,</span> <span class='ocrx_word' id='word_1_28' title='bbox 833 397 904 429; x_wconf 80' lang='lat' dir='ltr'>lapi-</span> 
     </span>
     <span class='ocr_line' id='line_1_7' title="bbox 133 442 902 479; baseline -0.007 -7"><span class='ocrx_word' id='word_1_29' title='bbox 133 446 192 473; x_wconf 82' lang='lat' dir='ltr'>dem</span> <span class='ocrx_word' id='word_1_30' title='bbox 207 446 309 478; x_wconf 82' lang='lat' dir='ltr'>mittat,</span> <span class='ocrx_word' id='word_1_31' title='bbox 322 446 374 471; x_wconf 90' lang='lat' dir='ltr'>etc.</span> <span class='ocrx_word' id='word_1_32' title='bbox 390 445 422 471; x_wconf 90' lang='lat' dir='ltr'>Ut</span> <span class='ocrx_word' id='word_1_33' title='bbox 437 444 476 471; x_wconf 82' lang='lat' dir='ltr'>ait</span> <span class='ocrx_word' id='word_1_34' title='bbox 489 444 665 479; x_wconf 72' lang='lat' dir='ltr'><strong>Augustinus</strong></span> <span class='ocrx_word' id='word_1_35' title='bbox 680 443 686 458; x_wconf 93' lang='lat'><strong>¹</strong></span> <span class='ocrx_word' id='word_1_36' title='bbox 704 452 710 469; x_wconf 90' lang='lat'>:</span> <span class='ocrx_word' id='word_1_37' title='bbox 731 452 744 468; x_wconf 87' lang='lat'>«</span> <span class='ocrx_word' id='word_1_38' title='bbox 759 442 833 475; x_wconf 85' lang='lat' dir='ltr'><strong>Quid</strong></span> <span class='ocrx_word' id='word_1_39' title='bbox 849 449 902 476; x_wconf 89' lang='lat' dir='ltr'>po-</span> 
     </span>
     <span class='ocr_line' id='line_1_8' title="bbox 134 488 902 525; baseline -0.004 -8"><span class='ocrx_word' id='word_1_40' title='bbox 134 491 187 518; x_wconf 89' lang='lat' dir='ltr'>tuit</span> <span class='ocrx_word' id='word_1_41' title='bbox 212 491 306 517; x_wconf 86' lang='lat' dir='ltr'>facere</span> <span class='ocrx_word' id='word_1_42' title='bbox 330 490 504 525; x_wconf 87' lang='lat' dir='ltr'>perversitas</span> <span class='ocrx_word' id='word_1_43' title='bbox 528 489 712 523; x_wconf 79' lang='lat' dir='ltr'><strong>rectitudini,</strong></span> <span class='ocrx_word' id='word_1_44' title='bbox 729 488 837 515; x_wconf 82' lang='lat' dir='ltr'>salsitas</span> <span class='ocrx_word' id='word_1_45' title='bbox 852 496 902 514; x_wconf 90' lang='lat' dir='ltr'>ve-</span> 
     </span>
     <span class='ocr_line' id='line_1_9' title="bbox 133 535 903 572; baseline -0.003 -9"><span class='ocrx_word' id='word_1_46' title='bbox 133 536 219 571; x_wconf 83' lang='lat' dir='ltr'>ritati,</span> <span class='ocrx_word' id='word_1_47' title='bbox 235 536 353 563; x_wconf 85' lang='lat' dir='ltr'>stultitia</span> <span class='ocrx_word' id='word_1_48' title='bbox 376 536 548 572; x_wconf 62' lang='lat' dir='ltr'>sapientiae?</span> <span class='ocrx_word' id='word_1_49' title='bbox 573 536 697 569; x_wconf 77' lang='lat' dir='ltr'>Quando</span> <span class='ocrx_word' id='word_1_50' title='bbox 723 535 763 562; x_wconf 88' lang='lat' dir='ltr'>illi</span> <span class='ocrx_word' id='word_1_51' title='bbox 779 535 903 570; x_wconf 87' lang='lat' dir='ltr'>laqueos</span> 
     </span>
     <span class='ocr_line' id='line_1_10' title="bbox 132 581 902 619; baseline -0.003 -10"><span class='ocrx_word' id='word_1_52' title='bbox 132 584 312 619; x_wconf 66' lang='lat' dir='ltr'>praeparent,</span> <span class='ocrx_word' id='word_1_53' title='bbox 325 582 355 609; x_wconf 90' lang='lat' dir='ltr'>in</span> <span class='ocrx_word' id='word_1_54' title='bbox 366 591 441 618; x_wconf 84' lang='lat' dir='ltr'>quos</span> <span class='ocrx_word' id='word_1_55' title='bbox 461 591 522 610; x_wconf 90' lang='lat' dir='ltr'>non</span> <span class='ocrx_word' id='word_1_56' title='bbox 537 584 618 618; x_wconf 83' lang='lat' dir='ltr'>prius</span> <span class='ocrx_word' id='word_1_57' title='bbox 632 582 685 617; x_wconf 90' lang='lat' dir='ltr'>ipsi</span> <span class='ocrx_word' id='word_1_58' title='bbox 704 582 738 616; x_wconf 78' lang='grc' dir='ltr'>(ιι)</span> <span class='ocrx_word' id='word_1_59' title='bbox 755 583 842 616; x_wconf 88' lang='lat' dir='ltr'>caput</span> <span class='ocrx_word' id='word_1_60' title='bbox 857 581 902 607; x_wconf 90' lang='lat' dir='ltr'>in-</span> 
     </span>
     <span class='ocr_line' id='line_1_11' title="bbox 130 627 901 664; baseline -0.001 -9"><span class='ocrx_word' id='word_1_61' title='bbox 130 628 271 663; x_wconf 74' lang='lat' dir='ltr'>jicerent?</span> <span class='ocrx_word' id='word_1_62' title='bbox 286 639 298 654; x_wconf 68' lang='grc'>11</span> <span class='ocrx_word' id='word_1_63' title='bbox 318 630 380 656; x_wconf 80' lang='lat' dir='ltr'>Haec</span> <span class='ocrx_word' id='word_1_64' title='bbox 391 629 449 655; x_wconf 91' lang='lat' dir='ltr'>ille.</span> <span class='ocrx_word' id='word_1_65' title='bbox 465 629 521 656; x_wconf 87' lang='lat' dir='ltr'>Sed</span> <span class='ocrx_word' id='word_1_66' title='bbox 537 628 674 664; x_wconf 70' lang='lat' dir='ltr'>quaeritur</span> <span class='ocrx_word' id='word_1_67' title='bbox 689 628 726 654; x_wconf 91' lang='lat' dir='ltr'>de</span> <span class='ocrx_word' id='word_1_68' title='bbox 742 629 825 662; x_wconf 82' lang='lat' dir='ltr'>gestu</span> <span class='ocrx_word' id='word_1_69' title='bbox 841 627 901 654; x_wconf 85' lang='lat' dir='ltr'>Sal-</span> 
     </span>
     <span class='ocr_line' id='line_1_12' title="bbox 131 673 903 710; baseline -0.003 -8"><span class='ocrx_word' id='word_1_70' title='bbox 131 674 240 702; x_wconf 87' lang='lat' dir='ltr'>vatoris</span> <span class='ocrx_word' id='word_1_71' title='bbox 254 675 284 702; x_wconf 89' lang='lat' dir='ltr'>in</span> <span class='ocrx_word' id='word_1_72' title='bbox 308 674 534 710; x_wconf 87' lang='lat' dir='ltr'>respondendo,</span> <span class='ocrx_word' id='word_1_73' title='bbox 559 674 684 708; x_wconf 85' lang='lat' dir='ltr'>scilieet,</span> <span class='ocrx_word' id='word_1_74' title='bbox 708 681 798 709; x_wconf 86' lang='lat' dir='ltr'>quare</span> <span class='ocrx_word' id='word_1_75' title='bbox 814 681 843 700; x_wconf 85' lang='lat' dir='ltr'>se</span> <span class='ocrx_word' id='word_1_76' title='bbox 859 673 903 700; x_wconf 90' lang='lat' dir='ltr'>in-</span> 
     </span>
     <span class='ocr_line' id='line_1_13' title="bbox 133 720 900 756; baseline -0.003 -8"><span class='ocrx_word' id='word_1_77' title='bbox 133 721 261 755; x_wconf 89' lang='lat' dir='ltr'>clinavit,</span> <span class='ocrx_word' id='word_1_78' title='bbox 277 723 305 748; x_wconf 89' lang='lat' dir='ltr'>et</span> <span class='ocrx_word' id='word_1_79' title='bbox 320 729 411 756; x_wconf 87' lang='lat' dir='ltr'>quare</span> <span class='ocrx_word' id='word_1_80' title='bbox 432 720 579 748; x_wconf 84' lang='lat' dir='ltr'>scribebat</span> <span class='ocrx_word' id='word_1_81' title='bbox 595 720 685 754; x_wconf 86' lang='lat' dir='ltr'>digito</span> <span class='ocrx_word' id='word_1_82' title='bbox 698 740 706 753; x_wconf 84' lang='lat'>,</span> <span class='ocrx_word' id='word_1_83' title='bbox 722 722 749 747; x_wconf 89' lang='lat' dir='ltr'>et</span> <span class='ocrx_word' id='word_1_84' title='bbox 764 727 855 755; x_wconf 84' lang='lat' dir='ltr'>quare</span> <span class='ocrx_word' id='word_1_85' title='bbox 870 720 900 746; x_wconf 93' lang='grc'>111</span> 
     </span>
     <span class='ocr_line' id='line_1_14' title="bbox 132 766 903 802; baseline -0.003 -8"><span class='ocrx_word' id='word_1_86' title='bbox 132 769 230 795; x_wconf 89' lang='lat' dir='ltr'>terra:</span> <span class='ocrx_word' id='word_1_87' title='bbox 247 775 314 794; x_wconf 88' lang='lat' dir='ltr'>cum</span> <span class='ocrx_word' id='word_1_88' title='bbox 331 767 423 802; x_wconf 75' lang='lat' dir='ltr'>Judex</span> <span class='ocrx_word' id='word_1_89' title='bbox 452 766 539 794; x_wconf 89' lang='lat' dir='ltr'>debet</span> <span class='ocrx_word' id='word_1_90' title='bbox 563 774 624 793; x_wconf 89' lang='grc'><strong>6556</strong></span> <span class='ocrx_word' id='word_1_91' title='bbox 648 768 796 799; x_wconf 84' lang='lat' dir='ltr'>maturus,</span> <span class='ocrx_word' id='word_1_92' title='bbox 820 767 847 792; x_wconf 89' lang='lat' dir='ltr'>et</span> <span class='ocrx_word' id='word_1_93' title='bbox 862 766 903 792; x_wconf 88' lang='lat' dir='ltr'>di-</span> 
     </span>
     <span class='ocr_line' id='line_1_15' title="bbox 131 812 903 848; baseline -0.003 -7"><span class='ocrx_word' id='word_1_94' title='bbox 131 814 248 848; x_wconf 86' lang='lat' dir='ltr'>rigens,</span> <span class='ocrx_word' id='word_1_95' title='bbox 274 816 301 841; x_wconf 87' lang='lat' dir='ltr'>et</span> <span class='ocrx_word' id='word_1_96' title='bbox 315 813 510 847; x_wconf 79' lang='lat' dir='ltr'>authentieuS,</span> <span class='ocrx_word' id='word_1_97' title='bbox 526 812 642 840; x_wconf 83' lang='lat' dir='ltr'>videtur</span> <span class='ocrx_word' id='word_1_98' title='bbox 665 812 747 848; x_wconf 89' lang='lat' dir='ltr'>quod</span> <span class='ocrx_word' id='word_1_99' title='bbox 769 820 829 839; x_wconf 90' lang='lat' dir='ltr'>non</span> <span class='ocrx_word' id='word_1_100' title='bbox 853 812 903 839; x_wconf 86' lang='lat' dir='ltr'>de-</span> 
     </span>
     <span class='ocr_line' id='line_1_16' title="bbox 132 859 900 894; baseline 0 -8"><span class='ocrx_word' id='word_1_101' title='bbox 132 859 241 887; x_wconf 85' lang='lat' dir='ltr'>buisset</span> <span class='ocrx_word' id='word_1_102' title='bbox 252 860 306 887; x_wconf 83' lang='lat' dir='ltr'>ista</span> <span class='ocrx_word' id='word_1_103' title='bbox 320 860 431 892; x_wconf 84' lang='lat' dir='ltr'>fecisse,</span> <span class='ocrx_word' id='word_1_104' title='bbox 442 859 493 886; x_wconf 90' lang='lat' dir='ltr'>sed</span> <span class='ocrx_word' id='word_1_105' title='bbox 509 859 580 886; x_wconf 88' lang='lat' dir='ltr'>dare</span> <span class='ocrx_word' id='word_1_106' title='bbox 595 859 764 894; x_wconf 75' lang='lat' dir='ltr'>exemplum</span> <span class='ocrx_word' id='word_1_107' title='bbox 777 859 813 886; x_wconf 91' lang='lat' dir='ltr'>de</span> <span class='ocrx_word' id='word_1_108' title='bbox 826 867 900 894; x_wconf 84' lang='lat' dir='ltr'>prae-</span> 
     </span>
     <span class='ocr_line' id='line_1_17' title="bbox 133 905 902 941; baseline 0 -9"><span class='ocrx_word' id='word_1_109' title='bbox 133 905 226 933; x_wconf 91' lang='lat' dir='ltr'>dictis.</span> <span class='ocrx_word' id='word_1_110' title='bbox 243 908 274 933; x_wconf 86' lang='lat' dir='ltr'>Et</span> <span class='ocrx_word' id='word_1_111' title='bbox 295 905 334 932; x_wconf 93' lang='lat' dir='ltr'>ad</span> <span class='ocrx_word' id='word_1_112' title='bbox 362 905 438 932; x_wconf 87' lang='lat' dir='ltr'>istud</span> <span class='ocrx_word' id='word_1_113' title='bbox 468 905 711 941; x_wconf 85' lang='lat' dir='ltr'>respondendum</span> <span class='ocrx_word' id='word_1_114' title='bbox 738 905 902 932; x_wconf 86' lang='lat' dir='ltr'>secundum</span> 
     </span>
     <span class='ocr_line' id='line_1_18' title="bbox 133 951 902 988; baseline -0.003 -8"><span class='ocrx_word' id='word_1_115' title='bbox 133 953 327 988; x_wconf 77' lang='lat' dir='ltr'>Augustinum</span> <span class='ocrx_word' id='word_1_116' title='bbox 337 953 347 969; x_wconf 76' lang='lat'><strong>²</strong></span> <span class='ocrx_word' id='word_1_117' title='bbox 360 962 386 980; x_wconf 70' lang='lat' dir='ltr'>:a</span> <span class='ocrx_word' id='word_1_118' title='bbox 398 953 534 986; x_wconf 81' lang='lat' dir='ltr'>Audistis,</span> <span class='ocrx_word' id='word_1_119' title='bbox 550 952 656 987; x_wconf 87' lang='lat' dir='ltr'>inquit,</span> <span class='ocrx_word' id='word_1_120' title='bbox 670 952 743 986; x_wconf 87' lang='lat' dir='ltr'>legis</span> <span class='ocrx_word' id='word_1_121' title='bbox 756 951 902 985; x_wconf 88' lang='lat' dir='ltr'>doctores,</span> 
     </span>
     <span class='ocr_line' id='line_1_19' title="bbox 132 998 902 1033; baseline -0.003 -7"><span class='ocrx_word' id='word_1_122' title='bbox 132 999 258 1026; x_wconf 90' lang='lat' dir='ltr'>sednon</span> <span class='ocrx_word' id='word_1_123' title='bbox 282 999 463 1026; x_wconf 79' lang='lat' dir='ltr'>intellexistis</span> <span class='ocrx_word' id='word_1_124' title='bbox 490 998 697 1033; x_wconf 80' lang='lat' dir='ltr'>legislatorem.</span> <span class='ocrx_word' id='word_1_125' title='bbox 723 1000 779 1025; x_wconf 80' lang='lat' dir='ltr'>Lex</span> <span class='ocrx_word' id='word_1_126' title='bbox 795 998 902 1033; x_wconf 88' lang='lat' dir='ltr'>scripta</span> 
     </span>
     <span class='ocr_line' id='line_1_20' title="bbox 133 1044 903 1081; baseline -0.001 -9"><span class='ocrx_word' id='word_1_127' title='bbox 133 1047 175 1072; x_wconf 84' lang='lat' dir='ltr'>est</span> <span class='ocrx_word' id='word_1_128' title='bbox 189 1045 219 1072; x_wconf 92' lang='lat' dir='ltr'>in</span> <span class='ocrx_word' id='word_1_129' title='bbox 231 1045 330 1081; x_wconf 90' lang='lat' dir='ltr'>lapide</span> <span class='ocrx_word' id='word_1_130' title='bbox 345 1047 465 1081; x_wconf 85' lang='lat' dir='ltr'>propter</span> <span class='ocrx_word' id='word_1_131' title='bbox 476 1045 566 1072; x_wconf 89' lang='lat' dir='ltr'>duros</span> <span class='ocrx_word' id='word_1_132' title='bbox 583 1054 589 1071; x_wconf 94' lang='lat'><strong>:</strong></span> <span class='ocrx_word' id='word_1_133' title='bbox 606 1052 684 1071; x_wconf 86' lang='lat' dir='ltr'>nunc</span> <span class='ocrx_word' id='word_1_134' title='bbox 700 1046 798 1071; x_wconf 86' lang='lat' dir='ltr'>autem</span> <span class='ocrx_word' id='word_1_135' title='bbox 812 1044 903 1080; x_wconf 86' lang='lat' dir='ltr'>scrip-</span> 
     </span>
     <span class='ocr_line' id='line_1_21' title="bbox 132 1090 899 1126; baseline -0.001 -8"><span class='ocrx_word' id='word_1_136' title='bbox 132 1091 167 1118; x_wconf 87' lang='lat' dir='ltr'>sit</span> <span class='ocrx_word' id='word_1_137' title='bbox 191 1091 330 1118; x_wconf 87' lang='lat' dir='ltr'>Dominus</span> <span class='ocrx_word' id='word_1_138' title='bbox 353 1091 384 1118; x_wconf 91' lang='lat' dir='ltr'>in</span> <span class='ocrx_word' id='word_1_139' title='bbox 405 1093 496 1125; x_wconf 83' lang='lat' dir='ltr'>terra,</span> <span class='ocrx_word' id='word_1_140' title='bbox 512 1091 583 1126; x_wconf 87' lang='lat' dir='ltr'>quia</span> <span class='ocrx_word' id='word_1_141' title='bbox 597 1090 724 1117; x_wconf 85' lang='lat' dir='ltr'>fructum</span> <span class='ocrx_word' id='word_1_142' title='bbox 740 1090 899 1126; x_wconf 84' lang='lat' dir='ltr'>quaerebat.</span> 
     </span>
     <span class='ocr_line' id='line_1_22' title="bbox 131 1136 903 1173; baseline -0.003 -9"><span class='ocrx_word' id='word_1_143' title='bbox 131 1137 288 1173; x_wconf 80' lang='lat' dir='ltr'>impleatur</span> <span class='ocrx_word' id='word_1_144' title='bbox 309 1137 356 1164; x_wconf 79' lang='lat' dir='ltr'>lex</span> <span class='ocrx_word' id='word_1_145' title='bbox 380 1145 461 1171; x_wconf 86' lang='lat' dir='ltr'>ergo.</span> <span class='ocrx_word' id='word_1_146' title='bbox 482 1137 538 1164; x_wconf 87' lang='lat' dir='ltr'>Sed</span> <span class='ocrx_word' id='word_1_147' title='bbox 552 1136 698 1171; x_wconf 89' lang='lat' dir='ltr'>numquid</span> <span class='ocrx_word' id='word_1_148' title='bbox 714 1144 731 1163; x_wconf 90' lang='lat' dir='ltr'>a</span> <span class='ocrx_word' id='word_1_149' title='bbox 745 1136 903 1172; x_wconf 86' lang='lat' dir='ltr'>puniendis</span> 
     </span>
     <span class='ocr_line' id='line_1_23' title="bbox 131 1182 902 1218; baseline 0 -8"><span class='ocrx_word' id='word_1_150' title='bbox 131 1183 294 1218; x_wconf 84' lang='lat' dir='ltr'>lapidanda</span> <span class='ocrx_word' id='word_1_151' title='bbox 319 1184 361 1210; x_wconf 88' lang='lat' dir='ltr'>est</span> <span class='ocrx_word' id='word_1_152' title='bbox 388 1183 542 1210; x_wconf 62' lang='lat' dir='ltr'>adultera?</span> <span class='ocrx_word' id='word_1_153' title='bbox 571 1182 741 1210; x_wconf 76' lang='lat' dir='ltr'>consideret</span> <span class='ocrx_word' id='word_1_154' title='bbox 769 1191 799 1209; x_wconf 85' lang='lat' dir='ltr'>se</span> <span class='ocrx_word' id='word_1_155' title='bbox 832 1191 902 1217; x_wconf 85' lang='lat' dir='ltr'>ergo</span> 
     </span>
     <span class='ocr_line' id='line_1_24' title="bbox 131 1229 901 1265; baseline -0.003 -8"><span class='ocrx_word' id='word_1_156' title='bbox 131 1229 333 1265; x_wconf 85' lang='lat' dir='ltr'>unusquisque</span> <span class='ocrx_word' id='word_1_157' title='bbox 356 1231 502 1262; x_wconf 82' lang='lat' dir='ltr'>vestrum,</span> <span class='ocrx_word' id='word_1_158' title='bbox 530 1229 616 1256; x_wconf 85' lang='lat' dir='ltr'>intret</span> <span class='ocrx_word' id='word_1_159' title='bbox 642 1229 671 1255; x_wconf 89' lang='lat' dir='ltr'>in</span> <span class='ocrx_word' id='word_1_160' title='bbox 701 1229 901 1264; x_wconf 82' lang='lat' dir='ltr'>semetipsum,</span> 
     </span>
     <span class='ocr_line' id='line_1_25' title="bbox 132 1275 902 1310; baseline -0.001 -8"><span class='ocrx_word' id='word_1_161' title='bbox 132 1275 270 1303; x_wconf 85' lang='lat' dir='ltr'>ascendat</span> <span class='ocrx_word' id='word_1_162' title='bbox 295 1275 424 1302; x_wconf 86' lang='lat' dir='ltr'>tribunal</span> <span class='ocrx_word' id='word_1_163' title='bbox 448 1275 551 1302; x_wconf 87' lang='lat' dir='ltr'>mentis</span> <span class='ocrx_word' id='word_1_164' title='bbox 574 1283 644 1308; x_wconf 80' lang='lat' dir='ltr'>suae,</span> <span class='ocrx_word' id='word_1_165' title='bbox 659 1277 685 1302; x_wconf 90' lang='lat' dir='ltr'>et</span> <span class='ocrx_word' id='word_1_166' title='bbox 700 1275 902 1310; x_wconf 85' lang='lat' dir='ltr'>unusquisque</span> 
     </span>
     <span class='ocr_line' id='line_1_26' title="bbox 132 1321 903 1356; baseline -0.001 -8"><span class='ocrx_word' id='word_1_167' title='bbox 132 1321 161 1348; x_wconf 88' lang='lat' dir='ltr'>in</span> <span class='ocrx_word' id='word_1_168' title='bbox 177 1329 206 1348; x_wconf 91' lang='lat' dir='ltr'>se</span> <span class='ocrx_word' id='word_1_169' title='bbox 220 1321 352 1355; x_wconf 88' lang='lat' dir='ltr'>intuens,</span> <span class='ocrx_word' id='word_1_170' title='bbox 375 1324 559 1356; x_wconf 88' lang='lat' dir='ltr'>peccatorem</span> <span class='ocrx_word' id='word_1_171' title='bbox 574 1330 603 1348; x_wconf 88' lang='lat' dir='ltr'>se</span> <span class='ocrx_word' id='word_1_172' title='bbox 625 1321 744 1348; x_wconf 87' lang='lat' dir='ltr'>invenit.</span> <span class='ocrx_word' id='word_1_173' title='bbox 761 1323 836 1355; x_wconf 89' lang='lat' dir='ltr'>Ergo</span> <span class='ocrx_word' id='word_1_174' title='bbox 853 1322 903 1348; x_wconf 89' lang='lat' dir='ltr'>aut</span> 
     </span>
     <span class='ocr_line' id='line_1_27' title="bbox 132 1367 901 1403; baseline 0 -8"><span class='ocrx_word' id='word_1_175' title='bbox 132 1368 217 1395; x_wconf 89' lang='lat' dir='ltr'>istam</span> <span class='ocrx_word' id='word_1_176' title='bbox 232 1367 365 1395; x_wconf 87' lang='lat' dir='ltr'>dimittite</span> <span class='ocrx_word' id='word_1_177' title='bbox 376 1389 384 1402; x_wconf 93' lang='lat'>,</span> <span class='ocrx_word' id='word_1_178' title='bbox 412 1370 462 1395; x_wconf 87' lang='lat' dir='ltr'>aut</span> <span class='ocrx_word' id='word_1_179' title='bbox 477 1376 596 1403; x_wconf 80' lang='lat' dir='ltr'>pcenam</span> <span class='ocrx_word' id='word_1_180' title='bbox 618 1368 691 1402; x_wconf 86' lang='lat' dir='ltr'>legis</span> <span class='ocrx_word' id='word_1_181' title='bbox 706 1376 774 1394; x_wconf 89' lang='lat' dir='ltr'>cum</span> <span class='ocrx_word' id='word_1_182' title='bbox 789 1368 837 1396; x_wconf 86' lang='lat' dir='ltr'>illa</span> <span class='ocrx_word' id='word_1_183' title='bbox 854 1376 901 1395; x_wconf 87' lang='lat' dir='ltr'>ac-</span> 
     </span>
     <span class='ocr_line' id='line_1_28' title="bbox 132 1414 902 1450; baseline 0 -9"><span class='ocrx_word' id='word_1_184' title='bbox 132 1414 227 1450; x_wconf 81' lang='lat' dir='ltr'>cipite.</span> <span class='ocrx_word' id='word_1_185' title='bbox 253 1416 284 1441; x_wconf 80' lang='lat' dir='ltr'>Et</span> <span class='ocrx_word' id='word_1_186' title='bbox 311 1414 378 1441; x_wconf 88' lang='lat' dir='ltr'>ideo</span> <span class='ocrx_word' id='word_1_187' title='bbox 394 1414 433 1442; x_wconf 85' lang='lat' dir='ltr'>ait</span> <span class='ocrx_word' id='word_1_188' title='bbox 449 1423 455 1441; x_wconf 76' lang='grc' dir='ltr'>ε</span> <span class='ocrx_word' id='word_1_189' title='bbox 473 1415 526 1447; x_wconf 74' lang='lat' dir='ltr'>Qut·</span> <span class='ocrx_word' id='word_1_190' title='bbox 552 1416 608 1441; x_wconf 80' lang='lat' dir='ltr'>sine</span> <span class='ocrx_word' id='word_1_191' title='bbox 629 1416 753 1449; x_wconf 75' lang='lat' dir='ltr'>peccato,</span> <span class='ocrx_word' id='word_1_192' title='bbox 770 1416 821 1441; x_wconf 88' lang='lat' dir='ltr'>etc.</span> <span class='ocrx_word' id='word_1_193' title='bbox 840 1416 902 1441; x_wconf 79' lang='lat' dir='ltr'>Haec</span> 
     </span>
     <span class='ocr_line' id='line_1_29' title="bbox 132 1460 901 1496; baseline 0 -9"><span class='ocrx_word' id='word_1_194' title='bbox 132 1468 190 1488; x_wconf 84' lang='lat' dir='ltr'>vox</span> <span class='ocrx_word' id='word_1_195' title='bbox 202 1460 318 1495; x_wconf 72' lang='lat' dir='ltr'>justitiae</span> <span class='ocrx_word' id='word_1_196' title='bbox 337 1462 377 1487; x_wconf 87' lang='lat' dir='ltr'>est</span> <span class='ocrx_word' id='word_1_197' title='bbox 393 1469 399 1487; x_wconf 92' lang='lat'>:</span> <span class='ocrx_word' id='word_1_198' title='bbox 416 1461 554 1496; x_wconf 80' lang='lat' dir='ltr'>puniatur</span> <span class='ocrx_word' id='word_1_199' title='bbox 577 1460 740 1496; x_wconf 76' lang='lat' dir='ltr'>peccatrix,</span> <span class='ocrx_word' id='word_1_200' title='bbox 766 1461 817 1488; x_wconf 92' lang='lat' dir='ltr'>sed</span> <span class='ocrx_word' id='word_1_201' title='bbox 840 1469 901 1488; x_wconf 91' lang='lat' dir='ltr'>non</span> 
     </span>
     <span class='ocr_line' id='line_1_30' title="bbox 132 1506 902 1542; baseline 0 -9"><span class='ocrx_word' id='word_1_202' title='bbox 132 1515 150 1533; x_wconf 85' lang='lat' dir='ltr'>a</span> <span class='ocrx_word' id='word_1_203' title='bbox 170 1506 372 1541; x_wconf 89' lang='lat' dir='ltr'>peccatoribus</span> <span class='ocrx_word' id='word_1_204' title='bbox 389 1515 395 1533; x_wconf 77' lang='lat' dir='ltr'><strong><em>z</em></strong></span> <span class='ocrx_word' id='word_1_205' title='bbox 411 1506 568 1542; x_wconf 84' lang='lat' dir='ltr'>impleatur</span> <span class='ocrx_word' id='word_1_206' title='bbox 583 1507 630 1533; x_wconf 78' lang='lat' dir='ltr'>lex</span> <span class='ocrx_word' id='word_1_207' title='bbox 641 1527 649 1539; x_wconf 91' lang='lat'>,</span> <span class='ocrx_word' id='word_1_208' title='bbox 671 1507 723 1533; x_wconf 88' lang='lat' dir='ltr'>sed</span> <span class='ocrx_word' id='word_1_209' title='bbox 738 1515 797 1533; x_wconf 88' lang='grc'><strong>11011</strong></span> <span class='ocrx_word' id='word_1_210' title='bbox 813 1515 830 1534; x_wconf 87' lang='lat' dir='ltr'>a</span> <span class='ocrx_word' id='word_1_211' title='bbox 859 1507 902 1534; x_wconf 81' lang='lat' dir='ltr'>Ie—</span> 
     </span>
     <span class='ocr_line' id='line_1_31' title="bbox 133 1552 901 1588; baseline 0.001 -9"><span class='ocrx_word' id='word_1_212' title='bbox 133 1553 176 1588; x_wconf 85' lang='lat' dir='ltr'>gis</span> <span class='ocrx_word' id='word_1_213' title='bbox 199 1553 480 1588; x_wconf 80' lang='lat' dir='ltr'>proevaricatoribus.</span> <span class='ocrx_word' id='word_1_214' title='bbox 498 1562 510 1577; x_wconf 85' lang='lat'>»</span> <span class='ocrx_word' id='word_1_215' title='bbox 541 1554 603 1579; x_wconf 62' lang='lat' dir='ltr'>Haec</span> <span class='ocrx_word' id='word_1_216' title='bbox 626 1552 694 1586; x_wconf 88' lang='lat' dir='ltr'>ille,</span> <span class='ocrx_word' id='word_1_217' title='bbox 716 1554 743 1580; x_wconf 90' lang='lat' dir='ltr'>et</span> <span class='ocrx_word' id='word_1_218' title='bbox 762 1553 803 1579; x_wconf 90' lang='lat' dir='ltr'>ibi</span> <span class='ocrx_word' id='word_1_219' title='bbox 826 1553 901 1580; x_wconf 87' lang='lat' dir='ltr'>bene</span> 
     </span>
     <span class='ocr_line' id='line_1_32' title="bbox 133 1598 901 1634; baseline 0 -8"><span class='ocrx_word' id='word_1_220' title='bbox 133 1599 170 1626; x_wconf 87' lang='lat' dir='ltr'>de</span> <span class='ocrx_word' id='word_1_221' title='bbox 184 1599 250 1626; x_wconf 88' lang='lat' dir='ltr'>hoc.</span> <span class='ocrx_word' id='word_1_222' title='bbox 267 1599 311 1626; x_wconf 80' lang='lat' dir='ltr'>Ad</span> <span class='ocrx_word' id='word_1_223' title='bbox 325 1598 504 1634; x_wconf 83' lang='lat' dir='ltr'>signandum</span> <span class='ocrx_word' id='word_1_224' title='bbox 528 1606 599 1633; x_wconf 86' lang='lat' dir='ltr'>ergo</span> <span class='ocrx_word' id='word_1_225' title='bbox 611 1619 620 1631; x_wconf 91' lang='lat'>,</span> <span class='ocrx_word' id='word_1_226' title='bbox 633 1599 716 1634; x_wconf 86' lang='lat' dir='ltr'>quod</span> <span class='ocrx_word' id='word_1_227' title='bbox 733 1599 901 1634; x_wconf 87' lang='lat' dir='ltr'>judicantes</span> 
     </span>
     <span class='ocr_line' id='line_1_33' title="bbox 133 1644 901 1680; baseline -0.001 -8"><span class='ocrx_word' id='word_1_228' title='bbox 133 1645 242 1672; x_wconf 88' lang='lat' dir='ltr'>debent</span> <span class='ocrx_word' id='word_1_229' title='bbox 265 1646 426 1680; x_wconf 84' lang='lat' dir='ltr'>recogitare</span> <span class='ocrx_word' id='word_1_230' title='bbox 450 1644 636 1679; x_wconf 84' lang='lat' dir='ltr'>fragilitatem</span> <span class='ocrx_word' id='word_1_231' title='bbox 664 1653 748 1671; x_wconf 76' lang='lat' dir='ltr'>suam</span> <span class='ocrx_word' id='word_1_232' title='bbox 769 1645 798 1672; x_wconf 91' lang='lat' dir='ltr'>in</span> <span class='ocrx_word' id='word_1_233' title='bbox 820 1645 901 1680; x_wconf 89' lang='lat' dir='ltr'>judi-</span> 
     </span>
     <span class='ocr_line' id='line_1_34' title="bbox 133 1691 901 1726; baseline 0 -7"><span class='ocrx_word' id='word_1_234' title='bbox 133 1692 230 1719; x_wconf 88' lang='lat' dir='ltr'>cando</span> <span class='ocrx_word' id='word_1_235' title='bbox 245 1691 333 1726; x_wconf 88' lang='lat' dir='ltr'>alios,</span> <span class='ocrx_word' id='word_1_236' title='bbox 354 1693 382 1718; x_wconf 91' lang='lat' dir='ltr'>et</span> <span class='ocrx_word' id='word_1_237' title='bbox 396 1691 479 1726; x_wconf 87' lang='lat' dir='ltr'>quod</span> <span class='ocrx_word' id='word_1_238' title='bbox 494 1691 565 1725; x_wconf 87' lang='lat' dir='ltr'>legis</span> <span class='ocrx_word' id='word_1_239' title='bbox 586 1691 824 1726; x_wconf 69' lang='lat' dir='ltr'>praevaricatores</span> <span class='ocrx_word' id='word_1_240' title='bbox 840 1700 901 1719; x_wconf 90' lang='lat' dir='ltr'>non</span> 
     </span>
     <span class='ocr_line' id='line_1_35' title="bbox 132 1737 901 1773; baseline 0 -9"><span class='ocrx_word' id='word_1_241' title='bbox 132 1740 199 1765; x_wconf 83' lang='lat' dir='ltr'>sunt</span> <span class='ocrx_word' id='word_1_242' title='bbox 214 1737 295 1773; x_wconf 83' lang='lat' dir='ltr'>digni</span> <span class='ocrx_word' id='word_1_243' title='bbox 310 1737 348 1765; x_wconf 90' lang='lat' dir='ltr'>ad</span> <span class='ocrx_word' id='word_1_244' title='bbox 359 1737 556 1772; x_wconf 87' lang='lat' dir='ltr'>judicandum</span> <span class='ocrx_word' id='word_1_245' title='bbox 570 1737 654 1770; x_wconf 79' lang='lat' dir='ltr'>alios,</span> <span class='ocrx_word' id='word_1_246' title='bbox 671 1737 738 1764; x_wconf 89' lang='lat' dir='ltr'>ideo</span> <span class='ocrx_word' id='word_1_247' title='bbox 752 1746 781 1764; x_wconf 90' lang='lat' dir='ltr'>se</span> <span class='ocrx_word' id='word_1_248' title='bbox 797 1738 838 1764; x_wconf 88' lang='grc'>516</span> <span class='ocrx_word' id='word_1_249' title='bbox 858 1738 901 1764; x_wconf 87' lang='grc'><strong>111-</strong></span> 
     </span>
     <span class='ocr_line' id='line_1_36' title="bbox 133 1783 898 1819; baseline 0 -8"><span class='ocrx_word' id='word_1_250' title='bbox 133 1785 270 1817; x_wconf 82' lang='lat' dir='ltr'>clinavit,</span> <span class='ocrx_word' id='word_1_251' title='bbox 300 1786 328 1811; x_wconf 91' lang='lat' dir='ltr'>et</span> <span class='ocrx_word' id='word_1_252' title='bbox 352 1784 474 1819; x_wconf 83' lang='lat' dir='ltr'>scripsit.</span> <span class='ocrx_word' id='word_1_253' title='bbox 504 1785 537 1810; x_wconf 90' lang='lat' dir='ltr'>Ut</span> <span class='ocrx_word' id='word_1_254' title='bbox 563 1783 601 1810; x_wconf 87' lang='lat' dir='ltr'>ait</span> <span class='ocrx_word' id='word_1_255' title='bbox 630 1791 697 1810; x_wconf 88' lang='lat' dir='ltr'>vere</span> <span class='ocrx_word' id='word_1_256' title='bbox 722 1784 875 1811; x_wconf 83' lang='lat' dir='ltr'>Anselmus</span> <span class='ocrx_word' id='word_1_257' title='bbox 892 1794 898 1811; x_wconf 89' lang='lat'>:</span> 
     </span>
     <span class='ocr_line' id='line_1_37' title="bbox 135 1830 901 1864; baseline 0.001 -8"><span class='ocrx_word' id='word_1_258' title='bbox 135 1833 226 1858; x_wconf 60' lang='lat' dir='ltr'>«Haec</span> <span class='ocrx_word' id='word_1_259' title='bbox 242 1830 315 1857; x_wconf 75' lang='lat' dir='ltr'>dixit</span> <span class='ocrx_word' id='word_1_260' title='bbox 339 1839 347 1856; x_wconf 69' lang='grc' dir='ltr'><strong>ε</strong></span> <span class='ocrx_word' id='word_1_261' title='bbox 374 1831 428 1862; x_wconf 69' lang='lat' dir='ltr'>Qut*</span> <span class='ocrx_word' id='word_1_262' title='bbox 452 1831 509 1856; x_wconf 67' lang='lat' dir='ltr'>sine</span> <span class='ocrx_word' id='word_1_263' title='bbox 525 1832 652 1864; x_wconf 79' lang='lat' dir='ltr'>peccato,</span> <span class='ocrx_word' id='word_1_264' title='bbox 678 1831 731 1856; x_wconf 86' lang='lat' dir='ltr'>etc.</span> <span class='ocrx_word' id='word_1_265' title='bbox 762 1830 901 1857; x_wconf 84' lang='lat' dir='ltr'>Dominus</span> 
     </span>
     <span class='ocr_line' id='line_1_38' title="bbox 131 1875 900 1911; baseline 0.001 -8"><span class='ocrx_word' id='word_1_266' title='bbox 131 1876 297 1911; x_wconf 73' lang='lat' dir='ltr'>praevidens</span> <span class='ocrx_word' id='word_1_267' title='bbox 313 1883 416 1902; x_wconf 86' lang='lat' dir='ltr'>omnes</span> <span class='ocrx_word' id='word_1_268' title='bbox 431 1875 527 1908; x_wconf 83' lang='lat' dir='ltr'>dolos,</span> <span class='ocrx_word' id='word_1_269' title='bbox 542 1875 625 1910; x_wconf 85' lang='lat' dir='ltr'>quasi</span> <span class='ocrx_word' id='word_1_270' title='bbox 635 1875 685 1902; x_wconf 89' lang='lat' dir='ltr'>fila</span> <span class='ocrx_word' id='word_1_271' title='bbox 697 1883 810 1903; x_wconf 81' lang='lat' dir='ltr'>araneae</span> <span class='ocrx_word' id='word_1_272' title='bbox 822 1879 900 1904; x_wconf 86' lang='lat' dir='ltr'>tran-</span> 
     </span>
     <span class='ocr_line' id='line_1_39' title="bbox 132 1921 901 1957; baseline 0.003 -9"><span class='ocrx_word' id='word_1_273' title='bbox 132 1922 167 1949; x_wconf 85' lang='lat' dir='ltr'>sit</span> <span class='ocrx_word' id='word_1_274' title='bbox 183 1922 228 1957; x_wconf 71' lang='lat' dir='ltr'>(b),</span> <span class='ocrx_word' id='word_1_275' title='bbox 245 1924 271 1949; x_wconf 89' lang='lat' dir='ltr'>et</span> <span class='ocrx_word' id='word_1_276' title='bbox 295 1921 437 1956; x_wconf 73' lang='lat' dir='ltr'>justitiam</span> <span class='ocrx_word' id='word_1_277' title='bbox 457 1929 491 1948; x_wconf 83' lang='lat' dir='ltr'>ac</span> <span class='ocrx_word' id='word_1_278' title='bbox 505 1922 761 1949; x_wconf 85' lang='lat' dir='ltr'>mansuetudinem</span> <span class='ocrx_word' id='word_1_279' title='bbox 777 1923 901 1950; x_wconf 85' lang='lat' dir='ltr'>custodi-</span> 
     </span>
     <span class='ocr_line' id='line_1_40' title="bbox 132 1967 900 2003; baseline 0.001 -8"><span class='ocrx_word' id='word_1_280' title='bbox 132 1968 182 1995; x_wconf 85' lang='lat' dir='ltr'>vit.</span> <span class='ocrx_word' id='word_1_281' title='bbox 200 1978 213 1993; x_wconf 80' lang='grc'>»</span> <span class='ocrx_word' id='word_1_282' title='bbox 241 1967 297 1995; x_wconf 89' lang='lat' dir='ltr'>Sed</span> <span class='ocrx_word' id='word_1_283' title='bbox 325 1967 462 2003; x_wconf 80' lang='lat' dir='ltr'>quaeritur</span> <span class='ocrx_word' id='word_1_284' title='bbox 489 1967 526 1994; x_wconf 90' lang='lat' dir='ltr'>de</span> <span class='ocrx_word' id='word_1_285' title='bbox 554 1967 740 1995; x_wconf 86' lang='lat' dir='ltr'>absolutione</span> <span class='ocrx_word' id='word_1_286' title='bbox 769 1969 900 1997; x_wconf 86' lang='lat' dir='ltr'>mulieris</span> 
     </span>
     <span class='ocr_line' id='line_1_41' title="bbox 133 2014 900 2050; baseline 0.003 -9"><span class='ocrx_word' id='word_1_287' title='bbox 133 2014 287 2048; x_wconf 76' lang='lat' dir='ltr'>adulter-ee,</span> <span class='ocrx_word' id='word_1_288' title='bbox 313 2022 378 2050; x_wconf 73' lang='lat' dir='ltr'>quae</span> <span class='ocrx_word' id='word_1_289' title='bbox 395 2016 456 2041; x_wconf 84' lang='lat' dir='ltr'>erat</span> <span class='ocrx_word' id='word_1_290' title='bbox 477 2014 648 2041; x_wconf 83' lang='lat' dir='ltr'>damnanda</span> <span class='ocrx_word' id='word_1_291' title='bbox 671 2015 835 2042; x_wconf 87' lang='lat' dir='ltr'>secundum</span> <span class='ocrx_word' id='word_1_292' title='bbox 858 2016 900 2043; x_wconf 90' lang='lat' dir='ltr'>le-</span> 
     </span>
     <span class='ocr_line' id='line_1_42' title="bbox 132 2060 899 2096; baseline 0.003 -9"><span class='ocrx_word' id='word_1_293' title='bbox 132 2069 198 2096; x_wconf 86' lang='lat' dir='ltr'>gem</span> <span class='ocrx_word' id='word_1_294' title='bbox 215 2069 221 2087; x_wconf 93' lang='lat'>:</span> <span class='ocrx_word' id='word_1_295' title='bbox 240 2062 324 2095; x_wconf 84' lang='lat' dir='ltr'>Ergo,</span> <span class='ocrx_word' id='word_1_296' title='bbox 340 2060 406 2087; x_wconf 88' lang='lat' dir='ltr'>licet</span> <span class='ocrx_word' id='word_1_297' title='bbox 420 2060 475 2095; x_wconf 86' lang='lat' dir='ltr'>ipsi</span> <span class='ocrx_word' id='word_1_298' title='bbox 493 2068 553 2087; x_wconf 88' lang='lat' dir='ltr'>non</span> <span class='ocrx_word' id='word_1_299' title='bbox 569 2062 662 2087; x_wconf 86' lang='lat' dir='ltr'>essent</span> <span class='ocrx_word' id='word_1_300' title='bbox 683 2061 764 2095; x_wconf 81' lang='lat' dir='ltr'>digni</span> <span class='ocrx_word' id='word_1_301' title='bbox 781 2062 819 2088; x_wconf 91' lang='lat' dir='ltr'>ad</span> <span class='ocrx_word' id='word_1_302' title='bbox 834 2070 899 2089; x_wconf 88' lang='lat' dir='ltr'>eam</span> 
     </span>
     <span class='ocr_line' id='line_1_43' title="bbox 131 2106 901 2143; baseline 0.003 -9"><span class='ocrx_word' id='word_1_303' title='bbox 131 2106 331 2143; x_wconf 88' lang='lat' dir='ltr'>puniendam,</span> <span class='ocrx_word' id='word_1_304' title='bbox 346 2106 538 2133; x_wconf 85' lang='lat' dir='ltr'>nihilominus</span> <span class='ocrx_word' id='word_1_305' title='bbox 558 2114 617 2133; x_wconf 90' lang='lat' dir='ltr'>non</span> <span class='ocrx_word' id='word_1_306' title='bbox 642 2106 694 2133; x_wconf 80' lang='lat' dir='ltr'>suit</span> <span class='ocrx_word' id='word_1_307' title='bbox 719 2107 901 2136; x_wconf 87' lang='lat' dir='ltr'>absolvenda</span> 
     </span>
     <span class='ocr_line' id='line_1_44' title="bbox 130 2153 900 2189; baseline 0.001 -8"><span class='ocrx_word' id='word_1_308' title='bbox 130 2154 192 2181; x_wconf 91' lang='grc'><strong>51116</strong></span> <span class='ocrx_word' id='word_1_309' title='bbox 206 2160 303 2188; x_wconf 90' lang='lat' dir='ltr'>poena.</span> <span class='ocrx_word' id='word_1_310' title='bbox 314 2155 383 2180; x_wconf 83' lang='lat' dir='ltr'>ltem</span> <span class='ocrx_word' id='word_1_311' title='bbox 407 2161 442 2180; x_wconf 80' lang='lat' dir='ltr'>ex</span> <span class='ocrx_word' id='word_1_312' title='bbox 458 2153 540 2180; x_wconf 89' lang='lat' dir='ltr'>dictis</span> <span class='ocrx_word' id='word_1_313' title='bbox 555 2153 669 2180; x_wconf 90' lang='lat' dir='ltr'>videtur</span> <span class='ocrx_word' id='word_1_314' title='bbox 680 2174 688 2187; x_wconf 90' lang='lat'>,</span> <span class='ocrx_word' id='word_1_315' title='bbox 705 2154 785 2189; x_wconf 87' lang='lat' dir='ltr'>quod</span> <span class='ocrx_word' id='word_1_316' title='bbox 802 2154 900 2182; x_wconf 89' lang='lat' dir='ltr'>nullus</span> 
     </span>
     <span class='ocr_line' id='line_1_45' title="bbox 130 2199 899 2236; baseline 0.001 -9"><span class='ocrx_word' id='word_1_317' title='bbox 130 2201 221 2236; x_wconf 88' lang='lat' dir='ltr'>possit</span> <span class='ocrx_word' id='word_1_318' title='bbox 235 2207 372 2226; x_wconf 84' lang='lat' dir='ltr'>accusare</span> <span class='ocrx_word' id='word_1_319' title='bbox 382 2220 390 2232; x_wconf 90' lang='lat'>,</span> <span class='ocrx_word' id='word_1_320' title='bbox 411 2199 457 2226; x_wconf 91' lang='lat' dir='ltr'>vel</span> <span class='ocrx_word' id='word_1_321' title='bbox 472 2199 587 2234; x_wconf 86' lang='lat' dir='ltr'>punire,</span> <span class='ocrx_word' id='word_1_322' title='bbox 604 2199 654 2234; x_wconf 86' lang='lat' dir='ltr'>qui</span> <span class='ocrx_word' id='word_1_323' title='bbox 670 2202 711 2226; x_wconf 86' lang='lat' dir='ltr'>est</span> <span class='ocrx_word' id='word_1_324' title='bbox 725 2200 754 2226; x_wconf 91' lang='lat' dir='ltr'>in</span> <span class='ocrx_word' id='word_1_325' title='bbox 770 2203 899 2235; x_wconf 86' lang='lat' dir='ltr'>peccato.</span> 
     </span>
     <span class='ocr_line' id='line_1_46' title="bbox 130 2245 900 2281; baseline 0 -7"><span class='ocrx_word' id='word_1_326' title='bbox 130 2247 217 2281; x_wconf 89' lang='lat' dir='ltr'>Cujus</span> <span class='ocrx_word' id='word_1_327' title='bbox 243 2245 421 2273; x_wconf 84' lang='lat' dir='ltr'>contrarium</span> <span class='ocrx_word' id='word_1_328' title='bbox 449 2245 580 2279; x_wconf 82' lang='lat' dir='ltr'>videtur,</span> <span class='ocrx_word' id='word_1_329' title='bbox 608 2246 677 2281; x_wconf 83' lang='lat' dir='ltr'>quia</span> <span class='ocrx_word' id='word_1_330' title='bbox 703 2254 839 2273; x_wconf 88' lang='lat' dir='ltr'>accusare</span> <span class='ocrx_word' id='word_1_331' title='bbox 854 2248 900 2274; x_wconf 89' lang='lat' dir='ltr'>vel</span> 
     </span>
     <span class='ocr_line' id='line_1_47' title="bbox 130 2291 898 2329; baseline 0 -9"><span class='ocrx_word' id='word_1_332' title='bbox 130 2293 235 2329; x_wconf 87' lang='lat' dir='ltr'>punire</span> <span class='ocrx_word' id='word_1_333' title='bbox 251 2300 311 2319; x_wconf 90' lang='lat' dir='ltr'>non</span> <span class='ocrx_word' id='word_1_334' title='bbox 335 2294 376 2319; x_wconf 81' lang='lat' dir='ltr'>est</span> <span class='ocrx_word' id='word_1_335' title='bbox 391 2300 465 2327; x_wconf 89' lang='lat' dir='ltr'>opus</span> <span class='ocrx_word' id='word_1_336' title='bbox 487 2291 720 2327; x_wconf 86' lang='lat' dir='ltr'>privilegiatum,</span> <span class='ocrx_word' id='word_1_337' title='bbox 737 2293 810 2320; x_wconf 88' lang='lat' dir='ltr'>sicut</span> <span class='ocrx_word' id='word_1_338' title='bbox 825 2293 898 2320; x_wconf 88' lang='lat' dir='ltr'>cele-</span> 
     </span>
     <span class='ocr_line' id='line_1_48' title="bbox 131 2338 899 2374; baseline 0.001 -8"><span class='ocrx_word' id='word_1_339' title='bbox 131 2339 228 2366; x_wconf 87' lang='lat' dir='ltr'>brare.</span> <span class='ocrx_word' id='word_1_340' title='bbox 245 2341 319 2373; x_wconf 83' lang='lat' dir='ltr'>Ergo</span> <span class='ocrx_word' id='word_1_341' title='bbox 334 2338 395 2365; x_wconf 89' lang='lat' dir='ltr'>sine</span> <span class='ocrx_word' id='word_1_342' title='bbox 410 2339 528 2373; x_wconf 85' lang='lat' dir='ltr'>peccato</span> <span class='ocrx_word' id='word_1_343' title='bbox 549 2340 644 2373; x_wconf 74' lang='lat' dir='ltr'>potest</span> <span class='ocrx_word' id='word_1_344' title='bbox 666 2338 738 2366; x_wconf 90' lang='lat' dir='ltr'>illud</span> <span class='ocrx_word' id='word_1_345' title='bbox 752 2347 899 2374; x_wconf 83' lang='lat' dir='ltr'>exercere,</span> 
     </span>
     <span class='ocr_line' id='line_1_49' title="bbox 131 2384 899 2419; baseline 0 -6"><span class='ocrx_word' id='word_1_346' title='bbox 131 2385 218 2413; x_wconf 89' lang='lat' dir='ltr'>etiam</span> <span class='ocrx_word' id='word_1_347' title='bbox 245 2385 276 2412; x_wconf 90' lang='lat' dir='ltr'>in</span> <span class='ocrx_word' id='word_1_348' title='bbox 303 2386 423 2419; x_wconf 85' lang='lat' dir='ltr'>peccato</span> <span class='ocrx_word' id='word_1_349' title='bbox 439 2384 572 2411; x_wconf 78' lang='lat' dir='ltr'>existens.</span> <span class='ocrx_word' id='word_1_350' title='bbox 590 2386 621 2411; x_wconf 86' lang='lat' dir='ltr'>Et</span> <span class='ocrx_word' id='word_1_351' title='bbox 635 2385 674 2411; x_wconf 86' lang='lat' dir='ltr'>ad</span> <span class='ocrx_word' id='word_1_352' title='bbox 698 2385 827 2419; x_wconf 91' lang='lat' dir='ltr'>primum</span> <span class='ocrx_word' id='word_1_353' title='bbox 839 2394 899 2413; x_wconf 88' lang='lat' dir='ltr'>res-</span> 
     </span>
     <span class='ocr_line' id='line_1_50' title="bbox 132 2430 899 2467; baseline 0 -8"><span class='ocrx_word' id='word_1_354' title='bbox 132 2431 324 2467; x_wconf 88' lang='lat' dir='ltr'>pondendum</span> <span class='ocrx_word' id='word_1_355' title='bbox 340 2432 391 2464; x_wconf 88' lang='lat' dir='ltr'>est,</span> <span class='ocrx_word' id='word_1_356' title='bbox 408 2430 480 2457; x_wconf 84' lang='lat' dir='ltr'>sicut</span> <span class='ocrx_word' id='word_1_357' title='bbox 493 2432 573 2465; x_wconf 87' lang='lat' dir='ltr'>patet</span> <span class='ocrx_word' id='word_1_358' title='bbox 589 2438 622 2457; x_wconf 81' lang='lat' dir='ltr'>ex</span> <span class='ocrx_word' id='word_1_359' title='bbox 640 2430 723 2457; x_wconf 84' lang='lat' dir='ltr'>dietis</span> <span class='ocrx_word' id='word_1_360' title='bbox 735 2432 899 2465; x_wconf 82' lang='lat' dir='ltr'>Augustini.</span> 
     </span>
     <span class='ocr_line' id='line_1_51' title="bbox 132 2476 899 2512; baseline 0 -7"><span class='ocrx_word' id='word_1_361' title='bbox 132 2479 195 2505; x_wconf 89' lang='lat' dir='ltr'>Nou</span> <span class='ocrx_word' id='word_1_362' title='bbox 210 2477 287 2504; x_wconf 91' lang='lat' dir='ltr'>enim</span> <span class='ocrx_word' id='word_1_363' title='bbox 309 2478 398 2512; x_wconf 84' lang='lat' dir='ltr'>negat</span> <span class='ocrx_word' id='word_1_364' title='bbox 419 2476 562 2509; x_wconf 81' lang='lat' dir='ltr'>Salvator,</span> <span class='ocrx_word' id='word_1_365' title='bbox 577 2477 648 2512; x_wconf 86' lang='lat' dir='ltr'>quin</span> <span class='ocrx_word' id='word_1_366' title='bbox 673 2477 721 2503; x_wconf 84' lang='lat' dir='ltr'>lex</span> <span class='ocrx_word' id='word_1_367' title='bbox 746 2479 820 2505; x_wconf 85' lang='lat' dir='ltr'>esset</span> <span class='ocrx_word' id='word_1_368' title='bbox 843 2478 899 2505; x_wconf 91' lang='lat' dir='ltr'>im-</span> 
     </span>
     <span class='ocr_line' id='line_1_52' title="bbox 132 2522 900 2558; baseline 0.004 -8"><span class='ocrx_word' id='word_1_369' title='bbox 132 2523 257 2558; x_wconf 84' lang='lat' dir='ltr'>plenda:</span> <span class='ocrx_word' id='word_1_370' title='bbox 280 2523 332 2551; x_wconf 90' lang='lat' dir='ltr'>sed</span> <span class='ocrx_word' id='word_1_371' title='bbox 356 2522 497 2558; x_wconf 66' lang='lat' dir='ltr'>ostendits,</span> <span class='ocrx_word' id='word_1_372' title='bbox 512 2522 594 2558; x_wconf 88' lang='lat' dir='ltr'>quod</span> <span class='ocrx_word' id='word_1_373' title='bbox 609 2522 649 2549; x_wconf 92' lang='grc'><strong>1111</strong></span> <span class='ocrx_word' id='word_1_374' title='bbox 664 2524 900 2558; x_wconf 61' lang='lat' dir='ltr'>praevaricatores</span> 
     </span>
    </p>
   </div>
   <div class='ocr_carea' id='block_1_4' title="bbox 136 2596 898 2698">
    <p class='ocr_par' dir='ltr' id='par_1_4' title="bbox 136 2596 898 2698">
     <span class='ocr_line' id='line_1_53' title="bbox 169 2596 898 2626; baseline 0.004 -7"><span class='ocrx_word' id='word_1_375' title='bbox 169 2597 174 2611; x_wconf 87' lang='lat'><strong>¹</strong></span> <span class='ocrx_word' id='word_1_376' title='bbox 197 2597 270 2626; x_wconf 55' lang='lat' dir='ltr'>Aug„</span> <span class='ocrx_word' id='word_1_377' title='bbox 290 2596 331 2619; x_wconf 85' lang='lat' dir='ltr'>ubi</span> <span class='ocrx_word' id='word_1_378' title='bbox 348 2603 402 2626; x_wconf 86' lang='lat' dir='ltr'>sup.</span> <span class='ocrx_word' id='word_1_379' title='bbox 419 2609 448 2613; x_wconf 92' lang='lat'>-—</span> <span class='ocrx_word' id='word_1_380' title='bbox 469 2597 479 2612; x_wconf 82' lang='lat'>²</span> <span class='ocrx_word' id='word_1_381' title='bbox 498 2596 570 2625; x_wconf 83' lang='lat' dir='ltr'>lbid.,</span> <span class='ocrx_word' id='word_1_382' title='bbox 595 2603 620 2619; x_wconf 91' lang='lat' dir='ltr'>n.</span> <span class='ocrx_word' id='word_1_383' title='bbox 640 2597 662 2620; x_wconf 66' lang='lat' dir='ltr'>fi.</span> <span class='ocrx_word' id='word_1_384' title='bbox 684 2609 712 2613; x_wconf 79' lang='lat'>—</span> <span class='ocrx_word' id='word_1_385' title='bbox 733 2597 742 2612; x_wconf 76' lang='lat'><strong>³</strong></span> <span class='ocrx_word' id='word_1_386' title='bbox 757 2597 859 2622; x_wconf 78' lang='lat' dir='ltr'>Scilicet</span> <span class='ocrx_word' id='word_1_387' title='bbox 874 2599 898 2622; x_wconf 89' lang='lat' dir='ltr'>iu</span> 
     </span>
     <span class='ocr_line' id='line_1_54' title="bbox 137 2630 897 2663; baseline 0.004 -10"><span class='ocrx_word' id='word_1_388' title='bbox 137 2630 211 2654; x_wconf 72' lang='lat' dir='ltr'>Missa</span> <span class='ocrx_word' id='word_1_389' title='bbox 225 2630 319 2654; x_wconf 76' lang='lat' dir='ltr'>sabbati</span> <span class='ocrx_word' id='word_1_390' title='bbox 339 2633 396 2653; x_wconf 76' lang='lat' dir='ltr'>ante</span> <span class='ocrx_word' id='word_1_391' title='bbox 415 2630 537 2654; x_wconf 75' lang='lat' dir='ltr'>Dominio.</span> <span class='ocrx_word' id='word_1_392' title='bbox 556 2630 596 2654; x_wconf 81' lang='lat' dir='ltr'>IV.</span> <span class='ocrx_word' id='word_1_393' title='bbox 613 2630 738 2661; x_wconf 74' lang='lat' dir='ltr'>Quadrag.</span> <span class='ocrx_word' id='word_1_394' title='bbox 758 2645 783 2648; x_wconf 73' lang='lat'><strong>—</strong></span> <span class='ocrx_word' id='word_1_395' title='bbox 800 2632 811 2648; x_wconf 68' lang='lat'><strong>⁴</strong></span> <span class='ocrx_word' id='word_1_396' title='bbox 824 2634 897 2663; x_wconf 66' lang='lat' dir='ltr'>Aug..</span> 
     </span>
     <span class='ocr_line' id='line_1_55' title="bbox 136 2665 897 2698; baseline 0.005 -10"><span class='ocrx_word' id='word_1_397' title='bbox 136 2665 177 2689; x_wconf 84' lang='lat' dir='ltr'>ubi</span> <span class='ocrx_word' id='word_1_398' title='bbox 192 2672 248 2696; x_wconf 88' lang='lat' dir='ltr'>sup.</span> <span class='ocrx_word' id='word_1_399' title='bbox 263 2678 292 2682; x_wconf 94' lang='lat'><em>-</em></span> <span class='ocrx_word' id='word_1_400' title='bbox 306 2666 316 2682; x_wconf 83' lang='lat'>¹⁵</span> <span class='ocrx_word' id='word_1_401' title='bbox 333 2666 406 2694; x_wconf 62' lang='lat' dir='ltr'>Dan„</span> <span class='ocrx_word' id='word_1_402' title='bbox 422 2671 483 2696; x_wconf 81' lang='lat' dir='ltr'>xiii,</span> <span class='ocrx_word' id='word_1_403' title='bbox 501 2668 523 2689; x_wconf 83' lang='lat'>5.</span> <span class='ocrx_word' id='word_1_404' title='bbox 535 2678 565 2683; x_wconf 89' lang='lat'>—-</span> <span class='ocrx_word' id='word_1_405' title='bbox 579 2666 588 2679; x_wconf 54' lang='grc' dir='ltr'>Γ*</span> <span class='ocrx_word' id='word_1_406' title='bbox 604 2666 689 2696; x_wconf 78' lang='lat' dir='ltr'>Grcg.‚</span> <span class='ocrx_word' id='word_1_407' title='bbox 703 2667 802 2696; x_wconf 56' lang='lat' dir='ltr'>Marah,</span> <span class='ocrx_word' id='word_1_408' title='bbox 819 2667 862 2693; x_wconf 85' lang='lat' dir='ltr'>lib.</span> <span class='ocrx_word' id='word_1_409' title='bbox 881 2669 897 2698; x_wconf 82' lang='lat' dir='ltr'>i,</span> 
     </span>
    </p>
   </div>
   <div class='ocr_carea' id='block_1_5' title="bbox 1672 240 1729 269">
    <p class='ocr_par' dir='ltr' id='par_1_5' title="bbox 1672 240 1729 269">
     <span class='ocr_line' id='line_1_56' title="bbox 1672 240 1729 269; baseline 0.018 -1"><span class='ocrx_word' id='word_1_410' title='bbox 1672 240 1729 269; x_wconf 86' lang='lat'>373</span> 
     </span>
    </p>
   </div>
   <div class='ocr_carea' id='block_1_6' title="bbox 953 301 1733 2511">
    <p class='ocr_par' dir='ltr' id='par_1_6' title="bbox 958 301 1733 1171">
     <span class='ocr_line' id='line_1_57' title="bbox 958 301 1730 336; baseline 0.003 -7"><span class='ocrx_word' id='word_1_411' title='bbox 958 310 1019 330; x_wconf 91' lang='lat' dir='ltr'>non</span> <span class='ocrx_word' id='word_1_412' title='bbox 1032 304 1114 329; x_wconf 87' lang='lat' dir='ltr'>erant</span> <span class='ocrx_word' id='word_1_413' title='bbox 1134 301 1216 336; x_wconf 86' lang='lat' dir='ltr'>digni</span> <span class='ocrx_word' id='word_1_414' title='bbox 1230 301 1269 328; x_wconf 87' lang='lat' dir='ltr'>ad</span> <span class='ocrx_word' id='word_1_415' title='bbox 1293 301 1390 336; x_wconf 83' lang='lat' dir='ltr'>legem</span> <span class='ocrx_word' id='word_1_416' title='bbox 1411 301 1607 336; x_wconf 84' lang='lat' dir='ltr'>implendam,</span> <span class='ocrx_word' id='word_1_417' title='bbox 1623 311 1677 331; x_wconf 85' lang='lat' dir='ltr'>neo</span> <span class='ocrx_word' id='word_1_418' title='bbox 1692 305 1730 331; x_wconf 89' lang='lat' dir='ltr'>ad</span> 
     </span>
     <span class='ocr_line' id='line_1_58' title="bbox 958 346 1731 383; baseline 0.004 -8"><span class='ocrx_word' id='word_1_419' title='bbox 958 348 1052 382; x_wconf 88' lang='lat' dir='ltr'>ipsam</span> <span class='ocrx_word' id='word_1_420' title='bbox 1067 347 1232 375; x_wconf 86' lang='lat' dir='ltr'>adulteram</span> <span class='ocrx_word' id='word_1_421' title='bbox 1246 346 1436 382; x_wconf 74' lang='lat' dir='ltr'>puniendam.</span> <span class='ocrx_word' id='word_1_422' title='bbox 1454 348 1511 374; x_wconf 90' lang='lat' dir='ltr'>Sed</span> <span class='ocrx_word' id='word_1_423' title='bbox 1524 348 1594 383; x_wconf 87' lang='lat' dir='ltr'>quia</span> <span class='ocrx_word' id='word_1_424' title='bbox 1611 357 1731 378; x_wconf 77' lang='lat' dir='ltr'>accusa-</span> 
     </span>
     <span class='ocr_line' id='line_1_59' title="bbox 958 394 1730 431; baseline 0.003 -10"><span class='ocrx_word' id='word_1_425' title='bbox 958 395 1035 421; x_wconf 88' lang='lat' dir='ltr'>tores</span> <span class='ocrx_word' id='word_1_426' title='bbox 1046 394 1177 421; x_wconf 85' lang='lat' dir='ltr'>mulieris</span> <span class='ocrx_word' id='word_1_427' title='bbox 1192 401 1253 420; x_wconf 91' lang='lat' dir='ltr'>non</span> <span class='ocrx_word' id='word_1_428' title='bbox 1267 396 1492 428; x_wconf 76' lang='lat' dir='ltr'>perseverarunt</span> <span class='ocrx_word' id='word_1_429' title='bbox 1504 395 1534 421; x_wconf 91' lang='lat' dir='ltr'>in</span> <span class='ocrx_word' id='word_1_430' title='bbox 1550 396 1730 431; x_wconf 84' lang='lat' dir='ltr'>accusando,</span> 
     </span>
     <span class='ocr_line' id='line_1_60' title="bbox 959 440 1730 469; baseline 0.004 -3"><span class='ocrx_word' id='word_1_431' title='bbox 959 442 987 467; x_wconf 85' lang='lat' dir='ltr'>et</span> <span class='ocrx_word' id='word_1_432' title='bbox 1001 440 1106 466; x_wconf 87' lang='lat' dir='ltr'>mulier</span> <span class='ocrx_word' id='word_1_433' title='bbox 1127 440 1190 467; x_wconf 89' lang='lat' dir='ltr'>sola</span> <span class='ocrx_word' id='word_1_434' title='bbox 1212 440 1352 466; x_wconf 78' lang='lat' dir='ltr'>remansit</span> <span class='ocrx_word' id='word_1_435' title='bbox 1376 440 1437 466; x_wconf 90' lang='grc'><strong>51116</strong></span> <span class='ocrx_word' id='word_1_436' title='bbox 1453 441 1574 467; x_wconf 83' lang='lat' dir='ltr'>testibus</span> <span class='ocrx_word' id='word_1_437' title='bbox 1590 442 1730 469; x_wconf 84' lang='lat' dir='ltr'>condem-</span> 
     </span>
     <span class='ocr_line' id='line_1_61' title="bbox 958 487 1732 522; baseline 0.001 -9"><span class='ocrx_word' id='word_1_438' title='bbox 958 487 1106 521; x_wconf 73' lang='lat' dir='ltr'>nantibuS,</span> <span class='ocrx_word' id='word_1_439' title='bbox 1123 489 1150 514; x_wconf 87' lang='lat' dir='ltr'>et</span> <span class='ocrx_word' id='word_1_440' title='bbox 1161 487 1300 514; x_wconf 87' lang='lat' dir='ltr'>Dominus</span> <span class='ocrx_word' id='word_1_441' title='bbox 1316 489 1376 514; x_wconf 87' lang='lat' dir='ltr'>erat</span> <span class='ocrx_word' id='word_1_442' title='bbox 1389 488 1490 514; x_wconf 82' lang='lat' dir='ltr'>auctor</span> <span class='ocrx_word' id='word_1_443' title='bbox 1504 487 1588 522; x_wconf 81' lang='lat' dir='ltr'>legis,</span> <span class='ocrx_word' id='word_1_444' title='bbox 1605 489 1632 514; x_wconf 91' lang='lat' dir='ltr'>et</span> <span class='ocrx_word' id='word_1_445' title='bbox 1643 496 1732 522; x_wconf 85' lang='lat' dir='ltr'>supra</span> 
     </span>
     <span class='ocr_line' id='line_1_62' title="bbox 958 533 1731 570; baseline 0.001 -10"><span class='ocrx_word' id='word_1_446' title='bbox 958 533 1065 568; x_wconf 83' lang='lat' dir='ltr'>legem,</span> <span class='ocrx_word' id='word_1_447' title='bbox 1078 533 1145 560; x_wconf 88' lang='lat' dir='ltr'>ideo</span> <span class='ocrx_word' id='word_1_448' title='bbox 1175 534 1303 560; x_wconf 84' lang='lat' dir='ltr'>absolvit</span> <span class='ocrx_word' id='word_1_449' title='bbox 1331 542 1406 560; x_wconf 48' lang='lat' dir='ltr'>eam.</span> <span class='ocrx_word' id='word_1_450' title='bbox 1431 534 1512 561; x_wconf 86' lang='lat' dir='ltr'>Prius</span> <span class='ocrx_word' id='word_1_451' title='bbox 1531 534 1609 561; x_wconf 88' lang='lat' dir='ltr'>enim</span> <span class='ocrx_word' id='word_1_452' title='bbox 1624 535 1731 570; x_wconf 88' lang='lat' dir='ltr'>repulit</span> 
     </span>
     <span class='ocr_line' id='line_1_63' title="bbox 959 579 1732 614; baseline 0.003 -8"><span class='ocrx_word' id='word_1_453' title='bbox 959 588 1009 607; x_wconf 89' lang='grc'>605</span> <span class='ocrx_word' id='word_1_454' title='bbox 1024 588 1077 606; x_wconf 89' lang='lat' dir='ltr'>sua</span> <span class='ocrx_word' id='word_1_455' title='bbox 1087 579 1206 614; x_wconf 88' lang='lat' dir='ltr'>justitia,</span> <span class='ocrx_word' id='word_1_456' title='bbox 1225 581 1252 606; x_wconf 88' lang='lat' dir='ltr'>et</span> <span class='ocrx_word' id='word_1_457' title='bbox 1267 579 1373 606; x_wconf 88' lang='lat' dir='ltr'>deinde</span> <span class='ocrx_word' id='word_1_458' title='bbox 1391 580 1517 607; x_wconf 85' lang='lat' dir='ltr'>absolvit</span> <span class='ocrx_word' id='word_1_459' title='bbox 1531 589 1596 607; x_wconf 90' lang='lat' dir='ltr'>eam</span> <span class='ocrx_word' id='word_1_460' title='bbox 1612 589 1665 608; x_wconf 85' lang='lat' dir='ltr'>sua</span> <span class='ocrx_word' id='word_1_461' title='bbox 1678 581 1732 608; x_wconf 88' lang='lat' dir='ltr'>mi-</span> 
     </span>
     <span class='ocr_line' id='line_1_64' title="bbox 958 625 1732 662; baseline 0.003 -10"><span class='ocrx_word' id='word_1_462' title='bbox 958 625 1126 652; x_wconf 83' lang='lat' dir='ltr'>sericordia.</span> <span class='ocrx_word' id='word_1_463' title='bbox 1152 625 1233 653; x_wconf 91' lang='lat' dir='ltr'>Unde</span> <span class='ocrx_word' id='word_1_464' title='bbox 1263 628 1290 652; x_wconf 91' lang='lat' dir='ltr'>et</span> <span class='ocrx_word' id='word_1_465' title='bbox 1318 626 1395 652; x_wconf 87' lang='lat' dir='ltr'>istud</span> <span class='ocrx_word' id='word_1_466' title='bbox 1416 627 1609 661; x_wconf 85' lang='lat' dir='ltr'>Evangelium</span> <span class='ocrx_word' id='word_1_467' title='bbox 1624 627 1732 662; x_wconf 86' lang='lat' dir='ltr'>legitur</span> 
     </span>
     <span class='ocr_line' id='line_1_65' title="bbox 958 672 1732 707; baseline 0.003 -8"><span class='ocrx_word' id='word_1_468' title='bbox 958 680 1026 699; x_wconf 91' lang='lat' dir='ltr'>cum</span> <span class='ocrx_word' id='word_1_469' title='bbox 1040 672 1164 707; x_wconf 81' lang='lat' dir='ltr'>epistola</span> <span class='ocrx_word' id='word_1_470' title='bbox 1178 672 1215 699; x_wconf 89' lang='lat' dir='ltr'>de</span> <span class='ocrx_word' id='word_1_471' title='bbox 1226 672 1400 700; x_wconf 82' lang='lat' dir='ltr'>liberatione</span> <span class='ocrx_word' id='word_1_472' title='bbox 1416 675 1553 701; x_wconf 75' lang='lat' dir='ltr'>Susannffl</span> <span class='ocrx_word' id='word_1_473' title='bbox 1564 675 1584 701; x_wconf 80' lang='lat'>³.</span> <span class='ocrx_word' id='word_1_474' title='bbox 1596 675 1639 701; x_wconf 79' lang='lat' dir='ltr'>Ad</span> <span class='ocrx_word' id='word_1_475' title='bbox 1650 674 1732 701; x_wconf 89' lang='lat' dir='ltr'>aliud</span> 
     </span>
     <span class='ocr_line' id='line_1_66' title="bbox 958 719 1730 755; baseline 0.003 -10"><span class='ocrx_word' id='word_1_476' title='bbox 958 719 1200 753; x_wconf 87' lang='lat' dir='ltr'>respondendum</span> <span class='ocrx_word' id='word_1_477' title='bbox 1220 721 1279 751; x_wconf 88' lang='lat' dir='ltr'>est,</span> <span class='ocrx_word' id='word_1_478' title='bbox 1304 719 1387 754; x_wconf 85' lang='lat' dir='ltr'>quod</span> <span class='ocrx_word' id='word_1_479' title='bbox 1414 723 1558 755; x_wconf 87' lang='lat' dir='ltr'>quantum</span> <span class='ocrx_word' id='word_1_480' title='bbox 1574 722 1615 747; x_wconf 86' lang='lat' dir='ltr'>est</span> <span class='ocrx_word' id='word_1_481' title='bbox 1629 721 1666 747; x_wconf 91' lang='lat' dir='ltr'>de</span> <span class='ocrx_word' id='word_1_482' title='bbox 1682 729 1730 748; x_wconf 90' lang='lat'>01·-</span> 
     </span>
     <span class='ocr_line' id='line_1_67' title="bbox 960 764 1731 800; baseline 0.004 -9"><span class='ocrx_word' id='word_1_483' title='bbox 960 765 1028 792; x_wconf 88' lang='lat' dir='ltr'>dine</span> <span class='ocrx_word' id='word_1_484' title='bbox 1047 764 1179 799; x_wconf 77' lang='lat' dir='ltr'>justitiae,</span> <span class='ocrx_word' id='word_1_485' title='bbox 1192 773 1252 791; x_wconf 90' lang='lat' dir='ltr'>non</span> <span class='ocrx_word' id='word_1_486' title='bbox 1267 767 1334 792; x_wconf 85' lang='lat' dir='ltr'>sunt</span> <span class='ocrx_word' id='word_1_487' title='bbox 1348 765 1430 799; x_wconf 80' lang='lat' dir='ltr'>digni</span> <span class='ocrx_word' id='word_1_488' title='bbox 1445 766 1550 800; x_wconf 88' lang='lat' dir='ltr'>punire</span> <span class='ocrx_word' id='word_1_489' title='bbox 1571 767 1619 793; x_wconf 88' lang='lat' dir='ltr'>vel</span> <span class='ocrx_word' id='word_1_490' title='bbox 1646 775 1731 794; x_wconf 81' lang='lat' dir='ltr'>accu-</span> 
     </span>
     <span class='ocr_line' id='line_1_68' title="bbox 959 811 1731 847; baseline 0.004 -10"><span class='ocrx_word' id='word_1_491' title='bbox 959 818 1038 844; x_wconf 88' lang='lat' dir='ltr'>sare,</span> <span class='ocrx_word' id='word_1_492' title='bbox 1070 811 1120 846; x_wconf 88' lang='lat' dir='ltr'>qui</span> <span class='ocrx_word' id='word_1_493' title='bbox 1148 813 1215 837; x_wconf 87' lang='lat' dir='ltr'>sunt</span> <span class='ocrx_word' id='word_1_494' title='bbox 1240 811 1270 837; x_wconf 90' lang='lat' dir='ltr'>in</span> <span class='ocrx_word' id='word_1_495' title='bbox 1293 814 1414 846; x_wconf 87' lang='lat' dir='ltr'>peccato</span> <span class='ocrx_word' id='word_1_496' title='bbox 1431 820 1440 838; x_wconf 89' lang='lat'>.·</span> <span class='ocrx_word' id='word_1_497' title='bbox 1455 812 1583 839; x_wconf 85' lang='lat' dir='ltr'>maxime</span> <span class='ocrx_word' id='word_1_498' title='bbox 1610 813 1731 847; x_wconf 83' lang='lat' dir='ltr'>quando</span> 
     </span>
     <span class='ocr_line' id='line_1_69' title="bbox 958 857 1732 892; baseline 0.001 -8"><span class='ocrx_word' id='word_1_499' title='bbox 958 859 1111 892; x_wconf 87' lang='lat' dir='ltr'>peccatum</span> <span class='ocrx_word' id='word_1_500' title='bbox 1137 859 1178 883; x_wconf 87' lang='lat' dir='ltr'>est</span> <span class='ocrx_word' id='word_1_501' title='bbox 1197 857 1346 884; x_wconf 88' lang='lat' dir='ltr'>notorium</span> <span class='ocrx_word' id='word_1_502' title='bbox 1363 866 1369 883; x_wconf 76' lang='grc' dir='ltr'>ε</span> <span class='ocrx_word' id='word_1_503' title='bbox 1387 858 1456 892; x_wconf 89' lang='lat' dir='ltr'>quia</span> <span class='ocrx_word' id='word_1_504' title='bbox 1485 860 1553 884; x_wconf 90' lang='lat' dir='ltr'>tunc</span> <span class='ocrx_word' id='word_1_505' title='bbox 1566 858 1732 892; x_wconf 85' lang='lat' dir='ltr'>judicantes</span> 
     </span>
     <span class='ocr_line' id='line_1_70' title="bbox 959 903 1732 940; baseline 0.001 -10"><span class='ocrx_word' id='word_1_506' title='bbox 959 905 987 930; x_wconf 89' lang='lat' dir='ltr'>et</span> <span class='ocrx_word' id='word_1_507' title='bbox 1001 905 1167 930; x_wconf 83' lang='lat' dir='ltr'>accusantes</span> <span class='ocrx_word' id='word_1_508' title='bbox 1192 903 1401 930; x_wconf 79' lang='lat' dir='ltr'>scandalizant.</span> <span class='ocrx_word' id='word_1_509' title='bbox 1428 904 1552 936; x_wconf 80' lang='lat' dir='ltr'>Quando</span> <span class='ocrx_word' id='word_1_510' title='bbox 1572 912 1644 931; x_wconf 87' lang='lat' dir='ltr'>vero</span> <span class='ocrx_word' id='word_1_511' title='bbox 1666 913 1732 940; x_wconf 88' lang='lat' dir='ltr'>pec-</span> 
     </span>
     <span class='ocr_line' id='line_1_71' title="bbox 960 949 1732 984; baseline 0.003 -8"><span class='ocrx_word' id='word_1_512' title='bbox 960 952 1057 977; x_wconf 88' lang='lat' dir='ltr'>eatum</span> <span class='ocrx_word' id='word_1_513' title='bbox 1073 951 1115 976; x_wconf 89' lang='lat' dir='ltr'>est</span> <span class='ocrx_word' id='word_1_514' title='bbox 1138 949 1302 983; x_wconf 86' lang='lat' dir='ltr'>occultum,</span> <span class='ocrx_word' id='word_1_515' title='bbox 1318 952 1386 976; x_wconf 86' lang='lat' dir='ltr'>tunc</span> <span class='ocrx_word' id='word_1_516' title='bbox 1410 951 1512 984; x_wconf 85' lang='lat' dir='ltr'>peccat</span> <span class='ocrx_word' id='word_1_517' title='bbox 1533 950 1669 984; x_wconf 86' lang='lat' dir='ltr'>judicans</span> <span class='ocrx_word' id='word_1_518' title='bbox 1685 951 1732 978; x_wconf 87' lang='lat' dir='ltr'>vel</span> 
     </span>
     <span class='ocr_line' id='line_1_72' title="bbox 960 996 1730 1031; baseline 0.001 -9"><span class='ocrx_word' id='word_1_519' title='bbox 960 1004 1110 1030; x_wconf 80' lang='lat' dir='ltr'>accusans,</span> <span class='ocrx_word' id='word_1_520' title='bbox 1127 1004 1162 1023; x_wconf 88' lang='lat' dir='ltr'>eo</span> <span class='ocrx_word' id='word_1_521' title='bbox 1176 996 1259 1031; x_wconf 88' lang='lat' dir='ltr'>quod</span> <span class='ocrx_word' id='word_1_522' title='bbox 1274 996 1424 1030; x_wconf 80' lang='lat' dir='ltr'>cognoscit</span> <span class='ocrx_word' id='word_1_523' title='bbox 1439 1004 1468 1023; x_wconf 88' lang='lat' dir='ltr'>se</span> <span class='ocrx_word' id='word_1_524' title='bbox 1484 1004 1544 1023; x_wconf 88' lang='lat' dir='ltr'>esse</span> <span class='ocrx_word' id='word_1_525' title='bbox 1555 996 1585 1022; x_wconf 94' lang='lat' dir='ltr'>in</span> <span class='ocrx_word' id='word_1_526' title='bbox 1600 998 1730 1031; x_wconf 89' lang='lat' dir='ltr'>peceato,</span> 
     </span>
     <span class='ocr_line' id='line_1_73' title="bbox 960 1043 1731 1079; baseline 0.001 -9"><span class='ocrx_word' id='word_1_527' title='bbox 960 1045 988 1070; x_wconf 87' lang='lat' dir='ltr'>et</span> <span class='ocrx_word' id='word_1_528' title='bbox 1002 1046 1099 1071; x_wconf 87' lang='lat' dir='ltr'>tamen</span> <span class='ocrx_word' id='word_1_529' title='bbox 1126 1051 1156 1070; x_wconf 91' lang='lat' dir='ltr'>se</span> <span class='ocrx_word' id='word_1_530' title='bbox 1184 1051 1245 1070; x_wconf 89' lang='lat' dir='ltr'>non</span> <span class='ocrx_word' id='word_1_531' title='bbox 1271 1045 1387 1078; x_wconf 83' lang='lat' dir='ltr'>purgat.</span> <span class='ocrx_word' id='word_1_532' title='bbox 1418 1045 1449 1070; x_wconf 88' lang='lat' dir='ltr'>Et</span> <span class='ocrx_word' id='word_1_533' title='bbox 1469 1043 1536 1070; x_wconf 85' lang='lat' dir='ltr'>ideo</span> <span class='ocrx_word' id='word_1_534' title='bbox 1566 1043 1731 1079; x_wconf 77' lang='lat' dir='ltr'>periculose</span> 
     </span>
     <span class='ocr_line' id='line_1_74' title="bbox 959 1089 1733 1124; baseline 0.001 -7"><span class='ocrx_word' id='word_1_535' title='bbox 959 1090 1069 1117; x_wconf 83' lang='lat' dir='ltr'>faciunt</span> <span class='ocrx_word' id='word_1_536' title='bbox 1084 1090 1155 1117; x_wconf 89' lang='lat' dir='ltr'>tales</span> <span class='ocrx_word' id='word_1_537' title='bbox 1174 1089 1289 1124; x_wconf 87' lang='lat' dir='ltr'>judices</span> <span class='ocrx_word' id='word_1_538' title='bbox 1309 1090 1349 1117; x_wconf 91' lang='grc'>516</span> <span class='ocrx_word' id='word_1_539' title='bbox 1362 1090 1545 1124; x_wconf 85' lang='lat' dir='ltr'>judicantes,</span> <span class='ocrx_word' id='word_1_540' title='bbox 1560 1098 1626 1117; x_wconf 87' lang='lat' dir='ltr'>cum</span> <span class='ocrx_word' id='word_1_541' title='bbox 1641 1091 1733 1118; x_wconf 86' lang='lat' dir='ltr'>sciant</span> 
     </span>
     <span class='ocr_line' id='line_1_75' title="bbox 960 1137 1257 1171; baseline 0 -8"><span class='ocrx_word' id='word_1_542' title='bbox 960 1144 989 1163; x_wconf 95' lang='grc'>56</span> <span class='ocrx_word' id='word_1_543' title='bbox 1004 1145 1065 1163; x_wconf 86' lang='grc'><strong>6556</strong></span> <span class='ocrx_word' id='word_1_544' title='bbox 1080 1137 1110 1163; x_wconf 86' lang='grc'>111</span> <span class='ocrx_word' id='word_1_545' title='bbox 1124 1137 1257 1171; x_wconf 86' lang='lat' dir='ltr'>peccato.</span> 
     </span>
    </p>

    <p class='ocr_par' dir='ltr' id='par_1_7' title="bbox 959 1184 1733 1447">
     <span class='ocr_line' id='line_1_76' title="bbox 995 1184 1733 1219; baseline -0.001 -8"><span class='ocrx_word' id='word_1_546' title='bbox 995 1185 1021 1211; x_wconf 81' lang='lat'>8.</span> <span class='ocrx_word' id='word_1_547' title='bbox 1038 1186 1068 1211; x_wconf 88' lang='lat' dir='ltr'>Et</span> <span class='ocrx_word' id='word_1_548' title='bbox 1082 1184 1212 1219; x_wconf 84' lang='lat' dir='ltr'>sequitur</span> <span class='ocrx_word' id='word_1_549' title='bbox 1228 1193 1234 1208; x_wconf 90' lang='lat'>:</span> <span class='ocrx_word' id='word_1_550' title='bbox 1255 1184 1291 1209; x_wconf 78' lang='lat' dir='ltr'>Et</span> <span class='ocrx_word' id='word_1_551' title='bbox 1309 1184 1406 1210; x_wconf 75' lang='lat' dir='ltr'>iterum</span> <span class='ocrx_word' id='word_1_552' title='bbox 1425 1191 1451 1209; x_wconf 86' lang='lat' dir='ltr'>se</span> <span class='ocrx_word' id='word_1_553' title='bbox 1467 1184 1618 1216; x_wconf 70' lang='lat' dir='ltr'>inclinans,</span> <span class='ocrx_word' id='word_1_554' title='bbox 1634 1184 1733 1210; x_wconf 77' lang='lat' dir='ltr'>scribe-</span> 
     </span>
     <span class='ocr_line' id='line_1_77' title="bbox 959 1229 1733 1265; baseline 0 -8"><span class='ocrx_word' id='word_1_555' title='bbox 959 1231 1004 1257; x_wconf 84' lang='lat' dir='ltr'>bat</span> <span class='ocrx_word' id='word_1_556' title='bbox 1018 1232 1048 1256; x_wconf 76' lang='lat' dir='ltr'>itt</span> <span class='ocrx_word' id='word_1_557' title='bbox 1062 1234 1143 1257; x_wconf 72' lang='lat' dir='ltr'>terra.</span> <span class='ocrx_word' id='word_1_558' title='bbox 1158 1230 1213 1257; x_wconf 89' lang='lat' dir='ltr'>Sed</span> <span class='ocrx_word' id='word_1_559' title='bbox 1229 1229 1376 1265; x_wconf 69' lang='lat' dir='ltr'>quaeritur,</span> <span class='ocrx_word' id='word_1_560' title='bbox 1393 1237 1484 1264; x_wconf 83' lang='lat' dir='ltr'>quare</span> <span class='ocrx_word' id='word_1_561' title='bbox 1499 1229 1604 1256; x_wconf 82' lang='lat' dir='ltr'>iterum</span> <span class='ocrx_word' id='word_1_562' title='bbox 1619 1230 1733 1264; x_wconf 85' lang='lat' dir='ltr'>scripsit</span> 
     </span>
     <span class='ocr_line' id='line_1_78' title="bbox 959 1275 1732 1310; baseline -0.001 -6"><span class='ocrx_word' id='word_1_563' title='bbox 959 1277 988 1304; x_wconf 92' lang='lat' dir='ltr'>in</span> <span class='ocrx_word' id='word_1_564' title='bbox 1005 1278 1094 1309; x_wconf 79' lang='lat' dir='ltr'>terra3</span> <span class='ocrx_word' id='word_1_565' title='bbox 1111 1276 1226 1302; x_wconf 84' lang='lat' dir='ltr'>videtur</span> <span class='ocrx_word' id='word_1_566' title='bbox 1242 1275 1323 1310; x_wconf 88' lang='lat' dir='ltr'>quod</span> <span class='ocrx_word' id='word_1_567' title='bbox 1337 1276 1493 1310; x_wconf 84' lang='lat' dir='ltr'>superflue.</span> <span class='ocrx_word' id='word_1_568' title='bbox 1517 1277 1548 1302; x_wconf 86' lang='lat' dir='ltr'>Et</span> <span class='ocrx_word' id='word_1_569' title='bbox 1563 1276 1601 1302; x_wconf 83' lang='lat' dir='ltr'>ad</span> <span class='ocrx_word' id='word_1_570' title='bbox 1616 1276 1672 1303; x_wconf 90' lang='lat' dir='ltr'>hoc</span> <span class='ocrx_word' id='word_1_571' title='bbox 1687 1285 1732 1303; x_wconf 86' lang='lat' dir='ltr'>re-</span> 
     </span>
     <span class='ocr_line' id='line_1_79' title="bbox 960 1321 1731 1358; baseline 0 -9"><span class='ocrx_word' id='word_1_572' title='bbox 960 1322 1086 1358; x_wconf 87' lang='lat' dir='ltr'>spondet</span> <span class='ocrx_word' id='word_1_573' title='bbox 1100 1322 1217 1355; x_wconf 84' lang='lat' dir='ltr'>Glossa,</span> <span class='ocrx_word' id='word_1_574' title='bbox 1232 1321 1314 1356; x_wconf 88' lang='lat' dir='ltr'>quod</span> <span class='ocrx_word' id='word_1_575' title='bbox 1331 1330 1366 1347; x_wconf 83' lang='lat' dir='ltr'>ex</span> <span class='ocrx_word' id='word_1_576' title='bbox 1382 1329 1464 1348; x_wconf 85' lang='lat' dir='ltr'>more</span> <span class='ocrx_word' id='word_1_577' title='bbox 1484 1321 1599 1348; x_wconf 89' lang='lat' dir='ltr'>vultum</span> <span class='ocrx_word' id='word_1_578' title='bbox 1613 1322 1731 1355; x_wconf 85' lang='lat' dir='ltr'>avertit,</span> 
     </span>
     <span class='ocr_line' id='line_1_80' title="bbox 959 1367 1731 1403; baseline 0 -8"><span class='ocrx_word' id='word_1_579' title='bbox 959 1369 1006 1396; x_wconf 84' lang='lat' dir='ltr'>vel</span> <span class='ocrx_word' id='word_1_580' title='bbox 1026 1371 1058 1395; x_wconf 89' lang='lat' dir='ltr'>ut</span> <span class='ocrx_word' id='word_1_581' title='bbox 1079 1368 1206 1395; x_wconf 85' lang='lat' dir='ltr'>liberum</span> <span class='ocrx_word' id='word_1_582' title='bbox 1222 1370 1294 1394; x_wconf 88' lang='lat' dir='ltr'>esset</span> <span class='ocrx_word' id='word_1_583' title='bbox 1309 1367 1387 1395; x_wconf 81' lang='lat' dir='ltr'>exire</span> <span class='ocrx_word' id='word_1_584' title='bbox 1403 1367 1469 1394; x_wconf 89' lang='lat' dir='ltr'>illis.</span> <span class='ocrx_word' id='word_1_585' title='bbox 1485 1369 1514 1394; x_wconf 88' lang='lat' dir='ltr'>Et</span> <span class='ocrx_word' id='word_1_586' title='bbox 1529 1376 1564 1395; x_wconf 81' lang='grc'>611</span> <span class='ocrx_word' id='word_1_587' title='bbox 1582 1368 1613 1403; x_wconf 82' lang='lat' dir='ltr'>(c)</span> <span class='ocrx_word' id='word_1_588' title='bbox 1629 1368 1685 1395; x_wconf 89' lang='lat' dir='ltr'>hoe</span> <span class='ocrx_word' id='word_1_589' title='bbox 1701 1369 1731 1395; x_wconf 92' lang='lat' dir='ltr'>in</span> 
     </span>
     <span class='ocr_line' id='line_1_81' title="bbox 960 1414 1388 1447; baseline -0.002 -6"><span class='ocrx_word' id='word_1_590' title='bbox 960 1415 1074 1447; x_wconf 82' lang='lat' dir='ltr'>Glossa,</span> <span class='ocrx_word' id='word_1_591' title='bbox 1091 1417 1118 1442; x_wconf 89' lang='lat' dir='ltr'>et</span> <span class='ocrx_word' id='word_1_592' title='bbox 1132 1414 1285 1442; x_wconf 85' lang='lat' dir='ltr'>Anselmus</span> <span class='ocrx_word' id='word_1_593' title='bbox 1300 1414 1388 1440; x_wconf 88' lang='lat' dir='ltr'>idem.</span> 
     </span>
    </p>

    <p class='ocr_par' dir='ltr' id='par_1_8' title="bbox 953 1460 1732 2511">
     <span class='ocr_line' id='line_1_82' title="bbox 994 1460 1732 1496; baseline 0 -8"><span class='ocrx_word' id='word_1_594' title='bbox 994 1464 1021 1489; x_wconf 82' lang='lat'>9.</span> <span class='ocrx_word' id='word_1_595' title='bbox 1036 1463 1067 1488; x_wconf 89' lang='lat' dir='ltr'>Et</span> <span class='ocrx_word' id='word_1_596' title='bbox 1081 1461 1211 1495; x_wconf 81' lang='lat' dir='ltr'>sequitur</span> <span class='ocrx_word' id='word_1_597' title='bbox 1226 1460 1308 1487; x_wconf 87' lang='lat' dir='ltr'>tertia</span> <span class='ocrx_word' id='word_1_598' title='bbox 1320 1460 1474 1496; x_wconf 86' lang='lat' dir='ltr'>particula,</span> <span class='ocrx_word' id='word_1_599' title='bbox 1491 1460 1521 1486; x_wconf 90' lang='lat' dir='ltr'>in</span> <span class='ocrx_word' id='word_1_600' title='bbox 1536 1467 1595 1495; x_wconf 87' lang='lat' dir='ltr'>qua</span> <span class='ocrx_word' id='word_1_601' title='bbox 1610 1468 1646 1487; x_wconf 77' lang='lat' dir='ltr'>ex</span> <span class='ocrx_word' id='word_1_602' title='bbox 1662 1468 1732 1488; x_wconf 90' lang='lat' dir='ltr'>con-</span> 
     </span>
     <span class='ocr_line' id='line_1_83' title="bbox 958 1507 1729 1541; baseline 0 -7"><span class='ocrx_word' id='word_1_603' title='bbox 958 1507 1073 1534; x_wconf 82' lang='lat' dir='ltr'>fusione</span> <span class='ocrx_word' id='word_1_604' title='bbox 1085 1515 1187 1534; x_wconf 87' lang='lat' dir='ltr'>eorum</span> <span class='ocrx_word' id='word_1_605' title='bbox 1203 1514 1336 1541; x_wconf 79' lang='lat' dir='ltr'>egressus</span> <span class='ocrx_word' id='word_1_606' title='bbox 1347 1509 1481 1533; x_wconf 83' lang='lat' dir='ltr'>narratur</span> <span class='ocrx_word' id='word_1_607' title='bbox 1494 1515 1499 1532; x_wconf 92' lang='lat'>:</span> <span class='ocrx_word' id='word_1_608' title='bbox 1516 1507 1664 1533; x_wconf 79' lang='lat' dir='ltr'>Audz‘entes</span> <span class='ocrx_word' id='word_1_609' title='bbox 1679 1516 1729 1534; x_wconf 82' lang='lat' dir='ltr'>au-</span> 
     </span>
     <span class='ocr_line' id='line_1_84' title="bbox 960 1552 1728 1587; baseline 0.003 -8"><span class='ocrx_word' id='word_1_610' title='bbox 960 1556 1022 1586; x_wconf 78' lang='lat' dir='ltr'>tem,</span> <span class='ocrx_word' id='word_1_611' title='bbox 1038 1561 1106 1580; x_wconf 78' lang='lat' dir='ltr'>uuus</span> <span class='ocrx_word' id='word_1_612' title='bbox 1118 1556 1179 1587; x_wconf 81' lang='lat' dir='ltr'>post</span> <span class='ocrx_word' id='word_1_613' title='bbox 1195 1554 1278 1579; x_wconf 72' lang='lat' dir='ltr'>aliztm</span> <span class='ocrx_word' id='word_1_614' title='bbox 1293 1553 1411 1579; x_wconf 74' lang='lat' dir='ltr'>eoeibcmt.</span> <span class='ocrx_word' id='word_1_615' title='bbox 1421 1554 1453 1580; x_wconf 89' lang='lat' dir='ltr'>Ut</span> <span class='ocrx_word' id='word_1_616' title='bbox 1467 1552 1506 1579; x_wconf 86' lang='lat' dir='ltr'>ait</span> <span class='ocrx_word' id='word_1_617' title='bbox 1518 1553 1728 1586; x_wconf 66' lang='lat' dir='ltr'>Augustinus⁴z</span> 
     </span>
     <span class='ocr_line' id='line_1_85' title="bbox 962 1599 1732 1634; baseline -0.001 -8"><span class='ocrx_word' id='word_1_618' title='bbox 962 1610 974 1623; x_wconf 59' lang='grc' dir='ltr'>ι(</span> <span class='ocrx_word' id='word_1_619' title='bbox 990 1600 1062 1632; x_wconf 79' lang='lat' dir='ltr'>Quia</span> <span class='ocrx_word' id='word_1_620' title='bbox 1074 1599 1184 1634; x_wconf 81' lang='lat' dir='ltr'>justitia</span> <span class='ocrx_word' id='word_1_621' title='bbox 1198 1600 1342 1634; x_wconf 85' lang='lat' dir='ltr'>tanquam</span> <span class='ocrx_word' id='word_1_622' title='bbox 1358 1599 1414 1626; x_wconf 89' lang='lat' dir='ltr'>telo</span> <span class='ocrx_word' id='word_1_623' title='bbox 1431 1607 1585 1634; x_wconf 86' lang='lat' dir='ltr'>percussos</span> <span class='ocrx_word' id='word_1_624' title='bbox 1599 1607 1629 1626; x_wconf 85' lang='lat' dir='ltr'>se</span> <span class='ocrx_word' id='word_1_625' title='bbox 1644 1599 1732 1634; x_wconf 88' lang='lat' dir='ltr'>inspi-</span> 
     </span>
     <span class='ocr_line' id='line_1_86' title="bbox 959 1646 1727 1681; baseline -0.001 -9"><span class='ocrx_word' id='word_1_626' title='bbox 959 1646 1080 1679; x_wconf 88' lang='lat' dir='ltr'>cientes,</span> <span class='ocrx_word' id='word_1_627' title='bbox 1096 1654 1170 1672; x_wconf 90' lang='lat' dir='ltr'>unus</span> <span class='ocrx_word' id='word_1_628' title='bbox 1190 1647 1256 1681; x_wconf 86' lang='lat' dir='ltr'>post</span> <span class='ocrx_word' id='word_1_629' title='bbox 1271 1653 1363 1672; x_wconf 92' lang='lat' dir='ltr'>unum</span> <span class='ocrx_word' id='word_1_630' title='bbox 1385 1653 1487 1672; x_wconf 89' lang='lat' dir='ltr'>omncs</span> <span class='ocrx_word' id='word_1_631' title='bbox 1502 1648 1698 1680; x_wconf 85' lang='lat' dir='ltr'>recesserunt,</span> <span class='ocrx_word' id='word_1_632' title='bbox 1714 1656 1727 1671; x_wconf 71' lang='grc' dir='ltr'>ιι</span> 
     </span>
     <span class='ocr_line' id='line_1_87' title="bbox 958 1691 1730 1727; baseline 0.001 -9"><span class='ocrx_word' id='word_1_633' title='bbox 958 1700 1018 1718; x_wconf 88' lang='grc'><strong>11011</strong></span> <span class='ocrx_word' id='word_1_634' title='bbox 1040 1692 1182 1725; x_wconf 76' lang='lat' dir='ltr'>valentes,</span> <span class='ocrx_word' id='word_1_635' title='bbox 1206 1700 1260 1719; x_wconf 90' lang='lat' dir='ltr'>nec</span> <span class='ocrx_word' id='word_1_636' title='bbox 1283 1692 1404 1718; x_wconf 86' lang='lat' dir='ltr'>scientes</span> <span class='ocrx_word' id='word_1_637' title='bbox 1427 1691 1558 1718; x_wconf 82' lang='lat' dir='ltr'>resistere</span> <span class='ocrx_word' id='word_1_638' title='bbox 1586 1692 1730 1727; x_wconf 80' lang='lat' dir='ltr'>praedictae</span> 
     </span>
     <span class='ocr_line' id='line_1_88' title="bbox 957 1738 1729 1772; baseline 0.001 -8"><span class='ocrx_word' id='word_1_639' title='bbox 957 1738 1054 1765; x_wconf 88' lang='lat' dir='ltr'>veraci</span> <span class='ocrx_word' id='word_1_640' title='bbox 1070 1738 1225 1765; x_wconf 68' lang='lat' dir='ltr'>sententiae.</span> <span class='ocrx_word' id='word_1_641' title='bbox 1241 1739 1402 1772; x_wconf 72' lang='lat' dir='ltr'>Incipientes</span> <span class='ocrx_word' id='word_1_642' title='bbox 1418 1746 1434 1764; x_wconf 89' lang='grc' dir='ltr'><em>α</em></span> <span class='ocrx_word' id='word_1_643' title='bbox 1448 1739 1616 1764; x_wconf 70' lang='lat' dir='ltr'>senioribus:</span> <span class='ocrx_word' id='word_1_644' title='bbox 1631 1740 1659 1765; x_wconf 90' lang='lat' dir='ltr'>et</span> <span class='ocrx_word' id='word_1_645' title='bbox 1673 1738 1729 1765; x_wconf 87' lang='lat' dir='ltr'>hoe</span> 
     </span>
     <span class='ocr_line' id='line_1_89' title="bbox 957 1783 1729 1819; baseline 0.001 -9"><span class='ocrx_word' id='word_1_646' title='bbox 957 1784 1076 1817; x_wconf 86' lang='lat' dir='ltr'>merito,</span> <span class='ocrx_word' id='word_1_647' title='bbox 1093 1784 1163 1819; x_wconf 86' lang='lat' dir='ltr'>quia</span> <span class='ocrx_word' id='word_1_648' title='bbox 1182 1783 1226 1810; x_wconf 90' lang='lat' dir='ltr'>illi</span> <span class='ocrx_word' id='word_1_649' title='bbox 1248 1786 1329 1811; x_wconf 88' lang='lat' dir='ltr'>erant</span> <span class='ocrx_word' id='word_1_650' title='bbox 1349 1784 1437 1818; x_wconf 87' lang='lat' dir='ltr'>primi</span> <span class='ocrx_word' id='word_1_651' title='bbox 1451 1783 1481 1810; x_wconf 84' lang='grc'>111</span> <span class='ocrx_word' id='word_1_652' title='bbox 1496 1784 1624 1818; x_wconf 58' lang='grc'><strong>56616116,</strong></span> <span class='ocrx_word' id='word_1_653' title='bbox 1645 1786 1676 1811; x_wconf 82' lang='grc'>111</span> <span class='ocrx_word' id='word_1_654' title='bbox 1692 1785 1729 1811; x_wconf 88' lang='grc'>(16</span> 
     </span>
     <span class='ocr_line' id='line_1_90' title="bbox 958 1829 1727 1864; baseline 0 -7"><span class='ocrx_word' id='word_1_655' title='bbox 958 1831 997 1857; x_wconf 86' lang='grc'>615</span> <span class='ocrx_word' id='word_1_656' title='bbox 1012 1830 1178 1857; x_wconf 82' lang='lat' dir='ltr'>verificetur</span> <span class='ocrx_word' id='word_1_657' title='bbox 1191 1829 1266 1856; x_wconf 91' lang='lat' dir='ltr'>illud</span> <span class='ocrx_word' id='word_1_658' title='bbox 1281 1831 1402 1856; x_wconf 76' lang='lat' dir='ltr'>Danielis</span> <span class='ocrx_word' id='word_1_659' title='bbox 1414 1831 1423 1845; x_wconf 60' lang='lat' dir='ltr'>a</span> <span class='ocrx_word' id='word_1_660' title='bbox 1435 1838 1442 1856; x_wconf 92' lang='lat'>:</span> <span class='ocrx_word' id='word_1_661' title='bbox 1463 1839 1475 1853; x_wconf 76' lang='grc' dir='ltr'>ι(</span> <span class='ocrx_word' id='word_1_662' title='bbox 1487 1831 1608 1864; x_wconf 85' lang='lat' dir='ltr'>Egressa</span> <span class='ocrx_word' id='word_1_663' title='bbox 1618 1833 1659 1857; x_wconf 88' lang='grc'>651</span> <span class='ocrx_word' id='word_1_664' title='bbox 1673 1831 1727 1857; x_wconf 86' lang='grc'><strong>1111-</strong></span> 
     </span>
     <span class='ocr_line' id='line_1_91' title="bbox 958 1876 1729 1912; baseline 0 -9"><span class='ocrx_word' id='word_1_665' title='bbox 958 1876 1052 1912; x_wconf 83' lang='lat' dir='ltr'>quitas</span> <span class='ocrx_word' id='word_1_666' title='bbox 1075 1884 1091 1903; x_wconf 84' lang='lat' dir='ltr'>a</span> <span class='ocrx_word' id='word_1_667' title='bbox 1116 1876 1280 1903; x_wconf 87' lang='lat' dir='ltr'>senioribus</span> <span class='ocrx_word' id='word_1_668' title='bbox 1302 1876 1395 1903; x_wconf 82' lang='lat' dir='ltr'>lsrael.</span> <span class='ocrx_word' id='word_1_669' title='bbox 1418 1885 1430 1901; x_wconf 67' lang='lat'>&gt;1</span> <span class='ocrx_word' id='word_1_670' title='bbox 1455 1876 1605 1903; x_wconf 83' lang='lat' dir='ltr'>Praemissa</span> <span class='ocrx_word' id='word_1_671' title='bbox 1630 1879 1729 1903; x_wconf 86' lang='lat' dir='ltr'>autem</span> 
     </span>
     <span class='ocr_line' id='line_1_92' title="bbox 957 1922 1727 1958; baseline 0 -9"><span class='ocrx_word' id='word_1_672' title='bbox 957 1923 1077 1958; x_wconf 82' lang='lat' dir='ltr'>exponit</span> <span class='ocrx_word' id='word_1_673' title='bbox 1100 1922 1254 1957; x_wconf 81' lang='lat' dir='ltr'>Gregorius</span> <span class='ocrx_word' id='word_1_674' title='bbox 1284 1922 1294 1938; x_wconf 78' lang='lat'><strong>⁶</strong></span> <span class='ocrx_word' id='word_1_675' title='bbox 1315 1930 1402 1956; x_wconf 86' lang='lat' dir='ltr'>super</span> <span class='ocrx_word' id='word_1_676' title='bbox 1423 1922 1499 1949; x_wconf 86' lang='lat' dir='ltr'>illud</span> <span class='ocrx_word' id='word_1_677' title='bbox 1519 1923 1576 1957; x_wconf 85' lang='lat' dir='ltr'>Job,</span> <span class='ocrx_word' id='word_1_678' title='bbox 1592 1923 1602 1939; x_wconf 87' lang='lat'><strong>⁷</strong></span> <span class='ocrx_word' id='word_1_679' title='bbox 1628 1931 1634 1949; x_wconf 90' lang='lat'>:</span> <span class='ocrx_word' id='word_1_680' title='bbox 1659 1924 1727 1949; x_wconf 80' lang='lat' dir='ltr'>Erat</span> 
     </span>
     <span class='ocr_line' id='line_1_93' title="bbox 956 1968 1726 2004; baseline 0 -9"><span class='ocrx_word' id='word_1_681' title='bbox 956 1970 1127 2004; x_wconf 74' lang='lat' dir='ltr'>virsimpleoe</span> <span class='ocrx_word' id='word_1_682' title='bbox 1148 1972 1173 1995; x_wconf 83' lang='lat' dir='ltr'>et</span> <span class='ocrx_word' id='word_1_683' title='bbox 1195 1971 1292 1995; x_wconf 81' lang='lat' dir='ltr'>rectus.</span> <span class='ocrx_word' id='word_1_684' title='bbox 1319 1978 1331 1993; x_wconf 88' lang='lat'>«</span> <span class='ocrx_word' id='word_1_685' title='bbox 1346 1968 1379 1994; x_wconf 91' lang='grc'>111</span> <span class='ocrx_word' id='word_1_686' title='bbox 1400 1968 1588 2002; x_wconf 84' lang='lat' dir='ltr'>rectitudine,</span> <span class='ocrx_word' id='word_1_687' title='bbox 1614 1968 1726 2004; x_wconf 87' lang='lat' dir='ltr'>inquit,</span> 
     </span>
     <span class='ocr_line' id='line_1_94' title="bbox 953 2014 1727 2050; baseline 0.003 -9"><span class='ocrx_word' id='word_1_688' title='bbox 953 2015 1081 2050; x_wconf 76' lang='lat' dir='ltr'>Justitia3</span> <span class='ocrx_word' id='word_1_689' title='bbox 1099 2015 1127 2041; x_wconf 92' lang='lat' dir='ltr'>in</span> <span class='ocrx_word' id='word_1_690' title='bbox 1142 2014 1326 2050; x_wconf 88' lang='lat' dir='ltr'>simplicitate</span> <span class='ocrx_word' id='word_1_691' title='bbox 1341 2015 1548 2042; x_wconf 82' lang='lat' dir='ltr'>mansuetudo.</span> <span class='ocrx_word' id='word_1_692' title='bbox 1566 2015 1610 2043; x_wconf 87' lang='lat' dir='ltr'>Sic</span> <span class='ocrx_word' id='word_1_693' title='bbox 1625 2018 1652 2043; x_wconf 89' lang='grc'>61</span> <span class='ocrx_word' id='word_1_694' title='bbox 1666 2016 1727 2043; x_wconf 82' lang='lat' dir='ltr'>Sal-</span> 
     </span>
     <span class='ocr_line' id='line_1_95' title="bbox 955 2061 1725 2096; baseline 0 -8"><span class='ocrx_word' id='word_1_695' title='bbox 955 2064 1038 2089; x_wconf 83' lang='lat' dir='ltr'>vator</span> <span class='ocrx_word' id='word_1_696' title='bbox 1052 2061 1098 2088; x_wconf 88' lang='lat' dir='ltr'>hic</span> <span class='ocrx_word' id='word_1_697' title='bbox 1115 2061 1241 2088; x_wconf 86' lang='lat' dir='ltr'>ostendit</span> <span class='ocrx_word' id='word_1_698' title='bbox 1252 2061 1468 2096; x_wconf 83' lang='lat' dir='ltr'>simplicitatem</span> <span class='ocrx_word' id='word_1_699' title='bbox 1481 2061 1725 2095; x_wconf 83' lang='lat' dir='ltr'>mansuetudinis,</span> 
     </span>
     <span class='ocr_line' id='line_1_96' title="bbox 956 2107 1727 2143; baseline 0 -9"><span class='ocrx_word' id='word_1_700' title='bbox 956 2107 1077 2143; x_wconf 88' lang='lat' dir='ltr'>quando</span> <span class='ocrx_word' id='word_1_701' title='bbox 1093 2108 1151 2134; x_wconf 83' lang='lat' dir='ltr'>ait:</span> <span class='ocrx_word' id='word_1_702' title='bbox 1173 2108 1227 2139; x_wconf 78' lang='lat' dir='ltr'>Qui</span> <span class='ocrx_word' id='word_1_703' title='bbox 1241 2109 1298 2133; x_wconf 73' lang='lat' dir='ltr'>sine</span> <span class='ocrx_word' id='word_1_704' title='bbox 1312 2111 1418 2141; x_wconf 78' lang='lat' dir='ltr'>peccato</span> <span class='ocrx_word' id='word_1_705' title='bbox 1433 2110 1484 2139; x_wconf 73' lang='lat' dir='ltr'>est5</span> <span class='ocrx_word' id='word_1_706' title='bbox 1501 2110 1527 2134; x_wconf 90' lang='lat' dir='ltr'>et</span> <span class='ocrx_word' id='word_1_707' title='bbox 1542 2108 1727 2142; x_wconf 85' lang='lat' dir='ltr'>zelumjusii-</span> 
     </span>
     <span class='ocr_line' id='line_1_97' title="bbox 956 2153 1728 2189; baseline 0 -8"><span class='ocrx_word' id='word_1_708' title='bbox 956 2155 1016 2188; x_wconf 67' lang='lat' dir='ltr'>tite,</span> <span class='ocrx_word' id='word_1_709' title='bbox 1039 2153 1162 2189; x_wconf 89' lang='lat' dir='ltr'>quando</span> <span class='ocrx_word' id='word_1_710' title='bbox 1187 2153 1249 2180; x_wconf 84' lang='lat' dir='ltr'>ait:</span> <span class='ocrx_word' id='word_1_711' title='bbox 1274 2155 1369 2180; x_wconf 63' lang='lat' dir='ltr'>Minae</span> <span class='ocrx_word' id='word_1_712' title='bbox 1392 2155 1420 2179; x_wconf 78' lang='lat' dir='ltr'>in</span> <span class='ocrx_word' id='word_1_713' title='bbox 1436 2162 1491 2180; x_wconf 80' lang='lat' dir='ltr'>eam</span> <span class='ocrx_word' id='word_1_714' title='bbox 1515 2154 1641 2188; x_wconf 79' lang='lat' dir='ltr'>lapidem.</span> <span class='ocrx_word' id='word_1_715' title='bbox 1660 2164 1672 2178; x_wconf 69' lang='lat' dir='ltr'>u</span> <span class='ocrx_word' id='word_1_716' title='bbox 1697 2155 1728 2181; x_wconf 85' lang='lat' dir='ltr'>Et</span> 
     </span>
     <span class='ocr_line' id='line_1_98' title="bbox 956 2198 1728 2234; baseline -0.001 -7"><span class='ocrx_word' id='word_1_717' title='bbox 956 2200 996 2227; x_wconf 84' lang='lat' dir='ltr'>ibi</span> <span class='ocrx_word' id='word_1_718' title='bbox 1013 2200 1087 2227; x_wconf 83' lang='lat' dir='ltr'>hene</span> <span class='ocrx_word' id='word_1_719' title='bbox 1111 2200 1148 2227; x_wconf 90' lang='lat' dir='ltr'>de</span> <span class='ocrx_word' id='word_1_720' title='bbox 1170 2200 1227 2226; x_wconf 87' lang='lat' dir='ltr'>hoc</span> <span class='ocrx_word' id='word_1_721' title='bbox 1240 2198 1249 2214; x_wconf 66' lang='grc' dir='ltr'>Β</span> <span class='ocrx_word' id='word_1_722' title='bbox 1276 2209 1282 2226; x_wconf 88' lang='lat'>:</span> <span class='ocrx_word' id='word_1_723' title='bbox 1309 2210 1322 2224; x_wconf 88' lang='lat'>«</span> <span class='ocrx_word' id='word_1_724' title='bbox 1338 2201 1371 2226; x_wconf 85' lang='lat' dir='ltr'>At</span> <span class='ocrx_word' id='word_1_725' title='bbox 1386 2207 1439 2226; x_wconf 78' lang='lat' dir='ltr'>vos</span> <span class='ocrx_word' id='word_1_726' title='bbox 1460 2202 1561 2227; x_wconf 85' lang='lat' dir='ltr'>contra</span> <span class='ocrx_word' id='word_1_727' title='bbox 1581 2207 1628 2226; x_wconf 91' lang='lat' dir='ltr'>me</span> <span class='ocrx_word' id='word_1_728' title='bbox 1644 2199 1728 2234; x_wconf 84' lang='lat' dir='ltr'>erigi-</span> 
     </span>
     <span class='ocr_line' id='line_1_99' title="bbox 956 2246 1727 2281; baseline -0.001 -8"><span class='ocrx_word' id='word_1_729' title='bbox 956 2247 1038 2273; x_wconf 92' lang='lat' dir='ltr'>mini.</span> <span class='ocrx_word' id='word_1_730' title='bbox 1054 2257 1067 2272; x_wconf 83' lang='lat'>»</span> <span class='ocrx_word' id='word_1_731' title='bbox 1094 2246 1156 2273; x_wconf 66' lang='grc' dir='ltr'>1111Β</span> <span class='ocrx_word' id='word_1_732' title='bbox 1172 2253 1322 2281; x_wconf 82' lang='lat' dir='ltr'>exponens</span> <span class='ocrx_word' id='word_1_733' title='bbox 1338 2246 1413 2272; x_wconf 89' lang='lat' dir='ltr'>illud</span> <span class='ocrx_word' id='word_1_734' title='bbox 1436 2255 1441 2272; x_wconf 74' lang='grc' dir='ltr'>ε</span> <span class='ocrx_word' id='word_1_735' title='bbox 1468 2246 1520 2277; x_wconf 70' lang='lat' dir='ltr'>Qut·</span> <span class='ocrx_word' id='word_1_736' title='bbox 1545 2247 1601 2272; x_wconf 78' lang='lat' dir='ltr'>sine</span> <span class='ocrx_word' id='word_1_737' title='bbox 1623 2248 1727 2280; x_wconf 81' lang='lat' dir='ltr'>peccato</span> 
     </span>
     <span class='ocr_line' id='line_1_100' title="bbox 956 2291 1727 2328; baseline -0.003 -8"><span class='ocrx_word' id='word_1_738' title='bbox 956 2296 1010 2320; x_wconf 79' lang='lat' dir='ltr'>est:</span> <span class='ocrx_word' id='word_1_739' title='bbox 1031 2303 1043 2318; x_wconf 79' lang='grc' dir='ltr'>α</span> <span class='ocrx_word' id='word_1_740' title='bbox 1058 2294 1122 2326; x_wconf 86' lang='lat' dir='ltr'>Qui,</span> <span class='ocrx_word' id='word_1_741' title='bbox 1138 2293 1247 2328; x_wconf 87' lang='lat' dir='ltr'>inquit,</span> <span class='ocrx_word' id='word_1_742' title='bbox 1264 2292 1453 2327; x_wconf 84' lang='lat' dir='ltr'>semetipsum</span> <span class='ocrx_word' id='word_1_743' title='bbox 1468 2291 1548 2326; x_wconf 87' lang='lat' dir='ltr'>prius</span> <span class='ocrx_word' id='word_1_744' title='bbox 1570 2299 1630 2318; x_wconf 91' lang='lat' dir='ltr'>non</span> <span class='ocrx_word' id='word_1_745' title='bbox 1647 2291 1727 2326; x_wconf 90' lang='lat' dir='ltr'>judi-</span> 
     </span>
     <span class='ocr_line' id='line_1_101' title="bbox 956 2337 1726 2374; baseline -0.004 -7"><span class='ocrx_word' id='word_1_746' title='bbox 956 2342 1016 2373; x_wconf 86' lang='lat' dir='ltr'>cat,</span> <span class='ocrx_word' id='word_1_747' title='bbox 1028 2339 1101 2374; x_wconf 85' lang='lat' dir='ltr'>quid</span> <span class='ocrx_word' id='word_1_748' title='bbox 1115 2339 1145 2366; x_wconf 90' lang='lat' dir='ltr'>in</span> <span class='ocrx_word' id='word_1_749' title='bbox 1165 2339 1224 2366; x_wconf 84' lang='lat' dir='ltr'>alio</span> <span class='ocrx_word' id='word_1_750' title='bbox 1238 2341 1315 2365; x_wconf 86' lang='lat' dir='ltr'>recte</span> <span class='ocrx_word' id='word_1_751' title='bbox 1328 2338 1449 2372; x_wconf 85' lang='lat' dir='ltr'>judicet,</span> <span class='ocrx_word' id='word_1_752' title='bbox 1470 2337 1594 2372; x_wconf 81' lang='lat' dir='ltr'>ignorat.</span> <span class='ocrx_word' id='word_1_753' title='bbox 1608 2347 1621 2362; x_wconf 85' lang='lat'>»</span> <span class='ocrx_word' id='word_1_754' title='bbox 1639 2340 1671 2365; x_wconf 84' lang='lat' dir='ltr'>Et</span> <span class='ocrx_word' id='word_1_755' title='bbox 1684 2337 1726 2365; x_wconf 90' lang='lat' dir='ltr'>ibi</span> 
     </span>
     <span class='ocr_line' id='line_1_102' title="bbox 955 2383 1725 2419; baseline -0.003 -7"><span class='ocrx_word' id='word_1_756' title='bbox 955 2386 1031 2412; x_wconf 86' lang='lat' dir='ltr'>hene</span> <span class='ocrx_word' id='word_1_757' title='bbox 1047 2385 1083 2412; x_wconf 90' lang='lat' dir='ltr'>de</span> <span class='ocrx_word' id='word_1_758' title='bbox 1098 2385 1164 2412; x_wconf 88' lang='lat' dir='ltr'>hoc.</span> <span class='ocrx_word' id='word_1_759' title='bbox 1182 2387 1213 2411; x_wconf 86' lang='lat' dir='ltr'>Et</span> <span class='ocrx_word' id='word_1_760' title='bbox 1227 2387 1296 2411; x_wconf 89' lang='lat' dir='ltr'>nota</span> <span class='ocrx_word' id='word_1_761' title='bbox 1311 2383 1393 2419; x_wconf 89' lang='lat' dir='ltr'>quod</span> <span class='ocrx_word' id='word_1_762' title='bbox 1416 2385 1496 2411; x_wconf 82' lang='lat' dir='ltr'>Jesus</span> <span class='ocrx_word' id='word_1_763' title='bbox 1516 2383 1661 2411; x_wconf 88' lang='lat' dir='ltr'>inclinans</span> <span class='ocrx_word' id='word_1_764' title='bbox 1677 2392 1725 2418; x_wconf 87' lang='lat' dir='ltr'>se,</span> 
     </span>
     <span class='ocr_line' id='line_1_103' title="bbox 956 2429 1726 2466; baseline -0.003 -8"><span class='ocrx_word' id='word_1_765' title='bbox 956 2431 1047 2466; x_wconf 81' lang='lat' dir='ltr'>digito</span> <span class='ocrx_word' id='word_1_766' title='bbox 1061 2431 1183 2465; x_wconf 84' lang='lat' dir='ltr'>scripsit.</span> <span class='ocrx_word' id='word_1_767' title='bbox 1200 2431 1232 2457; x_wconf 92' lang='lat' dir='ltr'>Ut</span> <span class='ocrx_word' id='word_1_768' title='bbox 1252 2430 1330 2456; x_wconf 90' lang='lat' dir='ltr'>enim</span> <span class='ocrx_word' id='word_1_769' title='bbox 1351 2430 1390 2456; x_wconf 86' lang='lat' dir='ltr'>ait</span> <span class='ocrx_word' id='word_1_770' title='bbox 1404 2429 1555 2457; x_wconf 75' lang='lat' dir='ltr'>Anselmus</span> <span class='ocrx_word' id='word_1_771' title='bbox 1570 2429 1611 2456; x_wconf 90' lang='lat' dir='ltr'>ibi</span> <span class='ocrx_word' id='word_1_772' title='bbox 1628 2439 1634 2456; x_wconf 90' lang='lat'>:</span> <span class='ocrx_word' id='word_1_773' title='bbox 1653 2438 1666 2455; x_wconf 84' lang='lat'>«</span> <span class='ocrx_word' id='word_1_774' title='bbox 1683 2431 1726 2457; x_wconf 91' lang='grc'><strong>111-</strong></span> 
     </span>
     <span class='ocr_line' id='line_1_104' title="bbox 956 2475 1723 2511; baseline -0.004 -6"><span class='ocrx_word' id='word_1_775' title='bbox 956 2477 1074 2505; x_wconf 82' lang='lat' dir='ltr'>clinatio</span> <span class='ocrx_word' id='word_1_776' title='bbox 1088 2476 1281 2504; x_wconf 88' lang='lat' dir='ltr'>humilitatem</span> <span class='ocrx_word' id='word_1_777' title='bbox 1295 2475 1405 2503; x_wconf 81' lang='lat' dir='ltr'>indicat</span> <span class='ocrx_word' id='word_1_778' title='bbox 1421 2484 1427 2502; x_wconf 89' lang='lat'>:</span> <span class='ocrx_word' id='word_1_779' title='bbox 1444 2483 1495 2511; x_wconf 88' lang='lat' dir='ltr'>per</span> <span class='ocrx_word' id='word_1_780' title='bbox 1510 2475 1652 2510; x_wconf 89' lang='lat' dir='ltr'>digitum,</span> <span class='ocrx_word' id='word_1_781' title='bbox 1673 2475 1723 2510; x_wconf 90' lang='lat' dir='ltr'>qui</span> 
     </span>
    </p>
   </div>
   <div class='ocr_carea' id='block_1_7' title="bbox 955 2551 1723 2618">
    <p class='ocr_par' dir='ltr' id='par_1_9' title="bbox 955 2551 1723 2618">
     <span class='ocr_line' id='line_1_105' title="bbox 955 2551 1723 2584; baseline -0.005 -7"><span class='ocrx_word' id='word_1_782' title='bbox 955 2562 978 2578; x_wconf 88' lang='lat' dir='ltr'>e.</span> <span class='ocrx_word' id='word_1_783' title='bbox 995 2559 1026 2584; x_wconf 88' lang='grc'>11,</span> <span class='ocrx_word' id='word_1_784' title='bbox 1042 2560 1068 2577; x_wconf 87' lang='lat' dir='ltr'>n.</span> <span class='ocrx_word' id='word_1_785' title='bbox 1083 2554 1106 2576; x_wconf 86' lang='lat'>2.</span> <span class='ocrx_word' id='word_1_786' title='bbox 1122 2566 1151 2570; x_wconf 97' lang='lat'><strong>—</strong></span> <span class='ocrx_word' id='word_1_787' title='bbox 1166 2553 1173 2566; x_wconf 84' lang='lat'><strong>⁷</strong></span> <span class='ocrx_word' id='word_1_788' title='bbox 1188 2551 1240 2582; x_wconf 81' lang='lat' dir='ltr'><em>J0b‚</em></span> <span class='ocrx_word' id='word_1_789' title='bbox 1260 2558 1276 2581; x_wconf 90' lang='lat'>1,</span> <span class='ocrx_word' id='word_1_790' title='bbox 1294 2553 1315 2575; x_wconf 90' lang='lat'>1.</span> <span class='ocrx_word' id='word_1_791' title='bbox 1330 2551 1381 2569; x_wconf 73' lang='grc'>-8</span> <span class='ocrx_word' id='word_1_792' title='bbox 1394 2551 1447 2580; x_wconf 79' lang='lat' dir='ltr'>Job,</span> <span class='ocrx_word' id='word_1_793' title='bbox 1463 2557 1517 2581; x_wconf 79' lang='lat' dir='ltr'>xix,</span> <span class='ocrx_word' id='word_1_794' title='bbox 1530 2552 1554 2574; x_wconf 79' lang='lat'>5.</span> <span class='ocrx_word' id='word_1_795' title='bbox 1569 2563 1599 2568; x_wconf 90' lang='lat'>-</span> <span class='ocrx_word' id='word_1_796' title='bbox 1613 2552 1622 2564; x_wconf 72' lang='lat'>⁹</span> <span class='ocrx_word' id='word_1_797' title='bbox 1637 2551 1723 2581; x_wconf 69' lang='lat' dir='ltr'>tii-cg„</span> 
     </span>
     <span class='ocr_line' id='line_1_106' title="bbox 955 2587 1545 2618; baseline -0.003 -6"><span class='ocrx_word' id='word_1_798' title='bbox 955 2589 1056 2617; x_wconf 66' lang='lat' dir='ltr'>Morus„</span> <span class='ocrx_word' id='word_1_799' title='bbox 1072 2588 1114 2611; x_wconf 80' lang='lat' dir='ltr'>lib.</span> <span class='ocrx_word' id='word_1_800' title='bbox 1131 2588 1197 2618; x_wconf 76' lang='lat' dir='ltr'>xtV,</span> <span class='ocrx_word' id='word_1_801' title='bbox 1215 2595 1236 2611; x_wconf 88' lang='lat' dir='ltr'>c.</span> <span class='ocrx_word' id='word_1_802' title='bbox 1253 2593 1311 2617; x_wconf 81' lang='lat' dir='ltr'>xm,</span> <span class='ocrx_word' id='word_1_803' title='bbox 1326 2587 1357 2611; x_wconf 81' lang='lat' dir='ltr'>al.</span> <span class='ocrx_word' id='word_1_804' title='bbox 1374 2593 1447 2618; x_wconf 82' lang='lat' dir='ltr'>xxix,</span> <span class='ocrx_word' id='word_1_805' title='bbox 1463 2594 1489 2611; x_wconf 88' lang='lat' dir='ltr'>n.</span> <span class='ocrx_word' id='word_1_806' title='bbox 1506 2588 1545 2610; x_wconf 80' lang='lat'>34.</span> 
     </span>
    </p>
   </div>
   <div class='ocr_carea' id='block_1_8' title="bbox 955 2631 1722 2698">
    <p class='ocr_par' dir='ltr' id='par_1_10' title="bbox 955 2631 1722 2698">
     <span class='ocr_line' id='line_1_107' title="bbox 987 2631 1722 2665; baseline -0.004 -9"><span class='ocrx_word' id='word_1_807' title='bbox 987 2634 1020 2663; x_wconf 79' lang='lat' dir='ltr'>(n)</span> <span class='ocrx_word' id='word_1_808' title='bbox 1048 2634 1108 2657; x_wconf 77' lang='lat' dir='ltr'>Coet.</span> <span class='ocrx_word' id='word_1_809' title='bbox 1130 2632 1190 2655; x_wconf 78' lang='lat' dir='ltr'>edil.</span> <span class='ocrx_word' id='word_1_810' title='bbox 1217 2631 1282 2655; x_wconf 79' lang='lat' dir='ltr'>deest</span> <span class='ocrx_word' id='word_1_811' title='bbox 1304 2639 1357 2656; x_wconf 89' lang='lat' dir='ltr'>non</span> <span class='ocrx_word' id='word_1_812' title='bbox 1382 2632 1451 2663; x_wconf 82' lang='lat' dir='ltr'>prius</span> <span class='ocrx_word' id='word_1_813' title='bbox 1474 2632 1530 2663; x_wconf 87' lang='lat' dir='ltr'>ipsi.</span> <span class='ocrx_word' id='word_1_814' title='bbox 1554 2644 1585 2649; x_wconf 92' lang='lat'>—</span> <span class='ocrx_word' id='word_1_815' title='bbox 1607 2631 1641 2661; x_wconf 68' lang='lat' dir='ltr'>(b)</span> <span class='ocrx_word' id='word_1_816' title='bbox 1665 2631 1722 2665; x_wconf 64' lang='grc' dir='ltr'>[κῃ.</span> 
     </span>
     <span class='ocr_line' id='line_1_108' title="bbox 955 2666 1279 2698; baseline -0.006 -6"><span class='ocrx_word' id='word_1_817' title='bbox 955 2668 1059 2692; x_wconf 84' lang='lat' dir='ltr'>transiit.</span> <span class='ocrx_word' id='word_1_818' title='bbox 1076 2681 1106 2685; x_wconf 97' lang='lat'><strong>—</strong></span> <span class='ocrx_word' id='word_1_819' title='bbox 1121 2668 1152 2698; x_wconf 84' lang='lat' dir='ltr'>(c)</span> <span class='ocrx_word' id='word_1_820' title='bbox 1167 2666 1221 2691; x_wconf 81' lang='lat' dir='ltr'>Del.</span> <span class='ocrx_word' id='word_1_821' title='bbox 1239 2673 1279 2691; x_wconf 85' lang='lat' dir='ltr'>ex.</span> 
     </span>
    </p>
   </div>
  </div>
 </body>
</html>
