1987 3032
190 178 248 206 ,448
711 175 922 207 EVANGELH
947 176 1086 207 SANCTI
1108 177 1270 209 JOANNlS

190 242 279 276 tione,
295 241 334 269 ob
350 249 440 278 quam
462 242 713 278 imperfectionem
735 243 788 269 fuit
810 242 960 279 Philippus

191 288 369 322 arguendus
384 289 423 316 ait
437 290 623 324 Augustinus,
644 291 741 316 tamen
757 289 787 316 in
802 289 847 316 his
861 289 960 317 verbis

191 335 363 371 exprimitur
383 336 563 372 protestatio,
579 336 639 364 sive
654 336 804 364 veneratio
823 336 959 371 majesta-

192 382 237 416 tis,
252 383 373 418 quando
389 383 428 410 ait
441 392 447 409 :
466 384 594 409 Donu'ne:
613 392 625 408 α
640 383 780 411 Dominus
795 382 891 409 enim¹
906 390 960 410 no-

192 436 261 456 men
284 428 337 463 illi,
360 439 372 455 »
391 429 430 456 ait
450 429 602 464 Propheta.
631 432 699 457 ltein
724 429 896 465 exprimitur
919 429 960 457 ibi

191 474 303 502 fervida
331 475 429 510 petitio
454 475 560 502 divinae
579 475 714 510 visionis,
740 484 808 503 cum
833 475 960 503 dicitur:

194 522 307 549 Ostende
322 522 396 548 nobis
412 523 524 549 Patrem.
541 523 604 549 thee
621 522 699 549 enim
712 522 839 549 ostensio
854 522 884 549 in
900 522 960 557 glo-

192 568 246 602 ria,
262 569 304 594 est
318 567 472 603 plenitudo
491 568 696 596 beatitudinis²
713 577 719 595 ε
740 578 753 593 «
776 568 894 596 Videbis
917 568 959 595 t'a-

193 614 266 641 ciem
277 614 338 648 ejus
352 613 483 648 injubilo
496 614 543 649 (a).
553 625 566 639 »
577 615 586 630 ²¹
596 614 785 641 «Videbimus
799 622 867 641 eum
879 614 960 641 sicuti

193 662 243 687 est.
260 670 272 684 »
291 660 360 687 ltcm
379 659 557 693 insinuatur,
584 660 644 687 sive
669 661 841 696 exprimitur
867 660 962 687 omni-

193 705 284 733 moda
297 705 462 741 plenitudo,
475 705 535 733 sive
551 706 723 741 adimpletio
739 706 835 734 omnis
848 706 962 742 appeti-

193 752 290 786 tioniS,
306 752 347 779 ibi
365 761 370 779 :
387 753 490 786 Sufficit
505 753 588 779 nobis.
606 754 725 788 Propter
740 754 823 789 quod
837 753 875 780 ait
893 754 961 780 Pro-

193 798 281 834 pheta
289 799 297 814 '³
308 808 335 826 :«
346 799 489 833 Satiabor,
502 807 569 826 cum
583 799 751 835 apparuerit
766 799 861 834 gloria
874 800 934 826 tua.
947 810 960 825 n

194 846 226 871 Ut
240 845 319 872 enim
335 845 374 872 ait
399 845 577 880 Augustinus
598 855 604 872 :
629 856 641 870 «
670 846 806 873 Sufficere
831 848 872 872 est
891 845 964 872 nihil

195 890 271 918 ultra
286 899 424 926 quaerere.
441 902 453 917 »
476 893 508 919 Et
525 891 592 919 ideo
616 891 722 919 dicitur
745 892 792 919 hic
817 901 823 919 :
851 892 964 920 Ostende

194 938 266 964 nobis
284 939 401 972 Patrem,
417 941 441 965 et
455 940 551 972 sufficit
569 939 653 973 nobis,
678 939 750 974 quia
770 938 906 974 implebit
926 941 963 972 te,

194 983 311 1010 satiabit
326 986 362 1018 te,
385 984 515 1019 perficiet
538 986 575 1018 te,
600 984 640 1011 ait
660 984 740 1012 idem
758 985 962 1020 Augustinus⁵.

195 1029 269 1057 lllud
283 1030 361 1058 enim
375 1030 482 1058 sufficit
496 1031 611 1065 animae,
628 1031 711 1067 quod
725 1031 819 1067 replet
837 1031 898 1066 ejus
914 1039 963 1058 ca-

195 1078 350 1112 pacitatem
374 1077 588 1105 omnimodam.
620 1078 677 1106 Sed
708 1080 792 1106 tantae
817 1078 965 1112 dignitatis

196 1125 238 1150 est
251 1123 382 1151 humana
396 1123 537 1158 conditio,
553 1127 584 1152 ut
598 1124 715 1151 nullum
727 1125 842 1152 bonum
862 1126 966 1160 praeter

195 1178 344 1197 summum
359 1170 449 1205 possit
464 1170 490 1197 ei
511 1170 653 1198 sufficere.
677 1172 710 1198 ut
727 1171 833 1198 dicitur
854 1181 859 1198 :
881 1171 966 1198 Solus

195 1216 269 1242 Deus
284 1215 418 1251 implebit
432 1216 571 1244 animam.
594 1218 625 1244 Et
636 1217 704 1244 ideo
719 1217 824 1256 merito
841 1217 880 1244 ait
895 1217 941 1244 hic
955 1227 961 1244 ε

197 1262 310 1289 Ostende
322 1263 395 1289 nobis
410 1264 528 1297 Patrem,
543 1267 567 1290 et
586 1265 682 1297 sufficit
699 1265 783 1291 nobis.
807 1266 876 1291 item
892 1263 966 1291 illud

195 1307 301 1335 suss‘icit
324 1308 445 1343 animae,
471 1309 555 1344 quod
588 1309 734 1337 illuminat
762 1305 966 1337 omnimodam

194 1362 254 1381 suae
286 1354 484 1390 intelligentiae
520 1355 840 1391 apprehensibilitatem
877 1365 884 1383 :
916 1356 967 1383 sed

196 1402 270 1428 Deus
286 1402 365 1428 Pater
383 1411 396 1425 «
414 1401 527 1429 habitat
551 1402 647 1429 lucem
671 1402 905 1430 inaccessibilem
914 1403 933 1430 ⁶.
951 1413 964 1429 »

195 1448 205 1463 ⁷
216 1457 228 1472 α
237 1448 357 1474 Moerens
367 1447 552 1475 incedebam.
562 1458 575 1474 »
590 1448 632 1475 Ibi
642 1449 797 1483 Gregorius
806 1450 850 1476 8:«
862 1450 966 1477 Sancto

196 1494 260 1521 viro
282 1494 312 1520 in
335 1494 389 1521 hac
414 1495 666 1529 peregrinatione,
691 1503 779 1522 omne
802 1495 885 1530 quod
906 1495 967 1523 sine

198 1539 245 1566 Dei
265 1539 376 1567 visione
397 1540 543 1575 abundat,
566 1541 668 1576 inopia
691 1543 741 1568 est.
769 1551 782 1566 »
805 1542 874 1568 Item
892 1540 968 1568 illud

197 1585 304 1613 sufficit
318 1586 433 1621 animae,
450 1587 533 1622 quod
548 1587 684 1614 terminat
692 1589 719 1615 et
729 1587 839 1623 quietat
849 1595 967 1615 omnem

199 1632 260 1666 ejus
285 1632 457 1667 appetitum.
479 1633 554 1660 Talis
576 1635 618 1660 est
639 1635 714 1660 Deus
734 1635 824 1661 Pater.
845 1634 854 1649 ⁹
876 1644 889 1659 «
913 1636 968 1661 Nec

198 1677 357 1706 multitudo
379 1678 527 1706 donorum
543 1680 574 1714 (b)
592 1679 711 1706 inclinet
723 1681 760 1706 te.
777 1690 789 1706 »
808 1679 850 1707 lbi
865 1681 969 1714 Grego-

198 1724 258 1750 rius
274 1724 293 1740 ¹⁰
311 1733 318 1751 :
336 1734 349 1749 ι(
364 1724 407 1751 Ad
422 1725 506 1752 illum
521 1733 662 1761 suspensa
685 1727 727 1752 est
740 1725 853 1759 anima,
873 1734 891 1753 a
909 1734 969 1761 quo

197 1771 323 1798 formata
341 1780 346 1798 :
363 1773 389 1798 et
404 1770 474 1806 quia
492 1771 531 1798 ad
546 1772 636 1798 Deum
657 1771 754 1798 solum
769 1771 970 1807 appetendum

197 1816 274 1844 facta
288 1818 330 1844 est
335 1826 344 1852 3
361 1824 449 1844 omne
464 1819 573 1851 autem,
589 1817 671 1852 quod
690 1817 766 1845 infra
780 1818 900 1853 appetit,
914 1818 969 1845 mi-

198 1870 253 1890 nus
265 1865 306 1890 cst
317 1872 322 1889 :
335 1863 404 1892 ideo
413 1863 478 1897 jure
490 1863 515 1890 ei
529 1871 591 1891 non
605 1863 721 1898 sufficit,
730 1863 812 1899 quod
822 1865 895 1891 Deus
909 1872 970 1892 non

198 1911 275 1936 est.»
294 1911 326 1936 Et
339 1909 381 1936 ibi
395 1909 531 1944 multum,
548 1910 575 1936 et
591 1909 666 1937 bene
683 1909 719 1937 de
734 1910 801 1937 hoc.
818 1910 898 1938 Unde
914 1913 969 1938 Au—

198 1955 330 1990 gustinus
342 1956 374 1988 ¹¹,
387 1955 469 1990 quod
483 1965 497 1980 (ι
510 1963 564 1982 nec
579 1956 678 1983 anima
693 1956 760 1991 sibi,
776 1964 830 1984 nec
844 1957 869 1984 ei
885 1956 970 1992 quid-

199 2009 289 2036 quam
305 2001 422 2035 suffieit,
437 2001 586 2028 recedenti
603 2003 631 2037 (c)
649 2002 687 2029 ab
702 2010 737 2030 eo
753 2003 805 2037 qui
819 2002 899 2030 solus
911 2002 970 2030 sus-

198 2046 265 2074 ficit.
276 2049 330 2074 »Et
340 2046 411 2074 alibi
422 2046 442 2062 ¹²
453 2057 479 2074 :«
488 2048 659 2083 Temporale
668 2056 729 2076 non
739 2048 823 2076 satiat
829 2049 968 2083 animam,

199 2093 245 2120 cui
260 2093 344 2120 sedes
360 2094 402 2120 est
414 2093 567 2121 aeternitas.
594 2105 607 2120 »
631 2095 711 2122 Unde
732 2097 772 2122 est
796 2094 970 2123 sufficientia

199 2138 300 2166 insusae
312 2139 507 2174 intelligentiae
523 2140 562 2167 ad
577 2141 818 2175 cognoscendum
832 2141 851 2158 ¹³
869 2150 894 2168 :u
906 2143 969 2168 Non

199 2185 282 2220 quod
305 2193 405 2212 sumus
426 2185 602 2213 sufficientes
620 2194 656 2213 ex
683 2187 786 2221 uobis„
810 2187 863 2214 sed
890 2188 970 2214 suffi-

200 2231 305 2259 cientia
318 2233 419 2259 nostra
433 2239 468 2259 ex
483 2233 541 2260 Deo
560 2234 610 2260 est.
627 2243 640 2259 »
664 2233 733 2260 [tem
758 2234 800 2260 est
822 2232 969 2260 sufficien-

233 2326 237 2337 ¹
254 2324 319 2348 Psal.
336 2330 419 2355 van,
435 2327 459 2348 5.
473 2338 503 2342 —
520 2326 531 2341 2
550 2325 605 2356 Job,
624 2331 723 2355 xxxiii,
738 2327 776 2349 26.
793 2338 821 2343 -
838 2326 848 2341 ³
865 2326 872 2349 Ι
888 2327 968 2357 Ιοαη.,

202 2365 248 2390 111,
265 2362 288 2383 2.
309 2372 338 2377 —
352 2360 362 2376 δ
377 2360 444 2384 Psal.
462 2366 519 2389 xvi,
540 2363 577 2385 15.
596 2375 623 2379 —
639 2362 649 2378 Β
664 2363 717 2385 lmo
733 2363 821 2385 auctor
834 2362 968 2389 Manualis.

202 2402 224 2418 e.
241 2401 302 2424 xxv,
317 2396 400 2425 quoad
419 2403 531 2427 sensum,
545 2397 612 2420 inter
629 2399 703 2428 Oper.
721 2397 746 2421 S.
762 2399 836 2428 Aug„
854 2398 969 2428 Append.

201 2431 263 2454 tom.
280 2430 322 2454 Vl.
343 2443 373 2447 -—-
391 2432 399 2444 ⁰
419 2432 426 2453 l
450 2431 522 2460 Tim,
543 2438 578 2462 Vl,
593 2434 631 2456 16.
649 2446 679 2450 —
696 2433 706 2449 Ἴ
725 2432 779 2460 Job,
798 2438 868 2462 XXX,
886 2434 922 2457 ⁵28.
940 2446 970 2450 —

203 2466 211 2479 ⁸
237 2465 323 2495 Greg„
346 2465 448 2496 Mor-al„
473 2466 516 2490 lib.
543 2468 601 2498 xx,
627 2475 649 2491 c.
676 2473 774 2498 xxvui,
800 2468 832 2491 al.
860 2473 970 2496 xxxvni,

202 2507 227 2523 n.
252 2501 291 2523 73.
316 2513 345 2517 -
368 2501 378 2516 ⁹
403 2500 457 2529 Job,
482 2507 576 2532 xxxw,
603 2504 638 2526 18.
663 2517 688 2520 —
716 2504 733 2518 ¹⁰
759 2504 845 2534 Greg„
868 2502 969 2533 Moral„

203 2534 246 2558 lib.
266 2535 355 2565 XXVl‚
377 2542 400 2558 c.
423 2541 519 2566 xxvm,
535 2538 568 2560 al.
587 2544 656 2568 xmv,
672 2545 698 2561 n.
716 2538 795 2562 79.—
814 2539 831 2554 ¹¹
852 2539 925 2568 Aug„
941 2538 971 2562 de

204 2570 304 2598 Trinit„
319 2570 363 2593 lib.
378 2571 408 2600 X,
429 2577 451 2594 c.
469 2576 492 2600 v,
508 2578 534 2594 u.
551 2573 574 2595 7.
589 2586 618 2589 —
633 2573 652 2589 ¹²
670 2574 717 2603 ld.,
732 2573 760 2596 cle
775 2574 844 2598 Doct.
865 2573 970 2603 christ„

202 2604 246 2629 lib.
262 2606 280 2635 1,
295 2612 318 2630 c.
334 2611 444 2635 xxxvui,
458 2612 484 2630 n.
498 2608 537 2631 42.
547 2620 577 2625 —
592 2608 610 2624 ¹³
625 2609 643 2632 ΙΙ
658 2609 726 2639 Cor„
739 2615 778 2640 iu,
792 2610 855 2633 5.—
869 2610 886 2625 ¹⁴
899 2609 970 2639 thid„

1018 244 1057 271 tia
1086 243 1192 272 divinae
1219 245 1317 280 gratiae
1347 246 1385 273 ad
1412 245 1576 274 vivendum
1601 249 1628 275 et
1655 248 1789 277 resisten-

1018 290 1089 316 dum
1105 291 1312 320 tentationibus
1323 291 1342 308 ¹⁴
1359 302 1385 319 z«
1394 292 1503 321 Sufficit
1515 293 1565 321 tibi
1581 295 1675 329 gratia
1689 302 1786 323 mea.»

1018 338 1088 364 Item
1104 339 1145 364 est
1163 337 1338 365 sufficientia
1362 339 1513 366 modestice
1533 339 1571 366 ad
1589 340 1732 369 utendum
1743 342 1764 358 ¹⁵
1781 350 1788 369 :

1020 392 1033 407 «
1049 385 1108 418 Ego
1125 383 1215 410 didici
1229 384 1259 410 in
1279 384 1387 419 quibus
1401 385 1548 413 sufficiens
1563 394 1646 421 sum3
1662 386 1721 415 scio
1735 387 1791 415 hu-

1018 428 1143 463 miliari,
1157 429 1216 456 scio
1233 431 1259 457 et
1272 429 1436 465 abundare,
1451 442 1464 457 »
1482 433 1561 459 ete.¹⁶
1576 432 1676 460 Melior
1690 435 1732 461 est
1746 433 1791 461 vir

1018 483 1130 510 pauper
1150 477 1177 502 et
1191 475 1338 503 sufficiens
1352 476 1418 511 sibi,
1435 485 1525 513 quam
1542 479 1586 506 vir
1603 479 1749 514 gloriosus
1763 482 1791 508 et

1018 520 1154 556 indigens
1169 529 1256 557 panc.
1279 533 1291 547 ι)
1316 524 1347 549 Et
1362 525 1404 550 est
1427 522 1599 552 sufficientia
1623 525 1723 560 gloriae
1744 533 1790 554 sa-

1019 567 1125 601 tiantiS,
1136 567 1172 594 de
1188 576 1247 603 qua
1259 567 1388 604 loquitur
1401 569 1458 596 hic.
1472 570 1553 597 Unde
1566 572 1743 606 Augustinus
1752 572 1771 588 ¹⁷
1783 581 1790 600 :

1022 624 1033 635 «
1050 613 1127 646 Quid
1140 613 1252 641 homini
1278 614 1397 649 sufficit,
1414 615 1459 643 cui
1482 616 1622 645 Conditor
1636 625 1696 645 non
1711 618 1792 646 suffi-

1019 659 1074 686 cit?
1089 659 1165 692 Quid
1187 660 1263 687 ultra
1279 661 1396 696 quaeris,
1420 661 1466 689 cui
1488 670 1577 690 omne
1597 663 1760 698 gaudium?
1774 675 1788 690 »

1021 706 1039 722 ¹⁸
1054 707 1130 734 Intra
1144 706 1174 733 in
1190 707 1333 741 gaudium
1349 707 1462 735 Domini
1478 708 1529 735 tui.

1056 753 1087 779 Et
1102 752 1231 788 sequitur
1246 752 1297 780 illa
1312 761 1380 788 pars
1400 754 1429 781 in
1445 762 1504 790 qua
1519 755 1697 790 specificatio
1714 756 1792 784 fruc-

1021 800 1075 832 tus,
1093 799 1153 826 sive
1175 798 1304 827 utilitatis
1318 799 1398 834 fidei,
1413 800 1455 827 ibi
1474 809 1480 827 z
1508 801 1603 836 Amen,
1629 810 1716 836 amen,
1733 803 1792 830 dico

1019 846 1102 879 vobis,
1111 847 1163 872 etc.
1176 847 1208 872 Et
1217 845 1399 881 specificatur
1412 846 1523 882 duplex
1534 847 1653 883 utilitas,
1665 857 1792 884 quarum

1020 891 1116 926 prima
1129 893 1170 918 est
1188 893 1316 927 potestas
1338 893 1497 928 operandi;
1520 894 1649 922 secunda
1665 897 1707 923 est
1725 895 1793 923 raci-

1020 937 1086 964 litas
1101 937 1253 965 obtinendi
1269 938 1426 974 postulata,
1443 939 1484 967 ibi
1496 940 1516 956 ¹⁹
1529 949 1535 967 :
1552 940 1736 976 Quodcumque
1749 949 1793 976 pe-

1022 985 1133 1018 tieritis,
1150 986 1204 1012 etc.

1057 1030 1101 1057 Ait
1116 1038 1186 1066 ergo
1203 1040 1209 1057 z
1226 1031 1322 1065 Amen,
1339 1040 1424 1066 amen,
1439 1033 1487 1067 qui
1502 1033 1588 1060 credit
1606 1035 1636 1060 in
1650 1041 1701 1067 me,
1716 1033 1792 1062 scili-

1022 1078 1065 1103 cet
1080 1076 1139 1104 fide
1153 1076 1282 1112 perfecta
1293 1076 1323 1112 ²⁰,
1343 1087 1356 1103 «
1371 1086 1437 1113 quae
1452 1086 1505 1113 per
1520 1078 1708 1107 dilectionem
1723 1087 1793 1116 ope-

1022 1124 1102 1150 ratur
1118 1132 1125 1149 :
1142 1133 1154 1148 >³
1176 1124 1262 1158 Opera
1271 1132 1329 1159 quae
1345 1132 1391 1158 eqo
1406 1126 1485 1158 facio,
1502 1124 1532 1152 id
1548 1127 1600 1159 est,
1616 1125 1686 1154 talia
1699 1126 1730 1153 in
1741 1133 1792 1161 ge-

1022 1176 1101 1203 nere,
1122 1169 1222 1205 qualia
1236 1178 1292 1205 ego
1312 1170 1399 1205 facio,
1415 1173 1447 1198 ut
1463 1171 1499 1198 sit
1520 1171 1643 1207 simplex
1664 1172 1766 1200 relatio
1783 1181 1790 1200 :

1022 1216 1056 1242 Ee
1075 1217 1132 1250 ipse
1153 1217 1253 1250 faciet,
1274 1220 1298 1243 et
1319 1217 1422 1250 majora
1448 1218 1540 1244 horum
1564 1220 1664 1252 faciet,
1687 1218 1721 1246 id
1739 1220 1792 1253 est,

1022 1262 1136 1296 maj0ra
1163 1262 1208 1289 his
1236 1262 1253 1277 ²¹
1283 1272 1288 1289 :
1324 1272 1336 1287 a
1352 1262 1379 1291 Si
1400 1263 1561 1291 habueritis
1585 1263 1694 1298 fidem,
1720 1264 1793 1292 sicut

1022 1315 1147 1342 granum
1174 1308 1294 1344 sinapis,
1324 1309 1426 1337 dicetis
1453 1310 1545 1337 monti
1574 1310 1642 1337 huic
1665 1319 1672 1338 :
1693 1311 1792 1338 Transi

1022 1354 1101 1388 hinc,
1116 1355 1143 1381 et
1157 1355 1302 1389 transibit,
1316 1365 1330 1380 »
1352 1357 1405 1383 etc.
1428 1356 1483 1383 Sed
1506 1356 1644 1392 quaeritur
1668 1356 1794 1392 qualiter

1023 1400 1099 1428 hoc?
1112 1402 1144 1427 Ut
1159 1401 1237 1428 enim
1251 1401 1384 1429 dicitur22
1400 1411 1426 1429 ;«
1440 1403 1503 1430 Non
1518 1405 1560 1430 est
1574 1402 1735 1439 discipulus
1746 1411 1794 1431 su-

1022 1454 1075 1481 per
1089 1447 1262 1482 magistrum
1278 1457 1284 1475 ε
1304 1458 1316 1473 »
1329 1455 1390 1476 non
1405 1456 1475 1484 ergo
1489 1451 1530 1476 est
1544 1449 1722 1477 conveniens
1737 1449 1795 1477 dis-

1023 1492 1137 1527 cipulos
1160 1494 1254 1521 faeere
1278 1495 1392 1529 majora
1415 1503 1506 1530 opera
1528 1495 1667 1530 operibus
1691 1496 1793 1524 Christi

1023 1539 1154 1573 magistri
1167 1540 1221 1566 sui.
1239 1541 1309 1567 ltem
1325 1548 1415 1576 opera
1440 1548 1505 1576 quae
1527 1541 1588 1576 ipsc
1613 1541 1689 1576 fecit,
1711 1544 1794 1570 erant

1022 1585 1158 1619 potentiae
1182 1585 1315 1619 infinitae,
1342 1589 1369 1614 et
1392 1587 1587 1615 ostendebant
1610 1588 1707 1624 ipsum
1731 1596 1792 1616 esse

1025 1632 1126 1666 Deum,
1141 1634 1173 1659 ut
1186 1632 1248 1667 ipse
1263 1633 1359 1667 arguit
1380 1641 1469 1669 supra
1476 1633 1498 1651 ²³
1515 1643 1521 1661 z
1543 1644 1556 1660 «
1571 1635 1714 1671 Operibus
1728 1644 1793 1664 cre-

1024 1677 1100 1705 dite:
1118 1688 1131 1703 »
1147 1686 1215 1713 ergo
1230 1681 1262 1706 ut
1276 1679 1366 1714 prius.
1384 1681 1454 1707 item
1470 1680 1650 1709 sublimioris
1666 1684 1794 1718 potesta—

1024 1723 1059 1750 tis
1074 1723 1181 1751 debent
1194 1733 1254 1752 esse
1268 1733 1359 1760 opera
1369 1726 1541 1754 sublimiora
1554 1729 1580 1755 et
1590 1728 1704 1762 majora
1718 1737 1729 1757 :⁷
1741 1729 1794 1756 sed

1024 1777 1078 1797 sua
1091 1772 1219 1805 potestas
1234 1771 1330 1806 maj0r
1344 1774 1371 1799 et
1391 1772 1558 1808 sublimior,
1574 1774 1644 1809 quia
1658 1774 1720 1810 ipse
1733 1775 1793 1802 vir-

1024 1817 1070 1843 tus
1081 1815 1101 1831 ‘²4
1118 1827 1132 1842 <x
1147 1820 1324 1853 supportans
1339 1819 1440 1846 omnia
1456 1828 1462 1846 :
1479 1830 1492 1845 »
1511 1827 1582 1855 ergo
1602 1822 1634 1848 ut
1656 1820 1748 1856 prius.
1763 1822 1796 1849 Et

1025 1862 1063 1890 ad
1077 1863 1154 1890 istud
1167 1864 1410 1899 respondendum
1421 1866 1596 1901 exponendo
1609 1866 1687 1894 istud
1698 1867 1796 1895 multi-

1023 1908 1148 1944 pliciter,
1156 1911 1320 1938 secundum
1329 1911 1523 1946 Augustinum
1534 1913 1566 1946 ²⁵,
1576 1913 1628 1940 ubi
1645 1913 1697 1948 ait;
1713 1914 1796 1950 quod

1023 1955 1119 1990 majus
1130 1955 1182 1983 fuit
1197 1965 1300 1985 sanare
1314 1958 1433 1992 umbra,
1449 1958 1531 1994 quod
1546 1958 1599 1986 fuit
1611 1958 1731 1994 factum,
1743 1960 1796 1988 ubi

1025 2000 1140 2036 dicitur,
1148 2003 1230 2038 quod
1241 2003 1348 2031 umbra
1358 2005 1430 2031 Petri
1442 2005 1632 2033 salvabantur
1646 2005 1755 2034 infirmi
1763 2005 1796 2041 ²⁶,

1025 2055 1115 2082 quam
1124 2048 1254 2083 fimbria,
1265 2051 1348 2086 quod
1362 2051 1416 2079 suit
1428 2051 1536 2080 factum
1547 2053 1577 2081 ²⁷.
1592 2053 1688 2083 Primo
1703 2053 1795 2082 modo

1024 2094 1137 2122 sanavit
1158 2095 1285 2123 Christus
1311 2105 1362 2133 per
1381 2098 1535 2133 Apostolos
1541 2108 1549 2133 ;
1574 2099 1719 2135 secundo,
1743 2107 1796 2136 per

1025 2140 1167 2176 seipsum,
1195 2143 1310 2177 majora
1339 2152 1409 2178 ergo
1436 2152 1526 2180 opera
1552 2144 1663 2174 fiebant
1692 2146 1795 2174 virtute

1025 2186 1129 2214 Christi
1143 2187 1173 2215 in
1187 2188 1262 2223 aliis,
1279 2189 1354 2217 infra
1364 2190 1385 2206 ‘²⁸
1402 2199 1428 2216 ιι(
1443 2190 1509 2218 Sine
1524 2198 1570 2218 me
1586 2191 1659 2219 nihil
1677 2192 1796 2227 potestis

1024 2232 1132 2268 facere,
1147 2244 1159 2259 »
1179 2242 1270 2270 quam
1285 2235 1337 2263 illa
1351 2243 1416 2271 quae
1430 2244 1483 2271 per
1497 2244 1526 2264 se
1545 2236 1621 2265 fecit.
1644 2237 1694 2265 vel
1714 2237 1797 2266 aliter

1026 2318 1077 2342 xu,
1097 2313 1120 2336 9.
1142 2326 1171 2330 —
1192 2314 1212 2330 ¹⁵
1233 2314 1338 2345 Philip.,
1359 2321 1395 2346 ιν,
1418 2317 1455 2339 11.
1472 2329 1501 2334 —
1524 2316 1542 2332 ¹⁶
1558 2317 1641 2347 Prov.‚
1660 2322 1712 2347 xu,
1727 2317 1749 2340 9.
1767 2331 1794 2335 —

1026 2347 1045 2363 ¹⁷
1062 2349 1137 2378 Aug„
1155 2348 1186 2373 de
1206 2349 1270 2373 verb.
1289 2350 1373 2378 Dom„
1391 2358 1466 2375 serm.
1487 2358 1563 2383 xxix,
1578 2352 1610 2376 al.
1627 2358 1666 2381 cv,
1681 2358 1707 2376 n.
1726 2353 1755 2382 4,
1771 2353 1795 2376 et

1026 2382 1087 2406 alias
1101 2383 1205 2413 passim.
1220 2396 1250 2402 —
1265 2385 1284 2400 ¹⁸
1299 2386 1402 2416 Mattlz„
1418 2393 1479 2417 xxv,
1495 2389 1532 2411 21.
1552 2400 1581 2405 —
1598 2389 1616 2402 ¹⁸
1635 2386 1691 2417 Ins„
1712 2387 1750 2410 ¹3.
1764 2399 1795 2404 —

1025 2419 1046 2435 ‘²⁰
1061 2419 1128 2450 (ΜΛ,
1146 2428 1170 2450 v,
1186 2422 1208 2445 6.
1225 2434 1254 2439 -
1272 2422 1289 2438 ²¹
1306 2423 1407 2452 Mami„
1422 2430 1485 2453 xvxi,
1504 2426 1539 2448 ¹9.
1555 2437 1584 2442 —
1597 2424 1616 2438 ²²
1628 2424 1700 2453 thid„
1714 2429 1741 2453 x,
1755 2424 1792 2447 24.

1026 2467 1055 2472 —
1074 2455 1096 2471 ²³
1114 2456 1188 2487 Sup.‚
1204 2464 1237 2486 x,
1257 2459 1296 2481 38.
1313 2471 1342 2476 —
1363 2459 1382 2475 ²⁸
1398 2459 1483 2490 Helm,
1505 2466 1521 2490 i,
1542 2461 1565 2483 2.
1583 2472 1612 2477 —
1635 2459 1656 2476 ²⁸
1674 2460 1748 2490 Aug„
1768 2459 1794 2482 in

1025 2492 1106 2520 leam,
1139 2493 1211 2516 tract.
1242 2498 1329 2524 Lxxn,
1357 2501 1382 2517 n.
1412 2497 1432 2518 1.
1456 2507 1485 2512 —
1513 2494 1533 2510 ²⁶
1557 2495 1622 2524 Ace.³
1651 2501 1676 2523 v,
1703 2495 1742 2518 15.
1766 2507 1792 2511 —

1026 2526 1046 2541 ⁵7
1062 2526 1163 2555 ltlattlzq
1178 2533 1231 2558 xiv,
1247 2529 1285 2552 36.
1301 2541 1331 2546 —
1345 2529 1367 2545 ²⁸
1379 2530 1460 2560 Joan„
1475 2535 1516 2560 κν,
1531 2531 1554 2553 5.

1056 2576 1091 2605 (a)
1119 2577 1180 2602 Coec.
1206 2579 1267 2602 edit.
1292 2579 1388 2604 nubilo.
1416 2592 1444 2597 —
1469 2580 1500 2609 (ὁ)
1531 2580 1590 2603 Item
1616 2579 1741 2604 locorum.
1765 2592 1794 2597 -

1026 2611 1054 2640 (c)
1067 2612 1128 2635 Item
1140 2613 1286 2638 recedente.

1983 2080 1987 2089 -
1979 1843 1987 2043 .-.ρῳ-..-Α
