1987 3032
704 205 910 237 EXPOSITIO
934 206 972 237 lN
995 207 1080 237 ΠΛΡ.
1102 207 1165 239 XX.

139 274 288 311 profundo
305 272 454 304 venerunt,
471 270 540 305 quia
555 270 712 298 sabbatum
728 272 852 306 transiit,
869 272 907 299 ait

139 321 362 356 Chrysostomus
375 319 392 344 ¹.
409 319 479 344 Item
495 317 632 351 quaeritur
647 326 652 343 ι
668 317 708 344 ait
723 326 729 344 :
747 319 810 346 Cum
822 318 908 345 adhuc

138 369 223 394 essent
251 365 372 392 tenebrae.
402 362 529 395 Qualiter
554 362 631 389 hoc?
660 372 727 391 cum
756 364 869 391 dicatur
884 366 905 398 Ξ,

138 412 220 448 quod
251 422 263 435 «
291 410 434 437 venerunt
454 408 492 435 ad
518 412 742 437 monumentum
763 412 826 437 orto
844 410 907 444 jam

136 457 209 484 sole.
223 467 236 482 n
254 458 286 483 Et
307 455 345 483 ad
369 454 447 482 istud
474 455 717 489 respondendum
744 456 907 483 secundum

135 503 327 538 Augustinum
354 503 376 535 ³,
398 501 480 536 quod
501 501 588 528 Maria
610 501 656 528 bis
678 501 777 536 venit,
798 502 907 528 scilicet

134 549 231 584 primo
245 557 312 576 cum
328 550 421 575 essent
436 547 572 580 tenebrae,
590 549 616 574 et
632 547 739 574 deinde
755 549 819 575 orto
832 547 906 580 sole,

134 598 162 622 et
187 597 256 622 tunc
281 593 459 621 renuntiavit
484 593 645 628 discipulis.
672 595 742 620 Item
767 594 907 629 quaeritur

134 643 346 676 consequenter
370 639 407 667 de
430 640 504 666 hora
530 639 749 666 resurrectionis
770 639 906 667 :videtur

134 687 216 722 quod
232 686 331 713 media
345 688 428 713 nocte
449 685 583 719 surrexit,
598 693 650 720 per
675 685 802 720 figuram
825 685 906 712 illam

135 733 171 760 de
205 733 287 768 Samis
295 740 367 759 sone
383 753 391 765 ,
421 731 471 766 qui
508 732 517 747 Β
552 741 565 756 «
594 739 773 766 consurgens
807 731 906 758 media

133 782 229 810 nocte,
246 789 259 804 »
275 780 328 805 etc.
345 779 439 810 Quam
453 777 579 811 figuram
592 777 713 812 exponit
727 777 880 811 Gregorius
895 779 905 793 ⁵

134 824 171 851 de
187 824 298 851 Christo
320 826 500 858 resurgente.
518 823 561 850 Ad
584 823 763 850 contrarium
778 823 903 857 videtur,

133 870 216 906 quod
239 870 322 897 tertia
345 869 391 896 die
417 869 575 896 resurrexit
596 878 602 895 :
625 869 707 903 quod
728 876 788 895 nou
807 870 906 904 posset

133 916 207 950 fieri,
223 916 278 943 nisi
293 915 464 943 surrexisset
480 915 509 941 in
526 915 657 941 diluculo
674 914 731 941 diei
746 915 846 947 tertiae,
862 923 905 941 se-

134 962 264 990 cundum
291 961 374 997 quod
402 962 552 996 computat
579 961 755 995 Augustinus
778 960 788 975 ⁶
816 961 904 988 horas

134 1008 256 1036 diurnas
270 1010 296 1035 et
308 1009 478 1040 nocturnas,
492 1007 522 1033 in
538 1006 646 1042 quibus
662 1007 714 1033 luit
733 1007 859 1034 Christus
875 1007 904 1033 in

133 1054 299 1090 sepulchro.
318 1053 431 1080 Primus
455 1053 533 1080 enim
547 1052 609 1079 dies
624 1053 662 1079 ab
678 1055 808 1080 extrema
822 1054 904 1088 parte

133 1105 321 1134 numeratus,
335 1099 451 1126 medius
466 1100 564 1125 autem
578 1101 674 1133 totus3
691 1099 790 1126 tertius
805 1107 875 1126 vero
889 1107 905 1126 a

132 1147 229 1182 prima
242 1148 324 1181 parte
341 1155 346 1172 :
366 1148 393 1172 et
407 1146 447 1172 ita
458 1153 508 1180 per
523 1145 730 1180 synecdochen
750 1146 862 1180 primus
878 1147 906 1172 et

132 1193 232 1220 tertius
255 1194 456 1219 numerantur.
481 1191 613 1218 Diluculo
629 1200 698 1226 ergo
721 1192 854 1219 surrexit.
873 1193 905 1218 Et

134 1239 171 1266 de
185 1239 241 1266 hoc
261 1239 394 1273 Magister
409 1238 439 1264 in
461 1239 600 1265 Historiis.
627 1238 706 1273 Unde
729 1238 904 1273 (1111150510-

133 1293 199 1311 mus
213 1285 254 1311 sic
269 1285 318 1316 ait,
334 1283 416 1318 quod
438 1283 568 1310 diluculo
592 1283 741 1318 profundo
766 1284 902 1317 surrexit,

135 1333 162 1357 et
175 1330 243 1358 ideo
259 1330 420 1365 loquuntur
438 1331 571 1356 auctores
586 1329 669 1364 quasi
694 1329 903 1356 diversimode.

135 1377 208 1410 Quia
229 1376 307 1404 enim
329 1375 382 1403 suit
411 1375 576 1402 diluculum
598 1376 792 1410 profundum,
812 1375 904 1410 respi-

134 1422 238 1450 ciendo
258 1424 374 1449 noctem
402 1421 587 1457 praeteritam,
612 1421 718 1448 dicitur
739 1423 822 1448 nocte
844 1429 906 1447 sur-

133 1469 258 1503 rexisse;
276 1470 303 1496 et
322 1467 536 1496 considerando
558 1467 637 1494 diem
663 1467 905 1502 appropinquan-

134 1518 202 1549 tem,
218 1514 348 1542 diluculo
369 1513 537 1540 surrexisse.
554 1515 586 1540 Et
600 1513 636 1539 de
652 1513 708 1539 hoc
728 1513 862 1547 Magister
876 1513 905 1539 in

133 1562 264 1588 Ht'scoriz's
278 1560 414 1587 multum.
429 1559 595 1594 Mysterium
611 1561 708 1585 autem
719 1560 798 1593 patet
811 1566 828 1585 a
840 1559 906 1586 Gre-

133 1607 217 1642 gorio
234 1608 243 1623 7
261 1616 267 1633 ;
289 1606 377 1634 Maria
392 1605 470 1632 enim
484 1607 639 1632 Auctorem
655 1604 799 1638 omnium,
816 1613 905 1640 quem

134 1661 221 1681 carne
237 1653 352 1680 viderat
366 1654 527 1684 mortuum,
543 1651 693 1686 quaerebat
709 1659 715 1677 τ
731 1653 758 1677 01
770 1651 838 1686 quia
854 1651 906 1677 mi-

134 1699 213 1726 nime
228 1699 349 1733 invenit,
364 1698 492 1725 furatum
516 1697 661 1724 credidit:
682 1699 709 1723 et
732 1696 800 1723 ideo
826 1699 905 1723 tene-

135 1745 196 1772 brae
211 1747 304 1772 erant.

168 1793 195 1819 3.
223 1793 254 1818 Et
269 1791 400 1826 sequitur
422 1789 474 1816 illa
496 1797 573 1824 pars,
593 1789 623 1815 in
639 1796 698 1824 qua
719 1790 853 1815 narratur
869 1787 905 1815 de

133 1845 278 1864 concursu
313 1835 526 1871 discipulorum
537 1855 545 1868 ,
579 1834 617 1861 ad
642 1834 805 1861 videndum
838 1841 904 1869 quse

134 1885 216 1910 erant
230 1883 271 1910 eis
285 1882 427 1909 nuntiata.
449 1883 480 1908 Et
503 1881 599 1916 primo
617 1883 753 1907 narratur
774 1880 811 1907 de
837 1887 906 1915 pro-

134 1929 282 1963 gressione
309 1936 412 1956 eorum
442 1927 481 1954 ad
502 1928 741 1959 monumentum;
762 1925 904 1959 secundo,

135 1975 171 2002 de
193 1975 426 2002 consideratione
442 1981 543 2000 eorum
558 1981 623 2008 quoe
645 1975 726 1999 erant
744 1972 774 1999 in
797 1980 904 1999 monu-

134 2024 244 2054 mento,
260 2021 301 2048 ibi
317 2022 327 2037 ⁸
344 2029 350 2047 :
375 2022 409 2047 Ει
429 2020 501 2047 vidit
523 2020 693 2052 linteamina,
719 2021 789 2052 etc.;
810 2018 904 2053 tertio,

134 2067 347 2102 discipulorum
372 2066 546 2101 ignorantia,
571 2064 613 2091 ibi
628 2066 638 2081 ⁹
654 2073 663 2091 .·
686 2065 812 2092 Nondum
835 2066 905 2092 enim

133 2114 261 2144 sciebant,
276 2115 330 2140 ete.
834 2142 838 2146 g

169 2159 212 2186 Ait
228 2167 297 2194 ergo
309 2167 316 2185 ε
327 2160 420 2185 Exivit
436 2166 497 2192 ergo
512 2158 606 2184 Petrus
619 2160 643 2183 et
660 2157 731 2183 alius
742 2157 902 2191 discipulus.

134 2207 166 2233 Ut
190 2206 229 2233 ait
250 2206 474 2239 Chrysostomus
490 2204 532 2230 ¹0:
552 2213 565 2228 «
581 2202 736 2230 Audientes
757 2202 809 2236 illi,
836 2211 903 2230 cum

133 2251 226 2279 multo
241 2252 337 2278 studio
352 2251 487 2278 insistunt
499 2251 701 2277 monumento.
718 2260 730 2273 »

169 2299 194 2324 4.
212 2298 358 2325 Currebant
374 2300 461 2323 autem
475 2297 528 2323 duo
542 2296 631 2323 simul.
654 2296 686 2322 Ut
707 2295 746 2322 ait
768 2295 903 2329 Augusti-

133 2351 189 2371 nus
204 2348 222 2363 ¹¹
240 2351 246 2369 :
260 2353 272 2368 ι(
287 2344 358 2370 Cum
374 2342 503 2376 dixisset,
519 2341 601 2377 quod
616 2345 743 2368 venerunt
759 2341 795 2367 ατί
809 2349 902 2368 monu-

134 2393 258 2423 mentum,
276 2397 425 2424 regressus
451 2390 493 2415 est
522 2387 716 2423 Evangelista,
737 2389 768 2415 ut
795 2389 902 2421 narret,

167 2488 172 2500 ¹
188 2486 328 2515 Chrvsost„
349 2485 389 2508 ubi
405 2491 460 2514 sup.
477 2497 505 2500 —
520 2484 528 2497 ²
543 2483 634 2513 Marc„
649 2488 706 2512 xvi,
724 2485 745 2505 1.
761 2495 790 2499 —
806 2484 814 2497 ³
829 2484 902 2515 Aug„

135 2521 176 2544 ubi
187 2512 247 2551 sup:
257 2527 329 2551 prox.
338 2533 367 2536 —
380 2520 387 2533 ⁴
401 2520 492 2546 duclla,
507 2524 559 2548 xvi,
571 2520 593 2542 3,
605 2531 634 2535 -
646 2518 655 2534 ⁵
670 2518 757 2556 Greg„
772 2518 797 2541 in
807 2518 903 2550 Evunq.

135 2557 203 2580 hom.
219 2562 272 2585 xxi,
289 2563 314 2579 u.
329 2557 352 2579 7.
367 2567 397 2571 —
412 2555 421 2570 θ
434 2556 550 2584 August„
564 2553 593 2576 tle
608 2553 695 2577 Trinit.
713 2553 754 2576 llb.
773 2553 813 2583 lV,
829 2561 851 2578 0.
870 2560 902 2586 vi,

135 2598 161 2614 11.
187 2593 222 2614 ist.
240 2603 270 2607 ——
291 2591 301 2607 ⁷
321 2591 406 2620 Grcg„
426 2591 450 2613 in
476 2590 582 2619 [3111qu
601 2589 669 2612 110111.
692 2593 762 2617 xxti,
784 2595 810 2612 n.
831 2591 853 2613 Ξ.
872 2604 903 2608 —-

138 2626 214 2655 5Ιι1[.,
235 2628 257 2649 ὖ.
276 2639 307 2643 -
324 2628 333 2640 ⁹
354 2625 413 2656 lnf„
434 2628 457 2649 9.
480 2638 509 2642 -
531 2625 551 2641 ¹⁰
570 2624 713 2654 Chrysost„
733 2624 774 2647 ubi
796 2631 853 2654 sup.
873 2640 902 2644 —

1679 219 1737 247 509

963 274 1117 308 quomodo
1131 278 1282 304 venerunt.
1298 287 1310 301 »
1325 279 1360 304 Ec
1375 279 1421 304 z'lle
1431 279 1501 305 alius
1517 279 1668 315 dz'scz'pulus
1681 291 1686 308 :
1698 283 1734 310 de

963 326 993 346 se
1023 320 1101 347 enim
1130 323 1272 357 tanquam
1300 323 1337 350 de
1365 323 1424 351 alio
1448 327 1550 352 cuncta
1566 329 1673 354 narrat.
1704 329 1735 356 Ut

964 365 1003 392 ait
1018 367 1174 401 Gregorius
1195 368 1214 385 ¹³
1229 378 1235 395 :
1256 379 1269 394 «
1281 369 1324 396 1111
1338 378 1396 405 prae
1411 371 1519 398 caeteris
1534 377 1734 409 cucurrerunt,

963 412 1014 446 qui
1040 421 1100 447 prae
1128 415 1237 442 creteris
1264 420 1475 444 amaverunt.»
1496 419 1530 444 Ec
1556 421 1628 446 veuit
1657 423 1737 454 prior

963 458 998 483 ud
1015 463 1229 494 mouumentum,
1249 462 1287 496 (v.
1305 463 1327 494 5)
1346 464 1371 488 ct
1389 463 1460 489 vidit
1480 464 1649 498 linteamina,
1669 468 1734 500 etc„

963 504 1046 538 quod
1057 507 1117 532 erat
1131 506 1249 540 signum
1261 508 1491 543 resurrectionis,
1503 512 1535 537 ut
1548 510 1587 537 ait
1598 511 1734 547 Chrysos-

963 552 1059 577 tomus
1085 553 1103 567 ⁴³
1133 561 1139 578 :
1164 554 1265 580 «Cum
1294 554 1373 581 enim
1394 555 1515 590 myrrha
1536 557 1667 592 sepultus
1695 560 1736 585 est

962 596 1091 623 Christus
1102 618 1110 631 ,
1141 606 1207 633 quae
1235 607 1296 626 non
1328 600 1424 627 minus
1456 601 1580 636 plumbo
1609 603 1734 638 conglu-

963 642 1035 669 tinat
1057 644 1174 678 corpori
1194 644 1365 673 linteamina
1387 655 1393 672 :
1412 657 1423 672 n
1442 648 1470 674 et
1484 647 1523 674 ita
1538 647 1733 684 fuitsignum,

963 688 1045 722 quod
1059 697 1120 715 non
1135 689 1188 717 fuit
1203 699 1309 726 corpus
1320 692 1469 720 sublatum
1482 693 1571 729 furto,
1589 695 1641 722 sed
1653 696 1735 731 quod

963 738 1171 763 resurrexerat.

997 780 1023 806 ss.
1050 781 1129 808 Venit
1156 790 1216 815 erqo
1232 783 1324 810 Sz‘mon
1340 785 1443 818 Petrus,
1462 788 1527 820 etc.‚
1544 789 1568 813 et
1587 788 1659 814 vidit
1680 789 1734 815 lz'n-

963 827 1091 860 teurm'na,
1107 830 1133 853 ec
1146 828 1297 863 sudarium,
1321 832 1373 857 etc.
1391 831 1448 858 Sed
1471 833 1620 867 quaerttur,
1643 841 1734 868 quare

961 874 1043 898 erant
1065 874 1222 907 separatim
1244 876 1355 910 posita;
1382 876 1450 903 item
1469 878 1619 912 quaeritur,
1643 887 1735 915 quare

961 917 1009 951 ait,
1027 919 1108 953 quod
1124 922 1185 946 erat
1206 921 1326 948 sudario
1352 921 1528 950 involutum.
1557 926 1587 951 Et
1613 925 1652 952 ad
1677 926 1735 952 hoc

960 964 1119 998 respondet
1134 965 1211 992 idem
1227 967 1450 1002 Chrysostomus
1466 968 1485 985 ¹⁴
1499 970 1581 1004 quod
1596 970 1664 998 ideo
1678 971 1735 998 hoc

961 1011 1009 1042 ait,
1025 1013 1056 1037 ut
1071 1011 1176 1045 discas,
1190 1013 1332 1047 quoniam
1359 1022 1420 1041 non
1434 1017 1495 1042 erat
1523 1015 1733 1052 festinantium,

960 1064 1057 1091 neque
1081 1058 1267 1085 turbatorum
1282 1059 1343 1086 hfflc
1358 1068 1414 1093 res,
1430 1061 1483 1087 sed
1505 1069 1639 1090 seorsum
1667 1064 1735 1098 qui-

961 1101 1029 1128 dem
1043 1102 1103 1136 illa,
1126 1111 1258 1130 seorsum
1284 1113 1354 1132 vcro
1375 1106 1432 1132 hoc
1455 1115 1517 1134 esse
1549 1117 1555 1134 :
1583 1107 1735 1136 involvere

961 1147 1040 1174 enim
1055 1151 1096 1175 est
1122 1157 1189 1176 cum
1204 1149 1354 1184 diligentia
1378 1151 1518 1179 facientis.
1546 1155 1577 1180 Et
1600 1154 1658 1181 hoc
1672 1155 1736 1182 vult

960 1193 1184 1228 chrysostomus
1212 1196 1387 1224 concludere
1403 1218 1412 1231 ,
1443 1198 1525 1233 quod
1561 1199 1623 1227 haec
1651 1203 1734 1228 erant

961 1240 1053 1274 signa,
1070 1241 1150 1275 quod
1172 1241 1298 1269 Christus
1323 1245 1488 1278 resurrexit,
1515 1246 1543 1272 et
1562 1246 1646 1280 quod
1669 1255 1734 1274 cor-

960 1294 1015 1321 pus
1030 1294 1089 1313 nou
1104 1287 1156 1314 suit
1170 1288 1246 1315 furto
1269 1289 1418 1316 sublatum
1441 1290 1478 1317 ab
1495 1291 1665 1319 hominibus
1680 1292 1734 1320 ses-

960 1332 1119 1360 tiuantibus
1133 1335 1160 1360 et
1174 1334 1304 1361 turbatls
1322 1337 1352 1362 Et
1368 1335 1434 1363 ideo
1450 1337 1505 1369 ait,
1525 1338 1608 1372 quod
1623 1338 1662 1366 oh
1676 1339 1734 1366 hoc

960 1379 1165 1406 resurrectioni
1182 1380 1379 1408 crediderunt.

996 1426 1021 1450 8.
1041 1426 1112 1451 Tunc
1126 1434 1185 1459 cryc
1201 1428 1324 1453 introivit
1339 1430 1363 1453 ec
1380 1428 1426 1455 z'lle
1440 1428 1600 1463 discipulus,
1612 1432 1636 1456 et
1649 1431 1731 1463 vidit,

960 1470 1069 1497 scillcet
1082 1479 1209 1499 vacuum
1230 1473 1430 1508 sepulchrum,
1451 1477 1478 1501 et
1493 1475 1617 1503 credidit
1638 1476 1733 1504 Chris—

962 1518 1022 1542 tum
1037 1524 1098 1543 non
1112 1518 1280 1552 surrexisse,
1297 1519 1349 1545 sed
1363 1520 1512 1547 sublatum
1531 1529 1605 1555 esse,
1620 1525 1650 1550 ut
1665 1531 1733 1550 mu-

960 1561 1014 1589 lier
1028 1562 1110 1589 dixit.
1127 1565 1159 1590 Et
1172 1564 1229 1591 hoc
1244 1564 1323 1598 ideo,
1340 1565 1410 1600 quia
1430 1566 1468 1602 (v.
1486 1567 1512 1602 9)
1531 1569 1648 1595 nondum
1668 1571 1735 1597 scie-

961 1609 1023 1635 hant
1037 1610 1215 1644 Scripturam,
1228 1613 1294 1645 quia
1308 1614 1444 1646 oportebat
1459 1613 1496 1648 (α)
1516 1622 1573 1641 eum
1588 1624 1732 1651 resuryere.

959 1655 1016 1681 Sed
1032 1655 1156 1690 qualiter
1169 1657 1248 1684 hoc?
1264 1666 1331 1684 cum
1346 1666 1422 1693 saepe
1437 1659 1573 1687 audirent
1587 1669 1604 1688 a
1622 1662 1732 1690 Christo

960 1700 997 1727 de
1012 1703 1105 1728 morte
1120 1704 1148 1728 ct
1161 1703 1382 1738 resurrectione,
1395 1705 1520 1739 qualiter
1532 1715 1593 1733 non
1603 1707 1733 1736 sciebant

959 1747 1136 1782 Scripturam
1152 1748 1187 1775 de
1203 1749 1280 1776 hoc?
1304 1752 1335 1776 Et
1357 1750 1395 1777 ad
1410 1751 1466 1778 1100
1491 1753 1651 1788 respondet
1673 1757 1731 1782 Au-

960 1793 1092 1826 gustinus
1105 1793 1134 1828 ¹⁵,
1147 1795 1229 1830 quod
1241 1805 1254 1820 «
1264 1796 1384 1830 quando
1399 1804 1416 1823 a
1432 1798 1556 1825 Domino
1572 1800 1732 1828 audiebant

960 1838 996 1865 de
1018 1839 1089 1873 hoc,
1110 1842 1320 1868 consuetudine
1344 1842 1484 1870 audiendi
1508 1844 1546 1871 ab
1573 1845 1625 1872 illo
1644 1854 1731 1881 para-

958 1884 1054 1918 bolas,
1072 1893 1132 1912 non
1157 1887 1380 1922 intellexeruut,
1400 1891 1428 1916 et
1455 1889 1536 1917 aliud
1557 1891 1672 1927 aliquid
1697 1893 1732 1920 si-

960 1938 1050 1964 gnare
1066 1932 1285 1960 crediderunt.»

995 1978 1038 2004 10.
1053 1978 1188 2005 Abz'erunt
1204 1987 1263 2013 erqo
1285 1981 1414 2015 discipuli
1431 1982 1467 2009 ad
1491 1985 1643 2018 semetipsos
1649 2005 1658 2018 ,
1678 1994 1690 2010 «
1700 1985 1731 2012 id

959 2025 1010 2057 est,
1026 2024 1077 2050 ubi
1091 2024 1274 2059 habitabant,
1291 2028 1319 2053 01
1339 2027 1417 2054 unde
1441 2028 1480 2055 ad
1506 2033 1730 2058 monumentum

959 2072 1157 2104 cucurrerant,
1173 2081 1186 2096 »
1205 2071 1244 2098 ait
1258 2073 1434 2106 Augustinus
1450 2075 1480 2099 1⁶.
1502 2075 1552 2101 Vel
1567 2075 1730 2103 secundum

959 2115 1200 2150 Chrys-ostomum
1215 2117 1245 2151 ¹⁷,
1261 2119 1343 2152 quod
1363 2128 1377 2143 ι(
1393 2119 1528 2155 discipuli
1543 2121 1678 2149 abierunt
1691 2122 1730 2149 ad

958 2162 1139 2197 semetipsos,
1165 2163 1273 2190 scilicet
1310 2165 1482 2200 stupefacti,
1512 2167 1731 2211 considerantes

958 2207 1139 2243 linteamina,
1153 2213 1179 2236 ct
1194 2209 1355 2238 credentes.
1372 2221 1385 2236 n
1408 2213 1440 2238 Et
1453 2214 1532 2247 patet
1555 2213 1602 2240 1110
1624 2214 1731 2242 veritas

958 2255 1146 2289 Evangelistae
1174 2264 1180 2282 :
1212 2258 1242 2283 ut
1277 2257 1356 2284 enim
1380 2257 1420 2284 uit
1447 2258 1674 2294 chrysostomus
1701 2261 1730 2295 ¹⁸,

962 2311 974 2325 ιι
1001 2301 1185 2336 Evangelista
1210 2309 1271 2329 non
1291 2303 1418 2337 privavit
1442 2305 1597 2333 mulierem
1625 2306 1729 2335 lauda-

959 2346 1048 2381 tione,
1062 2355 1159 2382 ncque
1175 2348 1383 2375 verecundiam
1404 2349 1579 2378 existimavit
1599 2359 1650 2380 eos
1671 2353 1730 2380 dis·

958 2400 1022 2420 cere
1046 2393 1084 2420 ab
1104 2401 1138 2420 ea
1156 2396 1355 2429 pernoctante.
1375 2405 1387 2419 »
1410 2396 1488 2423 Patet
1506 2397 1593 2425 etiam
1611 2398 1729 2427 humili-

961 2489 976 2504 ¹¹
992 2490 1067 2519 Aug,
1082 2489 1162 2511 Tract.
1180 2494 1238 2518 01111,
1253 2495 1279 2511 11.
1296 2490 1319 2512 7.
1334 2502 1363 2506 -
1380 2491 1397 2505 '2
1413 2490 1499 2521 Greg.‚
1514 2491 1555 2515 ubi
1570 2500 1636 2523 sup.,
1653 2501 1727 2524 prox.

958 2536 987 2541 —
1004 2524 1023 2539 ¹³
1041 2524 1182 2554 Clirysost„
1203 2524 1244 2547 uhi
1268 2531 1324 2554 sup.
1341 2537 1367 2541 -
1391 2525 1408 2540 ’Β
1425 2525 1489 2549 ibid.
1505 2539 1535 2543 —
1556 2528 1574 2544 ’δ’
1595 2531 1668 2559 Aug,
1687 2529 1727 2553 ubi

958 2566 1023 2589 sup„
1042 2566 1066 2582 11.
1085 2560 1107 2581 U.
1126 2571 1155 2576 -—-
1178 2559 1195 2575 ¹⁸
1212 2559 1293 2582 Tract.
1316 2565 1391 2588 exat,
1411 2566 1437 2584 11.
1460 2563 1482 2584 1.
1502 2575 1528 2578 -—
1550 2563 1568 2578 ¹7
1587 2563 1727 2595 Chrysost.‚

957 2594 1026 2617 hum.
1045 2599 1138 2623 11.-111,
1153 2594 1185 2617 al.
1202 2599 1309 2625 mxxvi,
1329 2601 1354 2618 n.
1371 2597 1394 2618 1.
1413 2608 1442 2613 —
1457 2596 1477 2612 ¹·
1493 2597 1539 2627 1d.‚
1555 2598 1624 2623 hom.
1639 2605 1727 2631 praec„

949 2637 982 2663 ,¹¹·
998 2631 1020 2652 «1.
1038 2642 1064 2645 -
1082 2630 1113 2658 (α)
1131 2630 1193 2653 Caet.
1207 2629 1267 2653 edit.
1282 2631 1435 2660 oportuerat.
