1987 3032
699 227 903 259 EXPOSITIO
926 227 964 257 IN
987 227 1070 258 CAP.
1091 227 1183 259 XXII.

149 300 206 335 est,
223 299 254 329 id
264 301 321 336 est,
337 298 463 338 propter
477 305 534 326 nos
549 296 644 326 tristis
656 297 714 333 est,
728 303 854 325 necesse
869 296 916 324 est

149 353 183 381 ut
198 351 293 382 etiam
306 352 432 390 propter
444 358 502 380 nos
513 349 716 385 confortetur,
731 350 761 378 et
771 347 861 377 nohis
877 356 884 376 ε
897 357 912 374 1)

150 406 185 434 ut
199 413 239 434 ex
253 403 312 433 hoc
327 405 491 441 appareat,
508 402 592 440 quod
608 401 725 439 Augeli
740 400 916 430 confortant

149 458 283 492 orantes,
304 455 384 485 sicut
402 454 515 484 dicitur
536 455 543 470 ¹
567 465 573 484 2
595 466 608 483 «
627 453 744 492 Tetigit
758 462 808 482 me
824 451 915 491 quasi

150 508 228 538 visio
245 507 394 543 hominis,
420 509 449 537 et
467 507 654 537 confortavit
672 516 739 543 me,
761 508 790 536 et
809 505 888 535 dixit
906 515 912 534 ε

148 560 218 591 Noli
228 561 349 598 timere,
363 561 413 590 vir
426 560 672 598 desideriorum
688 569 749 599 pax
759 559 816 590 tibi
827 570 833 597 3
844 568 917 589 con-

148 615 274 652 fortare,
286 617 316 644 et
326 616 392 645 esto
407 614 566 644 robustus.
579 613 721 652 Cumque
734 613 917 652 loqueretur

148 677 285 705 mecum,
300 667 444 697 convalui
458 667 508 706 (a),
518 670 548 697 et
558 667 637 697 dixi:
651 666 803 705 Loquere,
815 665 919 695 Domi-

148 730 188 750 ne
199 721 254 758 mi,
272 721 344 760 qnia
354 720 597 750 confortastime.
610 731 623 747 n
636 719 709 749 Haec
718 727 797 757 ergo
807 718 916 756 Ange-

148 773 254 803 lorum
273 773 456 803 confortatio
476 773 568 802 nobis
589 772 736 811 impetrat
752 771 915 809 vigorem;

148 828 276 865 propter
291 826 390 865 quod,
408 826 440 855 in
460 826 559 864 hujus
574 824 843 863 designationem,
861 823 917 853 ad-

149 879 195 909 dit
211 889 218 910 :
236 880 281 910 Ec
300 880 405 918 factus
425 879 458 909 in
472 879 605 918 assensa,
615 878 777 917 prolixius
793 876 915 906 orabat.

151 932 321 971 Gregorius
331 933 342 949 2
357 944 386 963 z«
401 932 512 962 Factus
524 932 557 961 in
574 932 699 970 agonia,
713 931 819 969 signat
834 929 918 968 quod

152 987 226 1015 tunc
244 986 351 1015 anima
370 995 434 1015 non
454 985 613 1014 immerito
628 986 775 1020 terretur,
792 982 919 1022 quando

151 1040 220 1076 post
235 1038 384 1077 pusillum
399 1038 459 1067 hoc
473 1038 605 1074 invenit,
622 1037 706 1076 quod
717 1037 748 1066 in
762 1038 919 1066 aeternum

151 1093 274 1120 mutare
283 1099 345 1120 non
358 1091 488 1129 possit.»
506 1090 542 1119 In
552 1090 612 1120 hoc
622 1089 705 1120 enim
719 1090 799 1118 mira
811 1091 856 1119 est
867 1097 921 1127 pu-

152 1153 217 1182 gua
230 1144 310 1173 inter
324 1145 472 1173 naturam
487 1146 517 1172 et
539 1143 694 1181 gratiam,
718 1142 800 1172 inter
822 1142 920 1172 ratio-

151 1205 223 1227 nem
239 1198 270 1226 et
291 1196 536 1226 sensualitatem.
564 1195 665 1232 Quam
690 1195 818 1233 quidem
839 1204 917 1233 ago-

152 1250 238 1279 niam
254 1249 435 1279 habuerunt
449 1249 548 1279 sancti
564 1251 738 1288 martyres,
755 1250 785 1277 et
803 1248 920 1278 habent

152 1302 317 1341 virijusti,
336 1301 511 1331 secundum
526 1301 623 1331 illud³
642 1311 648 1330 ς
667 1300 800 1330 «Omnis
817 1300 872 1338 qui
888 1300 920 1329 in

152 1363 255 1393 agone
269 1354 447 1391 contendit,
463 1354 502 1383 ab
517 1353 666 1383 omnibus
688 1362 720 1382 se
742 1352 887 1382 abstinet.
902 1363 915 1379 n

154 1406 190 1436 Et
200 1408 269 1445 post
283 1416 290 1436 ε
308 1406 377 1445 Ego
391 1406 491 1444 igitur
507 1406 550 1436 sic
564 1414 657 1435 curro
668 1429 676 1442 ,
694 1414 759 1435 non
774 1405 863 1444 quasi
888 1405 921 1434 in

153 1459 307 1489 incertum
335 1468 354 1492 τ,
368 1460 412 1488 sic
440 1468 552 1498 pugno
570 1483 578 1496 ,
605 1468 669 1489 nou
694 1459 784 1498 quasi
814 1467 920 1489 aerem

154 1512 336 1542 verberans.
354 1523 368 1539 »
388 1511 510 1547 Quanto
525 1513 632 1542 autem
648 1512 716 1541 ha³c
731 1512 846 1550 agonia
861 1512 921 1541 for-

154 1565 212 1594 tior
226 1566 291 1602 est,
320 1567 406 1594 tanto
420 1565 532 1595 fortius
554 1565 689 1595 orationi
711 1565 919 1595 insistendum

152 1620 208 1648 est.
226 1617 312 1647 Unde
328 1618 444 1657 supra*
461 1627 468 1648 :
489 1630 503 1646 «
518 1617 644 1648 Dicebat
664 1620 769 1648 autem
786 1618 918 1657 parabo-

152 1671 214 1701 lam
225 1671 263 1701 ad
278 1671 357 1709 illos,
372 1671 525 1710 quoniam
539 1673 661 1711 oportet
676 1680 801 1710 semper
815 1680 918 1708 orare,

152 1726 183 1755 et
205 1734 268 1754 non
283 1724 425 1755 deficere.
442 1735 456 1752 ›)
476 1724 513 1755 Et
537 1725 653 1755 iteium
668 1724 689 1762 ⁵,
706 1724 792 1764 quod
817 1736 832 1754 (ι
854 1726 921 1755 erat

152 1781 338 1817 pernoctans
352 1779 386 1808 in
401 1779 542 1809 oratione
558 1779 621 1809 Dei.
638 1789 652 1806 n

192 1833 303 1871 Sexto,
319 1836 474 1872 quantum
489 1833 527 1863 ad
542 1833 694 1863 orationis
708 1833 898 1863 anxietatem
908 1857 917 1871 ,

153 1886 299 1915 subditur
317 1886 357 1924 (v.
375 1887 421 1923 44)
445 1896 451 1915 z
478 1886 522 1917 El
537 1886 643 1924 factus
663 1890 708 1916 est
731 1886 828 1916 sudor
850 1885 918 1925 ejus

153 1939 233 1968 sicut
245 1943 344 1977 quttoe
353 1939 518 1978 smzquz'nz's
529 1939 722 1969 decurrentis
739 1940 772 1969 in
788 1943 919 1971 [errem.

154 1991 200 2021 Ex
215 2000 278 2030 quo
293 1993 420 2030 apparet
440 1992 523 2031 quod
546 1992 742 2022 mirabilibus
757 1993 898 2032 suspiriis
909 2016 918 2031 ,

152 2047 183 2074 et
211 2044 402 2075 clamoribus
429 2045 549 2082 cordis,
570 2048 601 2076 et
627 2046 730 2075 anxiis
757 2046 920 2076 desideriis

153 2098 306 2128 clamabat
321 2098 359 2128 ad
375 2098 475 2128 Deum
487 2123 494 2136 ,
508 2099 685 2129 secundum
702 2098 778 2129 illud
789 2100 817 2129 ⁶:
836 2111 850 2128 «
865 2100 921 2130 Do-

153 2151 237 2181 mine
261 2150 342 2181 Deus
363 2151 473 2181 salutis
498 2160 598 2189 meze,
623 2151 655 2181 in
670 2151 720 2181 die
737 2152 871 2182 clamavi
891 2154 921 2182 et

152 2207 242 2235 nocte
266 2213 372 2234 coram
394 2206 436 2234 te.
450 2215 464 2232 »
485 2204 556 2235 ldeo
580 2207 686 2235 autem
708 2205 841 2243 sanguis
865 2205 919 2235 de-

152 2258 298 2288 currebat
313 2258 345 2287 in
360 2260 477 2288 terram
490 2281 497 2295 ,
522 2258 561 2288 ad
585 2259 815 2289 ostendendum
836 2259 920 2298 quod

153 2320 210 2349 pro
233 2311 368 2341 Ecclesia
391 2311 520 2348 orabat,
545 2313 575 2341 et
602 2321 659 2351 pro
684 2311 736 2341 illa
759 2311 921 2342 effundere

152 2364 345 2402 sanguinem
368 2373 465 2394 suum
491 2364 637 2403 cupiebat
651 2365 660 2381 '¹
679 2376 686 2394 :
710 2364 855 2403 «Terra,
881 2374 920 2395 ne

152 2417 276 2456 operias
299 2417 491 2456 sanguinem
508 2426 635 2455 meum,
662 2427 765 2456 neque
780 2417 921 2448 iuveniat

154 2470 186 2500 in
200 2472 230 2501 te
249 2470 354 2501 locum
379 2470 494 2500 latendi
517 2470 636 2500 clamor
652 2480 754 2501 meus.
768 2481 783 2498 ι)
810 2471 920 2501 Atten-

154 2522 290 2553 <lendum
305 2525 351 2553 est
363 2524 480 2560 autem,
495 2522 578 2561 quod
592 2523 747 2553 Dominus
759 2523 838 2553 fudit
851 2533 920 2553 san-

185 2585 191 2599 ¹
208 2584 278 2614 Dan„
296 2590 320 2614 x,
337 2586 415 2607 15).—
432 2584 440 2597 ²
461 2584 546 2613 (ἐι-«Ἥ,1
568 2584 660 2607 Mornl.
678 2584 720 2607 lib.
738 2585 824 2614 XXIV,
841 2593 863 2608 c.
885 2591 919 2613 XI,

154 2620 296 2643 u.3‡3.—³l
311 2620 430 2649 Cm'.‚1x,
443 2621 556 2642 25-2t;.—
569 2620 577 2635 ⁴
590 2621 661 2650 Sup„
677 2622 816 2650 xx111‚1.—
826 2621 835 2636 ὅ
846 2623 919 2651 b'up.⁷

155 2660 188 2683 vi,
205 2656 272 2678 12.-
285 2655 295 2670 ⁵
311 2655 374 2678 Psal.
391 2660 506 2683 Lxxxvn,
518 2656 540 2678 2.
550 2668 575 2671 ——
587 2655 597 2670 ’ἵ
608 2654 661 2681 dub.
677 2661 731 2679 ml.
746 2658 780 2678 19.
793 2668 820 2672 —
833 2657 840 2669 ¹³
854 2656 919 2679 νειιί.

154 2695 249 2720 cxxix,
268 2691 292 2712 7.
307 2702 338 2706 —
351 2691 361 2703 ⁸
377 2689 435 2719 isa„
450 2695 524 2719 inn,
539 2692 562 2715 2.
578 2702 609 2707 —-
629 2691 646 2706 ¹⁰
667 2690 752 2720 Helua,
767 2697 814 2720 xn,
834 2693 872 2715 24.
890 2703 920 2708 -

1685 232 1737 260 191

974 295 1107 333 guinem
1123 304 1219 325 suum
1238 303 1295 334 pro
1316 293 1407 324 nobis
1421 294 1455 323 in
1480 293 1735 334 circumcisione,

973 348 1132 386 oratione,
1161 347 1392 386 flagellatione,
1424 347 1643 386 coronatione,
1672 357 1740 379 ma-

974 409 1076 430 nuum
1092 403 1122 431 et
1136 401 1252 440 pedum
1262 400 1477 437 crucifixione,
1493 402 1523 430 et
1530 399 1637 430 lateris
1652 410 1741 440 aper-

974 453 1070 490 tione,
1087 456 1122 484 ut
1138 454 1181 484 sic
1197 455 1345 493 appareat
1360 462 1472 483 verum
1490 453 1566 483 illud
1582 456 1592 472 ¹³
1609 464 1637 483 t«
1649 453 1743 492 Apud

976 505 1143 536 Dominum
1157 507 1381 544 misericordia,
1394 508 1424 536 et
1436 507 1561 546 copiosa
1569 506 1655 546 apud
1668 515 1741 536 euin

974 559 1188 598 redemptio.»
1213 559 1300 590 Unde
1321 560 1519 590 verificatum
1544 561 1590 589 est
1613 559 1691 589 illud
1707 560 1716 575 ⁹
1736 571 1741 590 :

979 611 1102 648 «Quare
1110 621 1190 651 ergo
1200 613 1337 643 rubrum
1348 617 1394 643 est
1402 613 1627 643 indumentum
1638 615 1741 650 tuum,

975 667 1005 695 et
1015 665 1204 696 vestimenta
1219 668 1273 696 tua
1289 667 1370 696 sicut
1385 666 1575 696 calcantium
1592 667 1625 697 iu
1640 668 1742 697 torcu-

974 718 1052 748 lari?
1065 730 1079 747 »
1099 719 1175 750 Vere
1190 720 1326 750 rubrum
1348 722 1394 750 est
1408 722 1643 751 sacrosanctum
1659 720 1745 751 istud

975 780 1099 811 corpus,
1116 773 1200 812 quod
1215 773 1305 803 toties
1320 773 1379 803 fuit
1394 783 1451 812 pro
1466 773 1557 804 nobis
1573 783 1661 804 sacro
1675 783 1744 804 sau-

975 827 1074 865 guine
1090 827 1297 857 rubricatum.
1327 827 1382 857 llic
1406 828 1539 866 sanguis
1567 828 1745 867 interpellat

975 889 1032 919 pro
1053 881 1142 910 nobis
1157 905 1163 917 ,
1183 881 1359 911 secundum
1375 881 1452 911 illud
1469 882 1489 897 ¹⁰
1505 892 1511 911 :
1535 892 1550 910 α
1564 881 1746 912 Accessistis

976 933 1014 963 ad
1032 934 1209 964 testamenti
1230 934 1306 964 novi
1337 934 1542 965 mediatorem
1564 934 1690 972 Jesum,
1716 936 1747 965 et

977 987 1139 1025 sanguinis
1169 988 1384 1027 aspersionem
1421 988 1534 1018 melius
1563 988 1745 1028 loquentem

977 1050 1071 1079 quani
1090 1040 1169 1070 Abel
1187 1051 1192 1070 :
1211 1051 1225 1068 n
1245 1041 1320 1079 quia
1340 1040 1472 1078 sanguis
1487 1040 1565 1070 Abel
1590 1040 1747 1070 clamabat

977 1093 1158 1130 vindictam,
1177 1093 1352 1123 secundum
1366 1093 1442 1123 illud
1455 1092 1475 1109 ¹¹
1491 1104 1522 1123 κ(
1536 1092 1604 1123 Vox
1619 1093 1748 1132 sangui-

976 1146 1024 1175 nis
1039 1146 1143 1175 fratris
1159 1146 1205 1176 tui
1219 1146 1298 1176 Abel
1314 1146 1428 1176 elamat
1447 1147 1486 1177 ad
1502 1155 1553 1176 me
1569 1146 1607 1176 de
1622 1148 1742 1183 terra3»

976 1199 1028 1228 hic
1049 1201 1155 1229 autem
1178 1199 1331 1229 clamabat
1351 1199 1569 1230 remissionem
1588 1201 1610 1218 ¹²
1630 1210 1637 1229 z
1660 1212 1673 1228 α
1691 1199 1748 1230 Hic

977 1255 1020 1282 est
1038 1253 1122 1282 enim
1134 1253 1267 1291 sanguis
1283 1262 1372 1283 meus
1386 1253 1463 1283 novi
1476 1253 1672 1291 testamenti,
1692 1253 1746 1292 qui

977 1314 1032 1344 pro
1052 1305 1160 1335 multis
1179 1306 1360 1336 effundetur
1381 1306 1414 1335 in
1436 1307 1654 1337 remissionem
1675 1315 1748 1346 pec-

977 1360 1055 1388 cator
1066 1368 1131 1389 um.
1148 1371 1161 1386 »

1017 1411 1174 1450 Septimo,
1196 1414 1353 1451 quantum
1375 1413 1414 1443 ad
1437 1413 1587 1443 orationis
1610 1412 1745 1443 circum-

976 1466 1179 1504 spectionem,
1195 1467 1364 1505 subjungit
1381 1468 1423 1505 (v.
1440 1466 1488 1506 45)
1509 1478 1515 1497 :
1534 1467 1579 1498 Et
1593 1477 1665 1498 cum
1676 1477 1746 1498 sur-

975 1519 1105 1548 rexisset
1117 1519 1156 1549 ab
1169 1520 1322 1556 oratione,
1340 1524 1369 1550 et
1380 1521 1513 1550 venisset
1521 1520 1566 1550 acl
1579 1520 1748 1560 discipulos

975 1580 1064 1610 suos,
1082 1572 1200 1602 invenit
1224 1582 1274 1602 eos
1298 1572 1489 1604 dormientes
1508 1582 1581 1613 prce
1603 1574 1744 1604 tristicia.

976 1624 1027 1655 Sic
1041 1627 1145 1655 tamen
1161 1625 1271 1655 orabat
1286 1626 1324 1656 ad
1341 1626 1439 1656 Deum
1452 1650 1462 1664 ,
1478 1628 1514 1656 ut
1534 1636 1599 1656 non
1617 1626 1748 1658 oblivis-

976 1682 1098 1708 ceretur
1112 1678 1223 1708 ovium
1239 1688 1389 1716 suarum3
1404 1679 1550 1719 quinimo
1566 1681 1641 1709 tunc
1653 1679 1748 1710 inter-

976 1730 1062 1769 rupit
1075 1731 1263 1768 orationem,
1279 1733 1314 1761 ut
1328 1731 1445 1762 rediret
1455 1732 1493 1762 ad
1509 1732 1681 1771 discipulos
1695 1741 1748 1762 ex-

976 1782 1126 1813 cItandos.
1153 1782 1239 1813 Unde
1260 1783 1426 1814 Matthaeus
1442 1786 1463 1801 ¹³
1483 1793 1490 1815 :
1511 1784 1578 1815 «Et
1595 1785 1700 1823 venit,
1718 1787 1747 1816 et

976 1837 1092 1866 iterum
1103 1836 1222 1867 invenit
1233 1846 1285 1867 eos
1296 1837 1499 1868 dormientes.
1514 1848 1528 1865 »
1542 1837 1577 1867 ln
1592 1846 1656 1876 quo
1668 1837 1748 1868 mira

976 1891 1104 1927 apparet
1123 1889 1299 1919 sollicitudo
1315 1888 1429 1919 Christi
1443 1889 1481 1919 ad
1496 1889 1683 1929 discipulos,
1708 1890 1747 1920 si·

976 1942 1028 1969 cut
1051 1939 1169 1978 gallina
1190 1940 1374 1970 sollicitatur
1396 1940 1435 1970 ad
1453 1940 1555 1979 pullos
1569 1941 1608 1971 ¹⁵:
1629 1940 1747 1971 «Sicut

976 1992 1082 2031 aquila
1096 2001 1272 2031 provocans
1285 1992 1324 2022 ad
1340 1992 1513 2023 volandum
1530 1993 1632 2032 pullos
1653 2002 1744 2030 suos,

975 2047 1006 2074 et
1029 2054 1124 2084 super
1150 2054 1203 2074 eos
1228 2045 1408 2075 volitans.»
1438 2045 1525 2076 Unde
1548 2048 1578 2076 et
1600 2046 1748 2076 subditur

977 2099 1077 2136 tvffto')
1095 2107 1102 2128 ε
1116 2098 1214 2129 Εῐαίῐ
1230 2097 1310 2127 illis.-
1328 2097 1415 2136 Quid
1421 2097 1564 2128 dormitis
1575 2098 1592 2129 Ρ
1602 2098 1628 2129 S
1632 2098 1744 2138 wylle,

976 2155 1078 2189 orale,
1094 2161 1133 2181 ne
1151 2151 1273 2181 intretis
1288 2151 1321 2181 in
1337 2151 1553 2181 tentationem.
1569 2151 1686 2190 Arguit
1699 2160 1748 2182 eo-

975 2213 1049 2234 rum
1065 2204 1323 2241 somnolentiam,
1347 2213 1418 2243 quae
1442 2204 1553 2233 similis
1576 2207 1642 2234 erat
1666 2213 1748 2235 som-

975 2257 1122 2287 nolentiae
1138 2256 1237 2296 ipsius
1250 2256 1339 2287 Jonee
1352 2257 1372 2272 ¹⁵
1385 2267 1391 2286 :
1405 2268 1418 2284 «
1431 2256 1526 2287 Jonas
1539 2257 1697 2288 descendit
1708 2258 1748 2288 ad

975 2310 1125 2340 interiora
1141 2310 1231 2340 navis
1245 2333 1252 2345 ‚
1274 2312 1304 2340 et
1319 2309 1494 2340 dormiebat
1513 2319 1626 2349 sopore
1641 2311 1746 2349 gravi.

975 2362 1014 2393 Et
1028 2363 1156 2393 accessit
1170 2363 1209 2392 ad
1225 2372 1298 2392 eum
1315 2362 1522 2401 guberuator,
1546 2366 1576 2393 et
1589 2364 1670 2394 dixit
1693 2364 1721 2394 ei
1738 2373 1746 2394 ι

976 2415 1057 2453 Quid
1073 2417 1107 2445 tu
1124 2424 1236 2454 sopore
1255 2415 1506 2454 suppl-inieris&
1529 2415 1579 2446 Sic
1592 2418 1622 2446 et
1638 2416 1744 2446 Domi-

975 2478 1037 2499 nus
1060 2468 1140 2498 dixit
1162 2468 1254 2498 l'etro
1275 2471 1321 2498 ¹⁶:
1343 2479 1357 2496 «
1375 2467 1496 2506 Simon,
1520 2469 1659 2499 dormis?
1677 2468 1746 2499 Non

976 2522 1105 2561 potuisti
1128 2530 1193 2551 una
1214 2521 1293 2551 hora
1313 2521 1448 2560 vigilare
1470 2523 1619 2553 mecum?
1633 2534 1648 2550 »
1668 2522 1743 2553 Dor-

977 2605 993 2620 ¹¹
1012 2606 1081 2634 (iem,
1100 2609 1133 2634 lv,
1152 2606 1253 2628 1υ,-12
1268 2605 1368 2636 Manli„
1384 2612 1453 2635 xxvi,
1469 2608 1539 2630 238,—
1556 2607 1574 2622 Η
1590 2607 1662 2636 thid„
1676 2608 1746 2630 43.—

976 2640 995 2655 12
1013 2640 1093 2668 Dent„
1107 2646 1188 2668 xxxii,
1206 2643 1272 2664 ⁴21.-—
1283 2641 1301 2656 1⁵
1312 2642 1380 2670 dun„
1394 2643 1529 2672 155-6.-¹¹⁵
1542 2642 1692 2671 tllm*c.,.k1v,
1707 2644 1744 2665 37.

1008 2690 1042 2719 (ιι)
1058 2690 1119 2712 Cret.
1132 2689 1189 2712 eda.
1203 2689 1346 2714 convolavi.
