1987 3032
116 500 201 521 Habere

95 531 163 551 vitam
175 538 201 551 ne-

105 562 189 581 ternum

96 593 129 612 est
159 591 199 611 du-

95 622 188 649 pliciter.

113 1563 125 1583 J
128 1562 177 1582 udi-

93 1592 150 1613 cium
159 1593 197 1614 du-

91 1623 149 1649 plex.

118 1747 137 1766 N
139 1752 197 1767 eces-

91 1777 148 1796 saria
167 1777 194 1797 ad

89 1808 157 1828 vitam
169 1815 195 1828 a:-

89 1840 183 1860 ternam.

217 200 275 229 332

219 273 233 289 a
245 265 314 297 Quis
327 265 464 294 liberabit
478 275 525 295 me
540 268 576 295 de
595 276 718 304 corpore
733 268 835 296 mortis
849 268 957 303 hujus?
967 278 981 294 n

216 311 249 337 Et
269 311 399 346 sequitur
417 321 424 340 :
441 322 455 338 ι(
471 314 582 346 Gratia,
598 324 611 339 a
635 314 743 342 seilicet
767 317 980 342 consummata.

215 357 286 383 Item
300 356 415 385 videtur
429 359 484 385 sibi
499 360 708 387 contradicere.
725 360 820 388 Primo
837 361 886 393 ait,
901 360 984 396 quod

216 402 267 437 qui
281 402 322 430 sic
334 403 425 436 audit,
441 405 517 432 habet
535 408 620 432 vitam
635 408 769 433 (eternam.
787 406 843 434 Sed
858 407 880 433 si
895 407 984 434 habet

215 447 316 483 vitam,
327 457 388 477 non
402 451 502 478 transit
514 459 531 478 a
546 454 650 486 morte,
666 453 718 480 sed
732 453 814 488 prius
830 453 961 480 transivit
975 462 981 480 ε

215 496 523 529 ergo‚etc.Etadistud
530 499 983 534 respondendum,quodhabere

214 539 305 567 vitam
319 543 457 570 aeternam
470 545 512 570 est
531 544 686 579 dupliciter
701 553 707 571 ε
724 545 772 572 vel
787 545 816 571 in
829 553 895 580 spe,
912 547 939 572 et
953 545 983 572 in

215 586 311 619 arrha,
327 587 387 614 sive
400 587 429 614 in
443 589 565 624 pignore
581 591 663 625 quod
675 593 716 618 est
731 591 848 626 spiritus
864 591 882 625 ¹,
899 593 927 618 et
943 591 983 618 sic

215 631 319 659 dicitur
341 633 449 662 habere
470 635 500 662 in
520 635 575 663 ista
594 637 667 671 vita,
693 637 768 664 infra
781 638 791 653 ²
809 646 815 664 ε
839 647 851 662 «
865 638 927 664 Hoec
942 639 984 664 est

214 677 275 704 vita
289 680 407 713 aeterna,
417 682 448 708 ut
464 685 642 716 cognoscant
656 685 697 717 te,
708 693 721 709 >›
739 686 791 710 eto.
808 684 840 710 Ut
855 684 933 711 enim
943 683 983 710 ait

213 725 390 758 Augustinus
406 727 427 761 ὃ,
459 736 472 752 ιι
495 727 660 756 differentia
684 731 725 756 est
739 730 769 756 in
785 737 885 757 amore
900 729 982 764 spiri-

213 770 336 798 tualium
355 774 381 800 et
396 774 563 802 carnalium
585 784 592 802 :
611 783 681 803 nam
702 776 753 811 qui
767 777 860 810 novit,
876 779 902 803 et
916 784 982 811 per-

212 815 284 844 fecte
299 820 376 846 amat
388 819 529 853 justitiam
541 841 550 854 ,
562 822 656 856 justus
671 824 728 857 est;
744 830 804 850 non
818 825 916 849 tamen
931 823 981 857 qui

212 863 294 891 novit
308 872 423 899 aurum,
440 867 467 893 et
481 869 568 901 amat,
584 868 689 902 habet,
709 868 818 895 scilicet
833 876 948 895 aurum.
965 878 978 894 »

212 911 244 937 Et
257 910 286 937 in
302 907 432 946 epistolis
444 913 454 928 ¹·
472 922 478 940 ε
498 923 511 938 «
527 913 605 941 Velle
619 914 776 948 justitiam,
791 916 832 941 est
847 922 911 941 eam
927 914 981 941 ha-

211 954 292 984 bere.
309 966 322 982 »
340 958 410 985 Item
425 960 467 986 est
481 959 590 987 habere
612 960 703 987 vitam
719 962 858 988 {eternam
873 960 903 987 in
925 968 955 987 re
973 970 979 988 z

212 1003 240 1028 et
252 1001 292 1029 sic
307 1003 361 1030 erit
374 1006 439 1039 post
452 1005 528 1032 hanc
547 1006 647 1040 vitam,
663 1006 784 1042 quando
800 1007 810 1022 5
832 1006 982 1034 videbitur

211 1048 286 1075 Deus
299 1048 372 1076 facie
387 1050 551 1078 adfaciem.
568 1052 611 1079 Ad
634 1052 716 1079 aliud
738 1052 981 1088 respondendum

211 1095 374 1122 secundum
396 1098 588 1131 Augustinum
603 1099 623 1132 ὃ,
641 1099 722 1134 quod
736 1099 784 1126 hic
798 1099 929 1134 loquitur
944 1099 980 1126 de

212 1141 333 1168 transitu
346 1152 358 1167 «
374 1149 391 1169 a
404 1146 498 1171 morte
514 1144 691 1172 infidelitatis
707 1145 745 1172 ad
760 1145 851 1172 vitam
866 1146 946 1179 fidei,
964 1154 981 1174 a

211 1189 304 1214 morte
318 1187 449 1216 falsitatis
463 1189 501 1216 ad
514 1190 604 1217 vitam
619 1191 760 1224 veritatis,
777 1199 794 1218 a
809 1194 902 1218 morte
926 1192 980 1219 ini-

211 1233 328 1268 quitatis
343 1234 381 1261 ad
396 1235 485 1262 vitani
499 1236 624 1270 justitiae.
641 1239 687 1264 Est
697 1237 734 1271 (a)
748 1237 826 1264 enini
842 1238 980 1273 quaedam

210 1280 383 1308 resurrectio
394 1283 589 1316 mortuorum,
607 1293 619 1307 »
638 1283 903 1318 scilicetpraedicta.
919 1285 981 1311 Haee

210 1326 396 1360 Augustinus.
413 1327 464 1355 Ubi
480 1328 650 1363 opponitur,
666 1329 792 1364 qualiter
807 1329 846 1356 ait
862 1339 868 1356 z
886 1331 936 1356 Hic
952 1332 981 1357 in

211 1371 341 1404 judicium
360 1381 412 1400 non
440 1375 527 1408 venit,
550 1382 617 1401 cum
646 1375 724 1402 dicat
751 1375 906 1410 Apostolus
934 1377 944 1392 ⁷
972 1387 980 1403 .-

215 1418 358 1453 «Oportet
371 1427 425 1446 nos
440 1421 619 1448 manifestari
638 1423 704 1448 ante
725 1421 853 1449 tribunal
868 1422 980 1457 Christi,

211 1465 242 1490 ut
255 1463 361 1492 reserat
374 1466 589 1501 unusquisque,
603 1477 616 1492 »
635 1468 689 1494 etc.
706 1469 781 1501 Ergo
802 1467 899 1495 adhuc
915 1469 981 1503 quis

211 1511 345 1538 transibit
371 1511 401 1538 in
428 1513 570 1543 iudicium
580 1514 593 1540 ‘t
624 1516 655 1541 Et
669 1514 707 1541 ad
732 1514 807 1541 illud
822 1516 982 1550 respondet

211 1557 386 1591 Augustinus
405 1557 424 1590 Β,
443 1559 524 1594 quod
544 1561 585 1586 est
605 1561 751 1595 judicium
772 1561 980 1596 damnationis,

212 1605 239 1630 et
253 1606 295 1630 est
306 1604 450 1638 judicium
466 1605 659 1640 discretionis,
675 1608 736 1635 sive
754 1608 979 1637 discriminatio-

210 1649 265 1684 nis,
282 1658 342 1685 quo
357 1651 443 1678 bonis
462 1652 555 1687 bona,
572 1655 599 1680 et
612 1653 698 1681 malis
719 1654 798 1682 mala
812 1655 956 1683 debentur
973 1665 979 1682 :

210 1696 261 1731 qui
276 1704 346 1724 vero
360 1697 441 1724 audit
454 1700 481 1725 et
494 1699 595 1733 credit,
611 1707 671 1726 non
686 1701 980 1735 transitinjudicium

210 1741 415 1770 damnationis.
441 1745 473 1771 Et
500 1747 578 1779 patet
592 1745 639 1772 hic
658 1754 723 1781 quae
746 1746 802 1774 sint
817 1748 980 1775 necessaria

210 1788 248 1815 ad
263 1788 352 1815 vitam
375 1791 531 1825 aeternam3
554 1799 682 1826 quorum
704 1792 833 1827 primum
854 1795 896 1820 est
916 1801 982 1828 per-

209 1834 361 1870 spicaciter
385 1835 487 1863 audire
498 1857 507 1870 ,
532 1837 612 1864 unde
627 1838 666 1865 ait
686 1847 692 1865 t
711 1840 764 1871 Qui
779 1839 868 1872 audit,
882 1839 913 1866 id
928 1842 979 1875 est,

209 1880 312 1908 auditu
337 1881 434 1908 cordis
447 1882 456 1898 ⁹
472 1891 478 1909 z
498 1892 511 1907 «
525 1883 579 1916 Qui
598 1884 688 1911 habet
714 1892 798 1911 aures
827 1885 980 1920 audiendi,

209 1927 317 1954 audiat.
335 1938 348 1953 »
372 1930 404 1956 Et
424 1930 444 1945 ¹⁰
462 1938 468 1956 ε
488 1932 579 1957 «Esto
603 1933 771 1958 mansuetus
795 1931 834 1958 ad
857 1932 979 1959 audien-

209 1973 280 2000 dum
296 1974 343 2009 (b),
371 1976 402 2002 ut
423 1975 578 2010 intelligas.
596 1985 608 2000 ι)
625 1977 759 2004 Secundo
786 1979 828 2004 est
847 1985 979 2005 necessa-

207 2019 284 2046 rium
292 2019 510 2055 perfectibiliter
521 2021 650 2053 credere,
661 2022 741 2049 unde
753 2022 793 2050 ait
806 2033 811 2048 :
825 2025 860 2050 Et
875 2024 960 2050 credit
972 2033 977 2051 :

207 2067 284 2092 recte
298 2065 504 2101 intelligendo,
530 2067 675 2095 ferventer
695 2069 834 2103 amando,
852 2069 978 2104 perfecte

209 2111 334 2139 orando.
356 2113 415 2139 Hoc
431 2113 509 2140 enim
525 2113 656 2149 implicat
671 2115 789 2142 credere
806 2115 824 2130 ¹¹
841 2124 847 2142 :
867 2125 880 2140 (ι
895 2115 978 2142 Fides

207 2156 268 2184 sine
294 2158 434 2193 operibus
456 2162 570 2187 mortua
587 2163 637 2188 est.
654 2171 666 2186 n
685 2163 717 2189 Et
732 2162 752 2177 ¹2
767 2171 774 2188 z
794 2162 871 2195 «Qui
887 2162 978 2190 credit

208 2203 278 2237 Deo,
293 2205 415 2231 attendit
430 2206 585 2234 mandatis.
603 2217 617 2233 »
634 2209 666 2234 Et
681 2207 731 2242 qui
747 2207 810 2235 talis
825 2210 878 2241 est,
889 2208 979 2236 habet

207 2248 297 2275 vitam
311 2252 449 2277 aeternam
461 2273 470 2285 ,
487 2260 522 2279 eo
537 2253 628 2280 modo
644 2261 704 2288 quo
732 2255 774 2280 est
799 2254 975 2290 expositum.

242 2295 286 2321 25.
303 2297 334 2322 Et
355 2297 487 2332 sequitur
506 2298 556 2325 illa
580 2306 648 2334 pars
668 2299 699 2326 in
721 2307 780 2335 qua
801 2299 976 2332 manifestat,

208 2342 362 2376 quomodo
391 2343 595 2378 vivificentur,
624 2344 687 2372 ibi:
708 2347 794 2372 Amen
820 2346 877 2373 dico
894 2347 976 2379 robis,

207 2388 272 2420 quia
287 2389 359 2414 venit
382 2389 457 2423 hora,
479 2390 587 2418 scilicet
601 2392 716 2426 tempus
737 2391 854 2426 gratiae3
870 2392 975 2426 quando

239 2447 247 2463 ¹
264 2447 283 2470 ll
298 2447 397 2477 Cor.,1,
411 2450 489 2472 22.-
501 2450 580 2480 ²1nf.,
594 2456 657 2481 xvu,
671 2452 693 2475 3.
703 2464 733 2468 -—
746 2451 756 2467 ³
769 2454 843 2482 Aug„
856 2451 885 2475 de
898 2452 975 2480 Tria,

207 2481 249 2506 lib.
265 2482 309 2509 lX,
324 2489 345 2506 c.
363 2489 399 2513 JX,
417 2490 441 2507 n.
462 2485 497 2507 14.
510 2498 541 2502 —
556 2486 563 2499 ⁴
580 2486 626 2516 ld.,
641 2486 674 2509 acl
687 2487 812 2517 Armant„
828 2487 900 2518 epist.
916 2492 975 2517 ην,

207 2516 239 2540 al.
262 2522 364 2547 cxxvu,
384 2524 410 2542 n.
429 2520 461 2548 53
483 2519 516 2542 ad
534 2520 633 2550 Antist„
653 2521 726 2552 epist.
743 2528 828 2550 cxmv,
848 2522 880 2546 al.
900 2527 975 2552 CXLV,

206 2559 233 2575 n.
257 2554 280 2576 8.
303 2565 333 2570 —
355 2554 364 2570 ⁵
387 2555 392 2576 Ι
419 2554 486 2584 Con,
507 2561 570 2585 xm,
596 2557 631 2579 12.
655 2569 684 2573 —
712 2558 721 2571 ⁶
747 2559 820 2588 Aug„
848 2559 873 2581 in
896 2558 977 2586 loun„

207 2589 279 2611 tract.
304 2594 363 2618 xxx,
382 2595 409 2613 n.
427 2590 450 2613 8.
465 2602 494 2607 —
516 2590 523 2604 ⁷
544 2591 563 2613 ΙΙ
583 2591 651 2621 Cor.‚
673 2599 699 2622 v,
724 2594 761 2616 10.
783 2606 809 2610 -
833 2593 843 2609 ⁸
861 2593 977 2624 Aug.,1'n

208 2623 288 2653 Joan„
305 2625 378 2648 tract.
393 2630 457 2655 xxii,
472 2631 498 2648 n.
514 2626 537 2649 5.
549 2638 579 2643 —
595 2626 604 2640 ⁸
618 2626 684 2657 Luc„
700 2633 756 2658 v111,
774 2628 797 2653 8.
811 2640 841 2646 -
854 2628 875 2645 ¹⁰
889 2626 976 2656 Eccli„

733 202 946 233 EVANGELII
967 202 1106 235 SANCTI
1126 203 1288 236 JOANNIS

1040 271 1158 303 mortui,
1173 270 1283 298 scilicet
1308 270 1472 306 privatione
1496 271 1583 306 fidei,
1607 272 1759 306 audierint,
1773 272 1806 300 id

1040 318 1081 342 est
1105 316 1287 351 obedierint,
1302 324 1399 350 vocem,
1414 317 1559 344 internam
1585 317 1807 353 inspirationem

1039 361 1114 388 infra
1129 362 1148 378 ¹³
1164 371 1189 388 :u
1199 362 1252 395 Qui
1265 370 1300 389 ex
1317 364 1436 397 Deoest,
1452 363 1544 390 verba
1553 363 1599 390 Dei
1618 364 1701 390 audit
1715 365 1808 391 1»th-

1038 411 1113 438 vent,
1138 408 1194 435 vita
1215 408 1313 441 gratiae
1336 416 1429 442 nunc,
1454 411 1481 436 et
1501 410 1559 436 vita
1579 409 1679 444 gloriae
1693 411 1806 446 postea,

1039 453 1113 481 infra
1126 454 1147 470 ¹⁸
1164 463 1170 480 :
1189 463 1202 478 «
1216 455 1290 482 Oves
1305 462 1376 481 meze
1393 462 1495 482 vocem
1511 463 1608 482 meam
1630 456 1766 488 audient,
1780 457 1808 483 et

1039 498 1118 526 dabo
1131 499 1171 526 eis
1186 501 1275 527 vitam
1297 502 1445 527 aeternam.
1462 512 1474 526 n
1493 503 1523 528 Et
1538 504 1617 536 patet
1637 502 1684 528 hic
1699 501 1807 529 discre—
1839 505 1924 540 Dialem

1039 544 1171 572 dentium
1186 545 1329 573 defectiva
1343 546 1492 573 calamitas
1503 567 1512 580 ‚
1539 547 1608 582 quia
1631 547 1738 574 mortui
1753 547 1808 574 sci·
1821 535 1923 587 ἶῖζᾙῗ

1038 590 1114 623 licet,
1129 592 1196 618 sunt
1211 591 1317 626 privati
1339 599 1426 618 sensu
1446 594 1529 618 rectae
1553 592 1758 628 intelligentiae,
1780 595 1808 621 et
1830 598 1873 618 ω.

1039 638 1120 664 motu
1145 645 1270 672 operum
1296 638 1422 672 justitiae.
1449 638 1552 665 Vivens
1579 638 1658 666 enim
1678 639 1775 666 differt
1790 647 1808 667 a

1037 690 1098 710 non
1114 683 1239 717 vivente,
1254 691 1341 711 sensu
1355 685 1382 710 et
1397 686 1494 717 motu,
1515 684 1554 711 ait
1567 684 1693 720 sapiens.
1718 686 1751 712 Et
1771 685 1807 713 de

1037 729 1078 756 sic
1098 729 1220 756 mortuis
1236 730 1256 746 ¹⁵
1272 738 1278 756 ι
1298 740 1312 755 «
1327 731 1439 764 Exurge
1456 738 1473 757 a
1494 730 1626 757 mortuis.
1643 740 1656 756 ι)
1673 730 1807 758 Secundo

1037 774 1179 808 figuratur
1207 775 1325 802 internae
1350 776 1547 811 inspirationis
1572 776 1714 812 qualitas,
1743 776 1785 804 ibi
1799 786 1806 804 :

1038 821 1154 848 Audienc
1182 830 1267 848 vocem
1299 823 1366 848 Filii
1394 824 1451 849 Dei.
1481 824 1543 850 Haec
1575 823 1653 850 enim
1673 831 1731 850 vox
1766 824 1808 850 est

1036 868 1150 894 interna
1170 868 1333 903 inspiratio,
1351 868 1387 895 de
1403 876 1462 903 qua
1476 869 1506 895 in
1521 870 1626 895 Psalmo
1641 868 1660 885 ¹⁸
1676 878 1709 896 z«
1723 869 1808 896 Dabit

1037 914 1102 941 voci
1118 922 1177 941 sum
1192 922 1296 941 vocem
1310 914 1430 942 virtutis.
1445 925 1457 938 η
1477 916 1553 942 lianc
1573 922 1677 942 vocem
1693 914 1808 942 deside-

1035 963 1080 987 rat
1101 968 1209 996 sponsa
1240 961 1260 977 ¹⁷
1290 970 1296 987 :
1330 971 1344 985 «
1359 961 1446 988 Sonet
1468 968 1526 988 vox
1554 962 1602 988 tua
1627 961 1658 987 in
1685 961 1807 988 auribus

1036 1007 1120 1040 meis,
1141 1015 1200 1034 vox
1214 1009 1263 1034 tua
1278 1007 1381 1034 dulcis.
1396 1018 1409 1032 »
1428 1009 1458 1034 ln
1474 1008 1579 1034 Psalmo
1596 1007 1616 1024 ¹⁸
1631 1015 1638 1033 z
1653 1016 1667 1032 «
1680 1007 1806 1034 Audiam

1037 1053 1108 1087 quid
1123 1053 1262 1088 loquatur
1285 1053 1316 1080 in
1334 1061 1381 1080 me
1401 1053 1540 1080 Dominus
1562 1054 1644 1080 Deus.
1660 1061 1674 1078 »1
1690 1054 1722 1080 Et
1735 1052 1807 1080 tales

1036 1099 1135 1125 vivent
1147 1099 1205 1126 vita
1215 1099 1313 1134 gratiae
1324 1107 1413 1132 nunc,
1425 1102 1452 1126 ct
1464 1099 1523 1125 vita
1537 1098 1637 1133 gloriae
1651 1100 1754 1134 postea
1765 1099 1785 1116 ¹⁹
1797 1107 1804 1126 ι

1039 1156 1051 1171 «
1067 1146 1159 1173 Verba
1173 1146 1251 1173 enim
1267 1146 1330 1173 vitae
1344 1147 1457 1173 aeternoe
1467 1146 1589 1179 habe5,»
1602 1145 1641 1173 ait
1655 1147 1753 1173 Petrus
1766 1145 1806 1173 ad

1036 1192 1180 1219 Clu-istum
1196 1192 1279 1220 infra.

1071 1240 1115 1265 ⁶26.
1133 1240 1164 1266 Et
1178 1239 1309 1274 sequitur
1334 1238 1416 1265 tertia
1437 1237 1580 1273 particula
1591 1257 1599 1271 ‚
1623 1238 1654 1264 in
1669 1245 1728 1273 qua
1741 1245 1805 1265 ma-

1036 1284 1151 1311 nifestat
1178 1284 1268 1319 ipsius
1297 1283 1433 1319 potentiae
1462 1283 1633 1318 qualitatem
1658 1283 1689 1310 in
1710 1283 1806 1310 vivifi-

1037 1330 1133 1358 cando
1151 1339 1157 1357 t
1172 1331 1246 1358 Sicut
1260 1332 1340 1357 Pater
1353 1331 1432 1357 habet
1442 1351 1451 1364 ,
1466 1330 1498 1356 id
1508 1332 1559 1363 est,
1575 1329 1675 1364 genuit
1690 1329 1805 1363 Filium,

1036 1379 1130 1403 vitam.
1149 1378 1229 1403 Pater
1242 1376 1320 1403 enim
1336 1378 1377 1403 est
1391 1376 1451 1403 vita
1466 1383 1527 1403 non
1542 1375 1704 1409 nascendo,
1719 1375 1806 1402 Filius
1833 1385 1896 1405 raun-
1904 1385 1926 1405 et

1035 1424 1076 1450 est
1096 1423 1156 1450 vita
1177 1422 1335 1450 nascendo.
1356 1424 1388 1449 Et
1416 1422 1471 1448 hoc
1487 1422 1527 1448 ait
1550 1421 1589 1448 ad
1611 1421 1806 1449 differentiam
1823 1415 1917 1473 ‹3233er

1034 1469 1168 1496 habentis
1195 1469 1284 1496 vitam
1311 1468 1549 1504 participatione,
1566 1475 1628 1494 non
1642 1475 1695 1502 per
1711 1475 1805 1495 essen·
1818 1479 1870 1498 vm.

1036 1516 1115 1543 tiam.
1134 1516 1207 1542 lnl'ra
1222 1516 1243 1532 20
1260 1524 1286 1542 z«
1302 1516 1361 1549 Ego
1376 1522 1442 1541 sum
1464 1513 1635 1540 resurrectio
1660 1515 1688 1540 et
1701 1513 1770 1540 vita.
1787 1523 1800 1539 n

1035 1563 1126 1597 Supra
1139 1562 1157 1578 ²¹
1174 1570 1180 1588 :
1195 1572 1207 1586 κ
1224 1561 1285 1588 vita
1300 1563 1360 1587 erat
1372 1560 1423 1587 lux
1441 1559 1608 1592 hominum,
1622 1569 1635 1584 η
1654 1561 1707 1586 etc.
1723 1559 1803 1587 Unde

1034 1607 1255 1644 participatione
1278 1607 1365 1640 huJus
1385 1606 1450 1632 vitre
1475 1605 1578 1632 vivunt
1603 1607 1741 1632 creaturae
1757 1613 1804 1633 ra-

1034 1654 1168 1687 tionales,
1184 1653 1269 1687 hujus
1288 1652 1353 1679 vitae
1372 1651 1588 1687 parti(·ipabiles
1602 1651 1623 1668 ’Ξ
1639 1660 1645 1678 z
1665 1661 1678 1676 α
1693 1653 1724 1679 ln
1737 1651 1802 1687 ipso

1034 1701 1172 1733 vivimus,
1188 1706 1361 1732 movemur,
1375 1700 1403 1725 et
1424 1705 1535 1724 sumus.
1551 1707 1564 1722 »
1583 1699 1614 1724 Et
1628 1699 1699 1724 nota
1719 1697 1803 1732 quod

1035 1747 1074 1774 ait
1089 1755 1095 1774 z
1112 1748 1143 1773 liz
1157 1747 1298 1779 semetipso
1309 1766 1317 1778 ,
1333 1747 1365 1771 ut
1389 1743 1428 1771 ait
1451 1743 1627 1777 Augustinus
1647 1744 1669 1760 ²³
1690 1752 1728 1775 k«
1741 1743 1803 1770 Vita

1034 1794 1083 1821 Dei
1098 1795 1139 1820 est
1158 1790 1367 1823 immutabilis;
1391 1797 1444 1816 nec
1455 1789 1590 1824 proficit,
1605 1797 1660 1816 nee
1685 1789 1800 1823 deficit;

1034 1846 1088 1865 nec
1110 1836 1193 1864 aliter
1215 1837 1257 1862 est
1281 1842 1377 1868 nunc,
1404 1841 1458 1860 nec
1473 1833 1554 1860 aliter
1569 1834 1645 1868 post.
1670 1833 1725 1860 Sed
1743 1834 1804 1861 vita
1817 1840 1866 1860 vna
1876 1840 1923 1861 aui-

1034 1884 1139 1911 animae
1159 1883 1242 1909 aliter
1261 1889 1354 1915 nunc,
1377 1880 1458 1907 aliter
1472 1881 1557 1914 post:
1572 1886 1650 1906 nunc
1664 1879 1744 1906 enim
1755 1887 1802 1906 sa·
1817 1877 1858 1922 ’.ἵζ’
1872 1877 1921 1898 ‘1¹¹⁸’

1033 1930 1117 1966 piens
1129 1949 1137 1962 ,
1154 1936 1232 1955 nunc
1253 1927 1339 1954 stulta
1354 1935 1361 1953 z
1379 1928 1406 1953 et
1421 1933 1488 1953 cum
1510 1925 1582 1952 vivit
1596 1925 1626 1951 in
1640 1924 1802 1960 iniquitate,

1033 1983 1114 2003 mors
1129 1977 1170 2002 est
1185 1975 1246 2008 ejus
1264 1982 1270 2000 ;
1285 1972 1426 2007 erigendo
1442 1979 1472 1998 se
1496 1971 1535 1998 ad
1550 1972 1640 1998 Deum
1650 1991 1658 2005 ,
1673 1973 1702 1998 et
1715 1971 1804 1998 inhae-

1032 2022 1126 2050 rendo
1155 2021 1180 2048 ei
1193 2041 1201 2054 ,
1230 2019 1410 2052 vivificatur,
1427 2020 1455 2045 et
1470 2020 1511 2044 est
1525 2017 1670 2052 particeps
1684 2017 1802 2045 alterius

1032 2069 1106 2096 vitae.
1123 2078 1135 2093 n
1155 2068 1217 2094 Haec
1231 2066 1292 2093 ille.
1306 2067 1336 2092 Et
1352 2065 1394 2092 ibi
1408 2064 1484 2091 bene
1501 2063 1537 2090 de
1550 2063 1617 2091 hoe.

1067 2116 1114 2142 27.
1130 2115 1160 2140 Et
1173 2112 1305 2147 sequitur
1319 2111 1370 2138 illa
1384 2118 1452 2146 pars
1463 2131 1471 2144 ,
1487 2110 1518 2136 in
1533 2117 1592 2144 qua
1606 2109 1735 2136 declarat
1749 2117 1800 2144 po·
1816 2119 1912 2140 Potestas

1032 2162 1161 2189 testatem
1169 2159 1230 2186 Filii
1240 2155 1448 2192 injudicando,
1456 2155 1497 2182 ibi
1507 2164 1514 2182 z
1524 2155 1559 2180 Et
1568 2156 1735 2188 potestatem,
1743 2155 1796 2181 etc.
1806 2149 1921 2200 {22³3-

1032 2209 1063 2234 Et
1076 2207 1117 2234 ibi
1133 2206 1187 2233 tria
1203 2214 1209 2232 :
1226 2203 1322 2239 primo
1338 2201 1483 2237 praemittit
1497 2208 1556 2236 qua
1569 2201 1710 2236 potestate
1722 2199 1800 2235 judi-

1031 2251 1238 2287 cat;secundo,
1246 2248 1447 2286 quosjudicat,
1455 2247 1510 2274 ibi:
1520 2248 1797 2281 Nolitemirari,ete.;

1030 2300 1112 2328 tertio
1123 2320 1130 2333 ‚
1146 2296 1299 2334 quomodo
1313 2295 1436 2330 judicat,
1452 2294 1493 2320 ibi
1513 2303 1518 2320 :
1535 2294 1593 2320 Non
1609 2301 1730 2328 possum,
1744 2295 1796 2320 etc.

1065 2345 1109 2374 Ait
1123 2351 1193 2378 ergo
1210 2351 1216 2369 :
1234 2343 1268 2369 Et
1283 2343 1438 2376 potestatem
1458 2339 1533 2366 dedit
1556 2340 1580 2365 ei
1596 2339 1733 2373 judicium
1753 2339 1798 2371 fa-

1031 2414 1044 2430 v
1075 2409 1110 2431 13.
1132 2419 1161 2424 —
1184 2404 1275 2433 ¹¹Jac.,
1296 2409 1328 2433 11,
1348 2404 1386 2426 20.
1406 2414 1436 2419 ·-
1456 2402 1476 2417 ¹2
1497 2400 1586 2430 Eccli„
1606 2405 1695 2430 xxxn,
1714 2400 1752 2424 28.
1767 2413 1798 2417 —

1030 2426 1122 2471 ¹³⁵lnf.,
1138 2446 1196 2471 vin,
1212 2441 1250 2463 47.
1266 2451 1295 2456 —
1314 2438 1329 2452 ¹*
1347 2437 1403 2466 lnf.‚
1418 2443 1442 2466 x,
1462 2438 1498 2459 16.
1513 2448 1543 2453 --
1559 2436 1579 2451 ¹⁵
1597 2434 1696 2464 Ephes„
1715 2440 1739 2464 v,
1759 2437 1797 2458 ¹31,

1029 2490 1061 2496 —
1079 2478 1096 2494 ¹³
1116 2476 1182 2500 Psal.
1202 2480 1286 2504 van,
1302 2474 1340 2497 34.
1361 2485 1393 2489 —
1412 2472 1430 2488 ¹⁷
1449 2471 1531 2501 Cant„
1548 2476 1580 2497 ιι,
1600 2471 1636 2493 14.
1651 2482 1681 2486 —
1698 2470 1717 2486 ¹·
1733 2469 1797 2493 Psal.

1031 2519 1136 2542 mxxxiv,
1157 2514 1180 2535 9.
1201 2522 1230 2528 -
1251 2510 1269 2526 ¹⁹
1291 2508 1347 2538 lus„
1369 2513 1408 2537 vi,
1428 2507 1511 2530 69.—
1532 2505 1554 2521 ²·
1577 2504 1634 2534 tuf„
1653 2510 1692 2534 XI,
1709 2506 1752 2543 ⁵25.
1768 2518 1798 2523 .-

1030 2550 1047 2565 ²¹
1064 2550 1136 2579 Sup.,
1152 2553 1169 2577 1,
1186 2548 1208 2570 4.
1223 2558 1254 2564 —
1268 2544 1286 2558 ²²
1298 2545 1364 2573 Act„
1379 2547 1443 2572 xvn,
1455 2542 1495 2565 28.
1506 2553 1532 2557 —
1547 2540 1569 2556 ²³
1579 2540 1655 2570 Aug„
1672 2539 1715 2563 ubi
1729 2547 1796 2571 sup.,
1903 2546 1916 2556 κ

1030 2585 1096 2655 mg}
1114 2625 1171 2647 Cret.
1187 2622 1246 2646 edit.
1262 2622 1298 2645 Et.
1314 2633 1344 2638 —
1360 2619 1390 2648 (b)
1406 2619 1466 2642 Item
1480 2615 1681 2647 intelligendum.

1980 1286 1987 1397 1

1981 2459 1987 2463 ι
1981 2437 1987 2444 ι
1975 2335 1987 2427 n-—n
1977 2294 1987 2309 ’-
