1987 3032
640 259 680 291 IN
702 259 786 291 GAP.
810 257 878 288 VIII
901 256 1038 288 SANCTI
1060 255 1234 288 JOANNIS.

145 328 270 357 cadaver
283 328 451 364 putridum,
472 335 533 354 non
550 326 675 354 habebis
690 324 879 353 consortium.
896 334 908 347 »

146 377 178 402 Et
191 383 252 402 non
267 375 364 402 solum
378 374 449 407 hoc,
466 374 518 400 sed
532 373 700 409 projicietur
711 373 719 389 ¹
738 380 752 397 «
766 371 796 398 in
810 370 911 404 ignem

146 423 296 448 aeternum.
311 430 325 445 n
347 421 413 446 Duae
433 421 500 446 sunt
520 427 632 454 poenae,
653 418 761 446 scilicet
781 425 799 443 a
820 423 911 450 regno

147 467 291 501 excidere,
300 466 404 500 etigne
420 466 564 493 comburi.
578 467 610 492 Et
620 473 685 500 ego,
697 463 801 499 inquit,
813 470 913 490 casum

146 512 225 539 itlius
248 511 348 546 gloriae
363 511 490 539 multum
508 511 683 539 amariorem
703 517 790 545 poena
808 509 843 544 (a)
865 517 913 543 ge-

146 558 250 585 hennae
268 557 323 584 aio.
338 559 371 584 Et
389 557 430 584 ibi
451 557 486 592 (b)
502 557 628 584 multum
649 557 685 583 de
708 556 774 583 hoc.
796 556 915 590 Propter

146 603 213 636 hoc,
229 605 257 630 et
278 603 336 631 alia
355 603 447 631 multa
457 624 466 636 ,
482 603 582 630 nullus
596 604 713 630 mancat
734 601 789 628 sub
803 600 915 636 peccati

147 649 294 677 servitute.

241 750 352 778 Collatia
373 751 676 785 quadragesimatertz'a,
695 758 760 783 vm,
779 751 822 777 36.

185 833 216 860 Si
225 835 313 860 Filius
326 841 372 861 vos
386 835 549 868 liberaverit,
563 834 642 861 liberi
657 835 742 867 eritis,
759 835 812 860 etc.
829 834 859 859 ln
873 831 919 858 his

151 879 248 906 verbis
276 879 330 907 tria
355 880 556 913 insinuantur,
579 887 707 915 quorum
727 878 856 914 primum
878 879 920 904 est

151 925 316 953 liberatoris
342 926 523 960 maJestativa
548 925 689 959 dignitas,
717 924 759 951 ibi
785 933 791 951 :
816 925 919 955 Filium

151 972 325 1005 secundum,
342 971 474 1006 ejusdem
487 971 526 998 ad
539 971 728 998 liberandum
744 970 920 998 condescen-

151 1017 214 1044 siva
227 1017 338 1052 pietas,
353 1017 413 1044 ibi:
432 1018 462 1044 Si
477 1018 646 1047 liberaverim
663 1017 777 1044 tertium
792 1019 833 1044 est
847 1017 920 1043 libe-

152 1063 272 1090 rationis
286 1062 516 1099 perseetibilitas,
531 1063 592 1090 ibi:
609 1064 698 1090 Liberi
712 1065 796 1090 eritis.

186 1109 231 1136 Ait
252 1117 323 1143 ergo
337 1119 345 1135 .-
368 1110 472 1143 Filius,
494 1109 524 1136 in
540 1117 599 1144 quo
621 1111 737 1136 notatur
758 1108 922 1136 liberatoris

151 1154 303 1188 majestas,
319 1156 347 1181 et
368 1156 512 1190 potestas,
535 1157 562 1181 et
587 1154 626 1181 ad
646 1154 833 1182 liberandum
854 1162 924 1181 con-

153 1200 273 1235 gruitas.
298 1200 400 1228 Nullus
426 1201 504 1227 enim
527 1202 621 1235 potest
644 1200 769 1228 liberare
795 1209 922 1235 servum,

152 1246 208 1273 nisi
229 1247 280 1281 qui
304 1245 380 1273 liber
399 1249 458 1273 est:
475 1249 502 1273 et
521 1246 570 1274 ille
588 1247 663 1281 juste
684 1247 803 1281 liberat,
817 1247 866 1282 qui
884 1249 926 1274 est

153 1292 314 1319 consimilis
329 1292 358 1318 in
379 1294 501 1325 natura,
517 1295 543 1319 et
566 1293 710 1320 confrater
731 1301 833 1320 eorum
850 1301 925 1327 quos

153 1337 276 1372 liberat;
297 1339 324 1365 et
339 1338 404 1365 talis
419 1341 460 1365 est
475 1338 563 1365 Filius
583 1339 631 1366 Dei
651 1339 826 1365 incarnatus.
843 1340 873 1366 Et
888 1339 925 1366 de

153 1383 210 1411 1106
221 1383 396 1418 Augustinus
408 1384 419 1399 ²
433 1393 439 1410 :
458 1394 471 1409 «
482 1384 579 1411 Merito
596 1384 702 1412 liberat
716 1385 754 1412 ab
769 1385 823 1411 hac
839 1385 927 1411 servi-

154 1432 213 1457 tute
226 1430 275 1457 ille
290 1430 341 1464 qui
357 1430 396 1457 ait
415 1431 424 1446 ³
436 1439 442 1456 z
454 1432 550 1457 Factus
562 1438 619 1457 sum
634 1433 706 1457 incer
719 1434 836 1457 mortuos
849 1432 925 1457 liber.

155 1476 250 1511 (Infra)
270 1475 280 1490 ⁴
296 1485 302 1503 :
323 1477 450 1510 Princeps
468 1477 562 1503 mundi
586 1485 637 1503 71072
653 1477 729 1503 habet
747 1478 777 1503 in
794 1485 833 1503 me
848 1477 927 1510 quict-

157 1530 248 1557 quam.
273 1522 387 1549 Liberat
401 1521 439 1548 ab
454 1522 509 1549 hac
528 1522 663 1549 servitute
678 1522 758 1549 solus
778 1522 928 1556 Dominus,

155 1568 207 1603 qui
221 1568 302 1595 illam
317 1575 377 1595 non
396 1568 508 1595 habuit.
520 1578 533 1593 »
551 1569 615 1595 Haec
630 1569 806 1602 Augustinus
816 1578 823 1602 3
846 1571 873 1595 et
886 1568 929 1595 ibi

155 1613 292 1648 multum,
308 1615 336 1640 et
350 1613 426 1640 bene
438 1613 475 1640 de
490 1613 557 1640 hoc.
572 1613 652 1640 L‘nde
664 1616 691 1641 et
701 1619 711 1635 ¹⁵
725 1624 738 1639 «
748 1614 808 1650 ipse
822 1614 927 1641 libera-

157 1661 203 1687 tor
223 1661 311 1695 atque
331 1659 496 1686 salvator.»
522 1661 555 1686 Et
573 1660 603 1686 in
619 1661 723 1687 Psalmo
736 1659 764 1686 6:
785 1661 929 1695 «Suscep-

157 1709 202 1732 t01·
218 1713 302 1732 meus
317 1706 344 1732 et
358 1704 498 1732 liberator
512 1713 606 1732 meus.
618 1715 632 1730 n
649 1707 706 1732 Nec
720 1705 843 1738 mirum,
858 1705 928 1740 quia

157 1751 219 1786 ipse
235 1752 278 1778 est
302 1750 387 1778 dator
404 1750 534 1785 Spiritus.
557 1751 650 1785 Supra
664 1752 674 1767 ⁷
691 1759 697 1777 :
721 1760 734 1775 «
750 1752 787 1777 De
802 1751 929 1785 plenitu-

158 1797 227 1824 dine
241 1797 303 1831 ejus
318 1796 494 1831 accepimus.
507 1806 521 1821 2>
545 1795 602 1823 Sed
615 1796 625 1812 ³
643 1804 656 1820 «
670 1796 722 1823 ubi
743 1796 872 1831 Spiritus,
888 1796 930 1823 ibi

158 1842 311 1870 libertas.»
338 1844 369 1869 Et
392 1842 462 1876 quia
485 1841 550 1868 talis
570 1844 611 1868 est
631 1841 786 1875 liberator,
810 1842 930 1876 quando

160 1888 231 1922 vult,
240 1888 346 1915 liberat
353 1895 370 1914 a
378 1887 533 1922 multiplici
543 1887 715 1922 captivitate.
729 1886 843 1914 Libera't
853 1888 931 1915 enim

160 1942 179 1962 a
204 1934 298 1969 culpae
323 1933 494 1968 captivantis
518 1933 688 1961 calamitosa
711 1933 879 1968 servilitate,
900 1936 932 1961 ut

161 1980 219 2014 hic,
233 1983 261 2007 et
274 1980 302 2006 ⁹:
321 1989 334 2005 ι(
345 1979 468 2007 Liberati
483 1986 501 2006 a
514 1981 651 2014 peccato,
667 1979 742 2006 servi
758 1979 824 2006 sacti
840 1981 927 2007 Deo.»

162 2027 242 2054 Unde
257 2025 432 2060 Augustinus
448 2025 468 2041 ¹⁰
486 2034 492 2052 ε
512 2036 525 2050 (ι
538 2026 633 2053 Prima
646 2026 765 2053 libertas
780 2028 821 2053 est
835 2034 931 2054 carcre

162 2072 366 2100 criminibus.»
384 2073 454 2099 ltem
468 2071 574 2098 liberat
589 2079 606 2098 a
623 2072 727 2098 veteris
740 2072 813 2106 legis
832 2080 933 2107 aggra-

162 2118 257 2145 vantis
264 2117 464 2145 onerositate¹¹
475 2118 568 2144 :«Non
578 2125 680 2145 sumus
686 2117 798 2145 ancillae
807 2118 869 2151 filii,
881 2118 933 2145 sed

163 2164 272 2197 liberae,
282 2171 342 2199 qua
350 2163 482 2190 libertate
490 2171 544 2190 1105
552 2163 679 2190 Christus
688 2163 832 2191 liberavit.
841 2173 854 2188 »
864 2165 933 2191 ltem

163 2210 268 2238 liberat
282 2218 299 2237 a
315 2208 425 2236 timoris
437 2209 535 2236 servili
551 2208 702 2236 affectione
719 2210 738 2226 ¹²
751 2211 843 2236 :«N0n
854 2217 933 2237 acce-

164 2257 246 2292 pistis
260 2256 395 2292 spiritum
408 2255 552 2282 servitutis
565 2255 595 2282 in
609 2255 724 2289 timore,
736 2256 788 2282 sed
800 2255 934 2290 spiritum

165 2303 333 2338 adoptionis
352 2302 481 2329 filiorum
502 2302 583 2329 1161.»
603 2303 636 2330 Ut
653 2302 731 2329 enim
751 2302 791 2329 ait
808 2303 932 2330 Seneca:

168 2348 322 2376 «Libertas
342 2350 383 2375 est
402 2355 463 2375 non
483 2347 617 2375 homines
638 2348 755 2381 timere,
770 2355 830 2376 non
851 2347 932 2381 deos,

199 2433 205 2447 ¹
223 2430 323 2457 Matth.,
340 2435 401 2459 xxv,
416 2430 456 2453 41.
474 2441 504 2446 —
523 2429 533 2444 ²
547 2430 663 2459 August„
681 2429 723 2453 ubi
742 2436 808 2460 sup„
828 2436 852 2452 n.
869 2430 891 2452 7.
905 2443 935 2447 -

168 2467 177 2480 ³
193 2465 261 2489 Psal.
278 2470 394 2494 mxxvii,
412 2465 440 2493 5,
457 2464 480 2487 G.
494 2475 525 2480 —
544 2463 551 2476 ⁴
567 2464 648 2494 Aoum,
663 2470 714 2492 xm,
733 2466 771 2488 30.
789 2476 819 2481 -—
838 2465 845 2477 ¹
861 2464 934 2494 Dum,

169 2506 209 2529 vi,
234 2502 272 2524 27.
291 2513 321 2517 —
344 2500 353 2513 ⁰
372 2498 438 2522 Psal.
463 2503 557 2525 exuit,
579 2499 602 2521 2.
624 2511 649 2515 -
676 2499 683 2511 ⁷
703 2499 784 2529 Jocm„
807 2505 830 2529 1,
852 2500 888 2522 16.
906 2512 935 2516 -

169 2537 178 2549 ¹¹
192 2536 213 2558 ll
235 2535 304 2565 Cor„
325 2541 369 2564 111,
390 2535 426 2557 17.
445 2546 476 2550 —
494 2533 504 2548 ⁹
524 2533 601 2564 Rom,
617 2534 704 2562 v1,18.
722 2546 747 2550 -
769 2535 788 2550 ¹⁰
804 2535 878 2564 Aug„
892 2533 934 2557 ubi

169 2577 235 2600 sup„
250 2577 275 2593 n.
291 2572 314 2593 9.
329 2582 359 2587 —
375 2569 394 2584 ¹¹
410 2567 479 2597 Gal„
501 2573 535 2596 iv,
550 2569 589 2590 31.
602 2581 632 2585 —
647 2568 666 2584 ¹²
680 2569 756 2599 Rom„
772 2574 835 2596 vni,
859 2570 893 2592 15.
905 2581 935 2586 —

172 2606 190 2620 ¹³
209 2606 287 2634 Rom.,
302 2611 349 2635 vn,
367 2606 405 2633 24,
421 2606 459 2628 25.
476 2616 502 2620 —
522 2604 542 2619 ¹⁸
557 2603 564 2626 Ι
583 2603 649 2634 Cor„
665 2611 707 2635 xv,
726 2606 762 2628 53.
778 2618 808 2622 —
824 2606 845 2621 ¹⁵
862 2609 935 2635 Aug„

170 2639 200 2663 de
213 2641 267 2664 Lib.
282 2640 376 2667 Aron..
392 2640 435 2663 lib.
455 2639 486 2667 11,
501 2645 523 2662 6.
540 2644 597 2670 xxii,
612 2646 638 2662 n.
653 2640 691 2663 37.
706 2653 737 2658 —
752 2640 771 2656 ¹⁶
786 2641 864 2669 Rom,
879 2645 935 2668 vui,

171 2677 210 2699 21.
225 2688 255 2693 —-
275 2676 295 2692 ¹⁷
311 2677 384 2705 Aug„
404 2674 446 2698 ubi
465 2680 520 2703 sup.
540 2680 623 2704 prox„
642 2674 685 2698 tib.
706 2676 728 2703 l,
747 2683 769 2699 c.
790 2681 832 2705 xv,
852 2682 878 2698 n.
897 2677 935 2698 31.

1671 259 1729 288 563

967 331 1019 350 nec
1034 322 1129 357 turpia
1143 322 1230 355 velle,
1244 328 1298 349 1166
1309 320 1415 355 nimia,
1431 321 1461 348 in
1478 321 1607 357 seipsum
1621 322 1730 350 habere

966 370 1170 403 potestatem.»
1188 370 1259 395 Item
1281 367 1385 394 liberat
1399 374 1416 394 a
1435 367 1675 402 concupiscentias
1699 369 1730 403 (c)

967 414 1155 449 pervertentis
1171 416 1197 441 et
1211 414 1378 441 suffocantis
1393 413 1579 448 corruptione
1595 414 1616 430 ¹³
1629 423 1654 440 :«
1665 414 1733 446 Quis

968 468 1014 486 1116
1041 460 1178 487 liberabit
1201 460 1237 487 de
1260 467 1383 494 corpore
1409 459 1511 485 mortis
1540 459 1650 492 hujus?
1664 470 1676 484 »
1702 461 1734 486 Et

968 507 1098 541 sequitur
1111 515 1117 532 :
1134 506 1250 533 «Gratia
1266 505 1315 532 Dei
1329 513 1382 540 per
1395 507 1491 532 Jesum
1506 504 1683 532 Christum.»
1702 507 1734 532 Et

968 553 1029 579 haec
1043 552 1161 580 libertas
1170 560 1230 579 non
1245 554 1286 579 est
1299 551 1387 587 plena
1401 551 1431 578 in
1442 551 1502 578 vita
1515 551 1579 585 ista,
1592 551 1736 586 quamdiu

969 598 1011 624 est
1022 596 1070 624 lex
1084 597 1114 623 in
1126 596 1276 628 membris,
1292 603 1459 630 repugnans
1471 595 1529 630 legi
1542 595 1655 622 mentis.
1671 597 1734 623 Non

970 643 1011 669 ire
1031 643 1098 677 post
1121 642 1370 676 concupiscentias
1392 644 1502 668 naturae
1513 661 1521 674 ,
1544 641 1574 668 in
1599 641 1736 668 servitute

971 688 1019 714 Dei
1037 689 1134 715 mente
1149 688 1257 714 servire
1272 687 1332 722 legi
1350 687 1414 721 Dei,
1431 689 1473 714 est
1490 687 1609 714 libertas
1631 687 1662 714 in
1682 687 1738 715 hac

971 734 1039 761 vita.
1068 734 1155 761 Plena
1181 736 1278 761 tamen
1311 736 1337 760 et
1369 734 1496 769 perfecta
1525 733 1642 761 libertas
1675 733 1738 767 erit,

972 780 1093 815 quando
1107 780 1127 796 ¹¹⁴
1147 779 1336 814 corruptibile
1350 779 1407 806 hoc
1428 779 1531 806 induet
1544 779 1738 815 incorruptio-

972 834 1038 853 nem
1049 826 1099 861 (d)‚
1108 828 1197 861 prout
1207 826 1245 853 ait
1257 826 1434 860 Augustinus
1443 826 1461 841 ¹⁵
1471 825 1528 859 1116,
1538 826 1590 852 11111
1601 826 1737 860 multum,

973 874 1000 899 et
1014 872 1088 898 benc
1103 871 1139 898 de
1154 872 1220 899 hoc.
1242 871 1262 888 ¹⁸
1277 873 1365 906 «Ipsa
1379 873 1510 898 creatura
1532 871 1704 899 liberabitur
1723 880 1741 899 a

974 917 1109 945 servitute
1125 917 1351 952 corruptionis.»
1370 919 1401 945 Et
1413 917 1464 952 qui
1479 919 1545 944 sunt
1559 917 1599 944 sic
1611 917 1740 952 liberati,

975 966 1040 990 sunt
1054 971 1121 990 vere
1137 963 1234 997 liberi,
1250 964 1319 998 quia
1334 963 1453 990 libertas
1466 965 1507 990 est
1520 963 1608 991 subdi
1618 964 1739 991 veritati.

975 1009 1019 1037 Ait
1029 1009 1229 1044 Augustinus¹⁷
1241 1018 1266 1037 z«
1277 1012 1339 1037 Non
1348 1011 1389 1036 est
1403 1017 1472 1037 vera
1486 1009 1605 1037 libertas
1619 1009 1674 1037 nisi
1689 1010 1742 1037 ad-

975 1055 1146 1082 haerentium
1158 1057 1246 1082 Deo.»
1258 1057 1290 1083 Et
1303 1056 1416 1083 Boetius
1431 1055 1743 1083 13;((511111111εῑ1111611115

977 1103 1018 1128 est
1039 1101 1085 1136 agi
1103 1101 1191 1128 frenis
1207 1102 1273 1136 Dei,
1289 1104 1316 1129 et
1330 1102 1532 1136 obtemperare
1544 1101 1694 1136 justitiae.»
1713 1103 1744 1129 Et

977 1148 1085 1175 Seneca
1108 1148 1127 1165 ¹⁹
1147 1157 1152 1175 2
1172 1149 1268 1175 «Vera
1282 1148 1400 1175 libertas
1419 1150 1461 1175 est
1474 1147 1548 1174 nulli
1568 1148 1610 1175 rei
1624 1148 1743 1182 servire,

978 1194 1066 1221 nullis
1084 1194 1296 1229 necessatibus,
1316 1194 1404 1221 nullis
1424 1194 1530 1228 61111515,-
1546 1193 1693 1221 fortunam
1716 1194 1745 1221 in

979 1240 1142 1275 aequalitate
1158 1241 1274 1268 ducere.
1286 1251 1299 1267 n
1314 1243 1344 1268 Et
1358 1241 1426 1268 ideo
1438 1240 1478 1267 sic
1489 1240 1521 1276 (e)
1532 1247 1602 1267 vera
1614 1240 1744 1275 libertas,

980 1288 1048 1322 quia
1063 1287 1104 1314 sic
1118 1287 1202 1314 liberi
1224 1288 1365 1322 reguntur
1383 1286 1447 1321 Iege
1463 1286 1618 1313 charitatis.
1631 1286 1649 1301 ²⁰
1664 1296 1677 1311 «
1691 1286 1745 1319 Qui

980 1333 1158 1368 perspexerit
1166 1333 1196 1360 in
1205 1333 1301 1367 legem
1313 1334 1347 1369 (f)
1358 1333 1491 1368 perfectae
1505 1332 1654 1366 libertatis,
1666 1342 1680 1358 >³
1692 1334 1745 1359 etc.

982 1381 1013 1406 Et
1030 1382 1051 1397 ²¹
1068 1389 1075 1405 .-
1094 1390 1107 1405 «
1122 1380 1198 1407 Sicut
1215 1387 1268 1414 per
1281 1379 1377 1414 legem
1391 1379 1531 1406 libertatis
1542 1399 1551 1413 ,
1566 1381 1618 1406 etc.
1635 1380 1667 1406 Et
1687 1379 1748 1406 haec

981 1425 1100 1453 libertas
1109 1426 1270 1453 estbonum
1285 1425 1420 1459 hominis,
1433 1427 1521 1460 prout
1534 1425 1574 1452 ait
1585 1426 1693 1452 Seneca
1707 1425 1728 1440 ²²
1740 1434 1747 1451 ε

985 1474 1120 1499 «Bonum
1129 1472 1256 1499 hominis
1266 1472 1350 1499 liberi
1364 1472 1479 1499 animus
1489 1474 1612 1506 erectus,
1621 1471 1679 1499 alia
1693 1471 1749 1499 sibi

983 1518 1157 1556 subjiciens,
1170 1526 1199 1545 56
1221 1520 1318 1545 autem
1338 1518 1421 1545 nulli.
1434 1528 1447 1543 ι)
1464 1520 1567 1552 Magna
1586 1525 1657 1551 ergo
1675 1517 1761 1552 11116-,

984 1564 1087 1590 ratoris
1100 1566 1240 1599 potestas,
1254 1566 1282 1591 et
1293 1564 1425 1591 benefica
1444 1563 1625 1591 liberationis
1647 1563 1749 1598 pictas,

985 1611 1011 1636 et
1025 1609 1155 1644 ingenua
1166 1610 1355 1637 liberatorum
1371 1610 1519 1637 nobilitas.

1068 1713 1180 1739 Collatio
1200 1713 1520 1747 quadraqesz'maquarta,
1541 1719 1604 1746 viu,
1626 1713 1669 1739 47.

1022 1798 1075 1829 Qui
1090 1805 1122 1823 ea:
1138 1799 1188 1824 Deo
1204 1800 1259 1831 cst,
1274 1797 1353 1824 verba
1368 1799 1417 1824 Dei
1432 1797 1519 1823 audit.
1542 1798 1573 1824 In
1595 1797 1640 1825 his
1653 1797 1752 1825 verbis

987 1842 1040 1869 tria
1059 1842 1244 1870 insinuantur
1266 1852 1272 1869 ε
1293 1851 1420 1878 quorum
1439 1843 1568 1877 primum
1593 1845 1634 1870 est
1658 1843 1753 1878 cujus-

986 1888 1058 1915 libet
1076 1888 1171 1915 fidelis
1191 1888 1318 1923 ingenua
1336 1888 1488 1919 nobilitas,
1511 1888 1570 1916 ibi:
1589 1889 1642 1921 Qui
1664 1892 1702 1916 cst
1721 1897 1753 1916 ea:

987 1935 1040 1961 Deo
1057 1955 1064 1968 ‚
1090 1934 1253 1961 secundum
1268 1936 1309 1961 est
1327 1934 1458 1969 ejusdem
1473 1934 1512 1962 ad
1531 1935 1753 1970 apprehenden-

988 1980 1061 2007 dum
1083 1980 1274 2015 disciplinalis
1296 1980 1481 2015 docibilitas,
1501 1980 1541 2008 ibi
1566 1981 1601 2016 (q)
1621 1989 1628 2007 :
1649 1982 1752 2012 Audit:

987 2026 1103 2053 tertium
1126 2027 1167 2053 est
1191 2026 1436 2053 documentorum
1459 2026 1677 2054 audiendorum
1703 2034 1754 2054 ve-

987 2071 1065 2105 ritas,
1081 2072 1139 2099 ibi:
1158 2072 1243 2098 Verba
1258 2074 1313 2099 Dei.

1025 2117 1069 2145 Ait
1083 2125 1175 2152 ergo:
1195 2118 1248 2150 Qui
1267 2126 1299 2145 ea·
1320 2119 1373 2145 Deo
1395 2121 1442 2145 est.
1463 2119 1494 2145 Et
1514 2119 1544 2145 in
1564 2118 1620 2145 hoc
1639 2126 1754 2146 summa

988 2163 1170 2198 ingenuitas;
1191 2171 1280 2198 supra
1295 2164 1314 2180 ²³
1330 2173 1336 2191 ε
1356 2174 1369 2189 ((
1383 2164 1464 2191 Dedit
1480 2164 1520 2191 eis
1534 2166 1706 2199 potestatem
1719 2163 1754 2191 fi-

990 2209 1044 2236 lios
1063 2210 1111 2237 Dei
1131 2210 1204 2237 fieri.
1224 2220 1236 2236 »
1254 2211 1284 2237 Et
1299 2217 1386 2245 supra
1408 2209 1428 2224 ²⁴
1444 2219 1450 2236 :
1470 2220 1483 2235 «
1498 2210 1583 2243 Quod
1597 2212 1698 2237 natum
1713 2211 1755 2237 est

991 2263 1025 2282 ex
1041 2256 1162 2290 Spiritu,
1176 2255 1293 2291 spiritus
1308 2258 1358 2283 est.
1374 2266 1387 2282 »
1405 2256 1478 2289 Quia
1490 2256 1568 2283 euim
1586 2255 1627 2282 sic
1641 2258 1683 2283 est
1705 2263 1755 2283 na-

992 2304 1053 2335 tus,
1071 2303 1113 2328 est
1129 2301 1280 2328 nobilitate
1296 2301 1454 2336 ingenuus,
1470 2301 1539 2336 quia
1555 2301 1603 2329 Dei
1620 2301 1714 2335 filius,
1729 2303 1757 2329 et

990 2347 1030 2374 sic
1045 2347 1171 2374 divinus.
1188 2349 1217 2375 ln
1240 2349 1343 2375 Psalmo
1357 2348 1378 2363 ¹5
1392 2356 1398 2374 z
1418 2357 1431 2371 «
1446 2349 1506 2382 Ego
1522 2347 1582 2375 dixi
1599 2356 1604 2374 :
1623 2347 1665 2374 Dii
1679 2347 1754 2380 estis,

991 2433 1020 2438 —
1041 2419 1059 2435 '⁸
1080 2420 1162 2450 Boot„
1184 2419 1214 2443 {le
1236 2419 1332 2444 Consol.
1356 2419 1461 2449 Philos„
1482 2420 1525 2443 lib.
1552 2420 1574 2450 1,
1594 2426 1662 2451 pros.
1683 2422 1704 2444 5.
1728 2433 1754 2438 -

994 2456 1012 2471 ¹¹³
1025 2455 1128 2483 Senec.‚
1146 2455 1227 2483 Epist.
1246 2461 1285 2484 Li,
1306 2456 1362 2484 post
1379 2455 1445 2478 med.
1463 2468 1493 2472 ——
1514 2455 1535 2471 20
1554 2456 1615 2484 dac„
1637 2461 1657 2485 1,
1673 2457 1711 2479 25.
1727 2468 1757 2473 —

993 2491 1009 2505 ³¹
1030 2490 1102 2519 ibid„
1120 2495 1147 2519 Η,
1161 2492 1198 2513 12.
1213 2503 1244 2507 -
1258 2490 1278 2506 ²²
1293 2491 1394 2520 Scuec„
1411 2490 1490 2521 Epist.
1508 2496 1594 2520 cxxiv,
1609 2491 1675 2514 circa
1689 2491 1757 2514 med.

993 2539 1019 2543 —
1042 2526 1063 2542 2³
1083 2527 1165 2555 Joan„
1190 2531 1212 2554 1,
1236 2527 1272 2549 12,
1294 2539 1325 2543 -
1346 2526 1365 2542 ²⁴
1387 2527 1468 2557 loun„
1496 2532 1538 2556 111,
1559 2529 1582 2551 o.
1600 2539 1630 2543 —
1651 2527 1668 2540 ²⁵
1690 2526 1756 2550 Psal.

993 2565 1083 2589 mxxi,
1098 2562 1121 2583 ὓ.

1024 2604 1056 2633 (α)
1073 2604 1132 2627 Coet.
1150 2603 1209 2627 edit.
1225 2610 1337 2634 poenam.
1354 2618 1380 2621 —
1398 2604 1428 2634 (b)
1445 2605 1503 2628 Item
1518 2604 1584 2628 ideo.
1600 2617 1630 2622 —
1650 2603 1680 2635 (c)
1698 2604 1757 2627 Item

993 2638 1206 2668 concupiscentia.
1219 2652 1249 2656 ·-
1267 2639 1305 2669 (cl)
1324 2640 1384 2662 Item
1399 2640 1595 2670 corruptionem.
1610 2651 1638 2656 —
1651 2640 1680 2669 (e)
1698 2639 1757 2662 Coet.

993 2673 1051 2697 edii.
1066 2673 1138 2697 sicut.
1157 2687 1186 2691 —
1202 2675 1233 2703 (f)
1249 2674 1345 2703 16116.-
1360 2676 1394 2705 (y)
1411 2675 1452 2698 ait.
