1987 3032
683 182 886 214 EXPOSITIO
909 183 947 214 IN
970 183 1055 214 CAP.
1080 183 1154 215 XVI.
1676 191 1713 220 29

126 250 198 281 neni
228 252 274 281 est
302 249 507 286 detestabilis,
532 249 565 278 in
592 248 759 287 prudentia
782 252 888 280 tamen

126 302 317 333 custodiendi
332 303 425 340 caput
442 303 488 331 est
503 301 665 331 imitabilis
681 311 699 331 a
722 302 799 332 viris
822 311 889 341 per-

125 356 221 392 fectis,
236 357 364 394 propter
378 355 461 393 quod
477 354 592 384 dicitur
608 355 615 369 ¹
634 365 640 384 1
662 367 675 383 ε(
693 355 798 385 Estote
812 364 887 394 pru-

124 408 231 438 dentes
245 408 324 438 sicut
336 409 505 446 serpentes,
523 409 552 437 et
567 407 724 446 simplices
739 408 819 438 sicut
835 417 889 438 co-

123 461 240 492 lumhae
262 472 268 491 t
287 473 301 489 ›)
320 461 363 491 sic
384 461 509 491 villicus
528 461 586 490 iste
608 461 806 490 detestandus
830 462 886 498 cst,

122 515 198 553 quia
205 514 348 544 fraudem
357 513 525 550 commisit,
538 513 657 543 ratione
665 514 757 552 cujus
766 512 888 543 villicus

123 566 299 606 iniquitatis
323 566 455 603 dicitur;
480 567 510 596 et
531 565 706 596 laudandus
727 567 789 603 est,
813 565 888 604 quia

122 619 294 658 prudenter
311 619 371 648 sibi
387 621 496 649 contra
518 618 693 657 periculum
712 618 887 648 remedium

121 671 293 702 adinvenit.
311 671 347 701 Et
367 671 442 709 quia
461 673 564 710 posset
582 671 653 710 quis
675 670 784 700 mirari
804 671 888 710 quod

120 724 271 754 Dominus
286 723 380 754 talem
395 723 537 754 villicum
555 724 587 753 in
607 723 789 762 exemplum
809 732 888 762 pru-

120 776 233 806 dentiae
248 776 354 813 traxit,
367 776 436 806 ideo
451 776 525 806 huic
539 776 730 815 respondens
744 776 888 815 Evange-

119 828 205 866 lista,
227 829 332 859 subdit
351 840 357 859 z
385 829 469 867 Quia
487 829 549 867 filii
569 829 664 867 hujus
684 830 793 859 soecztli
809 838 889 868 pru-

120 881 274 911 dentiores
287 881 362 919 filiis
377 881 454 911 lucis
470 882 502 910 in
513 882 716 921 yeneratione
729 891 788 911 sua
802 886 886 912 sunt.

120 934 188 964 Non
210 935 284 964 dicit
307 935 391 973 quod
416 935 598 974 simpliciter
618 935 680 965 sint
700 936 888 974 prudentio—

120 995 185 1022 res;
209 986 261 1016 sed
284 987 317 1016 in
340 987 406 1024 his,
430 987 547 1025 inquit,
575 996 646 1026 quae
669 988 707 1017 ad
729 988 887 1018 carnalem

120 1040 261 1077 spectant
276 1039 527 1076 generationem,
545 1040 625 1070 sicut
640 1040 723 1070 bubo
741 1042 771 1070 et
786 1041 886 1070 muri—

120 1090 211 1129 legus
224 1091 338 1121 clarius
352 1091 459 1121 vident
475 1093 575 1129 nocte,
587 1101 684 1130 quam
701 1092 808 1130 homo,
822 1102 887 1123 non

120 1145 159 1174 ad
173 1145 345 1183 legendum
360 1145 495 1181 litteras,
513 1146 567 1175 sed
582 1146 620 1175 ad
636 1155 743 1176 mures
760 1147 887 1185 eapien-

119 1196 207 1226 dum.
224 1196 283 1227 Sed
299 1200 344 1227 est
357 1198 524 1235 prudentia
540 1199 682 1237 spiritum
700 1209 772 1239 quae
787 1202 833 1230 est
854 1200 887 1229 in

118 1249 191 1279 filiis
205 1249 285 1280 lucis
300 1250 512 1288 excellentior,
527 1260 624 1289 quam
640 1252 806 1290 prudentia
820 1261 886 1282 car-

118 1302 184 1339 nis,
202 1312 274 1341 quae
290 1306 336 1333 est
352 1304 384 1332 in
402 1303 480 1333 viris
495 1304 690 1341 carnalibus,
712 1305 887 1335 secundum

119 1354 196 1385 illud
215 1358 225 1373 ²
245 1366 251 1385 2
273 1367 286 1384 «
303 1355 474 1386 Prudentia
492 1357 612 1393 carnis,
633 1366 718 1386 mors
733 1360 797 1394 est3
814 1366 888 1396 pru-

119 1407 222 1437 dentia
239 1410 345 1438 autem
371 1409 516 1447 spiritus,
538 1409 602 1439 vita
622 1411 652 1439 et
666 1419 738 1448 pax.
755 1420 769 1436 n
789 1409 888 1440 Habet

119 1461 226 1490 tamen
241 1460 360 1499 aliquid
379 1461 545 1500 prudentia
563 1461 622 1491 ista
638 1461 814 1499 mundana,
832 1471 888 1501 per

119 1512 203 1551 quod
216 1513 330 1542 excitat
342 1515 372 1543 et
386 1513 512 1543 instruit
528 1513 728 1552 prudentiam
744 1515 884 1553 spiritus,

119 1565 200 1595 sicut
228 1565 408 1596 sollicitudo
434 1566 573 1595 hominis
602 1567 774 1605 quaerentis
789 1576 887 1606 pecu-

119 1617 205 1648 niam
219 1619 408 1657 proponitur
423 1619 455 1649 in
471 1619 653 1659 exemplum
666 1620 788 1650 homini
802 1630 888 1660 quee-

119 1671 199 1700 renti
219 1672 403 1710 sapientiam
420 1673 430 1689 ³
447 1683 452 1701 z
476 1684 490 1699 «
506 1671 537 1702 Si
557 1672 742 1711 sapientiam
759 1673 885 1703 invoca-

119 1723 216 1761 veris,
235 1726 266 1754 et
285 1724 484 1756 inclinaveris
504 1734 557 1755 cor
579 1727 671 1755 tuum
691 1726 884 1764 prudentiae;

120 1777 145 1805 si
160 1777 322 1815 quaesieris
340 1786 409 1807 eam
433 1778 521 1816 quasi
544 1778 729 1817 pecuniam,
753 1781 783 1808 et
807 1779 888 1809 sicut

119 1829 283 1859 thesauros
311 1830 455 1860 effoderis
484 1830 571 1860 illam
584 1854 591 1867 ,
623 1832 697 1860 tunc
728 1831 887 1870 intelliges

119 1881 265 1911 timorem
278 1882 412 1919 Domini,
425 1884 455 1912 et
467 1882 629 1912 scientiam
640 1882 693 1912 Dei
704 1883 881 1914 invenies.»
902 1918 915 1924 ‘N

121 1932 220 1970 Unde,
232 1934 305 1972 quia
316 1934 441 1964 nullum
450 1934 563 1964 vitium
573 1937 696 1964 tantum
711 1937 774 1973 est,
792 1938 827 1966 ut
838 1937 886 1967 (le-

119 1984 180 2015 leat
193 1988 335 2016 extrema
346 1987 383 2025 (a)
400 1990 522 2017 naturae
537 1988 687 2025 vestigia3
705 1987 774 2018 ideo
791 1988 886 2019 babet

119 2038 222 2068 omnis
234 2039 366 2069 vitiosus
376 2039 495 2078 aliquid
506 2040 589 2078 quod
600 2040 706 2078 ipsum
721 2041 835 2071 excitet
848 2042 886 2072 ad

118 2090 256 2120 bonum:
272 2092 352 2121 sicut
364 2100 404 2121 ex
421 2092 458 2130 (b)
483 2092 734 2122 consideratione
748 2093 886 2123 hominis

118 2142 243 2180 lascivi,
256 2146 356 2182 potest
367 2154 400 2174 se
413 2144 509 2174 homo
520 2144 657 2174 excitare
671 2144 709 2174 ad
724 2154 865 2175 amorem
876 2157 883 2183 3

118 2204 158 2225 ex
172 2196 418 2228 consideratione
435 2197 541 2234 avari,
563 2198 602 2227 ad
625 2197 882 2235 sollicitudinem3

118 2257 157 2278 cx
170 2249 417 2281 consideratione
427 2250 565 2280 hominis
580 2251 725 2289 superbi,
742 2251 780 2281 ad
797 2260 886 2289 mag-

118 2302 321 2332 nificentiam.
339 2303 426 2333 Unde
443 2312 481 2333 ex
496 2303 555 2334 ista
570 2304 720 2342 parabola
735 2306 765 2333 et
781 2313 885 2334 exem-

117 2353 186 2392 plo,
209 2364 271 2384 non
294 2355 398 2385 solum
421 2355 610 2386 instruimur
632 2356 882 2395 particulariter3

117 2415 230 2437 verum
245 2409 275 2437 et
289 2408 517 2444 universaliter⁷
534 2410 568 2437 ut
582 2417 620 2438 ex
635 2408 783 2437 omnibus
803 2409 883 2438 scia-

118 2467 188 2489 mus
203 2459 314 2490 elicere
337 2460 562 2490 documentum
586 2460 668 2499 quod
695 2469 752 2489 nos
771 2461 884 2491 excitet

151 2520 272 2548 ¹Matth.,
290 2527 322 2550 x,
340 2522 376 2544 16.
394 2534 425 2538 -
443 2522 452 2536 ²
466 2521 543 2550 Iloua,
563 2527 622 2550 vui,
638 2523 660 2544 G.
678 2534 706 2538 —
728 2521 736 2534 ³
757 2522 838 2551 Pron,
856 2528 884 2552 ii,

110 2556 211 2578 ‘3-5.—
226 2556 233 2569 ⁴
247 2556 318 2583 Time,
335 2562 373 2585 lll,
387 2557 409 2580 7.
426 2569 456 2573 —
472 2557 479 2569 '⁴
495 2556 588 2585 1nt‘.‚v.
606 2559 642 2580 14.
658 2569 688 2574 ·—-
704 2560 712 2569 ¹²
730 2557 787 2585 lus„
803 2564 827 2580 v.
846 2560 882 2581 10.

119 2590 331 2617 —21nf.,v‚13.
347 2604 376 2609 —
392 2592 399 2604 ⁸
414 2591 501 2621 Eccli„
517 2597 552 2620 x1,
569 2593 605 2614 10.
618 2604 649 2609 —
662 2592 672 2608 ⁹
689 2591 777 2622 Eccli„
794 2598 882 2621 xxxiv,

120 2627 156 2648 23.
172 2639 202 2642 -
218 2626 236 2640 ¹⁰
250 2626 322 2655 thid„
336 2628 374 2650 210.

946 251 976 279 et
989 250 1136 281 informet
1150 251 1189 281 ad
1203 252 1335 282 bonum.
1349 252 1437 283 Sicut
1446 254 1531 283 enim
1545 255 1642 284 sancti
1655 264 1713 285 sua

944 301 1082 333 bonitate
1102 303 1264 334 excellenti
1282 305 1498 336 testimonium
1518 306 1632 336 debent
1652 307 1712 337 ha·-

945 354 1018 384 bere
1033 357 1063 385 et
1078 355 1195 386 habent
1211 359 1220 375 ⁶
1241 368 1255 385 «
1270 357 1309 387 ab
1331 358 1386 395 iis,
1412 358 1466 397 qui
1486 359 1561 389 foris
1585 361 1678 395 sunt,
1695 370 1709 388 ι)

944 405 987 435 ita
1003 407 1079 437 vitia
1093 408 1200 438 omnia
1215 409 1355 447 effigiem
1369 410 1508 449 aliquam
1521 411 1638 441 habent
1651 411 1713 441 vir-

944 458 1020 488 tutis
1037 461 1066 489 et
1082 460 1214 498 pietatis.
1231 461 1337 492 Vtrtus
1351 463 1390 492 ab
1406 463 1553 493 omnibus
1572 464 1712 502 generali

944 511 1082 549 quadam
1108 522 1183 543 voce
1210 514 1421 553 approbatur;
1452 516 1505 545 sed
1530 516 1649 555 impius
1673 517 1712 547 ab

945 564 1092 594 omnibus
1106 566 1343 598 condemnatur.

984 619 1014 647 9.
1031 617 1076 648 Et
1089 627 1144 657 eqo
1160 619 1245 649 vobis
1260 620 1346 658 (lico,
1364 622 1421 651 etc.
1440 621 1513 652 Post
1531 623 1712 661 exemplum

944 669 1067 707 pietatis
1081 672 1233 710 providae,
1251 673 1397 704 subditur
1412 675 1637 706 documentum
1652 676 1714 715 pie-

943 722 1014 752 tatis
1043 724 1188 761 perfectae
1214 735 1220 754 :
1248 726 1332 764 quod
1365 727 1493 765 quidem
1522 728 1647 759 elicitur
1673 737 1713 759 ex

943 783 1038 805 sensu
1066 776 1223 814 parabolae
1253 779 1451 817 supradictae,
1480 780 1586 810 PrImo
1611 781 1714 819 igitur

943 827 1067 858 elicitur
1081 829 1308 860 documentum
1322 831 1360 861 ad
1376 832 1632 863 informationem
1648 834 1713 864 dis-

943 882 1122 921 cipulorum
1138 883 1369 922 obedientium3
1387 886 1540 924 secundo,
1557 887 1596 917 ad
1609 888 1714 918 confu-

944 934 1096 965 tationem
1113 935 1347 967 Pharisaeorum
1359 939 1536 977 rebellium,
1550 940 1594 969 ibi
1604 943 1614 958 ⁵
1630 948 1637 969 :
1651 941 1714 971 Au-

943 987 1072 1018 cliebant
1094 993 1199 1020 autem
1225 991 1334 1021 omnia
1358 991 1423 1021 lzcec
1447 992 1622 1030 Pharisaei,
1653 996 1711 1023 etc.

943 1040 1031 1070 Circa
1046 1041 1300 1073 informationem
1313 1046 1419 1074 autem
1435 1045 1662 1084 discipulorum
1675 1046 1712 1075 ad

943 1093 1089 1131 pietatem
1100 1117 1109 1131 ‚
1125 1095 1264 1133 procedit
1278 1095 1337 1126 hoc
1352 1097 1461 1127 ordine
1474 1108 1480 1127 ε
1503 1097 1615 1128 invitat
1629 1098 1714 1128 enim

942 1154 996 1175 cos
1007 1147 1044 1176 ad
1058 1147 1306 1177 misericordiam
1321 1150 1423 1187 primo
1432 1150 1553 1180 ratione
1562 1151 1714 1181 mercedis

942 1197 1108 1236 habendae;
1127 1200 1263 1230 secundo
1278 1201 1399 1231 ratione
1413 1202 1570 1232 fidelitatis
1583 1211 1712 1234 servan-

943 1250 1003 1287 dae,
1013 1250 1056 1280 ibi
1067 1251 1077 1267 ⁶
1092 1262 1098 1280 :
1114 1252 1179 1290 Qui
1187 1252 1289 1289 fidelis
1304 1257 1348 1282 esc
1363 1254 1396 1283 in
1408 1255 1552 1292 minimo,
1568 1257 1640 1292 etc.;
1656 1258 1714 1286 ter-

942 1303 985 1331 tio
998 1303 1119 1333 ratione
1132 1304 1322 1342 duplicitatis
1335 1306 1494 1344 cavendae,
1513 1307 1557 1336 ibi
1567 1307 1576 1322 ⁷
1589 1318 1595 1336 :
1611 1308 1713 1339 Nemo

942 1362 1049 1384 servus
1072 1359 1173 1393 potest
1197 1355 1318 1386 duobus
1344 1357 1480 1388 dominis
1501 1360 1628 1390 servire.
1653 1360 1713 1390 Ra-

942 1406 1027 1436 tione
1042 1409 1148 1437 autem
1165 1409 1316 1438 mercedis
1334 1409 1505 1447 habendae,
1522 1411 1636 1442 invitat
1654 1413 1714 1443 hoc

943 1458 1051 1488 ordine
1067 1469 1073 1488 ε
1093 1459 1207 1490 scilicet
1224 1461 1446 1499 praemittendo
1461 1463 1714 1496 exhortationem

943 1511 1157 1550 erudientem,
1184 1514 1214 1542 et
1238 1513 1381 1544 addendo
1403 1515 1557 1545 rationem
1582 1525 1712 1548 moven-

942 1565 1017 1593 tem.
1035 1563 1142 1594 Primo
1162 1573 1257 1603 ergo,
1279 1568 1436 1605 quantum
1457 1567 1496 1598 ad
1519 1568 1712 1600 exhortatio-

942 1625 1016 1646 ncm
1040 1617 1253 1656 erudientem,
1277 1619 1465 1658 praemittit:
1491 1620 1537 1651 Et
1561 1630 1618 1660 eqo
1643 1622 1712 1653 dico

942 1669 1027 1699 vobis
1047 1681 1058 1700 .·
1083 1671 1180 1708 facile
1206 1671 1289 1701 vobis
1313 1673 1431 1702 amicos
1459 1673 1497 1704 de
1527 1683 1714 1706 mammona

943 1722 1130 1762 iniquitatis.
1147 1724 1343 1762 Hammona,
1361 1727 1396 1755 ut
1415 1725 1489 1755 dicit
1511 1726 1633 1766 Glossa,
1655 1729 1713 1758 lin-

941 1783 1007 1811 gua
1040 1775 1192 1814 Syrorum
1218 1777 1366 1807 dicuntur
1392 1778 1523 1809 divitiae.
1559 1780 1712 1811 Dicuntur

941 1829 1048 1857 autem
1072 1829 1269 1868 iniquitatis,
1295 1831 1370 1869 quia
1391 1831 1507 1862 habent
1531 1832 1712 1871 frequenter

941 1879 1141 1918 iniquitatem
1154 1891 1323 1920 annexam,
1338 1883 1511 1914 secundum
1522 1884 1599 1915 illud
1610 1888 1637 1915 ⁸:
1656 1885 1710 1915 «Si

916 1937 919 1943 ¹
940 1933 1029 1964 dives
1043 1935 1156 1972 fueris,
1178 1945 1241 1966 non
1263 1937 1325 1966 eris
1343 1937 1497 1968 immunis
1518 1947 1536 1969 a
1553 1939 1675 1970 delicto.
1692 1950 1706 1967 »

941 1986 1027 2017 Unde
1050 1987 1274 2026 Augustinus:
1297 1990 1438 2020 «Omnis
1462 1991 1550 2022 dives
1571 1995 1626 2023 aut
1649 1993 1708 2023 ini-

940 2048 1031 2077 quus,
1044 2042 1099 2069 aut
1111 2040 1213 2070 haeres
1225 2041 1324 2080 iniqui
1335 2044 1391 2072 est.
1405 2054 1419 2070 »
1437 2043 1523 2074 Sicut
1538 2044 1612 2074 dicit
1627 2044 1710 2075 Beda

940 2091 973 2120 in
988 2091 1138 2122 homilia:
1159 2104 1172 2121 α
1184 2092 1374 2131 Mammone,
1385 2094 1584 2135 Mammonis,
1596 2097 1709 2136 lingua

939 2144 1054 2182 punica
1075 2145 1190 2175 dicitur
1204 2145 1366 2176 lucrum.»
1388 2147 1449 2178 Nec
1464 2149 1556 2179 debet
1572 2150 1705 2189 intelligi

939 2196 976 2226 de
987 2206 1035 2234 eo,
1049 2197 1133 2236 quod
1146 2198 1220 2237 quis
1236 2207 1291 2238 per
1305 2200 1451 2239 rapinam
1466 2204 1495 2231 et
1510 2202 1707 2241 iniquitatem

939 2249 1123 2288 acquisivit,
1145 2252 1176 2280 et
1199 2251 1314 2290 inJusto
1337 2252 1429 2283 titulo
1447 2254 1597 2293 possidet3
1618 2256 1709 2288 debet

938 2301 1023 2331 enim
1050 2302 1109 2332 hoc
1133 2303 1332 2342 eleemosyna
1358 2305 1391 2343 (c)
1418 2305 1510 2345 dari,
1540 2308 1615 2347 quia
1633 2318 1707 2340 con-

939 2356 988 2384 tra
1010 2355 1070 2385 hoc
1090 2355 1203 2385 dicitur
1222 2359 1231 2374 ⁹
1254 2367 1260 2385 :
1287 2367 1301 2384 «
1321 2356 1407 2387 Dona
1428 2358 1613 2399 iniquorum
1642 2371 1706 2393 non

938 2407 1049 2445 prohat
1072 2407 1261 2438 Altissimus.
1285 2419 1299 2437 »
1329 2409 1366 2440 Et
1389 2420 1501 2442 rursus
1525 2414 1634 2445 eodem
1660 2425 1707 2446 ca-

938 2459 1001 2497 pite
1013 2460 1052 2488 ¹⁰:
1070 2470 1084 2487 «
1095 2460 1153 2496 Qui
1169 2460 1259 2490 offert
1275 2462 1463 2493 sacrificium
1479 2474 1519 2495 ex
1533 2466 1708 2498 substantia

938 2520 1131 2551 pauperum,
1147 2513 1237 2552 quasi
1253 2514 1307 2553 qui
1324 2515 1462 2546 victimat
1475 2517 1578 2548 filium
1593 2519 1626 2549 in
1637 2528 1707 2550 con-

971 2591 1004 2620 (11)
1017 2591 1076 2613 Coet.
1092 2591 1150 2614 edit.
1167 2593 1295 2616 extremae.
1308 2606 1338 2610 —
1353 2593 1385 2624 (h)
1398 2594 1458 2618 Caet.
1471 2595 1530 2620 edit.
1542 2596 1609 2620 deest
1622 2604 1662 2622 ex.
1677 2611 1707 2616 —

939 2627 967 2655 (c)
983 2626 1038 2656 Leq.
1054 2627 1160 2657 restitui,
1177 2634 1228 2651 non
1241 2628 1267 2651 in
1281 2628 1478 2660 eleemosynam.
