1987 3032
741 173 946 205 EXPOSITIO
968 172 1007 203 IN
1029 172 1114 203 CAP.
1138 172 1245 203 XXIII.

193 247 356 285 Scriptura
374 244 488 276 dicitur
504 243 608 282 primo
627 242 666 280 (a)
684 241 798 271 hortus
815 241 961 279 volupta-

192 299 231 328 tis
242 302 267 328 ¹:
284 296 501 328 «plantaverat
515 297 623 325 autem
638 294 792 324 Dominus
808 293 890 323 Deus
904 302 958 332 pa-

192 351 333 381 radisum
348 348 517 388 voluptatis
531 357 549 377 a
564 346 755 386 principio.»
766 348 795 376 ⁶2.
807 345 844 375 Et
858 344 960 384 patria

193 403 324 434 coelestis
342 403 352 418 ‘²
370 411 377 431 :
398 412 412 430 «
432 400 572 431 Vincenti
593 399 674 430 dabo
698 398 789 428 edere
809 398 847 428 de
869 397 960 435 ligno

191 454 374 494 vitae,quod
388 455 434 483 est
447 453 480 482 in
488 452 633 492 paradiso
644 451 698 481 Dei
713 451 787 481 mei.
798 461 812 478 1)
827 453 856 481 3.
868 449 906 480 Et
915 450 960 481 vi-

191 508 237 538 sio
248 507 360 546 speciei
369 506 481 537 Christi
490 507 500 524 ⁸
508 515 515 536 :
524 516 538 533 α
544 505 662 544 Raptus
669 506 713 534 est
722 504 755 534 in
763 503 956 543 paradisum,

190 561 221 590 et
235 559 357 590 audivit
371 567 485 589 arcana
499 558 597 588 verba
606 581 614 594 ,
627 568 640 585 »
660 559 717 587 etc.
733 559 762 587 4.
781 556 959 594 Allegorice

190 611 303 642 dicitur
317 611 473 642 Ecclesia*
486 623 491 642 :
513 622 527 638 «
538 610 671 641 Fluvius
686 609 907 648 egrediebatur
920 609 958 639 de

190 664 258 695 loco
272 664 444 704 voluptatis
459 664 498 693 ad
514 663 718 701 irrigandum
734 663 926 702 paradisum.
939 672 954 690 ›>

193 719 222 747 5.
240 716 360 747 Dicitur
370 717 464 746 etiam
471 716 572 754 Virgo
587 716 693 746 beata⁵
708 727 714 745 :

189 767 309 804 clusus,
326 767 395 797 fons
410 767 574 805 signatus,
590 766 775 797 emissiones
793 768 855 796 tuae
870 775 957 805 para-

188 819 286 850 disus.
321 822 351 850 6.
380 819 474 849 Sacra
503 818 664 858 Scriptura
675 819 684 835 ‘³
709 830 715 849 :
743 830 757 847 «
780 818 850 856 Ego
879 819 958 849 sicut

190 872 396 911 aquaeductus
411 871 496 902 exivi
511 872 548 901 de
563 871 717 910 paradiso.
730 881 744 899 ›)
764 874 793 900 7.
811 870 959 910 Tropolo·

189 924 260 963 gice
275 924 388 955 dicitur
403 924 506 963 gratia
518 924 528 940 ⁷
545 935 551 953 :
574 936 588 953 «
606 924 711 955 Gratia
731 924 811 954 sicut
828 924 957 963 paradi-

188 987 243 1008 sus
264 979 297 1008 in
319 978 629 1008 benedictionibus.»
658 980 687 1007 8.
714 977 833 1008 Dicitur
852 978 958 1007 anima

188 1030 357 1061 timorataS
376 1041 382 1060 :
404 1042 418 1059 t(
430 1030 539 1060 Timor
557 1030 681 1060 Domini
697 1030 776 1060 sicut
794 1031 957 1069 paradisus

187 1083 422 1113 benedictionis.
437 1094 450 1111 ›>
467 1084 496 1113 9.
510 1083 629 1113 Dicitur
644 1083 738 1113 etiam
752 1084 816 1114 vita
830 1084 957 1122 religio-

187 1145 220 1166 sa
234 1137 244 1151 ‘³
262 1145 269 1166 :
289 1147 303 1164 «
316 1135 416 1174 Regio
430 1136 574 1166 Jordanis
589 1136 740 1166 universa
755 1136 954 1175 irrigabitur,

186 1188 264 1218 sicut
285 1188 449 1227 paradisus
472 1188 609 1218 Domini.
627 1199 641 1216 »
662 1188 823 1228 Accipitur
846 1192 954 1220 autem

186 1240 238 1270 hic
253 1250 310 1280 pro
328 1241 419 1271 beata
431 1241 553 1272 visione
570 1241 681 1271 Christi
697 1265 704 1278 ‚
722 1242 795 1280 quia
806 1265 814 1279 ,
831 1244 867 1272 ut
882 1243 956 1272 dici-

187 1296 240 1324 tur
254 1294 286 1323 in
300 1294 423 1324 Joamze
437 1293 458 1310 ¹⁰
474 1305 479 1323 z
496 1305 508 1321 «
519 1293 592 1324 Haec
609 1296 655 1324 est
666 1296 772 1323 autem
782 1294 848 1324 vita
862 1297 954 1325 aeter-

189 1355 230 1376 na
243 1370 250 1383 ,
267 1349 303 1377 ut
322 1348 515 1385 cognoscant
536 1348 565 1376 te
587 1347 691 1377 solum
705 1346 804 1377 Deum
820 1357 932 1378 verum
945 1372 952 1385 ,

185 1401 216 1429 et
231 1409 326 1439 quem
340 1399 453 1429 misisti
469 1399 576 1430 Jesum
592 1400 763 1430 Christum.
777 1410 790 1427 »

226 1452 276 1482 M.
293 1452 378 1483 Erat
391 1456 497 1483 autem
509 1453 578 1490 fere
593 1452 671 1482 liora
685 1456 788 1490 sarta,
806 1454 864 1483 etc.
882 1454 955 1485 Post

185 1504 373 1544 descriptam
387 1504 501 1534 Christi
516 1504 830 1543 comprehensionem
841 1530 850 1544 ,
876 1507 953 1538 11111-

184 1557 305 1587 510116111
317 1581 325 1595 ,
341 1557 574 1587 accusationem
584 1581 594 1594 ,
611 1557 907 1590 condemnationem
923 1563 954 1590 et

186 1610 436 1647 crucifixionem,
449 1610 499 1640 hic
511 1610 658 1640 describit
668 1610 870 1650 Evangelista
884 1615 954 1653 eJus

184 1664 319 1692 mortem
332 1664 363 1692 et
376 1662 619 1692 tumulationem
632 1674 639 1699 3
655 1665 686 1693 et
695 1664 789 1694 habet
804 1665 872 1695 haec
882 1674 954 1704 pars

183 1714 283 1745 duas:
304 1715 337 1745 in
352 1724 490 1754 quarum
513 1715 616 1754 prima
635 1716 744 1754 agitur
770 1717 807 1747 de
830 1721 950 1757 morte,

182 1768 216 1798 in
230 1768 367 1798 secunda
387 1769 425 1798 de
442 1769 606 1807 sepultura
617 1792 624 1806 ,
641 1769 683 1798 ihi
700 1770 721 1786 ¹¹
738 1779 747 1798 :
762 1770 807 1800 Ec
821 1779 888 1801 ecce
904 1772 953 1801 vir

183 1821 313 1851 nomine
330 1821 455 1860 Joseplz,
468 1823 526 1851 etc.
544 1821 630 1852 Circa
644 1822 884 1862 descriptionem
900 1833 953 1855 au-

184 1875 246 1903 tem
262 1873 372 1903 mortis
389 1873 521 1910 Christi,
538 1876 675 1913 quatuor
691 1875 949 1915 introducuntur,

182 1926 299 1956 scilicet
323 1926 477 1956 mirabilis
492 1927 687 1965 perturbatio
703 1928 833 1966 mundi,
849 1929 950 1969 lacry-

183 1987 272 2009 mosa
286 1979 440 2018 expiratio
455 1979 578 2018 Christi,
593 1981 693 2011 fidelis
707 1982 859 2013 confessio
876 1984 951 2014 Cen-

183 2032 332 2069 turioniS,
350 2034 380 2062 et
397 2033 606 2063 tremebunda
625 2036 825 2074 compunctio
840 2037 948 2075 plebis.

222 2084 329 2115 Primo
347 2085 449 2123 igitur
463 2087 618 2124 quantum
634 2087 672 2117 ad
688 2088 864 2119 mirabilem
878 2099 949 2129 per-

180 2137 393 2168 turbationem
420 2139 531 2169 mundi
541 2162 550 2176 ,
572 2148 644 2178 quae
674 2143 809 2171 mortem
835 2142 949 2174 Christi

180 2191 347 2221 antecessit
361 2215 370 2229 ,
398 2191 473 2222 dicit
503 2203 509 2222 :
533 2193 618 2223 Erat
643 2197 750 2224 autem
776 2196 845 2233 fere
871 2196 949 2227 liora

179 2248 278 2274 sexta.
292 2244 369 2275 Dicit
384 2247 491 2275 autem
503 2245 638 2276 Joannes
654 2247 674 2263 ¹²
689 2249 719 2277 et
736 2247 901 2280 Matthaeus
915 2251 947 2289 ¹³,

179 2297 265 2335 quod
282 2296 362 2327 hora
376 2299 444 2327 erat
459 2300 557 2328 sexta.
573 2298 611 2328 Et
631 2299 673 2329 ait
688 2300 813 2330 Marcus
831 2302 852 2320 ¹⁶
864 2303 947 2341 quod

180 2351 247 2379 erat
261 2349 340 2380 hora
354 2350 456 2380 tertia.
473 2350 533 2381 Sed
552 2350 653 2382 Lucas
667 2362 837 2384 removens
855 2355 947 2386 istam

179 2403 428 2434 controversiam
440 2427 448 2440 ,
465 2405 599 2435 ostendit
613 2406 698 2444 quod
714 2406 772 2437 fuit
789 2407 869 2438 inter
885 2411 948 2440 ter—

212 2481 217 2496 ¹
235 2481 348 2512 Gen.,11,
365 2484 427 2506 8.-
441 2482 451 2497 ²
463 2483 549 2513 Assae„
562 2490 590 2514 11,
607 2485 630 2507 7.
646 2498 674 2502 —
690 2486 698 2497 ³
712 2486 728 2508 ΙΙ
746 2486 812 2515 sz,
828 2493 875 2517 x11,
898 2491 948 2512 i.—

181 2515 189 2529 ⁴
207 2516 276 2546 Gen„
299 2523 329 2546 ιι,
353 2519 388 2541 10.
407 2531 436 2535 —
455 2518 465 2533 5
483 2518 566 2547 Cant„
586 2524 620 2547 iv,
642 2522 677 2543 13.
700 2534 726 2537 —
748 2522 755 2533 *³
775 2522 862 2551 licen„
877 2530 946 2553 xxiv,

180 2551 218 2573 41.
231 2564 261 2568 —
276 2552 282 2565 ⁷
299 2552 372 2583 ibid„
388 2559 432 2582 XL,
451 2555 485 2576 17.
504 2556 553 2571 -“
570 2554 643 2584 ibid„
659 2556 696 2578 ¹:38.
716 2569 744 2573 —
766 2558 774 2569 ⁹
792 2558 861 2587 Gen„
886 2565 947 2589 xm,

182 2586 219 2608 10.
236 2599 262 2602 —-
277 2587 296 2603 ²·
309 2587 389 2617 Jowz„
405 2594 468 2618 xvii,
483 2590 505 2612 3.
523 2601 550 2606 —-
563 2590 578 2604 ¹¹
598 2590 654 2620 int„
666 2592 704 2614 50.
720 2592 875 2621 —-¹2Jr11171.,
894 2600 946 2623 xix,

183 2619 219 2643 ¹4.
240 2633 270 2638 —
288 2622 308 2638 ¹³
328 2623 427 2652 Manli„
446 2629 526 2653 xxvii,
550 2625 587 2648 45.
608 2638 637 2642 -
656 2625 675 2641 ¹⁶
691 2625 780 2657 Marc„
799 2633 840 2658 xv,
860 2630 897 2652 25.
918 2643 948 2646 —

733 715 873 745 «Hortus
888 724 967 745 6011-μ

1729 179 1786 208 215

1016 238 1093 269 tiam
1110 240 1140 269 et
1156 240 1277 269 sextam
1292 239 1421 276 horam;
1447 240 1501 270 sed
1517 240 1589 279 plus
1604 242 1732 272 accessit
1747 243 1786 273 ad

1016 294 1156 329 sextam3
1176 291 1260 322 unde
1275 291 1489 330 Evangelistae
1505 292 1557 322 alii
1573 302 1592 322 a
1606 292 1709 324 Marco
1724 304 1785 325 no·-

1016 344 1138 374 minaut
1163 346 1337 375 extremam
1350 368 1356 382 ,
1381 347 1411 374 et
1437 344 1535 374 Lucas
1553 345 1704 385 exprimit
1718 356 1785 378 me-

1015 397 1100 426 diam
1114 397 1238 427 horam.
1256 397 1291 427 In
1305 397 1364 427 hac
1379 399 1467 427 sexta
1481 397 1560 428 hora
1573 422 1580 435 ,
1597 401 1627 428 et
1642 401 1730 430 sexta
1744 409 1785 430 ae-

1016 451 1078 479 tate
1089 473 1098 486 ‚
1116 452 1145 479 et
1159 452 1247 480 sexta
1261 450 1354 487 feria,
1371 449 1541 480 crucifixus
1556 453 1601 481 est
1619 451 1709 482 Jesus
1727 462 1785 492 pro

1015 501 1160 540 homine,
1185 503 1240 542 qui
1260 503 1319 533 fuit
1340 505 1428 533 sexta
1450 504 1499 534 die
1518 504 1683 535 formatus
1710 505 1785 536 Post

1014 554 1097 585 hanc
1122 557 1243 586 sextam
1269 556 1401 594 horam,
1427 556 1550 587 Christo
1573 557 1728 596 pendente
1751 559 1785 589 in

1015 616 1107 637 cruce
1122 610 1152 638 et
1166 609 1406 647 approximante
1419 610 1458 639 ad
1472 614 1607 640 mortem
1617 634 1625 647 ‚
1642 611 1723 641 facta
1738 614 1784 643 est

1014 660 1202 690 universalis
1217 661 1386 691 commotio
1399 664 1567 700 creaturae,
1580 663 1664 693 unde
1680 663 1780 694 addit:

1014 712 1059 743 Et
1074 713 1208 743 tenebrae
1221 713 1319 751 facta)
1332 718 1406 743 sunt
1420 715 1452 744 ἱη
1467 715 1649 745 universam
1664 719 1782 746 terram

1015 774 1114 804 usque
1128 765 1173 795 ad
1180 765 1293 795 horam
1303 776 1421 796 nouam
1434 767 1472 805 (v.
1489 769 1550 805 45),
1561 771 1591 797 et
1597 768 1782 799 obscuratus

1015 822 1059 848 est
1083 818 1140 848 sol.
1165 818 1221 848 Ha}
1237 820 1343 848 autem
1366 819 1504 849 tenebrae
1526 829 1589 850 non
1610 822 1782 859 potuerunt

1015 880 1081 900 esse
1095 880 1151 910 per
1166 873 1330 908 naturam,
1347 872 1428 902 sicut
1448 872 1483 902 fit
1508 872 1631 911 eclipsis
1642 897 1651 908 ‚
1668 874 1782 913 triplici

1014 933 1053 954 ex
1068 932 1171 961 causa,
1190 924 1304 954 scilicet
1320 927 1348 954 1.
1362 925 1436 963 quia
1451 925 1528 955 luna
1540 927 1606 955 erat
1620 926 1784 964 quartade-

1013 977 1095 1007 cima
1107 1000 1116 1014 ,
1134 978 1164 1007 et
1182 977 1251 1007 ideo
1270 977 1302 1007 in
1329 977 1465 1016 perfecta
1488 978 1636 1008 distantia
1656 988 1675 1009 a
1697 979 1780 1018 sole3

1013 1032 1044 1059 ⁶2.
1061 1032 1090 1059 et
1105 1030 1179 1069 quia
1194 1030 1316 1069 eclipsis
1328 1039 1393 1060 non
1408 1031 1508 1061 aufert
1527 1031 1657 1062 omnino
1673 1032 1783 1064 lumen

1013 1083 1163 1113 omnibus
1179 1083 1321 1122 partibus
1336 1085 1429 1113 terrae
1442 1094 1449 1120 ;
1465 1086 1493 1113 3.
1510 1085 1541 1113 61
1557 1084 1632 1123 quia
1645 1094 1710 1115 non
1725 1095 1782 1125 po-

1012 1137 1073 1165 test
1087 1144 1144 1174 per
1157 1137 1220 1165 tres
1234 1136 1329 1166 horas
1353 1136 1479 1167 durare.
1504 1136 1575 1167 Ideo
1596 1137 1648 1167 hic
1667 1138 1783 1176 triplex

1012 1189 1202 1219 miraculum
1214 1189 1285 1219 fuit.
1298 1189 1335 1219 Et
1345 1192 1510 1229 propterea
1520 1190 1654 1220 refertur
1663 1191 1684 1207 ¹⁵
1697 1193 1781 1231 quod

1013 1241 1123 1271 beatus
1136 1241 1323 1281 DionysiuS,
1345 1251 1418 1272 cum
1433 1245 1513 1273 esset
1527 1243 1560 1272 in
1576 1243 1734 1283 AEgypto,
1752 1247 1782 1275 et

1013 1294 1135 1324 videret
1159 1295 1411 1325 obscurationem
1434 1295 1534 1333 illam,
1561 1296 1640 1326 dixit
1656 1308 1662 1326 :
1690 1308 1705 1326 «
1719 1297 1782 1329 Aut

1011 1347 1166 1377 elementa
1177 1349 1352 1384 mutantur,
1362 1349 1417 1377 aut
1427 1348 1508 1378 Deus
1516 1350 1639 1379 naturae
1649 1351 1778 1389 patitur,

1010 1402 1040 1430 61
1055 1400 1210 1430 elementa
1225 1401 1283 1430 sihi
1296 1401 1564 1440 compatiuntur.»
1576 1401 1664 1432 Unde
1674 1405 1704 1433 et
1715 1403 1781 1442 ipse

1010 1453 1085 1482 dicit
1100 1453 1133 1482 in
1142 1453 1271 1492 epistola
1286 1457 1397 1483 comm
1410 1454 1446 1493 (la)
1463 1454 1779 1494 Apolloplmnlum¹⁶z

1015 1516 1029 1534 «
1044 1505 1109 1541 Dic,
1123 1506 1198 1545 quid
1214 1506 1290 1536 dicis
1305 1507 1343 1537 de
1357 1507 1474 1546 eclipsi,
1491 1516 1563 1546 quae
1578 1508 1637 1538 fuit
1650 1508 1684 1538 in
1698 1509 1781 1539 salu-

1009 1560 1069 1589 tari
1085 1561 1198 1590 cruce?
1220 1559 1283 1590 Nos
1305 1560 1390 1590 enim
1407 1561 1568 1591 constituti
1582 1561 1679 1591 simul
1695 1562 1780 1601 apud

1010 1615 1197 1654 Heliopolim
1208 1639 1217 1653 ,
1234 1615 1293 1646 hoc
1309 1618 1375 1653 est,
1392 1616 1552 1647 civitatem
1575 1615 1662 1654 solis,
1680 1618 1778 1648 mira-

1008 1668 1112 1698 biliter
1128 1668 1281 1705 vidimus,
1297 1669 1457 1707 quomodo
1472 1669 1549 1699 feria
1565 1669 1702 1708 quadam
1713 1679 1781 1701 sex-

1009 1722 1040 1750 ta
1052 1744 1059 1758 ,
1077 1721 1175 1751 ferme
1191 1721 1270 1751 hora
1284 1721 1380 1751 etiam
1406 1722 1495 1760 quasi
1518 1724 1606 1752 sexta
1617 1747 1626 1761 ,
1648 1723 1724 1753 luna
1749 1724 1778 1754 ei

1009 1782 1041 1803 se
1058 1773 1227 1813 injiciente,
1244 1774 1290 1804 sol
1306 1776 1352 1804 est
1366 1774 1559 1805 horribiliter
1575 1775 1776 1815 obscuratus,

1007 1827 1082 1866 quia
1096 1836 1161 1857 non
1184 1827 1266 1858 Deus
1277 1851 1284 1865 ,
1308 1827 1360 1858 sed
1377 1830 1522 1858 creatura
1545 1828 1599 1858 Dei
1616 1828 1696 1859 lucis
1710 1838 1778 1860 suae

1007 1880 1154 1910 occubitu
1168 1880 1273 1910 lucere
1286 1880 1438 1919 nequivit.
1458 1880 1574 1911 Obfuso
1591 1881 1697 1921 itaque
1710 1882 1778 1913 uni-

1007 1932 1151 1963 formiter
1170 1932 1204 1971 (c)
1227 1932 1364 1971 caligine
1383 1933 1576 1972 tabescente,
1602 1937 1638 1964 ut
1652 1944 1778 1974 purga-

1008 1988 1077 2015 tum
1092 1985 1184 2015 rediit
1200 1985 1274 2015 solis
1297 1985 1506 2024 diametrum,
1531 1987 1676 2025 regulam
1701 1988 1774 2018 Phi-

1008 2038 1084 2077 lippi
1100 2038 1207 2068 Aridei
1232 2039 1470 2078 assumpsimus.
1494 2040 1637 2080 Cumque
1658 2043 1777 2081 reperi-

1007 2100 1079 2121 mus
1094 2091 1178 2130 quod
1195 2093 1262 2121 erat
1276 2092 1478 2122 notissimum
1489 2117 1498 2130 ,
1515 2095 1644 2124 eatenus
1657 2095 1775 2133 fatiga-

1007 2145 1092 2175 tione
1108 2145 1248 2184 ecliptica
1261 2145 1360 2175 solem
1374 2146 1438 2184 pati
1462 2146 1620 2177 molestias
1636 2156 1700 2177 non
1721 2147 1774 2178 de-

1005 2197 1093 2235 bere,
1110 2199 1140 2227 et
1156 2198 1194 2227 ab
1207 2196 1332 2228 Oriente
1347 2198 1457 2228 lunam
1468 2199 1602 2229 solarem
1614 2199 1774 2238 fulgorem

1006 2251 1084 2281 velis
1101 2251 1275 2289 aethiopicis
1290 2251 1499 2282 obducentem
1511 2276 1519 2290 ‚
1536 2252 1633 2283 solem
1650 2253 1683 2283 in
1698 2254 1774 2284 occi-

1006 2305 1068 2335 dua
1083 2305 1162 2335 hora
1182 2307 1306 2344 captare
1326 2306 1492 2344 profugia,
1510 2307 1587 2336 tunc
1602 2308 1709 2337 autem
1723 2307 1772 2337 lu-

1006 2358 1133 2397 tigenos
1144 2358 1323 2395 thesauros,
1341 2358 1504 2397 caligines,
1517 2367 1596 2398 quas
1610 2359 1775 2398 geminant

1004 2420 1106 2450 usque
1124 2411 1155 2440 in
1174 2411 1332 2447 1161111605,
1350 2412 1385 2441 111
1398 2412 1594 2450 putavimus,
1611 2413 1773 2452 proferen-

1004 2487 1118 2516 1’“1)1011.,
1134 2487 1204 2516 epist.
1219 2486 1251 2509 ad
1268 2486 1397 2517 Polycarp.
1414 2487 1473 2510 Pon!
1488 2494 1494 2516 ;
1510 2490 1547 2511 cst
1566 2488 1638 2518 epist.
1654 2494 1705 2518 vu,
1721 2495 1746 2513 11.
1760 2490 1773 2511 2

1004 2524 1025 2545 et
1040 2524 1061 2544 53,
1079 2536 1102 2538 κ
1121 2523 1140 2536 ¹''
1154 2522 1188 2544 1ι1.
1215 2528 1227 2544 c
1241 2521 1287 2544 »ist
1304 2528 1338 2544 xr.

1037 2562 1068 2590 (a)
1086 2562 1143 2584 (urz.
1159 2529 1373 2591 „,12’1,11‚rj111115‚-
1386 2562 1418 2592 (b)
1431 2562 1577 2591 Legendum
1595 2563 1641 2593 (nl3
1657 2563 1774 2587 scribitur
1806 2590 1810 2594 .

1004 2596 1304 2626 oniinApoilophanijain
1318 2597 1349 2621 ad
1363 2597 1438 2621 iidem
1451 2605 1583 2622 converso.
1600 2611 1629 2616 ·-
1645 2599 1674 2628 (6)
1684 2598 1771 2629 δῳμί.

1003 2632 1064 2654 orbe
1080 2633 1212 2655 terrarum.
