1987 3032
120 960 204 982 Judaea.

101 1097 198 1117 Samaria

106 1924 189 1944 Siehur.

123 2338 212 2359 Laboris

111 2373 205 2388 immen-

105 2398 168 2419 sitas.

216 187 277 221 *310

218 258 314 287 usque
327 252 394 288 post
409 251 587 280 solutionem
601 250 696 287 pretii.
713 249 763 278 'Ad
784 249 985 278 auctoritatem

218 305 288 326 vero
302 297 500 334 Chrysostomi
510 319 518 332 ‚
534 298 606 325 sorte
621 297 721 332 posset
736 296 793 323 dici
801 317 810 331 ,
827 296 909 331 quod
924 296 984 331 ipse

217 343 360 380 loquitur,
374 344 496 380 quando
511 344 551 371 ait
573 343 655 379 quod
669 342 805 370 nondum
824 344 887 370 erat
900 342 984 378 spiri-

217 392 263 418 tus
278 390 374 422 datus,
384 392 412 417 et
421 390 489 417 ideo
502 389 628 417 Christus
637 396 698 416 non
707 388 884 424 baptizabat,
902 388 985 424 quod

217 436 279 472 ipse
295 436 425 472 loquitur
440 435 477 462 de
491 435 620 464 efficacia
628 434 746 470 spiritus
757 434 787 468 in
801 434 983 469 superabun-

215 482 257 514 tia
271 484 299 510 et
312 482 342 510 in
357 482 462 509 effectu
475 481 602 516 visibili,
623 481 692 516 quia
712 483 779 516 post
798 480 984 508 resurrectio-

217 536 286 556 nem
301 527 452 555 visibiliter
467 527 535 555 etin
549 526 639 562 signis
654 526 780 554 dabatur
793 528 910 553 sanctus
925 526 988 561 Spi-

216 574 299 602 ritus.
314 575 369 601 Nec
390 575 432 601 est
453 573 664 602 inconveniens
677 572 765 608 :quod
780 574 925 608 quantum
948 572 986 599 ad

219 621 353 648 effectum
384 619 482 654 gratiae
503 619 674 647 mundantis
697 618 824 646 dabatur
844 618 937 653 gratia
957 618 987 645 in

217 666 365 701 baptismo
381 666 594 701 discipulorum
605 686 613 700 ,
634 665 825 693 differebatur
840 666 936 691 tamen
951 664 986 691 il-

218 712 274 739 lius
289 711 424 746 effeetus,
441 712 550 739 scilicet
562 711 700 739 reseratio
713 711 827 746 januae,
839 718 931 746 usque
947 710 985 738 ad

218 761 284 794 post
297 758 474 786 solutionem
492 759 586 794 pretii.
604 761 664 786 Rex
677 759 756 786 enim
771 758 845 787 dans
862 765 987 787 munera

218 813 273 840 pro
283 805 386 833 militia
397 804 466 837 filii,
477 807 571 840 potest
580 805 650 832 dare
664 805 716 832 illa
727 807 792 833 ante
806 807 920 841 tempus
930 806 988 833 vic-

219 851 316 884 toriae,
332 852 364 878 ut
387 852 532 886 praeparet
546 851 584 878 ad
605 850 739 878 militiam
751 861 759 885 ;
776 851 823 878 vel
848 853 930 886 post,
947 851 986 879 ob

219 899 355 926 virtutem
369 898 497 926 victoriae
508 900 534 925 et
546 898 789 932 magnitudinem.
806 899 840 925 Et
850 900 927 933 patet
941 899 988 926 hic

218 945 394 980 mysterium
409 953 415 971 ι
431 953 483 980 per
497 944 628 972 Judaeam
650 944 728 972 enim
740 965 747 978 ,
766 952 832 979 quas
846 944 988 980 interpre-

221 993 296 1020 tatur
310 993 449 1025 confitens,
472 991 604 1025 signatur
622 990 776 1026 plenitudo
797 990 989 1018 confessionis

221 1040 249 1064 et
269 1037 524 1064 sanctificationis:
539 1037 570 1064 in
585 1037 689 1064 Psalmo
703 1038 710 1053 ²
728 1045 733 1063 :
753 1038 864 1064 «Facta
885 1038 927 1064 est
941 1039 989 1064 Ju-

221 1084 286 1111 daea
300 1083 490 1110 sanctificatio
507 1084 577 1118 ejus.
592 1092 604 1108 »
619 1083 748 1111 Samaria
763 1090 851 1115 vero,
867 1091 933 1118 qum
947 1084 988 1110 in-

220 1133 393 1168 terpretatur
411 1130 534 1158 custodia
548 1137 607 1156 mee
617 1149 626 1162 ,
647 1128 792 1164 significat
806 1129 987 1163 diligentiam

219 1178 379 1214 vigilantiae
407 1177 437 1204 in
467 1175 659 1204 custodiendo
689 1175 913 1202 sanctimoniam
941 1175 950 1190 ‘²-
979 1186 986 1202 :

223 1235 236 1252 α
247 1225 332 1253 Omni
347 1223 480 1252 custodia
491 1222 603 1250 custodi
614 1222 648 1257 (a)
666 1230 716 1249 eor
731 1224 843 1249 tuum.»
857 1224 894 1249 De
911 1224 988 1250 utro-

221 1280 278 1307 que
294 1270 400 1298 dicitur
414 1270 423 1286 ³
442 1278 448 1296 :
468 1278 482 1294 ι(
494 1270 556 1297 lloec
573 1270 614 1295 est
628 1268 764 1295 voluntas
783 1267 849 1302 Dei,
865 1268 990 1295 sanctiti-

221 1317 295 1346 catio
318 1317 428 1349 vestra,
457 1316 488 1342 ut
510 1314 582 1342 sciat
596 1313 812 1349 {unusquisque
837 1322 889 1341 vas
905 1323 990 1342 suum

220 1363 371 1399 possidere
393 1362 424 1389 in
453 1360 692 1388 sanctificatione.
707 1371 720 1386 »
748 1362 800 1387 Per
824 1360 990 1395 Galilaeam‚

221 1417 288 1444 quae
317 1409 520 1443 interpretatur
552 1408 754 1440 transmiqratz'o
770 1428 778 1440 ,
812 1406 991 1441 significatur

220 1455 388 1491 progressio
414 1454 450 1481 de
471 1454 576 1481 virtute
598 1454 628 1480 in
646 1452 801 1487 virtutem,
818 1453 855 1480 de
877 1461 936 1488 quo
961 1454 991 1480 in

223 1500 342 1528 Psalmo*
355 1510 361 1527 :
376 1500 587 1528 «Ascensiones
601 1499 633 1526 in
643 1499 732 1527 eorde
742 1507 796 1526 suo
811 1499 963 1534 disposuit.
975 1509 988 1524 ι)

222 1549 254 1574 Et
265 1547 274 1563 ⁵
292 1555 298 1573 :
314 1546 461 1573 «Transite
475 1545 514 1573 ad
525 1553 573 1573 me
589 1553 690 1573 omnes
700 1566 709 1579 ,
725 1545 777 1580 qui
787 1545 992 1580 concupiscitis

222 1600 278 1619 me.
294 1603 307 1617 »
328 1593 357 1619 ln
372 1593 478 1619 Psalmo
493 1593 503 1608 ὅ
521 1600 527 1619 :
546 1602 559 1618 (ι
574 1592 660 1619 lbunt
678 1591 714 1618 de
734 1591 836 1618 virtute
854 1591 884 1618 in
904 1591 992 1618 virtu-

221 1640 316 1666 tem.»
335 1640 366 1666 ht
380 1637 452 1665 alibi
465 1639 475 1654 ⁷
490 1646 496 1665 :
511 1647 524 1663 «
536 1639 684 1665 Justorum
698 1637 801 1665 semita
811 1658 820 1671 ,
837 1636 920 1672 quasi
940 1637 990 1663 lux

222 1684 398 1720 splendens,
412 1684 547 1720 procedit
562 1685 590 1710 et
604 1683 705 1710 crescit
718 1691 812 1719 usque
831 1683 870 1710 ad
885 1682 993 1717 persec-

223 1735 285 1760 tum
300 1731 388 1759 diem.
401 1739 415 1758 »
431 1732 469 1759 De
479 1730 627 1766 baptismo
643 1738 713 1758 vero
729 1731 756 1757 et
771 1730 834 1764 ejus
847 1730 993 1765 mysteriis

222 1780 304 1813 Hugo
318 1778 396 1807 bene
405 1778 424 1805 θ.

259 1826 285 1851 5.
301 1825 333 1852 Et
352 1823 482 1859 sequitur
507 1823 544 1850 de
568 1823 697 1851 adventu
714 1822 817 1851 Christi
842 1822 872 1850 in
893 1823 993 1850 Sama-

223 1872 306 1898 riam.
325 1871 406 1898 Venz'c
425 1878 485 1904 erqo
504 1871 534 1896 in
555 1871 707 1903 civitatem,
728 1871 793 1902 ete„
816 1877 874 1903 quae
893 1869 994 1896 dicitur

224 1918 331 1949 sichem
361 1916 423 1944 haec
445 1916 524 1944 enim
543 1916 605 1942 erat
628 1914 800 1950 metropolis
831 1915 967 1943 Samarize
985 1925 991 1942 :

223 1965 308 1990 Juaeta
325 1963 475 1996 proedz‘um,
500 1961 532 1989 id
551 1963 593 1989 est
611 1969 734 1996 agrum,
761 1962 832 1995 quod
851 1961 926 1988 dedit
947 1963 994 1989 Ja-

224 2009 284 2040 cob,
313 2009 367 2036 etc.
394 2007 476 2035 Unde
495 2007 601 2035 dicitur
622 2008 632 2024 ‘³
654 2016 659 2033 :
687 2007 785 2034 «Dedi
810 2007 861 2034 tibi
880 2009 994 2042 partem

225 2062 315 2082 unam
325 2063 354 2088 ‚»
373 2055 426 2081 etc.
442 2055 480 2080 De
494 2053 607 2087 origine
622 2061 693 2080 vero
706 2053 955 2081 Samaritanorum
965 2053 995 2081 in

226 2102 355 2129 Historiis
367 2099 499 2134 Magister
513 2099 698 2127 sufficienter.
716 2101 748 2126 Et
763 2099 936 2127 describitur
951 2099 993 2126 lo-

225 2155 276 2174 cus
291 2147 329 2182 (v.
345 2146 373 2181 5)
390 2156 396 2174 :
414 2147 480 2173 Erat
496 2149 583 2173 autem
598 2147 636 2173 ibi
657 2147 716 2179 fons
726 2167 735 2180 ,
759 2148 790 2173 ut
804 2146 844 2173 ait
858 2146 992 2180 Augusti-

225 2201 280 2220 nus
290 2192 320 2227 ¹⁰,
332 2192 414 2228 quod
425 2202 438 2218 «
447 2194 553 2228 puteus
566 2193 637 2226 erat,
649 2194 675 2220 et
690 2192 785 2220 omnis
796 2194 901 2226 puteus
913 2192 993 2226 tons3

227 2239 279 2266 ubi
294 2239 373 2266 enim
388 2246 466 2274 aqua
480 2238 517 2267 de
532 2240 610 2266 terra
623 2240 740 2271 manat,
756 2237 821 2265 fons
835 2240 895 2272 est,
912 2248 925 2263 n
940 2240 992 2265 ete.

229 2286 304 2312 Jesus
316 2286 448 2319 f'atz‘flalus
456 2306 464 2318 ,
475 2285 513 2313 ad
523 2284 648 2312 litteram
657 2305 665 2318 ‚
677 2284 783 2312 sedebat
793 2291 872 2318 super
883 2286 992 2317 fontem.

227 2331 298 2364 Quia
312 2331 463 2365 fatigatus,
478 2330 589 2358 laboris
604 2330 793 2358 immensitas.
811 2329 890 2357 Unde
906 2330 995 2365 Chry-

228 2378 374 2404 sostomus
389 2378 406 2394 ¹¹
424 2386 430 2404 :
449 2386 462 2402 α
476 2378 538 2405 Non
557 2376 763 2411 subjugalibus
774 2376 873 2409 utitur,
893 2386 907 2401 »
925 2376 996 2411 quia

259 2437 266 2452 ¹
282 2436 351 2459 Psnl.
367 2441 446 2466 exui,
462 2439 483 2460 ⁶2.
499 2450 528 2453 —
541 2437 551 2452 ’Ξ
563 2437 645 2467 Proin,
664 2442 698 2466 iv,
715 2438 752 2460 23.
766 2449 795 2453 -
810 2437 818 2448 ·¹
834 2436 840 2458 Ι
859 2435 946 2463 Thess„
962 2441 993 2464 ir,

228 2473 279 2495 3-11.
300 2483 330 2488 —
350 2471 359 2483 ⁴
379 2470 447 2494 Psul.
466 2477 580 2501 Lxxxni,
601 2474 623 2494 (i.
643 2483 672 2488 -
693 2471 700 2484 ⁵
724 2470 812 2499 Eccli,
834 2475 904 2497 xxiv,
924 2471 946 2492 ti.
966 2481 994 2486 —z

230 2505 318 2529 ssPsal.
334 2511 448 2534 Lxxxur,
467 2507 489 2529 Β.
508 2519 538 2523 -
555 2506 565 2522 ⁷
584 2506 664 2534 Pron,
685 2511 720 2533 iv,
741 2507 777 2529 ts.
794 2518 823 2522 —
842 2505 852 2520 ⁸
872 2506 948 2535 Hug„
967 2504 996 2527 [Ie

228 2542 351 2568 Sacram..
376 2540 418 2563 lib.
445 2541 478 2569 ll,
500 2543 565 2570 part.
589 2541 636 2570 ΥΙ,
660 2548 704 2570 per
728 2542 818 2564 tolum.
841 2553 870 2556 ——-
893 2543 902 2554 ³
924 2540 994 2570 Gen„

230 2581 322 2605 urin,
336 2577 373 2599 22.
389 2588 419 2592 —
435 2575 454 2589 ¹·
473 2576 547 2604 Aug„
563 2576 604 2598 ubi
619 2583 685 2605 sup„
701 2582 726 2599 u.
742 2577 764 2599 ὅ,
779 2588 807 2593 —-
824 2576 838 2591 '¹
855 2575 995 2605 chrysost„

230 2612 255 2633 ιή
272 2611 352 2640 loun„
368 2610 438 2634 hom.
461 2616 525 2639 xxx,
548 2610 579 2634 al.
598 2616 672 2637 xxxi,
693 2617 718 2633 n.
739 2612 762 2634 3.
786 2623 815 2627 —-
839 2611 858 2626 ¹2
883 2610 944 2634 thid.
965 2622 996 2627 —

742 182 952 214 EVANGELH
974 183 1112 215 SANCTI
1130 183 1295 215 JOANNIS

1041 258 1124 285 supra
1142 252 1242 284 fontem
1259 260 1266 276 :
1284 259 1297 275 κ
1311 251 1468 285 Paupertas
1488 256 1549 277 non
1565 250 1594 277 in
1609 250 1714 279 throno
1725 272 1734 285 ,
1753 260 1807 280 nec

1042 297 1071 323 in
1090 297 1251 332 pulvinari,
1267 307 1280 323 »
1302 297 1342 325 ait.
1359 296 1439 325 idem
1453 297 1677 332 Chrysostomus
1692 298 1722 324 ¹¹.
1740 299 1808 326 Erat

1043 346 1131 370 autem
1146 344 1210 370 hora
1227 345 1312 370 sexta.
1333 344 1365 369 Et
1379 343 1410 369 in
1424 342 1479 369 hoc
1496 342 1606 370 laboris
1621 343 1806 372 diuturnitas.

1043 390 1081 417 De
1095 388 1141 416 his
1159 389 1251 423 bene3
1273 388 1327 416 sed
1339 389 1488 423 quaa-itur,
1503 388 1627 424 qualiter
1647 389 1686 417 ait
1702 398 1710 416 ε
1729 391 1810 422 Venit

1043 435 1073 461 z'n
1086 436 1232 469 civitatem,
1247 436 1313 469 etc„
1327 434 1399 461 sicut
1413 434 1536 470 opponit
1543 435 1809 470 Chi-ysostomusss.

1043 482 1084 509 Ex
1098 489 1157 516 quo
1173 481 1212 508 ait
1226 481 1357 509 Salvator
1371 479 1390 496 ¹³
1407 489 1413 507 :
1433 482 1518 509 «Non
1535 490 1602 509 sum
1615 482 1736 517 missus,
1755 482 1811 510 nisi

1044 527 1082 554 ad
1102 535 1172 554 oves
1196 535 1260 562 quae
1281 525 1431 561 perierunt
1450 526 1557 555 domus
1579 528 1682 563 lsrael;
1698 538 1712 554 »
1729 530 1757 556 et
1776 536 1810 558 ex

1045 581 1104 609 quo
1118 573 1158 600 ait
1173 574 1191 589 ¹⁵
1215 581 1242 599 :«
1255 573 1287 600 ln
1302 571 1379 599 viam
1394 572 1526 607 gentium
1540 580 1577 601 ne
1590 573 1750 609 abieritis‚n
1769 575 1812 603 vi-

1045 618 1139 652 detur,
1159 618 1243 654 quod
1266 626 1327 645 non
1349 617 1498 646 debuisset
1520 618 1641 648 intrasse
1665 621 1812 651 civitatem

1045 665 1305 692 Samaritanorum.
1325 665 1357 692 Et
1376 664 1414 691 ad
1429 663 1507 692 istud
1528 665 1708 701 respondet,
1729 667 1813 702 quod

1047 711 1275 738 «antecedenter
1291 709 1331 745 (id
1341 712 1383 738 est
1393 710 1601 747 principaliter)
1617 711 1656 739 ad
1670 711 1738 740 illos
1750 720 1813 741 non

1045 757 1142 792 venit,
1164 757 1215 784 scd
1235 756 1388 784 transiens.
1413 757 1478 784 Erat
1498 757 1577 784 enim
1594 757 1678 785 locus
1698 758 1814 790 medius

1045 803 1119 831 inter
1131 803 1263 830 Judaeam
1277 804 1304 830 et
1323 802 1489 836 Galilaeam,
1506 805 1538 830 ut.
1556 803 1597 831 ait
1615 803 1726 832 (nossa.
1745 804 1814 834 ldeo

1047 849 1157 878 vadens
1179 849 1210 876 in
1232 849 1381 878 Galilmam
1403 849 1534 877 transivit
1557 858 1610 885 per
1633 851 1813 887 Samariam,

1046 895 1202 923 ostendens
1217 903 1277 922 non
1292 903 1473 930 supervacue
1485 903 1517 923 se
1531 896 1636 930 lacere,
1653 899 1685 924 ut
1697 897 1814 926 nullam

1045 941 1224 976 relinqueret
1243 940 1348 968 Judfeis
1368 941 1564 969 excusationis
1583 942 1779 977 occasionem.
1798 953 1813 970 a

1047 989 1110 1015 llaec
1133 987 1192 1014 ille.
1216 989 1247 1015 Et
1261 986 1309 1014 ad
1332 986 1426 1021 illud,
1448 987 1530 1022 quod
1554 987 1710 1022 objicitur,
1731 989 1815 1024 quod

1046 1034 1198 1070 prohibuit
1212 1032 1368 1069 apostolis,
1383 1040 1420 1060 nc
1435 1033 1509 1061 irent
1522 1033 1552 1060 in
1567 1033 1648 1062 viam
1663 1035 1794 1069 gentium
1804 1050 1816 1069 Ἰς

1046 1080 1178 1107 similiter
1192 1078 1450 1115 respondendum,
1461 1079 1545 1114 quod
1558 1079 1614 1107 hoc
1629 1080 1815 1115 prohibuerit

1046 1125 1186 1160 apostolis
1202 1133 1240 1152 ne
1258 1125 1333 1153 irent
1351 1133 1387 1153 cx
1405 1125 1561 1161 principali
1582 1127 1734 1162 proposito
1749 1149 1759 1162 ,
1788 1130 1816 1156 et

1046 1174 1204 1207 antequam
1220 1171 1341 1199 irentad
1352 1171 1482 1206 Jud2e0s;
1499 1172 1725 1207 expulsitamen
1739 1182 1757 1202 a
1767 1175 1816 1203 Ju.

1047 1218 1115 1245 dacis
1130 1218 1339 1246 transtulerunt
1352 1226 1382 1246 se
1397 1218 1436 1245 ad
1451 1221 1560 1252 gentes.
1577 1221 1609 1246 Et
1625 1219 1657 1247 in
1672 1220 1764 1255 ,hujus
1777 1221 1815 1250 fi-

1046 1272 1150 1300 guram
1170 1264 1217 1291 hic
1240 1264 1370 1291 transivit
1386 1272 1438 1299 per
1453 1264 1632 1299 Samariam,
1651 1267 1817 1296 secundum

1046 1310 1187 1340 Glossam.
1212 1311 1282 1338 Item
1301 1318 1392 1345 quare
1413 1310 1474 1337 tam
1499 1310 1656 1345 diligenter
1676 1312 1817 1342 describit

1046 1357 1144 1384 locum
1160 1356 1199 1384 ad
1214 1364 1304 1392 quem
1319 1356 1398 1383 venit
1410 1358 1507 1390 JesuS,
1529 1359 1557 1384 et
1571 1364 1664 1392 quare
1681 1358 1750 1389 facit
1767 1359 1818 1388 hic

1046 1403 1227 1430 mentionem
1242 1402 1278 1429 de
1293 1402 1372 1430 fonte
1386 1402 1477 1430 Jacob
1488 1403 1501 1429 ‘2
1515 1404 1547 1431 Et
1555 1403 1594 1431 ad
1602 1403 1680 1432 istud
1692 1412 1817 1440 respon-

1047 1449 1097 1477 det
1116 1449 1249 1483 ibidem,
1274 1448 1356 1484 quod
1379 1448 1446 1476 ideo
1470 1452 1684 1478 commemorat
1704 1450 1815 1480 fontem
1830 1459 1874 1478 eur
1885 1463 1935 1478 eon-

1046 1496 1157 1529 Jacob,
1180 1495 1219 1522 ad
1237 1494 1448 1522 insinuandum
1473 1495 1556 1530 quod
1579 1496 1672 1524 Judaei
1696 1499 1816 1533 propter
1830 1487 1933 1538 :11⁰⁰ssssss

1046 1541 1213 1577 pigritiam,
1231 1543 1258 1568 et
1281 1540 1464 1576 iniquitatem
1477 1560 1486 1574 ‚
1505 1543 1532 1568 ct
1557 1543 1678 1576 peccata
1692 1549 1795 1571 eorum
1806 1563 1815 1576 ,
1831 1550 1874 1569 iem
1901 1550 1936 1570 J*-

1047 1587 1206 1614 amiserunt
1225 1587 1323 1614 locum
1338 1586 1437 1620 illum,
1453 1588 1481 1613 et
1495 1586 1548 1614 fuit
1563 1587 1648 1615 datus
1666 1588 1702 1624 (b)
1716 1588 1816 1617 alieni·
1831 1579 1881 1599 ⁰⁰²³·

1049 1634 1140 1668 genis.
1153 1635 1184 1660 Et
1195 1633 1224 1659 hi
1234 1632 1407 1661 Samaritani
1417 1632 1601 1668 accipiebant
1609 1633 1702 1661 libros
1714 1634 1817 1671 Moysi,

1048 1681 1076 1706 et
1096 1679 1269 1706 dicebantur
1284 1686 1301 1706 a
1322 1680 1422 1706 monte
1442 1679 1547 1706 Somor
1562 1679 1595 1714 (c)
1612 1688 1619 1706 :
1636 1680 1688 1715 qui
1710 1679 1764 1708 fuit
1776 1681 1818 1709 sie

1049 1725 1142 1761 dictus
1157 1725 1195 1752 ab
1211 1732 1247 1752 eo
1263 1724 1314 1760 qui
1327 1724 1424 1760 primo
1440 1724 1590 1758 consedit,
1604 1725 1635 1752 id
1651 1727 1708 1758 est,
1721 1734 1818 1754 mora-

1049 1775 1094 1798 tus
1107 1773 1160 1805 est,
1174 1773 1205 1798 ut
1220 1771 1259 1798 ait
1272 1770 1385 1798 ibidem
1395 1771 1413 1787 ¹⁶
1429 1771 1661 1806 Chrysostomus.
1678 1768 1718 1800 ss'x
1733 1772 1818 1802 dictis

1048 1820 1127 1853 patet
1135 1817 1309 1853 mysterium
1320 1826 1326 1844 ;
1339 1817 1484 1844 adventus
1494 1817 1573 1845 enim
1587 1818 1701 1847 Domini
1715 1819 1748 1846 in
1758 1819 1818 1847 die

1049 1866 1107 1891 tam
1127 1864 1286 1897 civitatem,
1308 1863 1362 1891 fuit
1384 1864 1482 1898 figura
1503 1864 1642 1891 transitus
1663 1864 1755 1899 ipsius
1779 1865 1818 1894 ad

1050 1913 1148 1945 gentes
1158 1931 1167 1944 ,
1179 1913 1211 1937 ut
1224 1912 1304 1946 patet
1317 1910 1347 1937 in
1361 1910 1472 1938 Glossa.
1488 1910 1574 1943 Quod
1589 1918 1657 1938 vero
1671 1910 1724 1940 suit
1736 1913 1818 1940 lesus

1048 1958 1183 1992 fatigatus
1194 1979 1203 1992 ,
1219 1957 1346 1985 ostensio
1361 1957 1431 1991 suit,
1444 1957 1528 1992 quod
1538 1956 1693 1987 infirmitas
1707 1967 1761 1987 sua
1774 1967 1823 1987 ase

1050 2006 1166 2039 sumpta
1183 2004 1237 2031 suit
1259 2005 1358 2031 nostra
1377 2003 1538 2037 fortitudo,
1559 2006 1586 2030 et
1601 2003 1668 2032 fecit
1684 2012 1743 2033 nos¹
1757 2005 1817 2033 for-

1050 2052 1100 2085 tes,
1117 2053 1205 2086 prout
1220 2051 1259 2078 ait
1273 2050 1448 2084 Augustinus
1459 2049 1488 2084 ¹⁷,
1504 2050 1580 2077 bene
1599 2050 1717 2086 dicens,
1736 2052 1823 2087 quod·¹

1048 2097 1139 2124 nutrit
1153 2097 1288 2124 infirmus
1301 2096 1434 2123 infirmos
1450 2105 1457 2123 :
1474 2098 1502 2124 et
1516 2097 1599 2131 ponit
1612 2098 1634 2115 ¹⁸
1649 2098 1819 2133 exemplum

1050 2143 1086 2170 de
1101 2143 1210 2178 gallina
1221 2164 1229 2176 ,
1241 2150 1306 2177 quae
1320 2142 1485 2170 infirmatur
1499 2150 1568 2170 cum
1581 2142 1686 2178 pullis,
1701 2143 1755 2171 alis
1767 2143 1819 2171 de-

1049 2189 1158 2224 missis,
1182 2188 1290 2224 plumis
1305 2188 1439 2222 hispida,
1454 2195 1527 2216 voce
1547 2196 1655 2222 rauca,
1677 2189 1817 2217 omnibus

1050 2235 1191 2264 membris
1203 2234 1330 2262 demissa
1342 2236 1370 2261 et
1380 2234 1504 2268 abjecta.
1514 2235 1568 2262 lter
1579 2236 1678 2262 autem
1687 2235 1754 2263 Filii
1769 2236 1820 2263 Dei

1050 2282 1103 2310 suit
1126 2290 1194 2310 earo
1216 2283 1383 2316 assumpta;
1404 2280 1456 2307 sed
1477 2281 1496 2297 ¹⁹
1517 2280 1671 2308 infirmitas
1690 2289 1744 2309 sua
1762 2289 1818 2309 nos

1049 2328 1117 2356 fecit
1130 2327 1218 2355 sortes
1231 2328 1253 2343 2⁰
1265 2335 1271 2354 :
1285 2336 1297 2352 «
1312 2326 1397 2359 Quod
1416 2326 1566 2354 infirmum
1580 2328 1623 2354 est
1633 2326 1702 2360 Dei,
1714 2326 1818 2354 fortius

1175 2374 1179 2379 .
1206 2374 1210 2379 .
1319 2374 1328 2382 .‚
1858 2357 1915 2378 llora

1050 2377 1091 2402 est
1100 2374 1280 2402 hommlbus.
1292 2382 1305 2398 »
1319 2374 1336 2389 -¹
1356 2382 1369 2397 «
1384 2374 1460 2400 Hora
1473 2380 1541 2400 vcro
1556 2374 1648 2405 sexta,
1665 2372 1761 2406 figura
1775 2375 1819 2400 est
1845 2391 1914 2410 sem,

1053 2431 1069 2445 ¹³
1085 2430 1157 2458 mm„
1172 2435 1198 2452 n.
1213 2431 1238 2452 2.
1251 2441 1282 2446 -
1299 2428 1436 2456 ¹⁴‚.i1‹1tt}1.,
1451 2433 1498 2458 xv,
1517 2429 1555 2452 24.
1574 2440 1601 2445 -
1620 2428 1639 2445 ι5
1652 2427 1726 2457 thid„
1743 2433 1775 2458 x,
1792 2429 1815 2452 ες.

1863 1637 1937 1657 Samu-

1832 1667 1904 1688 rimi.

1052 2477 1077 2481 —
1096 2465 1114 2480 ¹0
1129 2464 1270 2494 Chrysost..
1293 2463 1334 2486 ubi
1352 2470 1408 2493 sup.
1428 2469 1501 2492 prox.
1517 2475 1546 2479 —
1562 2463 1579 2478 ¹⁷
1597 2464 1672 2491 Aug,
1691 2461 1732 2486 ubi
1748 2470 1815 2493 sup,

1050 2499 1351 2528 11.c.-1⁴lhid.,11.7.
1368 2499 1426 2515 -¹‘'
1443 2497 1515 2527 thiu„
1533 2504 1560 2520 n.
1573 2498 1596 2521 8.
1617 2509 1642 2514 —-
1656 2498 1698 2520 ²01
1715 2498 1814 2526 Co1·.,1,

1050 2536 1088 2557 25.
1105 2547 1134 2551 —
1151 2535 1167 2550 ²¹
1187 2535 1261 2563 Aug„
1280 2533 1321 2557 ubi
1339 2540 1404 2562 sup.,
1419 2538 1444 2556 n.
1461 2534 1482 2555 9.

1082 2574 1113 2603 (a)
1136 2574 1205 2604 Γαίῃ,
1224 2575 1310 2598 Serva.
1327 2585 1356 2590 -
1378 2571 1406 2602 (b)
1427 2572 1486 2596 Goet.
1501 2570 1561 2595 edit.
1577 2570 1644 2595 data.
1659 2584 1685 2588 -
1705 2572 1734 2602 (c)
1753 2573 1814 2596 Item

1051 2610 1150 2634 Samor.
1322 2627 1324 2629 .
1802 2609 1810 2626 .’
