1987 3032
214 167 271 195 522

212 233 278 258 sunt
293 231 323 258 in
343 233 498 267 mysterio,
518 244 530 256 υ
548 233 587 260 ait
600 233 788 267 Augustinus.
805 233 884 261 Unde
904 236 932 261 et
950 234 980 261 in

213 277 305 311 figura
313 277 418 305 dicitnr
433 279 440 294 ¹
454 288 460 305 :
473 279 596 306 «Venire
607 287 707 313 regem
719 287 784 306 cum
799 279 901 314 viginti
918 280 980 307 mil-

212 323 290 351 libus
306 345 314 358 ,
340 327 441 352 contra
468 325 625 352 habentem
648 325 748 352 decem
773 325 866 352 millia
887 335 892 353 :
914 336 926 351 »
951 327 979 353 in

212 370 307 405 figura
329 371 365 399 de
395 372 624 406 transgressione
649 372 857 400 mandatorum
883 374 930 401 liei
953 375 981 400 et

211 417 355 452 proximi,
371 418 466 445 veniet
479 418 618 445 Dominus
631 420 730 445 contra
751 418 926 453 gloriantem
942 419 978 446 de

211 463 418 490 mandatorum
433 464 653 499 adimpletione.

246 512 270 536 9.
288 510 318 536 Et
331 509 462 544 sequitur
477 509 528 536 illa
542 517 626 545 pars,
643 511 672 536 in
693 518 752 545 qua
766 510 830 545 ipsa
845 511 979 538 manifes-

210 555 278 582 tatio
297 557 411 582 ostensa
429 563 480 590 per
499 556 593 590 ipsam
617 556 845 589 comestionem,
862 556 902 583 ibi
919 567 926 584 :
948 559 979 584 Ut

209 609 269 634 erqo
289 601 493 635 descenderunt,
510 603 563 629 etc.
587 604 617 629 Et
635 602 675 629 ibi
694 604 821 638 quatuor
839 612 845 630 τ
861 604 957 638 primo
970 625 978 639 ,

210 647 343 674 ciborum
358 650 590 682 praeparatorum
610 648 758 683 inventi03
774 650 904 676 secundo
916 671 924 683 ,
942 650 977 676 dc

210 692 367 720 offerendis
381 693 511 728 piscihus
526 694 586 720 Filii
605 694 652 721 Dei
667 695 822 730 praeceptio
833 715 841 729 ,
857 697 884 722 ct
899 696 976 730 ejus—

210 739 277 766 dem
293 739 466 774 adimpletio
477 761 484 773 ,
498 739 539 770 ibi
554 740 564 755 ²
582 749 587 767 ε
611 742 683 767 Dicit
706 742 742 767 cis
763 742 837 768 Jesus
859 742 896 776 (a)
912 743 978 775 etc.;

209 785 305 819 tertio,
322 785 360 812 ad
384 785 591 820 prandendum
616 786 765 820 invitatio,
788 787 829 814 ibi
843 788 852 803 ³
875 796 881 814 ι
906 789 977 814 Dicit

207 833 244 858 eis
258 832 351 858 Jesus:
368 832 475 865 Venite,
487 832 632 866 prandete,
649 835 718 867 etc.;
733 835 836 868 quarto
851 833 977 868 discipu-

207 877 303 904 lorum
328 878 499 912 stupefactio
516 899 524 911 ,
549 879 576 905 et
600 878 735 905 ciborum
757 879 798 905 eis
824 887 841 906 a
864 879 976 907 Christo

207 923 386 957 distributio,
403 924 443 951 ibi
458 933 464 951 z
480 927 515 952 Et
530 933 603 951 nemo
616 925 746 959 audebat,
764 927 816 953 ete.

242 970 285 996 Ait
297 978 367 1004 ergo
384 979 390 996 :
405 970 602 998 Descenderam
617 973 645 998 in
665 973 763 998 terram
780 981 788 998 .·
804 973 832 998 et
846 972 977 1007 loquitur

205 1015 367 1043 seeundum
383 1018 533 1050 naturam,
549 1017 619 1052 quia
634 1025 714 1044 mare
730 1020 773 1045 est
787 1018 872 1045 altius
891 1021 974 1046 terra.

209 1062 341 1089 Viderunt
366 1071 466 1097 prunas
490 1066 515 1090 et
536 1065 634 1098 piscem
658 1066 682 1090 et
702 1073 809 1098 panem.
835 1065 977 1098 Quaeritur

206 1108 284 1135 unde
299 1110 380 1135 erant
393 1108 467 1135 ista?
483 1111 514 1136 Et
528 1109 566 1136 ad
588 1109 644 1136 hoc
664 1110 823 1145 respondet
838 1110 976 1146 Chrysos-

204 1155 301 1181 tomus
316 1154 342 1188 4,
359 1155 442 1189 quod
461 1165 472 1180 «
489 1163 550 1182 non
572 1157 709 1191 operatur
730 1156 776 1183 hio
798 1164 831 1184 ex
852 1157 975 1184 materia

205 1200 371 1235 supposita,
389 1212 401 1225 »
419 1201 471 1228 sed
491 1201 573 1236 quod
595 1201 801 1229 admirabilius
818 1202 902 1236 signa
918 1203 973 1230 (lu-

205 1245 257 1279 cit,
274 1245 382 1273 scilicet
397 1254 431 1273 ex
454 1255 514 1273 non
538 1247 653 1273 entibus
672 1247 759 1275 rebus
775 1256 781 1274 2
798 1248 973 1283 ostendens,

205 1292 360 1326 quodcum
377 1300 411 1319 ex
422 1293 544 1320 materia
555 1293 684 1327 subjecta
700 1293 836 1326 faciebat,
853 1297 974 1330 propter

204 1338 366 1372 quamdam
389 1338 639 1373 dispensationem
660 1339 805 1374 faciebat,
821 1340 929 1368 scilieet
944 1343 976 1368 ut

204 1384 356 1411 crederent
370 1392 437 1411 eum
453 1393 513 1412 esse
534 1387 683 1412 auctorem
704 1388 920 1420 creaturarum,
937 1387 974 1413 si-

204 1432 252 1457 cut
280 1430 401 1465 quando
427 1431 631 1466 multiplicavit
659 1439 751 1467 panes
778 1440 813 1459 ex
842 1433 974 1468 quinque

203 1476 349 1511 panibuS,
365 1484 455 1512 supra
470 1478 490 1504 ⁵.
507 1479 560 1504 Ista
581 1485 651 1511 ergo
675 1477 793 1505 suerunt
807 1486 824 1505 a
840 1479 910 1506 Filio
927 1480 974 1506 Dei

203 1524 318 1556 creata,
337 1522 383 1549 vel
408 1522 499 1554 facta,
521 1523 685 1550 secundum
706 1524 944 1559 Clirysostomum
965 1546 972 1558 ,

202 1568 253 1603 qui
278 1567 395 1602 collegit
409 1568 502 1603 pisces
516 1568 546 1595 in
568 1570 643 1603 rete,
659 1572 690 1596 ut
712 1569 751 1596 ait
765 1571 941 1604 Augustinus
953 1572 972 1604 ὃ,

202 1621 300 1648 supra.
326 1615 395 1641 ltem
416 1615 573 1649 quaeritur,
596 1623 688 1650 quare
713 1623 774 1642 non
798 1616 904 1643 levavit
927 1617 973 1644 hic

203 1660 305 1687 oculos
320 1659 349 1686 in
367 1660 473 1687 coelum
492 1663 519 1688 et
538 1661 595 1695 egit
609 1661 730 1695 gratias,
747 1662 821 1689 sicut
841 1663 907 1690 fecit
921 1671 973 1689 su-

200 1713 255 1740 pra
274 1706 301 1739 ⁵,
326 1706 447 1741 quando
468 1706 614 1734 distribuit
636 1715 727 1742 panes
742 1709 755 1734 ἱ)
780 1709 811 1735 Et
835 1708 874 1735 ad
897 1708 974 1736 istud

202 1752 361 1787 respondet
372 1752 594 1787 chrysostomus
607 1753 617 1769 '⁹
628 1774 636 1787 ,
653 1754 737 1788 quod
752 1762 819 1780 eum
836 1754 973 1789 ampliori

201 1800 343 1833 potestate
358 1798 411 1826 ista
426 1799 493 1826 iacit
509 1808 515 1826 z
532 1808 598 1834 qnae
614 1802 712 1827 antem
735 1800 777 1827 ibi
798 1800 880 1834 fecit,
905 1809 974 1828 con-

203 1845 402 1872 descensionis
417 1845 511 1880 gratia
526 1846 646 1873 fiebant.
664 1848 695 1873 Et
716 1846 783 1874 ideo
799 1847 973 1882 respiciebat

202 1891 231 1918 in
248 1891 374 1925 coelum,
389 1892 532 1919 instruens
551 1900 605 1919 nos
616 1913 625 1925 ‚
642 1894 673 1919 ut
694 1893 828 1920 habitum
853 1896 894 1920 est
912 1893 952 1920 ibi
965 1915 973 1927 ,

202 1939 228 1964 et
243 1937 349 1972 gratias
366 1938 432 1972 egit.

239 1984 282 2010 10.
301 1985 332 2010 Et
346 1984 476 2018 sequitur
490 1983 541 2010 illa
555 1983 699 2019 particula
716 1994 721 2011 :
740 1986 813 2012 Dicit
829 1987 866 2012 eis
880 1987 973 2012 Jesus:

204 2030 299 2063 afferte
315 2030 346 2056 de
364 2030 491 2064 piscibus.
514 2031 546 2057 Et
560 2030 616 2057 hoc
632 2030 705 2057 dixit
720 2031 760 2057 eis
781 2031 819 2058 ad
834 2032 973 2058 ostensio-

203 2083 271 2102 nem
287 2075 432 2102 miraculi.
449 2075 534 2108 Quod
546 2076 666 2103 audiens
677 2078 791 2111 Petrus,
805 2077 854 2112 qni
867 2077 876 2092 ¹*
890 2080 975 2105 «erat

202 2121 232 2148 in
248 2121 387 2148 omnibus
410 2122 577 2156 ardentior,
595 2122 633 2149 ad
654 2122 855 2150 obediendum
876 2123 973 2150 humi-

203 2166 278 2201 lior,
302 2167 341 2195 ad
362 2168 569 2203 exequendum
591 2168 765 2195 mandatum
787 2169 916 2204 paratior
936 2178 942 2196 ε
959 2180 971 2195 »

206 2215 250 2248 (v.
276 2214 322 2248 11)
344 2215 491 2247 Ascendit,
510 2218 535 2242 et
560 2216 647 2241 tramit
667 2218 722 2242 rete
747 2217 777 2242 in
800 2219 898 2242 terram
920 2217 975 2250 ple-

203 2267 284 2292 num,
310 2261 362 2287 etc.
389 2260 437 2286 Hie
461 2260 559 2294 enim,
585 2262 616 2288 ut
639 2261 679 2288 ait.
704 2261 928 2296 chrysostomus
948 2262 972 2296 1,

205 2314 219 2330 «
241 2305 324 2340 signa
342 2306 417 2334 sacta
439 2308 528 2334 sunt:
548 2307 677 2342 primum
702 2307 822 2342 quidem
835 2328 843 2341 ,
866 2307 975 2335 multos

205 2359 268 2379 esse
293 2353 521 2388 comprehensos
541 2353 658 2388 pisces,
682 2353 804 2387 deinde,
826 2361 887 2380 non
906 2353 974 2380 scis·

204 2406 271 2425 sum
287 2406 348 2426 esse
363 2400 432 2426 rete.
448 2410 461 2425 »
479 2401 516 2426 De
531 2399 671 2435 mysterio
686 2407 757 2427 vero
777 2399 899 2428 istorum
915 2400 975 2435 pis-

237 2484 241 2495 “
266 2483 332 2512 Luc.,
358 2488 410 2510 Χιν,
435 2484 473 2506 31.
493 2496 522 2501 -
547 2484 556 2499 ⁷2
579 2483 633 2513 inf„
658 2486 694 2508 10.
718 2497 748 2501 -
770 2484 856 2514 ³1nf.,
884 2486 920 2508 12.
945 2498 974 2502 —

206 2518 215 2533 ⁸
225 2517 365 2549 Chryso-st„
378 2518 514 2548 ubisup.--
524 2519 533 2535 ⁵
547 2520 617 2548 Sap„
632 2525 665 2549 vi,
678 2521 747 2543 ll.—
758 2520 766 2533 ὅ
775 2521 890 2550 August„
901 2522 973 2544 tract.

205 2559 291 2582 cun,
306 2560 330 2576 n.
348 2555 398 2576 4.-
418 2553 425 2568 ⁷
443 2554 528 2583 Greg„
545 2554 569 2575 ιή
590 2554 693 2583 Εινηηφ,
709 2555 777 2578 hom.
796 2561 865 2584 xxm,
877 2562 902 2578 n.
918 2556 972 2578 4.—

227 2588 299 2618 Aug.,
317 2588 359 2612 11111
373 2595 440 2619 sup.‚
457 2596 481 2612 n.
498 2590 521 2612 8.
534 2601 564 2606 —
576 2589 583 2601 ²¹
595 2590 680 2619 (Πομ,
694 2590 735 2613 11111
755 2596 809 2620 sup.
823 2604 852 2607 —
866 2591 887 2607 ¹⁰
900 2592 973 2621 Aug,

739 166 946 198 EVANGELu
971 168 1109 199 SANC'i'l
1131 169 1294 201 JOANNIS

1034 236 1126 269 cium,
1144 235 1252 264 scilicet
1266 240 1382 266 centnm
1396 239 1609 275 quinquaginta
1623 240 1720 273 trium,
1736 241 1803 268 Gre-

1034 282 1133 316 gorius
1148 283 1158 298 ⁷
1178 282 1320 317 multum,
1337 286 1364 314 et
1387 288 1427 313 est
1451 286 1479 312 in
1502 285 1612 313 Glossa.
1633 287 1663 312 ln
1678 293 1802 314 numero

1034 328 1112 354 enim
1137 328 1258 356 denario
1281 331 1412 365 operatio
1434 332 1640 359 mandatorum
1655 332 1800 366 signatum

1034 373 1063 400 in
1088 381 1213 401 numero
1235 377 1401 410 septenario
1417 378 1537 412 Spiritus
1560 377 1736 412 septiformis
1750 377 1802 406 de-

1033 419 1181 453 signatur;
1198 420 1228 447 in
1251 422 1378 448 ternario
1398 423 1471 449 tides
1491 424 1633 450 Trinitatis
1658 424 1800 458 signatur.

1033 465 1171 493 Ducendo
1187 474 1258 501 ergo
1272 475 1325 502 per
1346 468 1491 502 trigonum
1511 469 1612 496 decem
1627 472 1654 497 et
1669 471 1780 505 septem
1791 491 1801 504 ,

1033 511 1152 538 veniunt
1166 512 1380 547 quinquaginta
1394 522 1486 541 unum
1503 523 1509 541 :
1527 515 1609 550 quod
1629 523 1721 542 unum
1738 523 1799 543 non

1032 558 1126 591 potest
1141 557 1250 592 dividi,
1267 559 1337 594 quia
1355 559 1470 595 requies
1490 559 1519 586 in
1537 560 1644 588 unitate
1660 563 1711 589 est.
1732 563 1800 589 uem

1033 602 1169 630 ducendo
1191 612 1244 639 per
1262 605 1410 640 trigonum
1423 606 1633 641 quinquaginta
1647 609 1674 634 et
1687 615 1778 635 unum
1790 629 1800 642 ,

1032 648 1106 676 finnt
1123 651 1239 677 centum
1255 653 1281 677 et
1293 651 1508 687 quinquaginta
1530 653 1593 680 tria.
1606 653 1685 681 Unde
1699 661 1801 682 nume—

1032 703 1080 722 rus
1095 696 1265 731 praedictus,
1281 700 1307 724 et
1321 698 1383 732 ejus
1399 701 1495 733 partes
1505 720 1513 733 ,
1529 701 1596 726 sunt
1608 699 1723 728 numeri
1738 707 1802 734 gra-

1032 741 1148 775 tiarnm,
1161 750 1227 777 quce
1244 743 1336 777 gratia
1351 744 1431 771 ducit
1446 744 1482 771 ad
1498 745 1641 780 requiem.
1655 745 1706 773 llle
1721 745 1800 773 enim

1032 795 1172 815 numerus
1182 788 1270 816 habet
1281 789 1567 825 quinquagenarium
1578 799 1734 818 numerum
1747 793 1800 826 ter,

1032 836 1060 860 et
1081 834 1200 870 insuper
1215 835 1269 862 tria
1282 835 1346 870 ipsa
1360 838 1480 872 propter
1497 838 1668 872 mysterium
1681 838 1800 866 Trinita-

1032 879 1076 906 tis.
1093 880 1172 907 Unde
1195 883 1221 907 et
1241 880 1288 908 die
1304 881 1552 917 quinquagesimo
1565 890 1582 910 a
1598 883 1733 911 Paschate
1748 884 1800 911 da-

1031 926 1077 952 tus
1098 928 1139 953 est
1158 926 1288 961 Spiritus
1312 929 1344 955 Et
1358 928 1395 955 de
1419 928 1474 955 hoc
1489 929 1665 963 Augustinus
1679 930 1698 956 ⁸.
1714 929 1799 963 Quod

1031 974 1128 998 autem
1144 980 1203 999 non
1219 976 1260 1000 cst
1274 973 1395 1001 scissum
1410 978 1468 1001 rete
1480 997 1487 1008 ,
1503 976 1675 1010 mysterium
1686 995 1695 1008 ,
1709 978 1740 1002 nt
1755 983 1801 1002 su-

1030 1025 1098 1052 pra,
1122 1018 1255 1045 habitum
1278 1021 1335 1053 est,
1352 1020 1422 1055 qnia
1445 1021 1498 1047 ista
1519 1021 1642 1056 piscatio
1665 1021 1801 1056 signabat

1031 1063 1236 1091 collectionem
1253 1065 1411 1093 electorum
1428 1066 1466 1093 ad
1485 1067 1574 1094 vitam
1596 1068 1735 1094 aeternam
1746 1088 1755 1101 ,
1770 1067 1800 1095 in

1031 1117 1091 1144 qna
1112 1110 1193 1137 nulla
1216 1111 1269 1137 erit
1293 1111 1398 1139 divisio
1420 1112 1466 1139 vel
1487 1113 1621 1141 scissura.
1639 1115 1671 1140 Et
1692 1114 1729 1141 de
1743 1114 1800 1141 hoc

1030 1156 1185 1190 Gregorius
1205 1157 1225 1183 ⁹.
1251 1158 1322 1184 ltem
1346 1158 1508 1185 secundum
1533 1159 1671 1186 eumdem
1692 1161 1800 1194 Grego-

1029 1201 1122 1235 rinm,
1133 1202 1161 1228 in
1177 1202 1255 1237 pisce
1273 1210 1339 1230 asso
1355 1203 1529 1238 signabatur
1541 1205 1670 1232 Christus
1685 1213 1800 1241 passus,

1031 1247 1082 1282 qui
1097 1248 1161 1282 capi
1179 1248 1272 1275 voluit
1286 1249 1395 1284 laqueo
1415 1251 1516 1277 mortis
1537 1252 1660 1284 nostrie,
1673 1253 1702 1278 et
1716 1251 1800 1286 quasi

1031 1293 1218 1321 tribulatione
1238 1297 1349 1322 assatus
1371 1298 1413 1323 est
1433 1298 1563 1332 tempore
1578 1296 1732 1332 passionis.
1749 1298 1801 1324 Per

1029 1347 1137 1374 panem
1161 1342 1258 1367 autem
1282 1341 1413 1375 signatur
1436 1342 1573 1370 divinitas
1595 1342 1717 1377 Christi,
1735 1350 1800 1378 quoe

1030 1393 1084 1412 nos
1105 1385 1206 1412 reficit.
1229 1388 1259 1414 Et
1280 1386 1321 1413 ibi
1343 1388 1418 1415 bene
1434 1388 1471 1415 de
1486 1388 1552 1415 hoc.
1571 1388 1650 1416 ldem
1664 1389 1798 1423 Augusti-1

1030 1439 1086 1458 nus
1097 1432 1117 1448 ¹⁰
1134 1441 1160 1458 2«
1171 1432 1256 1459 Piscis
1271 1441 1352 1460 assus
1368 1434 1496 1461 Christus
1509 1436 1551 1461 est
1565 1442 1682 1470 passus,
1698 1434 1800 1470 etipse

1030 1480 1072 1504 est
1087 1478 1172 1513 panis
1187 1479 1236 1513 qui
1255 1479 1290 1506 de
1305 1479 1379 1507 coelo
1395 1480 1555 1508 descendit.
1570 1491 1582 1505 »
1602 1483 1634 1508 Et.
1648 1480 1684 1507 de
1699 1480 1754 1508 hoc
1770 1480 1799 1507 in

1030 1524 1138 1550 Glossa.
1164 1525 1194 1551 Et
1216 1524 1298 1559 quod
1319 1525 1358 1552 ait
1377 1534 1383 1552 :
1407 1527 1502 1553 Truaez't
1523 1528 1618 1553 Petrus
1638 1529 1712 1560 rete,
1732 1527 1798 1560 etc„

1030 1569 1201 1604 mysterium
1217 1572 1274 1604 est,
1292 1571 1373 1605 quod
1397 1579 1449 1605 per
1471 1574 1584 1599 Petrum
1607 1574 1634 1599 et
1655 1572 1717 1606 ejus
1734 1579 1799 1599 suc-

1030 1622 1157 1642 cessores
1178 1615 1357 1650 colliguntur
1379 1617 1476 1650 electi,
1497 1620 1525 1644 et
1545 1617 1583 1644 ad
1598 1618 1688 1645 fidem
1706 1618 1736 1644 in
1750 1619 1800 1645 Ec-

1031 1661 1119 1688 clesia
1132 1661 1290 1695 militante,
1306 1664 1333 1689 et
1346 1662 1384 1689 ad
1400 1663 1613 1690 beatitudinem
1628 1663 1658 1690 in
1673 1663 1800 1691 Ecclesia

1031 1708 1236 1744 triumphante.
1250 1709 1329 1736 Unde
1345 1712 1372 1737 et
1384 1710 1560 1744 Augustinus
1572 1710 1606 1737 ¹¹:
1627 1719 1640 1735 t<
1655 1712 1706 1738 Per
1715 1710 1800 1737 illum

1030 1755 1227 1789 septenarium
1240 1763 1397 1783 numerum
1413 1756 1636 1791 discipulorum,
1649 1764 1701 1791 per
1711 1763 1800 1791 quem

1029 1800 1116 1828 etiam
1131 1803 1226 1836 potest
1241 1801 1412 1829 universitas
1427 1802 1550 1836 intelligi
1566 1802 1706 1837 figurata,
1720 1804 1799 1830 tanto

1029 1849 1213 1874 sacramento
1234 1855 1390 1875 noscamus
1411 1848 1646 1881 communicare,
1662 1850 1689 1876 et
1703 1848 1800 1876 eidem

1030 1893 1203 1921 beatitudini
1218 1894 1332 1922 sociari.
1350 1904 1363 1919 »
1378 1893 1397 1910 ¹²
1411 1905 1423 1920 ιι
1438 1895 1535 1922 Simile
1551 1897 1593 1922 est
1609 1903 1733 1930 regnum
1746 1903 1801 1922 003-

1029 1939 1126 1967 lorum
1143 1948 1259 1974 sagenae
1279 1940 1373 1967 missae
1394 1940 1424 1967 in
1442 1949 1539 1975 mare,
1555 1944 1582 1968 et
1596 1949 1631 1968 ex
1648 1941 1728 1968 omni
1750 1948 1800 1976 ge-

1030 1993 1100 2013 nere
1115 1986 1239 2021 piscium
1255 1987 1455 2021 congreganti.
1470 1997 1483 2011 »

1066 2033 1111 2059 12.
1132 2034 1164 2059 Et
1179 2032 1308 2067 seqnitur
1323 2035 1426 2067 quarta
1442 2032 1601 2067 particula,
1622 2032 1732 2060 scilicet
1745 2032 1801 2060 dis-

1032 2078 1198 2113 cipulorum
1214 2078 1385 2114 stupet'actio
1399 2080 1426 2105 et
1441 2078 1576 2106 ciborum
1599 2078 1639 2106 eis
1660 2078 1778 2106 collatio
1791 2087 1798 2106 ε

1031 2126 1065 2151 Et
1079 2133 1153 2151 nemo
1169 2125 1283 2152 audebat
1305 2125 1527 2152 discumbentium
1549 2126 1712 2158 inte-rroqare
1730 2132 1798 2151 eum.

1030 2172 1062 2197 Et
1077 2172 1119 2198 est
1133 2179 1244 2204 sensus,
1255 2171 1418 2198 seeundum
1428 2170 1623 2205 Augustinnm
1634 2170 1655 2187 ¹³
1671 2179 1677 2197 :
1689 2172 1800 2197 «Tanta

1030 2218 1092 2243 erat
1101 2217 1248 2244 evidentia
1260 2217 1394 2251 veritatis,
1405 2218 1551 2252 quasesus
1562 2216 1619 2243 illis
1626 2216 1798 2252 apparebat,

1031 2264 1062 2289 nt
1078 2261 1176 2290 nullus
1191 2270 1294 2290 eorum
1311 2270 1372 2290 non
1387 2262 1483 2290 solum
1499 2269 1622 2296 negare,
1638 2262 1691 2289 sed
1705 2269 1800 2297 neque

1032 2307 1167 2335 dubitare
1192 2308 1322 2335 auderet.
1341 2308 1428 2341 Quasi
1451 2315 1522 2342 ergo
1542 2308 1652 2335 diceret
1674 2316 1680 2334 :
1700 2307 1800 2335 Nullus

1032 2354 1162 2381 audebat
1186 2354 1336 2388 dubitare,
1361 2353 1504 2389 quoniam
1529 2354 1590 2389 ipse
1609 2355 1719 2381 esset.»
1737 2354 1799 2380 liaec

1032 2399 1090 2427 ille.
1115 2402 1156 2427 Ex
1176 2400 1232 2427 hoe
1255 2401 1346 2435 patet,
1368 2399 1450 2435 quod
1473 2399 1593 2434 quando
1607 2398 1743 2432 volebat,
1759 2398 1799 2426 sic

1032 2447 1211 2482 apparebat,
1230 2448 1262 2474 ut
1282 2446 1481 2474 indubitanter
1502 2453 1570 2473 eum
1591 2447 1797 2480 agnoscerent;

1033 2522 1103 2544 tract.
1121 2525 1212 2549 cxxul,
1227 2527 1252 2543 n.
1269 2521 1290 2543 Ξ.
1302 2532 1332 2536 —-
1348 2520 1365 2535 ¹¹
1380 2519 1442 2542 lbid.
1458 2532 1487 2536 —
1500 2518 1518 2534 ¹²
1531 2517 1702 2548 Mattl1.‚x1:1‚
1720 2519 1757 2542 47.
1771 2532 1800 2536 —

1032 2556 1051 2572 ¹³
1066 2556 1141 2585 Aug„
1153 2555 1195 2578 ubi
1206 2562 1272 2585 snp.,
1284 2561 1309 2578 11.
1324 2556 1376 2577 1.-
1391 2555 1420 2584 ta)
1435 2554 1493 2578 Caet.
1509 2552 1568 2576 edit.
1583 2560 1681 2584 posuer.
1693 2556 1718 2578 et
1730 2553 1797 2583 ejus-

1034 2591 1091 2614 dem
1104 2590 1251 2620 adimpletio
1265 2592 1329 2620 post,
1345 2590 1378 2613 ibi
1394 2597 1399 2613 :
1417 2589 1492 2616 Dici-5.
1508 2589 1555 2611 etc.
