1987 3032
663 217 704 248 IN
726 216 813 248 CAP.
836 216 875 248 VI
897 216 1034 248 SANCTI
1055 217 1229 249 JOANNIS.

155 284 225 311 tabo
239 283 270 311 in
285 284 343 311 Deo
357 285 424 311 Jesu
444 291 522 311 meo.
538 293 553 310 >³
571 285 642 312 Item
665 283 716 311 dat
733 284 824 311 vitam
843 285 923 311 00101·-

155 337 235 357 nam.
258 329 334 357 Infra
355 329 460 357 eodem
475 330 484 346 ²
501 339 507 356 :
528 340 541 355 «
563 330 591 357 Si
611 330 677 365 quis
700 329 922 358 manducaverit

156 382 192 403 ex
205 375 263 402 hoc
275 383 350 411 pane
358 395 367 409 ‚
383 375 460 402 vivet
473 375 504 402 in
516 377 666 403 aeternum.
682 386 695 401 n
714 376 767 409 Qui
782 384 852 411 ergo
868 384 922 403 vo-

154 421 219 448 lunt
231 421 341 449 habere
359 421 465 456 vitam,
481 421 590 449 debent
612 431 728 450 sumere
750 423 786 450 de
801 422 921 458 praefato

154 474 241 502 pane.

262 569 373 596 collatio
394 572 630 606 triqesimatertz'a,
648 579 693 603 v1,
719 572 813 598 51-52.

190 653 246 687 Ερο
266 660 324 679 sum
344 654 426 688 panis
451 655 527 681 vivus
551 656 599 688 qui
625 655 657 681 de
683 655 744 682 caelo
770 655 892 682 descendi
914 665 922 681 .-

155 700 179 725 si
193 701 253 733 quis
274 699 473 726 manducaverit
498 708 530 726 em
550 701 596 727 hoc
609 709 694 735 pane,
707 702 778 727 vivet
794 703 822 727 in
844 704 921 727 oeter-

156 753 228 771 num.
253 744 329 772 Sicut
350 747 428 780 patet
451 745 498 772 hic
517 746 555 773 ab
580 747 740 781 Augustino
752 748 778 779 Ξ,
794 749 820 774 et
835 747 923 774 etiam

155 798 173 817 a
195 791 402 826 Chrysostomo
425 790 454 824 ³,
479 791 566 819 Filius
586 792 634 819 Dei
653 795 740 820 vocat
758 801 788 820 se
813 800 922 827 panem

155 836 318 863 secundum
343 837 494 871 divinam,
520 840 547 865 et
568 839 656 865 etiam
681 839 844 865 secundum
865 838 920 865 hu-

155 890 275 910 manam
317 885 463 910 naturam.
504 883 582 910 Unde
618 884 809 918 intelligendo
843 884 921 911 istud

154 928 282 956 verbum
301 929 337 956 de
360 929 430 956 Filio
455 930 505 957 Dei
533 930 696 957 secundum
720 933 856 957 naturam
878 930 924 957 (11-

155 975 256 1002 vinam
277 995 286 1008 ‚
312 977 440 1010 quatuor
469 976 654 1003 insinuantur
683 985 688 1002 ι
713 984 842 1011 quorum
864 977 923 1011 pri-

155 1028 237 1048 mum
259 1023 301 1048 est
322 1021 384 1048 Filii
406 1022 471 1055 Dei,
491 1023 521 1049 in
541 1025 684 1058 quantum
699 1023 826 1050 Verbum
842 1025 923 1050 aeter-

155 1074 242 1100 num,
255 1067 293 1094 ad
309 1067 471 1095 cibandum
484 1070 511 1095 et
521 1069 743 1096 sustentandum
753 1068 871 1095 humilis
886 1068 922 1103 (a)

156 1113 338 1147 virtuosum,
349 1114 389 1141 ibi
402 1124 410 1140 .·
420 1116 475 1148 Ego
491 1122 549 1141 sum
558 1117 637 1149 panis
650 1116 745 1144 vivus:
760 1114 923 1141 secundum

157 1161 197 1185 est
211 1167 270 1186 suae
279 1159 449 1187 humilitatis
460 1161 493 1195 (b)
506 1160 621 1194 veritas,
634 1160 674 1187 ibi
688 1169 694 1187 z
708 1162 746 1187 De
754 1162 813 1187 coelo
820 1161 924 1187 descen-

157 1204 202 1238 cl2';
219 1205 335 1232 tertium
350 1208 391 1232 est
405 1205 488 1233 modi
501 1207 635 1233 sumendi
651 1206 738 1233 istum
752 1214 860 1242 panem
875 1207 924 1233 de-

157 1249 218 1277 bita
233 1250 374 1285 qualitas,
390 1251 430 1278 ibi
448 1260 454 1278 :
474 1252 504 1278 Si
523 1253 583 1286 quis
602 1253 819 1284 manducaverit;
836 1260 923 1287 quar-

159 1298 220 1323 tum
234 1299 276 1324 est
290 1305 473 1332 consequens
487 1297 594 1324 utilitas
604 1318 611 1330 ‚
627 1298 668 1325 ibi
686 1308 692 1325 :
711 1300 789 1326 Vivet
807 1300 836 1325 in
849 1302 924 1326 oeter-

156 1350 230 1369 num.
247 1344 285 1370 De
296 1343 399 1378 primis
412 1343 542 1378 duobus,
557 1346 588 1371 ut
601 1344 632 1371 in
646 1344 737 1379 priori
751 1344 921 1372 Collatione.

157 1389 195 1415 De
218 1389 302 1416 tertio
327 1397 398 1416 vero
422 1389 606 1423 notandum,
630 1390 713 1426 quod
737 1390 924 1425 spiritualiter

157 1433 262 1461 dicitur
276 1434 448 1462 manducari
460 1435 587 1462 Verbum
604 1435 753 1470 divinum,
769 1437 808 1463 ad
823 1437 924 1463 simili-

157 1481 289 1509 tudinem
299 1482 536 1509 manducationis
551 1483 724 1518 corporalis.
741 1483 830 1510 Habet
846 1484 924 1510 enim

157 1528 256 1555 anima
277 1536 364 1555 51111111
387 1536 428 1555 05.
452 1530 498 1555 Est
518 1528 595 1555 enim
620 1529 731 1564 duplex
751 1537 801 1563 os,
817 1529 925 1557 scilicet

157 1574 270 1607 cordis,
291 1576 318 1601 et
339 1574 491 1609 corporiS,
511 1574 551 1601 ait
568 1576 745 1609 Augustinus
760 1575 779 1602 ¹.
796 1576 806 1591 ⁵
823 1587 835 1599 a
851 1578 924 1611 Ape-

156 1620 272 1647 riebant
286 1628 318 1647 05
333 1628 418 1647 suum
434 1620 520 1655 quasi
535 1620 573 1647 ad
587 1620 713 1648 imbrem
730 1630 736 1647 z
753 1632 766 1647 »
781 1621 863 1656 quod
878 1630 925 1649 ex-

156 1666 240 1701 ponit
254 1666 295 1693 ibi
311 1666 464 1700 Gregorius
479 1666 489 1681 ὅ
504 1665 540 1692 (10
555 1673 606 1693 ore
622 1667 728 1694 cordis.
746 1668 815 1694 ltem
836 1667 926 1695 habet

158 1711 256 1739 anima
281 1711 381 1738 dentes
407 1719 475 1738 suos
490 1712 523 1738 ⁷:
548 1721 561 1735 «
585 1713 679 1744 Quare
702 1712 799 1740 lacero
825 1721 925 1740 carnes

157 1757 293 1785 dentibus
306 1757 402 1784 meis?
416 1767 428 1783 »
447 1756 489 1785 lbi
509 1758 664 1791 Gregorius
676 1759 685 1775 Β
703 1767 708 1784 z
729 1768 741 1784 ι(
762 1760 863 1786 Dentes
883 1759 926 1786 di-

157 1806 262 1831 cuntur
275 1803 381 1830 interni
396 1810 507 1830 sensus.
522 1813 535 1828 »
554 1805 623 1830 Item
638 1803 728 1831 habet
742 1805 841 1832 anima
855 1813 924 1832 ven-

158 1851 230 1876 trem
251 1858 337 1876 suum
359 1850 369 1865 ⁹
392 1859 431 1876 .·«
454 1850 582 1876 Lucerna
606 1850 720 1877 Domini
746 1851 925 1885 spiraculum

157 1895 295 1929 hominis,
309 1903 373 1930 quae
384 1894 537 1929 investigat
549 1896 648 1923 omnia
661 1898 770 1923 secreta
780 1897 898 1931 ventris,
909 1908 922 1923 »

157 1940 187 1967 id
208 1943 265 1974 est,
285 1941 405 1975 mentis,
420 1941 459 1968 ait
473 1941 625 1975 Gregorius
639 1942 661 1958 ¹⁰
676 1942 749 1969 illud
764 1950 922 1978 exponens.

158 1986 206 2013 1110
223 1994 294 2021 ergo
309 1987 468 2014 manducat
487 1995 612 2022 panem,
629 1988 680 2022 qui
700 1991 740 2015 est
756 1989 842 2016 Filius
858 1989 924 2023 Dei,

157 2033 206 2069 qui
229 2033 317 2060 sumit
338 2033 434 2068 ipsum
458 2033 488 2060 in
513 2042 563 2061 ore
585 2034 696 2068 cordis,
711 2035 873 2062 secundum
892 2036 924 2062 il-

156 2079 209 2106 lud
224 2079 242 2095 ¹¹
264 2089 270 2106 z
289 2082 405 2115 «Prope
432 2082 474 2106 est
496 2079 622 2107 verbum
644 2081 673 2106 in
695 2088 745 2107 orc
769 2082 833 2115 tuo,
849 2082 925 2108 etin

157 2125 245 2152 corde
269 2126 329 2153 tuo.
349 2136 362 2151 n
381 2127 413 2152 Et
433 2125 570 2152 dentibus
591 2126 791 2160 discretioniS‚
808 2127 868 2154 sive
883 2127 925 2154 in-

156 2171 229 2198 terni
243 2171 406 2199 intellectus
421 2171 706 2199 considerationibus
718 2193 726 2205 ‚
744 2172 841 2207 ipsum
856 2181 925 2201 con-

156 2217 274 2251 siderat,
286 2218 369 2252 quasi
385 2217 581 2251 masticando,
594 2217 669 2244 etad
684 2218 818 2245 intimum
827 2219 924 2246 cordis

156 2262 333 2297 intromittit,
349 2266 376 2290 et
394 2264 534 2290 retinct.¹²
552 2273 565 2288 «
585 2266 705 2291 Omnem
729 2271 825 2291 escam
844 2272 925 2292 man-

157 2308 277 2336 ducabit
290 2312 391 2336 venter
402 2329 410 2342 ,
427 2311 454 2337 ct
468 2312 510 2337 est
525 2310 608 2337 cibus
623 2309 690 2337 cibo
709 2310 826 2345 melior,
843 2322 854 2334 n
871 2310 924 2338 sci-

156 2354 223 2382 licet
242 2354 294 2382 istc
318 2355 417 2390 panis,
433 2355 484 2391 qui
500 2357 542 2382 est
562 2355 668 2383 melior
683 2356 762 2383 omni
781 2356 858 2384 cibo.
874 2356 924 2384 Vel

119 2436 121 2438 q
157 2400 263 2428 (licitur
284 2401 336 2428 iste
356 2401 440 2436 panis
464 2402 653 2436 manducari,
670 2402 790 2437 quando
806 2402 869 2438 ipsa
883 2411 924 2430 sa-

189 2460 293 2489 ¹Jolm.‚
307 2466 344 2490 vi,
366 2462 404 2484 322.
421 2474 450 2478 —
466 2462 476 2476 ‘2
493 2462 608 2491 August„
628 2463 652 2484 in
667 2462 748 2491 doun..
764 2463 836 2486 tract.
853 2469 922 2494 xxvi,

158 2501 184 2518 n.
202 2498 238 2519 11.
253 2508 284 2513 -
302 2496 312 2511 ³
328 2496 469 2526 chrysost„
491 2497 515 2518 ιἰι
535 2497 616 2525 joam,
637 2497 706 2520 hom.
727 2503 786 2527 ΜΝ,
805 2498 837 2521 nl.
853 2504 923 2529 XLVI,

158 2535 183 2551 n.
198 2530 221 2552 2.
234 2542 264 2547 —-·
278 2530 287 2545 ³·
302 2533 418 2560 August„
436 2531 465 2553 tle
482 2530 582 2560 Trium,
595 2530 637 2553 111).
655 2532 706 2561 RV,
724 2540 745 2555 e.
762 2539 823 2561 ,1,11.
842 2534 877 2556 18.
894 2547 922 2550 -

159 2563 170 2579 ¹⁵
183 2564 236 2594 Job,
254 2570 326 2594 xxix,
345 2568 382 2589 215.
398 2579 426 2582 —
446 2566 454 2577 ·“·
469 2566 585 2595 Gregor„
601 2566 701 2594 Marna,
722 2567 765 2591 lib.
783 2568 835 2597 XX,
851 2576 872 2592 e.
894 2575 921 2599 ιι,

159 2604 185 2621 n.
203 2599 225 2622 5.
245 2612 270 2616 —
292 2601 298 2614 ⁷
316 2600 373 2628 Joh,
392 2606 452 2628 xlii.
472 2602 508 2624 14.
523 2613 553 2618 —
571 2601 581 2616 ⁸
599 2602 686 2631 Grex„
706 2602 804 2631 Moral„
820 2603 861 2627 lib.
881 2604 921 2633 XI,

160 2641 181 2656 ιε.
197 2639 237 2663 μ’,
249 2634 281 2659 al.
294 2641 388 2665 xxxiii,
402 2643 426 2660 11,
445 2639 480 2660 4ὸ.
495 2649 524 2653 -
538 2638 546 2645 ¹·
559 2637 639 2664 Prota,
652 2643 696 2666 xi,
709 2638 747 2660 27.
763 2651 786 2655 —
807 2639 825 2654 ¹⁰
836 2640 922 2669 meg..

1682 223 1740 253 555

976 291 1025 311 cra
1038 284 1198 319 Scriptura,
1214 293 1280 320 quae
1295 288 1336 313 est
1351 287 1387 314 de
1402 287 1477 322 ipso,
1493 287 1686 315 manducatur
1696 288 1715 304 ¹⁸
1732 296 1738 315 :

979 338 992 354 «
1006 330 1059 356 Fili
1073 329 1217 364 hominis,
1229 334 1329 359 venter
1344 334 1410 360 tuus
1425 333 1575 366 comedet,
1590 335 1617 360 et
1630 334 1741 361 viscera

976 378 1025 403 tua
1044 376 1270 411 complebuntur
1289 378 1439 406 volumine
1460 379 1526 406 isto.
1543 389 1555 403 »
1573 379 1615 406 Ibi
1635 380 1741 413 Grego-

975 422 1035 449 rius
1050 422 1068 439 ¹'*
1085 431 1091 448 :
1110 433 1122 445 κ
1138 423 1190 449 Per
1206 426 1336 451 ventrem
1355 433 1438 452 mens
1460 425 1591 460 signatur
1608 433 1614 451 :
1630 425 1741 452 viscera

976 467 1081 494 mentis
1092 470 1159 495 sunt
1173 469 1236 503 ejus
1251 470 1365 498 interna
1379 479 1412 498 ae
1426 473 1505 498 reeta
1518 470 1650 501 intentio,
1662 478 1742 497 sanc-

976 515 1037 540 tum
1061 513 1253 549 desiderium,
1278 516 1397 543 humilis
1418 517 1556 544 voluntas
1575 516 1614 544 ad
1634 518 1740 550 Deum,

974 559 1025 594 pia
1040 560 1078 586 ad
1092 561 1271 595 proximum.
1284 572 1297 587 »
1314 564 1382 596 Quae
1397 563 1510 590 interna
1525 563 1632 590 debent
1646 570 1741 590 come-

976 605 1044 632 dere
1056 606 1181 633 verbum
1198 608 1328 642 Domini,
1345 609 1391 636 vel
1410 609 1551 636 volumen
1571 609 1723 644 Scripturae
1733 628 1741 642 ‚

976 651 1006 678 id
1022 653 1078 685 est,
1096 655 1272 687 pertractare
1291 657 1318 682 et
1337 654 1514 689 intelligere,
1530 656 1617 690 prout
1636 654 1677 681 ibi
1693 663 1742 681 ex-

975 698 1067 732 ponit.
1083 698 1102 714 15
1120 708 1132 723 «
1147 700 1256 726 inventi
1272 703 1338 727 sunt
1356 708 1505 728 sermones
1521 701 1572 734 tui,
1587 703 1614 728 et
1627 700 1743 728 comedi

976 743 1052 770 illos.
1076 754 1088 769 n
1113 745 1167 777 Qui
1192 745 1232 772 510
1255 747 1432 780 manducat,
1455 747 1534 773 vivet
1553 747 1583 773 in
1603 748 1743 773 aeternum

976 791 1036 817 tum
1055 791 1114 818 vita
1135 791 1247 826 graues,
1264 800 1354 827 quam
1375 793 1434 820 vita
1448 792 1563 827 gloriae,
1578 795 1609 820 ut
1632 792 1742 820 dictum

977 838 1019 863 est
1033 836 1063 863 in
1076 837 1167 872 priori
1182 837 1350 865 Collatione.
1364 839 1384 854 ’θ
1412 848 1423 864 κ
1439 839 1562 873 Lignum
1577 839 1654 865 enim
1677 838 1743 866 vitae

977 882 1083 916 estius,
1095 883 1145 918 qui
1157 884 1414 919 apprehenderunt
1425 885 1456 919 (c)
1467 893 1542 918 eam,
1552 894 1565 910 »1
1581 884 1743 912 5011100153.-

976 928 1086 962 pientia
1100 929 1217 964 divina,
1233 938 1298 965 quae
1313 933 1354 957 est
1370 930 1472 963 Filius,
1485 932 1513 958 et
1526 939 1591 966 quae
1604 932 1645 957 est
1658 931 1743 966 panis

976 974 1132 1008 praedictus
1148 984 1154 1001 :
1169 976 1220 1010 qui
1234 976 1319 1011 panis
1331 979 1429 1004 tamen
1443 984 1504 1003 non
1519 976 1594 1011 sapit
1607 976 1742 1004 habenti-

976 1019 1032 1046 bus
1048 1019 1202 1055 languidas
1216 1022 1325 1056 fauces,
1342 1024 1369 1050 et
1381 1022 1552 1050 morbidum
1563 1022 1738 1057 palatum¹⁷t

980 1075 993 1090 «
1007 1066 1219 1094 Abominabilis
1238 1068 1271 1094 fit
1284 1069 1310 1095 ei
1325 1068 1355 1095 in
1375 1069 1432 1095 vita
1453 1077 1505 1095 sua
1518 1068 1612 1104 panis.
1629 1078 1641 1094 ι)
1659 1069 1744 1101 Quod

977 1112 1096 1147 exponit
1116 1113 1155 1140 ibi
1170 1114 1324 1148 Gregorius
1336 1115 1356 1131 ¹⁸
1375 1115 1410 1141 de
1433 1115 1487 1141 isto
1505 1122 1597 1150 pane,
1619 1115 1718 1142 dicens
1734 1136 1742 1150 ‚

978 1158 1061 1193 quod
1079 1159 1135 1186 «in
1158 1167 1234 1194 pane
1256 1161 1394 1187 Dominus
1410 1160 1552 1195 signatur,
1572 1161 1624 1196 qui
1645 1163 1744 1188 tamen

977 1203 1117 1232 haereticis
1132 1207 1173 1232 est
1187 1205 1329 1241 insipidus
1346 1209 1373 1234 et
1388 1207 1597 1234 abominabilis
1612 1207 1651 1235 ob
1668 1215 1745 1235 mor-

977 1250 1080 1278 bidum
1094 1251 1239 1279 desectum
1256 1260 1369 1280 eorum.
1385 1263 1397 1277 »1

1102 1353 1214 1379 collatio
1235 1354 1469 1388 trigesimaquarta
1481 1374 1490 1387 ,
1508 1361 1555 1387 vi,
1577 1356 1619 1381 55.

1015 1438 1068 1470 Qui
1079 1438 1223 1465 manducat
1233 1447 1317 1466 meam
1331 1447 1434 1466 carnem
1442 1459 1451 1472 ,
1466 1443 1491 1466 et
1506 1440 1575 1467 bibit
1590 1448 1676 1467 meum
1686 1448 1745 1467 san-

979 1485 1085 1517 quinem
1099 1505 1105 1516 ,
1120 1485 1197 1510 habet
1216 1486 1300 1511 vitam
1325 1487 1460 1512 oeternam.
1480 1485 1583 1513 Habito
1603 1486 1633 1512 in
1653 1486 1745 1521 priori

979 1529 1138 1556 Collatione
1161 1538 1197 1556 (10
1222 1530 1289 1557 cibo
1313 1530 1461 1565 salvifico,
1478 1539 1537 1566 quo
1561 1531 1638 1559 cibat
1658 1532 1746 1559 Filius

980 1575 1027 1601 Dei
1054 1575 1160 1602 electos
1185 1583 1269 1610 51105,
1285 1576 1392 1603 scilicet
1415 1577 1526 1612 seipso,
1541 1577 1591 1613 qui
1606 1579 1649 1605 est
1662 1578 1746 1613 panis

980 1621 1044 1648 vitre
1059 1621 1222 1648 secundum
1237 1623 1372 1649 naturam
1385 1622 1534 1657 divinam;
1549 1623 1580 1650 in
1590 1623 1635 1650 1115
1649 1623 1746 1650 verbis

979 1666 1120 1701 figuratur
1135 1667 1217 1694 cibus
1233 1667 1367 1695 vivificus
1383 1669 1433 1703 qui
1448 1671 1490 1696 est
1505 1677 1573 1697 caro
1587 1671 1615 1696 et
1628 1670 1747 1704 sanguis

978 1713 1044 1740 Jesu
1059 1713 1178 1746 Christi,
1194 1714 1222 1740 et
1244 1714 1328 1749 panis
1349 1714 1414 1741 vitae
1434 1715 1596 1742 secundum
1611 1717 1747 1743 naturam

979 1759 1149 1786 humanam.
1167 1760 1199 1785 Et
1213 1760 1376 1787 secundum
1393 1761 1466 1794 1100,
1480 1761 1535 1788 tria
1549 1761 1579 1787 in
1593 1761 1638 1788 his
1650 1762 1746 1789 verbis

980 1805 1164 1839 figurantur:
1181 1813 1310 1840 quorum
1328 1807 1456 1840 primum
1481 1809 1523 1834 est
1546 1807 1604 1834 cibi
1625 1808 1746 1835 salvifici

980 1851 1110 1878 eminens
1134 1851 1275 1885 dignitas,
1301 1852 1342 1878 ibi
1364 1861 1369 1878 z
1395 1853 1504 1879 Carnem
1526 1856 1551 1880 et
1574 1856 1745 1888 sanquinem3

980 1897 1141 1923 secundum
1173 1899 1215 1924 est
1238 1897 1320 1924 modi
1349 1899 1485 1925 sumendi
1513 1899 1745 1934 perfectibilitas,

980 1943 1019 1970 ibi
1037 1951 1043 1970 ε
1060 1943 1206 1969 manducat
1216 1952 1223 1977 ;
1236 1943 1360 1977 tertium,
1377 1944 1439 1978 ejus
1451 1944 1507 1971 cibi
1523 1944 1626 1972 efficax
1636 1945 1746 1974 virtuo-

981 1989 1047 2016 sitas
1058 1988 1086 2015 in
1102 1990 1234 2016 sumente
1250 1989 1349 2017 debito
1365 1991 1467 2023 modo,
1483 1991 1524 2018 ibi
1539 1992 1744 2019 :Habetvitarm

1016 2035 1060 2062 Ait
1075 2042 1145 2069 ergo
1163 2044 1169 2062 ε
1187 2035 1239 2066 Qui
1253 2036 1398 2062 manducat
1411 2044 1515 2064 carnem
1530 2045 1613 2064 meam
1624 2059 1632 2072 ‚
1646 2041 1670 2065 et
1685 2045 1746 2064 san-

979 2082 1095 2114 quinem.
1110 2082 1141 2107 Et
1155 2080 1184 2107 in
1197 2081 1253 2108 hoc
1271 2083 1349 2116 patet
1367 2081 1472 2109 divinae
1487 2082 1625 2110 bonitatis
1646 2083 1747 2110 mirifi-

980 2126 1089 2160 centia,
1107 2126 1188 2161 quod
1213 2126 1349 2161 dignatus
1366 2129 1408 2154 est
1428 2128 1556 2163 seipsum
1572 2129 1641 2156 dare
1662 2129 1692 2156 in
1707 2129 1746 2156 ci-

979 2172 1052 2199 bum
1070 2172 1193 2199 homini.
1212 2174 1242 2199 1⁴:t
1256 2175 1334 2208 patet
1349 2173 1436 2200 etiam
1454 2174 1511 2201 cibi
1527 2175 1747 2209 supereminen-

979 2218 1028 2252 tia,
1042 2220 1069 2245 et
1081 2218 1228 2252 diguitatis
1240 2218 1376 2246 humanm
1387 2219 1468 2254 apud
1481 2228 1547 2247 eum
1561 2220 1742 2255 excellentia,

981 2264 1062 2300 quod
1083 2265 1111 2291 in
1136 2267 1248 2292 tautum
1271 2266 1416 2300 reputavit
1438 2266 1604 2300 hominem,
1621 2268 1652 2294 ut
1673 2267 1747 2302 seip-

980 2319 1045 2338 sum
1064 2312 1146 2339 daret
1164 2313 1189 2339 ei
1211 2313 1241 2339 in
1263 2312 1371 2340 cibum.
1396 2314 1515 2347 Propter
1539 2313 1620 2349 quod
1642 2314 1748 2350 clamat

980 2357 1155 2392 Augustinus
1166 2357 1185 2374 ¹⁹
1202 2367 1208 2385 z
1226 2368 1239 2383 «
1255 2360 1275 2386 Ο
1291 2359 1505 2386 sacramentum
1519 2359 1633 2394 pietatis
1651 2361 1656 2386 !
1673 2368 1690 2388 o
1707 2360 1745 2387 si-

980 2428 1080 2456 Moral.¹
1101 2428 1142 2451 lib.
1157 2429 1222 2458 vill,
1239 2436 1260 2451 c.
1276 2434 1356 2458 xviii,
1371 2429 1402 2452 al.
1419 2434 1478 2458 xxx,
1494 2436 1520 2453 11.
1538 2431 1575 2453 -19,
1590 2442 1619 2447 -—
1636 2431 1652 2446 ¹¹
1669 2431 1746 2460 Romu,

981 2469 1011 2491 x,
1029 2464 1053 2485 S.
1068 2463 1129 2480 -12
1145 2463 1235 2491 Ecclc'..
1255 2469 1347 2492 xxxw,
1364 2465 1402 2487 20.
1417 2476 1448 2480 —
1468 2463 1487 2480 ¹³
1502 2464 1599 2494 Ezech„
1619 2471 1661 2495 111,
1678 2468 1701 2488 3.
1716 2479 1746 2482 -

981 2499 999 2514 ¹⁵
1015 2500 1099 2528 tireg„
1118 2499 1143 2521 iu
1160 2498 1257 2529 Ezeclt„
1272 2498 1316 2521 lib.
1331 2499 1348 2528 i,
1364 2498 1432 2521 hom.
1450 2504 1475 2528 x,
1489 2505 1514 2522 n.
1531 2501 1553 2523 6.
1569 2513 1599 2518 —
1615 2500 1634 2516 ¹¹5
1644 2501 1744 2531 jerem„

981 2539 1022 2562 xv,
1043 2536 1077 2556 111.
1095 2546 1125 2550 -
1139 2534 1158 2549 ¹ss
1175 2534 1256 2561 Ριόυ.,
1277 2535 1417 2563 111,18.—
1437 2534 1456 2549 ¹⁷
1471 2533 1528 2564 Job,
1552 2541 1647 2564 xxfflu,
1662 2538 1700 2559 20.
1716 2548 1745 2552 —

982 2568 1000 2584 ¹¹³
1013 2570 1099 2597 (ii-eg„
1116 2568 1215 2596 Moral„
1231 2569 1273 2592 lib.
1290 2569 1412 2598 nime.
1429 2574 1492 2597 xxii,
1506 2569 1536 2592 al.
1554 2575 1613 2599 xxv,
1628 2576 1653 2593 n.
1671 2571 1745 2594 49.-

981 2617 1006 2620 -
1025 2604 1042 2619 ¹¹*
1056 2605 1130 2631 Ans-n,
1146 2604 1170 2626 in
1186 2606 1269 2634 ern„
1285 2605 1356 2627 tract.
1375 2609 1444 2633 xxw,
1460 2610 1484 2626 u.
1502 2607 1537 2627 tlt.
1551 2617 1581 2621 ——
1595 2606 1625 2633 (rr)
1645 2606 1699 2635 Leq.
1711 2605 1744 2630 51-

980 2638 1087 2662 1111115.-
1096 2638 1127 2667 (h)
1135 2638 1335 2663 111101αυί111ιί5-
1344 2639 1375 2668 (c)
1386 2639 1606 2669 apprehenderint.
