1987 3032
208 217 266 247 sio-t
730 210 936 243 EVANGELll
961 210 1097 242 SANC'N
1119 209 1281 242 JOANNIS

206 285 321 317 gnatur,
332 293 345 306 n
356 283 388 309 ut
398 281 436 309 ait
447 281 600 316 Gregorius
613 289 618 307 :
630 290 643 305 «
651 279 720 315 quia
731 286 783 314 per
798 279 893 314 ipsum
904 278 979 305 facta

206 331 272 356 sunt
286 328 395 355 omnia.
413 338 425 353 »

242 376 284 402 31.
298 374 468 410 Etsequitur
478 374 528 400 illa
540 381 618 408 pars,
628 373 657 399 in
668 380 726 407 qua
738 371 976 399 adversariorum

206 422 336 456 maligna
354 420 530 448 machinatio
544 419 572 446 in
590 419 666 446 sacto
681 419 741 445 sive
759 418 789 445 in
810 418 913 445 effectu
930 419 977 453 (ιι),

204 469 246 496 ibi
269 478 275 496 :
299 469 468 496 Sustulerunl
495 467 618 501 Iapides,
635 467 687 492 etc.
714 466 744 491 Et
765 464 805 491 ibi
821 464 952 500 quinque
970 474 976 492 :

203 515 300 550 primo
312 535 320 547 ,
345 513 536 548 malignitatis
551 520 654 540 eorum
670 511 831 546 praeuiissio
845 520 851 545 ;
869 519 976 538 secun-

204 562 243 588 do
262 583 268 594 ,
291 560 393 587 Christi
414 559 567 594 responsio
579 580 587 592 ,
611 558 651 585 ibi
665 558 673 574 ¹
691 567 696 584 :
715 558 874 592 Respondit,
901 559 974 590 etc.;

204 608 297 639 tortio,
314 615 416 633 eorum
432 606 569 633 simulata
584 604 745 637 excusatio,
760 604 801 631 ibi
814 604 824 620 ²
837 613 843 630 :
861 605 977 638 Respon-

202 655 299 681 derunt
309 675 316 687 ,
333 655 386 680 ete.
400 663 407 687 ;
425 654 529 688 quarto
542 673 549 686 ‚
572 651 769 678 excusationis
784 650 954 685 reprobatio
968 671 974 683 ‚

201 700 242 727 ibi
260 700 268 715 ³
287 709 293 727 ι
310 699 457 734 Respondit
473 701 510 726 eis
524 700 597 725 Jeszts
609 719 615 731 ,
631 700 702 730 ete.;
725 697 828 732 quinto
840 717 848 730 ,
872 704 974 723 eorum

202 746 308 774 dolosa
322 745 469 773 insidiatio
480 767 487 779 ‚
505 745 546 771 ibi
562 744 589 771 b2
605 745 762 776 Quaerebant
777 751 848 777 erqo,
866 744 919 770 etc.

236 793 280 820 Ait
294 800 365 826 ergo
381 801 387 819 :
406 793 577 819 Sustuleruizt
594 792 716 825 Iapides,
737 793 790 817 ete.
815 791 848 816 Ut
862 789 902 816 ait
917 791 973 816 Au·

201 839 334 874 gustinus
346 841 356 857 ¹⁵
373 848 378 865 z
396 840 476 865 «Huc
492 846 584 872 usque
599 837 722 864 tolerare
734 838 901 872 potuerunt.
919 835 974 862 Sed

201 885 322 921 quando
343 885 520 912 audierunt:
538 885 592 918 Effe
614 887 637 910 et
654 885 734 910 Pater
757 891 839 909 unum
863 889 953 908 sumus
965 902 973 915 ‚

200 940 260 959 non
275 931 473 966 pertulerunt,
490 933 516 958 et
530 930 596 957 duri
612 930 650 957 ad
663 929 794 965 lapides,
811 936 893 956 more
909 936 974 960 suo,

201 979 423 1005 cucurrerunt.»
441 978 504 1004 Haeo
520 976 579 1003 ille.
597 978 709 1011 Supra,
725 975 830 1002 simile.

237 1027 279 1052 32.
293 1026 323 1052 Et
333 1024 469 1051 subditur
479 1023 645 1050 seeundum
657 1032 662 1049 :
675 1023 820 1056 Respondit
844 1023 882 1049 eis
895 1044 902 1053 ,
915 1030 974 1048 non

200 1071 314 1106 verbis,
330 1071 383 1098 sed
398 1070 498 1103 saetis,
515 1070 553 1097 ait
567 1070 670 1097 Glossa
686 1078 692 1095 ε
709 1070 799 1095 Multa
815 1070 881 1095 bona
895 1076 975 1103 ope-ra

200 1120 270 1151 feci,
294 1117 403 1144 seilicet
422 1117 451 1143 in
474 1117 624 1144 curatione
647 1115 878 1149 languidorum,
896 1117 923 1141 et
945 1115 974 1140 in

201 1163 443 1199 multiplicatione
458 1171 569 1198 panum
580 1184 588 1196 ,
605 1164 632 1189 ot
646 1162 675 1188 in
688 1161 905 1196 dispensatione
922 1160 975 1187 do-

202 1212 423 1243 cumentorum,
440 1212 467 1236 et
482 1209 522 1235 sic
538 1208 574 1235 de
590 1208 664 1235 aliis.
682 1209 792 1242 Propter
805 1207 876 1242 quod
891 1208 974 1234 vultis

201 1264 240 1283 me
266 1256 414 1291 lapidare?
438 1255 522 1290 quasi
543 1255 642 1281 dieat:
667 1254 773 1288 lnjuste
796 1253 973 1287 retribuitis,

202 1303 271 1338 quia
287 1302 365 1330 mala
380 1310 434 1337 pro
445 1301 550 1334 bonis,
560 1301 642 1336 quod
658 1303 700 1327 est
715 1300 856 1334 iujustum
870 1302 897 1327 et
909 1308 974 1335 pro-

200 1349 356 1376 hihitum.⁶
369 1359 381 1373 «
393 1350 430 1375 Ne
447 1347 527 1374 dicas
544 1357 550 1374 :
568 1347 701 1374 Reddam
717 1346 829 1373 malum
844 1354 898 1382 pro
914 1354 974 1373 ina-

201 1395 241 1423 lo.
261 1406 273 1421 »
291 1394 378 1422 Multo
394 1394 490 1428 magis
508 1402 568 1421 non
591 1396 632 1420 ost
653 1393 841 1420 reddendum
861 1392 974 1420 malum

200 1451 255 1478 pro
279 1442 386 1469 bonis⁷
403 1451 410 1468 :
430 1452 443 1465 «
460 1441 513 1474 Qui
536 1440 634 1467 reddit
653 1440 765 1467 malum
789 1448 843 1474 pro
865 1439 973 1472 bonis,

201 1498 261 1517 non
277 1489 385 1516 recedit
401 1488 512 1515 malum
528 1487 564 1514 de
580 1487 670 1514 domo
687 1487 758 1520 ejus.
773 1496 785 1511 n

237 1538 280 1563 33.
297 1537 327 1562 Et
342 1534 474 1570 sequitur
492 1533 608 1560 tertium
620 1554 628 1567 ‚
645 1532 753 1559 seilicet
767 1540 871 1559 eorum
885 1540 972 1559 exeu-

201 1582 274 1609 satio
291 1591 296 1608 :
319 1582 520 1616 Responderunt
538 1581 621 1607 :Non
642 1579 792 1613 lapidamus
809 1582 832 1606 te
855 1579 887 1605 de
910 1579 973 1605 bono

202 1637 293 1663 opere,
310 1629 356 1655 secl
372 1628 404 1654 de
427 1627 610 1661 blasphemt'a3
627 1625 735 1652 seilicet
750 1625 819 1660 quia
835 1625 949 1652 dixerat
965 1634 971 1651 :

202 1676 256 1708 Euo
268 1678 291 1701 et
304 1676 384 1701 Pater
399 1682 481 1700 uuum
495 1676 594 1705 sumusj
611 1671 641 1698 id
657 1674 710 1704 est,
729 1671 861 1705 ejusdcm
877 1679 972 1698 essen-

202 1721 247 1748 tizr
264 1723 290 1747 et
305 1720 461 1754 majestatis
477 1721 504 1746 et
517 1718 664 1754 potentiae.
682 1718 733 1745 Sed
748 1727 805 1744 cum
825 1720 862 1745 sis
877 1719 952 1744 homo
964 1739 972 1751 ⁷

201 1769 270 1800 lacis
282 1769 394 1802 teipsum
405 1769 498 1799 Deum,
510 1767 563 1792 ete.
579 1776 590 1791 u
600 1765 806 1799 Blasiliheinare
815 1765 892 1791 euim
902 1764 920 1795 ⁸,
933 1767 974 1791 est

201 1814 274 1841 salsa
289 1814 325 1841 de
342 1816 398 1841 Deo
415 1813 511 1840 dicere
522 1833 531 1846 ,
547 1823 558 1837 n
577 1812 616 1839 ait
631 1811 818 1845 Augustinus.

237 1862 281 1887 134.
299 1862 329 1887 Et
342 1860 474 1895 sequitur
489 1861 627 1894 quartum
644 1868 650 1884 ;
665 1858 810 1892 Respondit
827 1860 864 1884 eis
878 1859 953 1884 Jesus
963 1866 972 1884 .·

202 1908 294 1934 Nonne
309 1910 435 1941 scriptum
459 1913 493 1932 es!
510 1908 538 1931 z'n
555 1907 609 1937 tegle
623 1907 725 1936 vestra,
743 1906 807 1938 quia
822 1912 867 1937 eqo
887 1904 948 1930 dard
964 1913 971 1930 :

202 1955 249 1980 Di'i‘
269 1955 351 1980 estis?
373 1952 427 1979 Sed
452 1960 543 1987 quare
561 1953 645 1978 vocat
660 1950 830 1977 psalterium
854 1950 950 1984 legem
963 1971 970 1983 ,

202 2008 270 2027 eum
282 2002 382 2026 contra
390 1999 486 2033 legem
496 1998 644 2024 dividatur
653 1998 665 2023 ·?
674 1998 683 2013 ‘³
696 2008 708 2022 α
717 1998 784 2030 Quae
793 1997 899 2032 scripta
907 1998 972 2023 suut

202 2047 232 2074 in
247 2047 310 2081 lege
327 2049 352 2073 ct
366 2045 516 2081 prophetis
530 2045 563 2081 (b)
579 2048 606 2071 et
620 2044 750 2079 psalmis.
764 2054 777 2068 n
797 2045 827 2070 Et
841 2043 880 2070 ad
894 2043 971 2070 istud

201 2092 458 2128 respondendum,
483 2091 564 2126 quod
586 2090 666 2125 large
688 2090 832 2117 sumendo
858 2089 971 2123 legem,

201 2139 325 2166 sumitur
348 2147 401 2174 pro
430 2140 489 2165 toto
515 2137 604 2164 veteri
627 2138 829 2169 TestamentO,
854 2139 884 2162 ut
907 2136 969 2170 hie;

201 2185 362 2221 aliquando
378 2185 475 2211 minus
495 2184 590 2218 large,
608 2184 696 2218 prout
715 2182 856 2209 dividitur
870 2184 972 2209 eontra

200 2232 397 2268 prophetias¹0
407 2242 412 2259 :
424 2243 436 2257 (ι
446 2233 474 2259 ln
484 2232 528 2258 his
544 2231 679 2257 universa
690 2230 736 2257 lex
746 2230 855 2265 pendet
869 2232 896 2256 et
906 2238 971 2264 pro-

200 2279 309 2314 phe—1223
323 2290 335 2304 »
354 2278 515 2314 aliquando
531 2277 654 2304 sumitur
669 2276 764 2310 magis
780 2275 916 2311 proprie,
932 2275 968 2302 si⁴

201 2328 258 2358 cut,
275 2327 306 2351 ut
322 2325 431 2352 dietum
448 2326 498 2351 est.
648 2331 652 2334 ⁴

235 2373 279 2398 35.
297 2373 326 2398 Sc
342 2380 401 2405 erqo
418 2372 477 2398 illos
492 2371 564 2397 ‹li-xit
582 2371 659 2404 cleos,
670 2368 835 2404 ete.;quasi
849 2368 969 2402 diceret,

232 2443 237 2456 ¹
255 2441 312 2471 inf„
329 2442 366 2464 32.
382 2455 412 2458 —
428 2442 437 2457 ‘-‘
453 2442 508 2471 tull,
524 2443 562 2464 33.
581 2454 611 2458 —
625 2441 635 2457 ³
651 2440 706 2469 .nf.,
725 2441 763 2463 34.
779 2453 810 2457 —
827 2439 910 2468 ⁴1nf.‚
929 2440 966 2463 39.

199 2490 229 2495 -—
251 2478 258 2491 ‘³
283 2478 357 2507 Aug,
382 2476 424 2499 ubi
447 2484 514 2506 supi,
536 2484 562 2500 11.
586 2478 607 2500 8.
624 2490 652 2494 —
673 2477 681 2489 ⁴³
704 2476 785 2504 Proin,
810 2480 858 2503 xx,
881 2476 918 2497 22.
939 2487 968 2492 —

198 2514 208 2530 ⁷
221 2513 294 2541 thid„
308 2518 372 2541 xvii,
392 2515 426 2535 115.
439 2525 469 2529 —
486 2515 493 2525 ¹¹
505 2515 579 2542 Aug„
595 2514 657 2535 cont.
673 2511 784 2534 Meudnc.
798 2510 832 2533 ml
843 2512 968 2539 Cousenl.y

199 2556 221 2572 c.
238 2554 296 2577 ΧΗ,
313 2555 338 2571 n.
354 2549 392 2570 κε).
410 2561 434 2564 -
452 2548 462 2563 ⁹
479 2548 544 2577 Luc„
562 2553 631 2577 xxw,
647 2548 685 2570 44.
704 2560 727 2563 —-
745 2547 764 2562 ¹⁰
779 2545 882 2573 Mami„
902 2551 967 2576 xxti,

198 2585 236 2608 40.
252 2597 281 2600 -
300 2584 318 2599 ¹¹
336 2584 390 2613 Aug
404 2601 410 2612 ,
429 2583 469 2605 nbi
485 2590 550 2613 sup„
571 2590 596 2605 u.
613 2584 635 2606 9.
651 2595 682 2599 —
700 2582 716 2596 '²
732 2582 969 2612 Sup.‚in,16.—

201 2620 217 2633 ²³
232 2622 309 2649 Aug,
323 2619 365 2642 ubi
382 2625 436 2648 sup.
455 2632 479 2635 —
498 2619 514 2633 ¹·
532 2618 606 2647 il›id.,
620 2624 646 2641 n.
664 2620 700 2641 it).
716 2631 746 2635 —
763 2618 783 2634 ¹⁵
798 2616 898 2641 Manli„
912 2621 967 2645 xxi,

198 2656 237 2685 23,
252 2656 290 2678 24.
306 2667 336 2672 —
352 2654 371 2670 ¹⁶
385 2656 457 2684 Snp.,
474 2659 530 2684 Vin,
548 2655 571 2677 7.
589 2667 620 2671 —
639 2653 657 2669 ¹⁷
677 2654 752 2683 Aug„
767 2652 838 2682 ibid„
854 2659 880 2675 n.
899 2654 921 2676 9,
938 2665 967 2669 -

1034 278 1073 305 ait
1089 278 1266 312 Augustinus
1282 289 1288 307 ;
1305 280 1331 307 Si
1344 281 1414 316 quia
1428 290 1525 310 sermo
1540 282 1589 310 Dei
1603 282 1696 310 factus
1711 284 1753 311 est
1763 283 1803 312 ad

1033 324 1168 351 homines
1180 346 1187 358 ,
1204 325 1340 354 dicuntur
1354 327 1410 362 dii,
1426 329 1523 363 ipsum
1537 329 1663 357 Verbum
1677 337 1804 365 quomo-

1034 370 1073 398 do
1089 378 1147 398 non
1165 373 1207 398 est
1220 373 1313 399 Deus?
1327 374 1410 408 quasi
1427 374 1535 403 diceret
1549 384 1554 402 :
1572 377 1651 402 Esset
1664 375 1804 403 inconve-

1033 417 1134 451 niens;
1152 419 1184 444 Et
1197 426 1247 445 iton
1262 422 1349 453 polest
1365 421 1432 447 solvi
1442 422 1594 456 Scriptura,
1610 422 1641 449 id
1655 423 1706 455 est,
1719 422 1804 457 argui

1032 464 1181 497 salsitatIS,
1198 464 1243 491 vel
1267 472 1328 492 non
1343 465 1474 502 impleri3
1498 468 1537 503 (v.
1559 469 1603 502 36)
1625 468 1708 501 Quem
1723 469 1804 496 Pater

1031 512 1211 544 sanctificavit
1223 531 1231 544 ‚
1247 511 1276 538 id
1288 513 1344 545 est,
1359 515 1493 540 sanetum
1513 514 1614 549 genuit
1628 515 1666 542 ab
1681 517 1802 543 aeterno.

1032 556 1112 583 [Inde
1126 556 1227 591 objicit
1241 559 1418 592 Augustinus
1431 559 1449 575 ¹¹
1464 569 1472 586 .-
1494 560 1544 587 «Si
1559 568 1626 588 eum
1641 560 1804 589 sanctifica-

1030 602 1090 636 vit,
1104 602 1157 630 suit
1171 603 1334 639 aliquando
1349 612 1409 632 non
1423 608 1550 633 sanctus.
1560 616 1574 631 »
1585 608 1616 634 Et
1627 607 1802 643 respondet:

1034 658 1046 673 «
1063 649 1094 675 Ut
1108 652 1224 676 sanctus
1245 653 1336 684 esset,
1352 651 1502 686 gignendo
1518 651 1601 679 dedit
1614 652 1659 687 ei;
1675 655 1703 680 et
1716 661 1802 681 sanc-

1032 697 1093 722 tum
1108 695 1226 729 genuit,
1241 703 1262 721 »'
1272 696 1381 724 seilicet
1394 698 1476 725 Pater
1488 719 1496 732 ‚
1512 708 1525 723 α
1540 701 1567 726 et
1581 698 1659 726 misit
1673 699 1703 726 in
1718 707 1804 727 mun-

1032 741 1138 768 dum.»
1159 742 1252 776 Supra
1269 743 1289 759 ¹²
1306 751 1311 769 :
1330 753 1342 767 α
1357 743 1401 770 Sic
1419 745 1491 771 Deus
1516 744 1616 772 dilexit
1634 745 1803 780 mundum,

1030 790 1061 814 ut
1075 788 1242 824 mitteret(‹*)
1256 788 1360 816 Filium
1376 798 1472 817 suum.
1482 800 1495 815 n
1513 792 1575 818 Non
1585 793 1627 818 est
1642 799 1714 826 ergo
1726 792 1804 820 blas-

1030 833 1148 868 phemia
1159 855 1167 868 ,
1184 835 1266 870 quod
1282 835 1343 862 dixi
1356 844 1362 862 ι
1378 837 1466 863 Filius
1484 838 1529 863 Dei
1543 845 1612 864 sum.
1625 837 1682 866 Sed
1697 838 1804 873 quaeri-

1030 881 1076 906 tur
1090 880 1126 907 de
1142 881 1232 908 inodo
1259 882 1423 916 arguendi,
1441 890 1501 917 quo
1525 883 1621 917 arguit
1637 883 1778 911 Dominus
1794 893 1801 912 :

1031 925 1147 953 videtur
1155 927 1238 962 quod
1248 935 1308 955 non
1320 930 1414 955 teneat
1426 937 1432 955 ε
1445 929 1515 964 quia
1524 929 1661 957 homines
1675 929 1714 957 ad
1727 937 1802 966 quos

1030 980 1127 999 sermo
1144 973 1191 1000 Dei
1205 974 1294 1008 venit,
1311 974 1447 1002 dicuntur
1462 975 1502 1002 dii
1519 975 1756 1011 participatione,
1770 979 1802 1004 ut

1030 1019 1070 1045 ait
1083 1020 1260 1054 Augustinus
1273 1021 1302 1054 ¹³,
1316 1021 1396 1048 etsie
1410 1030 1463 1056 per
1475 1021 1676 1058 adoptionem.
1694 1024 1726 1050 Et
1739 1022 1802 1058 ipse

1031 1064 1122 1099 dixit,
1140 1066 1222 1101 quod
1244 1066 1306 1102 ipse
1331 1067 1367 1094 sit
1382 1067 1470 1094 Filius
1485 1076 1538 1103 per
1551 1069 1707 1096 essentiam
1722 1078 1729 1097 :
1747 1077 1802 1097 nec

1030 1112 1162 1147 seqnitur
1172 1113 1268 1148 ipsum
1281 1113 1321 1148 (d)
1331 1115 1444 1141 Patrem
1458 1122 1519 1141 esse
1533 1123 1626 1142 unum
1635 1123 1689 1151 per
1703 1123 1800 1143 essen-

1030 1158 1120 1185 tiam:
1137 1160 1212 1193 Ergo
1237 1160 1354 1187 videtur
1376 1160 1460 1196 quod
1481 1161 1633 1196 aequivoce
1656 1161 1799 1198 procedit.

1031 1206 1099 1232 item
1112 1227 1118 1239 ‚
1137 1207 1168 1233 ut
1188 1206 1228 1233 ait
1242 1208 1420 1242 Augustinus
1436 1208 1456 1224 ¹⁸
1473 1218 1478 1234 ;
1498 1210 1556 1236 «1ο
1579 1210 1636 1236 Deo
1657 1216 1708 1242 es,
1730 1209 1802 1244 quia

1032 1252 1104 1278 Deus
1119 1254 1145 1279 te
1161 1253 1289 1280 continet
1300 1263 1307 1288 3
1320 1255 1393 1280 Deus
1409 1253 1437 1280 in
1455 1256 1479 1281 te
1495 1257 1557 1287 est,
1571 1255 1641 1290 quia
1657 1255 1802 1290 templum

1030 1306 1060 1324 es
1076 1307 1082 1325 :
1098 1306 1151 1325 nee
1167 1299 1298 1334 sequitur
1315 1309 1320 1326 :
1339 1300 1392 1332 Qui
1418 1300 1497 1327 videt
1521 1303 1546 1327 te
1558 1321 1566 1334 ,
1584 1300 1665 1328 videt
1686 1302 1777 1328 Deum
1793 1310 1800 1328 :

1030 1352 1101 1379 ergo
1113 1346 1145 1372 ut
1157 1346 1246 1380 prius.
1261 1347 1293 1373 Et
1306 1346 1343 1373 ad
1354 1346 1432 1373 istud
1443 1346 1685 1382 respondendum
1695 1368 1704 1381 ,
1719 1347 1803 1383 quod

1031 1392 1101 1427 quia
1114 1392 1206 1419 Judaei
1232 1394 1315 1420 erant
1336 1392 1461 1428 dyscoli,
1477 1393 1544 1420 ideo
1567 1393 1731 1428 aliquando
1755 1401 1801 1421 re-

1029 1439 1149 1473 spondit
1158 1440 1198 1466 eis
1208 1439 1295 1466 Filius
1308 1439 1355 1466 Dei
1369 1438 1406 1466 ad
1417 1447 1491 1472 rem,
1505 1439 1668 1475 aliquando
1683 1447 1803 1476 respon-

1030 1484 1072 1511 dit
1094 1485 1133 1511 ω]
1155 1485 1316 1512 hominem.
1343 1485 1404 1518 Sic,
1420 1485 1542 1520 quando
1566 1485 1737 1520 quaerebant
1751 1486 1770 1502 ¹⁵
1792 1495 1800 1513 :

1034 1540 1046 1555 u
1060 1532 1090 1557 ln
1107 1538 1166 1565 qua
1180 1533 1320 1566 potestate
1336 1531 1397 1557 haec
1412 1531 1503 1557 tacis?
1514 1541 1526 1556 »
1540 1530 1614 1558 dixit
1625 1531 1666 1558 eis
1683 1531 1727 1566 (e),
1742 1539 1802 1567 qua

1029 1577 1221 1612 respon-ione
1237 1577 1340 1611 ligavit
1355 1585 1407 1604 ora
1422 1584 1543 1610 eorum,
1557 1578 1584 1603 et
1599 1576 1801 1605 obmutescere

1030 1631 1080 1650 eos
1098 1623 1174 1656 feeit,
1197 1626 1227 1650 ut
1249 1632 1338 1658 supra
1355 1624 1383 1655 ¹⁶,
1410 1622 1532 1658 quando
1554 1623 1616 1650 ait:
1635 1633 1647 1648 (ι
1663 1624 1717 1657 Qui
1738 1624 1801 1651 siue

1029 1671 1150 1704 peceato
1172 1672 1232 1702 cst,
1258 1669 1387 1704 lapidem
1408 1669 1547 1704 mittat,»
1566 1671 1620 1696 ete.
1644 1671 1685 1697 lta
1700 1671 1727 1697 et
1741 1670 1800 1698 hio.

1030 1716 1110 1742 Unde
1126 1716 1300 1749 Augustinus
1309 1717 1327 1735 ¹7
1342 1725 1348 1743 t
1363 1726 1377 1741 «
1389 1716 1417 1742 Si
1432 1716 1545 1743 lumina
1558 1716 1732 1751 illuminata,
1749 1716 1802 1744 sei—

1029 1762 1096 1789 licet
1110 1762 1245 1789 homines
1259 1762 1433 1795 illuminati,
1446 1763 1486 1789 dii
1497 1764 1582 1797 sunt,
1598 1762 1691 1790 multo
1706 1762 1801 1797 magis

1029 1808 1130 1835 lumen
1150 1809 1233 1844 qnod
1253 1809 1407 1836 illuminat.
1426 1819 1438 1834 »
1455 1809 1527 1841 Quia
1547 1817 1617 1843 ergo
1639 1809 1800 1836 calumnia-

1030 1854 1147 1888 bantur,
1161 1855 1257 1889 arguit
1269 1856 1350 1890 quod
1365 1855 1388 1881 si
1403 1855 1465 1882 sine
1478 1855 1666 1890 blasphemia
1677 1858 1802 1891 possunt

1030 1901 1086 1928 diei
1102 1901 1236 1928 homines
1256 1901 1430 1934 illuminati,
1447 1901 1539 1928 multo
1554 1901 1649 1936 magis
1670 1901 1801 1936 unigeni-

1030 1950 1090 1980 tus,
1104 1948 1154 1982 qui
1168 1950 1209 1974 est
1223 1948 1301 1974 tilius
1319 1956 1371 1982 per
1386 1949 1531 1975 naturam.
1549 1948 1726 1983 «Proprium
1745 1950 1800 1976 Do-

1028 1994 1101 2020 mini
1121 1996 1163 2021 est
1185 1995 1336 2029 aequalitas
1357 1994 1445 2021 Patris
1461 2003 1468 2021 1
1488 2003 1596 2021 munus
1611 1994 1688 2022 servi
1705 1995 1739 2030 (f)
1758 1997 1800 2022 est

1028 2041 1212 2076 participatio
1227 2041 1394 2074 Salvatoris,
1406 2051 1418 2065 »
1431 2043 1462 2067 ut
1477 2041 1516 2067 ait
1531 2041 1706 2075 Augustinus
1721 2041 1751 2067 ¹⁸.
1767 2043 1799 2069 Et

1028 2091 1106 2122 patet
1114 2087 1161 2114 hic
1172 2088 1330 2122 magnifica
1340 2087 1553 2115 honorabilitas
1559 2088 1703 2122 fidelium,
1714 2088 1797 2123 quod
1830 2093 1916 2114 Fideles

1028 2135 1165 2162 dicuntur
1188 2135 1245 2168 dii,
1271 2135 1379 2162 scilieet
1401 2135 1494 2169 gratia
1517 2135 1563 2162 nei
1578 2135 1753 2169 illuminati,
1769 2137 1797 2162 et
1811 2123 1915 2174 ffiff’mu‘

1027 2181 1124 2216 ipsum
1138 2181 1355 2216 participantes,
1372 2183 1399 2208 et
1415 2181 1485 2208 tales
1500 2180 1566 2208 facti
1582 2181 1650 2215 igne
1665 2181 1794 2214 salutari,

1028 2231 1055 2255 et
1076 2236 1093 2255 a
1117 2229 1173 2255 Deo
1194 2227 1363 2257 inhabitati,
1388 2229 1475 2262 prout
1498 2227 1537 2254 ait
1556 2228 1733 2262 Augustinus
1762 2228 1793 2254 ¹⁹.

1026 2276 1047 2291 ²⁰
1059 2285 1072 2300 (ι
1086 2275 1124 2301 !›ii
1136 2274 1244 2301 similes
1253 2273 1422 2300 hominihus
1433 2273 1650 2301 descenderunt
1659 2274 1698 2301 ad
1709 2281 1794 2301 nos.»

1027 2323 1058 2348 Et
1070 2321 1100 2347 in
1110 2320 1235 2354 Psalmo,
1246 2322 1333 2355 prout
1343 2320 1391 2346 hic
1406 2319 1564 2347 introducit
1571 2320 1591 2336 ²¹
1603 2329 1630 2347 2«
1645 2322 1704 2355 Ego
1716 2319 1794 2347 dixi:

1027 2367 1068 2394 dii
1083 2367 1158 2394 estis.
1173 2377 1185 2392 n
1202 2367 1338 2395 Similiter
1353 2366 1423 2394 tales
1439 2366 1576 2394 dicuntur
1595 2374 1614 2394 a
1627 2366 1738 2394 Christo
1752 2365 1796 2392 in-

1026 2432 1045 2447 ¹⁶
1060 2431 1133 2462 thid„
1149 2438 1174 2454 n.
1193 2433 1229 2455 16.
1245 2444 1274 2448 —
1291 2431 1311 2446 ¹⁰
1325 2430 1398 2459 ibid„
1415 2432 1428 2454 9
1443 2432 1468 2455 et
1484 2432 1522 2461 10,
1541 2430 1623 2462 quoad
1638 2436 1750 2454 sensum.
1764 2442 1795 2447 —

1025 2468 1046 2483 ⁷⁰
1061 2468 1123 2493 Act..
1141 2472 1194 2497 Xiv,
1212 2469 1248 2491 11¹.
1264 2481 1290 2485 —
1308 2467 1324 2483 ²¹
1343 2466 1406 2490 Psal.
1424 2473 1512 2497 Lxxxi,
1528 2468 1551 2491 6,

1059 2510 1162 2539 ((1)Coel.
1172 2509 1234 2533 edit.
1246 2510 1378 2533 affectu.—
1388 2509 1419 2539 (b)
1432 2509 1491 2533 Item
1500 2508 1711 2539 prophetiis—(c)
1720 2508 1793 2538 Vulq.

1025 2546 1137 2569 daret—
1148 2546 1185 2575 td)
1200 2545 1287 2576 suppl.
1301 2547 1366 2569 et.—
1378 2546 1408 2575 (e)
1418 2544 1504 2575 Suppl.
1519 2551 1524 2566 :
1539 2544 1702 2572 interrogabo
1715 2551 1760 2567 vos
1771 2545 1796 2567 et

1025 2588 1072 2610 ego
1089 2588 1167 2604 unum
1182 2587 1336 2610 sermonem,
1355 2587 1429 2611 quem
1449 2579 1470 2603 si
1484 2578 1597 2602 dixeritis
1611 2578 1672 2602 milii
1682 2597 1688 2609 ,
1707 2581 1731 2603 et
1746 2585 1795 2610 ego

1026 2616 1096 2639 vobis
1121 2616 1204 2639 dicam
1227 2615 1252 2639 in
1281 2622 1330 2646 qua
1358 2617 1481 2645 potestate
1509 2614 1563 2638 inec
1588 2614 1652 2638 facio
1662 2631 1669 2643 ‚
1694 2615 1743 2638 etc.
1766 2627 1792 2631 —

1026 2654 1059 2681 (f)
1074 2652 1133 2675 (αἱ.
1149 2652 1208 2675 etl.
1226 2651 1376 2674 soeundum.

1963 1761 1987 2439 l

1960 2902 1987 3032 btv—:¹³4⁴
1963 2879 1972 2886 ¹
1960 2851 1977 2864 A
1964 2758 1985 2828 ff-'u
1966 2671 1978 2727 „-5.
1970 2654 1977 2659 -
