1987 3032
227 228 285 257 210

228 293 259 323 et
286 292 329 322 ibi
360 292 427 322 erat
456 290 591 322 calvaria
621 290 731 329 capitis
751 289 821 328 ejus
847 299 854 318 ε
879 290 909 318 et
936 288 995 318 hoc

228 345 354 376 videtur
376 345 477 375 dicere
501 343 689 374 Ambrosius
704 351 799 381 super
815 341 995 381 Epistolam

228 398 274 428 ad
285 399 454 430 Romanos.
479 397 537 427 Sed
561 397 621 426 hoc
639 405 703 426 non
722 395 796 425 dicit
810 394 996 424 Ambrosius

230 451 357 488 Doct0r3
377 451 429 481 sed
445 449 633 480 Ambrosius
647 450 821 488 Autpertus
833 449 885 486 (al.
902 447 993 484 Nam,

228 504 310 534 sicut
325 504 398 534 dicit
413 503 626 542 Hieronymus
642 503 662 539 ¹,
679 502 780 532 Adam
795 501 937 540 sepultus
951 502 996 530 est

228 557 262 587 in
276 557 402 587 Hebron
421 556 470 595 (b),
487 555 757 595 quemadmodum
769 554 884 584 dicitur
898 554 930 583 in
946 554 996 583 Jo-

226 618 281 640 sue
295 610 317 639 ¹.
339 609 458 639 Dicitur
477 617 554 647 ergo
571 608 658 638 locus
677 607 844 644 Calvariae,
862 606 937 645 quia
953 605 995 635 ibi

226 662 473 692 continebantur
497 661 642 692 calvariae
671 660 909 696 damnatorum,
941 658 996 697 qui

226 714 271 744 ibi
298 714 535 745 decollabantur
558 716 589 744 et
610 713 894 752 suspendebantur.
923 711 996 741 Erat

226 769 333 798 autem
353 768 405 798 hic
427 768 514 798 locus
535 769 625 797 extra
638 767 814 803 civitatem,
831 765 907 805 quia
921 773 996 794 con-

226 820 360 851 suetudo
379 820 448 850 haec
468 820 598 851 inolevit
616 820 654 849 ab
676 819 819 858 antiquo,
842 820 877 848 ut
901 817 996 847 male-

225 873 277 902 fici
293 875 382 902 extra
395 871 759 902 castraoceiderentu1=³:
780 881 794 898 «
812 869 899 900 Educ
917 868 996 899 blas-

225 923 380 962 phemum
395 924 484 953 extra
501 924 614 958 castra,
630 924 661 952 et
675 923 793 961 ponant
814 929 925 951 omnes
939 920 995 958 qui

225 977 407 1014 audierunt,
431 985 547 1006 manus
563 984 636 1006 suas
651 984 746 1014 super
767 976 860 1014 caput
871 975 951 1013 ejus,
966 975 996 1003 et

225 1029 341 1069 lapidet
354 1039 428 1060 eum
438 1030 576 1070 populus
588 1029 769 1059 universus.
782 1040 796 1056 »
815 1028 903 1064 Quod
920 1029 996 1057 tunc

226 1083 320 1113 fiebat
334 1085 461 1122 propter
479 1082 704 1122 spectaculum,
719 1081 772 1111 sed
781 1090 865 1111 nunc
878 1080 912 1110 fit
927 1088 995 1119 pro-

225 1136 295 1173 pter
310 1135 514 1174 mysterium,
539 1137 575 1165 ut
594 1134 829 1173 significaretur
847 1133 931 1172 quod
946 1133 995 1162 his

225 1187 281 1226 qui
302 1190 392 1217 erant
420 1189 509 1217 extra
539 1187 728 1224 Jerusalem,
755 1185 875 1225 profuit
893 1184 995 1224 passio

225 1240 351 1272 Christi.
373 1240 461 1271 Unde
485 1241 600 1271 dicitur
619 1241 628 1256 Β
651 1252 657 1271 2
684 1253 698 1269 a
714 1241 847 1279 Propter
865 1239 951 1279 quod
965 1241 995 1269 et

224 1294 332 1331 Jesus,
347 1297 384 1324 ut
398 1294 594 1333 signiticaret
612 1302 668 1333 per
687 1302 783 1324 suum
802 1293 995 1331 sanguinem

225 1347 398 1387 populum,
424 1349 513 1377 extra
532 1348 655 1386 portam
677 1355 788 1385 passus
810 1347 867 1375 est.
894 1356 908 1372 2>
925 1344 996 1374 Fuit

225 1402 333 1430 autem
348 1401 407 1431 ista
419 1400 542 1430 eductio
558 1400 765 1439 praefigurata
779 1399 813 1428 in
832 1398 995 1428 eductione

225 1453 304 1483 Abel
313 1454 334 1491 θ’,
351 1454 384 1483 in
399 1453 563 1483 eductione
578 1452 663 1482 Isaac
671 1455 693 1488 ⁶3
711 1452 744 1481 in
763 1451 929 1481 eductione
945 1451 994 1481 Jo-

225 1505 304 1545 seph
316 1506 325 1521 ⁷
342 1515 350 1543 3
367 1506 399 1535 in
420 1506 600 1544 egressione
618 1504 716 1535 David
732 1504 742 1520 ⁸
755 1505 794 1534 de
807 1504 993 1534 Jerusalem.

225 1558 260 1589 In
281 1558 342 1588 hoc
365 1559 465 1598 igitur
490 1558 558 1589 loeo
586 1566 754 1597 poenarum
779 1557 993 1594 acerbissima,

223 1620 318 1651 poena
341 1611 455 1649 crucis,
481 1611 654 1641 crucifixus
678 1612 737 1646 est,
762 1610 937 1640 secundum
958 1609 996 1638 il-

223 1665 278 1695 lud
302 1668 312 1684 ⁹
334 1675 341 1695 t
363 1677 377 1694 (t
401 1665 561 1704 Aspicient
581 1665 620 1694 ad
645 1673 714 1701 me⁷
737 1673 833 1703 quem
856 1664 996 1693 confixe-

223 1720 310 1748 runt.
328 1729 342 1746 n
361 1717 399 1747 Et
415 1718 435 1734 ¹⁰
453 1728 460 1747 :
481 1728 495 1745 (t
509 1717 542 1747 Si
557 1717 665 1755 affiget
680 1717 776 1746 bomo
790 1716 905 1754 Deum,
922 1716 996 1755 quia

224 1780 282 1802 vos
295 1770 453 1809 configitis
470 1771 541 1800 me?
554 1781 567 1797 n
585 1769 673 1800 Tunc
685 1769 814 1808 impleta
829 1771 875 1799 est
890 1770 996 1807 figura

225 1823 263 1853 de
273 1825 416 1862 serpente
431 1831 583 1862 suspenso
597 1822 631 1852 in
642 1822 714 1861 palo
728 1823 759 1852 ¹¹.
777 1821 865 1852 Tunc
882 1822 995 1861 imple-

224 1877 295 1906 tum
309 1878 355 1906 est
370 1876 448 1906 illud
461 1877 479 1892 ¹²
495 1886 501 1906 :
514 1887 528 1904 «
546 1875 584 1906 Et
600 1875 659 1905 erit
673 1875 736 1905 vita
752 1877 807 1905 tua
821 1876 910 1914 quasi
923 1884 996 1914 pen-

224 1928 301 1958 dens
317 1931 389 1958 ante
412 1931 453 1959 te.
469 1939 483 1956 n
507 1928 596 1958 Tunc
618 1927 747 1966 impleta
771 1929 817 1957 est
831 1928 997 1967 prophetia

224 1980 323 2011 David
338 1982 359 1999 ¹³
379 1992 386 2011 :
407 1980 595 2011 «Foderunt
614 1989 729 2010 manus
744 1989 840 2018 meas,
858 1982 888 2010 et
902 1981 996 2020 pedes

225 2042 322 2063 meos.
339 2045 353 2061 n
373 2033 461 2063 Tunc
477 2033 605 2072 impleta
615 2035 660 2063 est
674 2033 841 2072 prophetia
852 2033 872 2052 ι’*
887 2045 893 2064 :
907 2045 920 2062 a
930 2033 996 2064 Mit-

224 2087 329 2116 tamus
343 2086 469 2124 lignum
487 2086 520 2115 in
534 2094 649 2125 panem
664 2087 744 2124 eJus.
763 2096 778 2113 ι)
798 2086 835 2116 Et
856 2086 934 2117 illud
950 2087 969 2103 ¹⁵
987 2097 993 2116 :

229 2150 244 2167 a
258 2138 296 2168 Et
315 2140 384 2178 post
403 2138 617 2169 hebdomadas
637 2138 805 2176 sexaginta
819 2138 898 2168 duas
913 2139 994 2169 occi-

225 2193 318 2223 detur
340 2192 493 2223 Christus.
511 2203 526 2220 »
544 2191 582 2222 Et
605 2191 682 2221 illud
707 2191 727 2206 ¹⁶
752 2201 758 2221 :
786 2202 801 2219 «
819 2190 900 2227 Quid
922 2194 996 2222 sunt

256 2255 263 2270 ¹
280 2254 395 2284 Hieron„
415 2255 440 2277 in
461 2253 561 2284 Matth.,
584 2260 609 2277 c.
627 2258 708 2276 xxvn.
731 2267 756 2270 —
781 2254 791 2268 ²
807 2253 867 2280 Jos..
888 2259 940 2282 xiv,
958 2255 994 2277 ¹5.

226 2289 370 2313 Versienlus
384 2289 423 2312 ille
439 2289 474 2313 sic
489 2289 566 2312 habet
580 2296 586 2311 :
607 2289 700 2312 Nomen
715 2287 810 2311 thron
825 2290 881 2311 ante
898 2288 996 2311 voraba-

226 2325 267 2347 tur
288 2324 472 2348 Cariath-Arba
487 2332 495 2348 :
516 2324 595 2348 Adam
613 2324 739 2346 maximus
756 2323 791 2346 ihi
812 2323 876 2346 z‘utez·
892 2324 995 2346 Enacim

224 2359 288 2381 situs
302 2361 348 2382 est.
364 2360 428 2388 Sed,
449 2361 477 2383 ut
491 2361 559 2383 recte
574 2358 672 2382 notavit
687 2357 817 2382 Cornelius
831 2364 846 2381 a
862 2358 954 2388 Lapide
969 2359 996 2382 in

225 2393 292 2417 hunc
313 2393 406 2424 locum,
426 2403 438 2416 (ι
456 2395 534 2417 Adam
548 2393 589 2417 hic
604 2400 656 2417 uon
678 2395 715 2416 est
734 2399 828 2416 nomen
848 2393 994 2423 proprium,

225 2429 270 2451 sed
290 2429 480 2459 appellativum,
500 2428 645 2458 significans
671 2428 819 2457 hominem3
838 2435 885 2451 nec
909 2430 995 2458 proto-

224 2463 342 2493 plastum,
352 2464 396 2487 sed
409 2464 473 2487 Arbe
489 2464 617 2493 gigantem
632 2464 744 2487 denotat.
757 2471 770 2485 »
788 2464 912 2486 Cteterum
925 2470 995 2486 erra-

224 2498 262 2522 vit
275 2500 300 2522 et
314 2498 367 2528 ipse
381 2499 510 2522 Cornelius
520 2506 534 2521 a
548 2499 640 2528 Lapide
651 2498 870 2527 dicendoibidem,
880 2501 995 2522 sanctum

226 2533 409 2564 Hieronymum
432 2540 543 2563 quoque,
562 2533 635 2563 epist.
654 2535 678 2557 Π
702 2533 735 2555 ad
750 2533 909 2562 Marcellam,
925 2541 994 2557 asse-

226 2568 304 2592 ruisse
320 2569 444 2592 Adamum
459 2568 585 2598 sepultum
599 2568 624 2590 in
636 2568 760 2597 Golgotba
781 2577 786 2592 :
802 2569 849 2592 ista
862 2569 929 2592 enim
945 2569 996 2599 epi-

225 2603 291 2627 stola
304 2604 338 2626 ad
351 2603 506 2633 Marcellam,
520 2603 579 2626 licet
593 2603 671 2626 relata
687 2604 752 2627 inter
770 2604 919 2634 Hieronymi
932 2605 994 2634 Epi-

225 2638 311 2668 ποίας,
330 2645 384 2662 non
398 2641 435 2662 est
454 2638 534 2662 sancti
551 2638 677 2668 Doctoris,
693 2639 736 2661 sed
759 2639 841 2662 Paulae
860 2642 885 2662 et
904 2640 991 2663 Eusta-

225 2674 284 2702 chii,
297 2676 324 2697 ut
334 2681 365 2697 cx
379 2674 450 2698 titulo
463 2675 561 2698 constat
574 2680 647 2704 aeque
662 2680 691 2697 ac
702 2676 831 2698 contextu.
844 2687 875 2690 —
888 2674 897 2690 ³
908 2675 996 2702 Levit„

776 220 987 253 EVANGELII
1011 220 1150 253 SANCTI
1169 222 1281 254 LUCAE

1054 289 1157 328 plagae
1171 290 1238 320 istae
1253 290 1285 320 in
1300 290 1403 320 medio
1417 296 1575 320 manuum
1589 290 1739 320 tuarum?
1754 298 1768 318 n
1785 288 1823 321 Et

1054 341 1132 372 illud
1149 342 1169 360 ¹⁷
1187 353 1216 372 z«
1231 342 1319 373 Sicut
1329 343 1398 373 ovis
1407 343 1446 373 ad
1456 342 1645 373 occisionem
1658 342 1819 373 ducetur.»

1054 394 1078 424 T
1081 404 1142 424 unc
1163 395 1291 435 impleta
1313 398 1386 426 sunt
1404 396 1512 426 omnia
1531 395 1680 435 przedicta
1699 395 1738 426 de
1751 404 1822 435 pas-

1054 446 1141 477 sione
1155 447 1280 478 Christi.
1304 448 1390 478 Unde
1407 457 1504 487 supra
1519 449 1540 466 ¹²³
1558 459 1564 478 z
1591 460 1604 476 «
1616 448 1823 478 Consumma-

1054 498 1173 529 buntur
1187 501 1294 530 omnia
1309 508 1382 539 quae
1397 500 1512 539 scripta
1527 503 1599 531 sunt
1614 509 1670 540 per
1686 500 1822 540 prophe-

1055 554 1100 582 tas
1114 553 1152 582 de
1166 553 1245 583 Filio
1259 553 1409 584 hominis.
1421 564 1435 581 »
1451 553 1524 584 llaec
1537 556 1643 584 autem
1654 557 1721 585 erat
1731 564 1825 594 poena

1054 604 1232 643 latronum3
1249 606 1320 636 ideo
1338 605 1423 636 addit
1439 616 1446 636 ι
1465 606 1510 637 Et
1525 606 1671 645 latrones,
1691 616 1793 638 unum
1805 617 1825 638 α

1055 657 1185 695 clema-is,
1201 662 1230 688 el
1245 658 1381 689 alterum
1397 668 1417 689 α
1434 659 1569 689 sinistris
1584 668 1594 689 .·
1609 659 1693 699 quod
1707 660 1825 691 factum

1054 712 1101 740 est
1115 719 1179 741 non
1196 711 1300 741 solum
1313 711 1347 740 in
1358 711 1576 750 opprobrium,
1590 720 1703 742 verum
1717 712 1822 751 etiam,

1055 763 1117 793 Deo
1138 763 1333 802 disponente,
1358 764 1389 793 in
1419 766 1563 794 nostrum
1585 764 1822 796 documentum.

1055 815 1134 847 Nam
1149 826 1205 856 per
1220 817 1299 847 duos
1314 817 1452 847 latrones
1470 817 1693 856 intelliguntur
1707 827 1778 849 caro
1793 820 1824 849 et

1054 869 1207 908 mundus,
1223 870 1279 909 qui
1297 872 1371 900 sunt
1390 870 1596 909 crucifigendi
1610 871 1646 901 ad
1665 871 1725 902 hoc
1739 872 1824 911 quod

1054 922 1183 961 spiritus
1209 924 1316 952 noster
1340 923 1372 952 in
1397 932 1490 953 cruce
1513 923 1637 954 Domini
1660 923 1822 962 offeratur,

1055 975 1135 1005 sicut
1163 975 1263 1006 Jesus.
1290 975 1511 1015 Crucifigenda
1546 978 1593 1006 est
1625 985 1697 1006 caro
1708 1000 1716 1014 ‚
1745 976 1826 1007 sicut

1055 1027 1165 1057 dexter
1189 1028 1281 1066 latro,
1307 1028 1482 1059 secundum
1497 1028 1572 1059 illud
1590 1029 1610 1044 ¹⁹
1627 1037 1635 1058 :
1656 1040 1671 1057 (ι
1686 1028 1747 1066 Qui
1765 1038 1824 1059 au-

1054 1082 1118 1110 tem
1139 1083 1213 1111 sunt
1240 1081 1372 1119 Christi,
1397 1090 1524 1111 carnem
1546 1090 1638 1111 suam
1660 1081 1825 1112 crucifixe-

1053 1135 1140 1169 runt,
1156 1145 1170 1161 »
1196 1136 1268 1171 ete.;
1291 1134 1447 1171 mundus,
1461 1136 1497 1164 ut
1518 1134 1598 1165 latro
1617 1134 1744 1165 sinister
1765 1136 1788 1153 ⁵⁰
1815 1143 1823 1164 ι

1058 1194 1072 1210 «
1087 1182 1165 1213 Mihi
1181 1184 1322 1214 mundus
1342 1185 1512 1215 crucifixus
1527 1187 1587 1223 est,
1604 1189 1634 1215 et
1649 1194 1711 1224 ego
1727 1194 1825 1215 mun-

1053 1235 1110 1270 do;
1125 1246 1139 1263 »
1159 1238 1189 1266 et
1210 1238 1287 1266 tunc
1307 1237 1436 1275 spiritus
1453 1237 1486 1267 in
1508 1237 1611 1268 medio
1625 1237 1826 1276 crucifigitur

1053 1297 1125 1318 cum
1154 1288 1290 1326 Christo,
1322 1292 1357 1320 ut
1384 1290 1465 1320 dicat
1493 1299 1566 1320 cum
1587 1289 1736 1329 Apostolo
1764 1290 1783 1306 ²¹
1815 1298 1823 1319 :

1055 1351 1070 1369 (t
1087 1341 1211 1371 Christo
1231 1342 1376 1372 confixus
1397 1352 1469 1373 sum
1489 1343 1586 1373 cruci.
1603 1342 1682 1373 Vivo
1701 1344 1824 1380 autem,

1049 1394 1119 1433 jam
1139 1403 1203 1424 non
1221 1404 1300 1433 ego3
1318 1395 1398 1425 vivit
1418 1404 1494 1426 vero
1519 1396 1552 1426 in
1573 1404 1624 1426 me
1639 1396 1791 1426 Christus.
1807 1405 1821 1423 n

1054 1446 1108 1477 Est
1117 1450 1224 1477 autem
1237 1457 1318 1478 crux
1335 1449 1450 1486 carnis,
1462 1449 1553 1487 rigor
1566 1448 1758 1488 disciplinae3
1775 1457 1827 1479 cu-

1050 1501 1104 1539 jus
1126 1502 1264 1539 quatuor
1287 1504 1361 1531 sunt
1381 1501 1527 1539 brachia,
1553 1501 1668 1532 scilicet
1691 1501 1823 1540 vigilia,

1055 1552 1254 1591 abstinentia,
1273 1554 1423 1593 asperitas
1442 1554 1594 1592 vestium,
1616 1556 1646 1584 et
1663 1554 1827 1594 disciplina

1053 1606 1235 1636 verberum.
1256 1606 1341 1636 Crux
1356 1611 1474 1643 autem,
1492 1616 1556 1646 qua
1572 1607 1710 1638 mundus
1725 1608 1825 1638 cruci-

1054 1659 1178 1697 figitur,
1194 1661 1239 1689 est
1250 1662 1418 1698 paupertas
1429 1660 1571 1699 spiritus,
1585 1662 1677 1700 cujus
1689 1663 1826 1700 quatuor

1054 1713 1128 1741 sunt
1152 1712 1297 1749 brachia,
1318 1714 1518 1751 contemptus
1532 1713 1655 1752 gloriae,
1669 1714 1822 1753 pecuniae,

1054 1764 1163 1802 patriae
1184 1766 1215 1794 et
1234 1764 1414 1803 parentelae.
1438 1764 1522 1795 Crux
1545 1765 1674 1804 spiritus
1695 1768 1742 1796 est
1763 1768 1823 1797 ser-

1053 1826 1112 1847 vor
1128 1817 1319 1854 devotionis,
1337 1819 1386 1856 cuj
1394 1827 1429 1848 us
1442 1820 1579 1857 quatuor
1593 1820 1667 1849 sunt
1681 1818 1820 1856 brachia,

1053 1869 1170 1899 seilicet
1191 1878 1291 1907 amor,
1318 1879 1401 1909 spes,
1422 1870 1519 1901 timor
1539 1872 1570 1901 et
1589 1870 1678 1902 dolor
1703 1882 1711 1902 ε
1738 1880 1821 1911 speS‚

1053 1930 1198 1958 sursum3
1216 1922 1322 1959 timor,
1334 1922 1497 1960 deorsum;
1514 1932 1632 1954 amora
1645 1924 1775 1961 dextris,
1791 1926 1823 1955 et

1052 1974 1142 2004 dolor
1163 1984 1181 2004 a
1204 1974 1347 2004 sinistris.
1365 1974 1403 2004 Et
1424 1975 1462 2005 de
1484 1975 1535 2005 his
1553 1976 1668 2008 dicitur
1683 1978 1705 1997 ²²
1723 1988 1729 2008 :
1750 1989 1766 2007 σι
1786 1977 1822 2008 In

1052 2028 1204 2059 charitate
1217 2029 1347 2059 radicati
1357 2031 1387 2060 et
1398 2029 1532 2068 fundati,
1549 2033 1585 2062 ut
1599 2032 1726 2071 possitis
1740 2041 1823 2063 com-

1052 2081 1257 2120 prehendere,
1275 2092 1289 2109 »
1310 2084 1368 2112 etc.

1092 2135 1207 2172 Tertio,
1228 2137 1385 2173 quantum
1406 2135 1445 2166 ad
1468 2136 1700 2175 benignitatem
1719 2139 1822 2169 cruci-

1052 2188 1124 2226 fixi,
1141 2188 1310 2226 subjungit
1334 2188 1376 2226 (v.
1404 2191 1450 2227 34)
1470 2199 1477 2218 :
1498 2189 1588 2220 Jeszcs
1611 2194 1719 2222 autem
1737 2191 1822 2223 dice-

1052 2240 1106 2270 bat
1124 2249 1134 2270 .·
1155 2241 1261 2276 Pater,
1283 2239 1405 2271 dimitte
1423 2241 1484 2271 illis
1505 2251 1517 2271 .-
1539 2252 1603 2273 non
1620 2244 1706 2274 em'm
1720 2245 1825 2275 sciunt

1051 2292 1132 2332 quill
1141 2293 1278 2332 faciunt.
1296 2292 1331 2323 In
1347 2302 1410 2332 quo
1425 2294 1575 2334 impletur
1589 2295 1667 2327 illud
1679 2296 1822 2337 ²³:a1pse

1050 2391 1120 2416 xxiv,
1142 2387 1178 2410 14.
1199 2399 1230 2403 —
1252 2387 1261 2403 δ
1281 2386 1364 2416 Heba,
1386 2393 1443 2417 x111,
1463 2389 1499 2411 12.
1522 2402 1548 2405 —
1573 2389 1582 2405 ⁵
1603 2390 1674 2418 Gen„
1695 2395 1728 2418 ιν,
1753 2390 1776 2413 8.
1791 2404 1822 2408 —

1052 2421 1149 2451 811,)ἰι1.,
1167 2427 1234 2449 xxxi,
1248 2424 1271 2444 3.
1286 2434 1315 2439 —-
1331 2423 1338 2435 ⁷
1355 2422 1428 2451 wid..
1443 2425 1630 2450 xxxvii,14.—
1643 2426 1652 2438 ⁸
1666 2425 1686 2448 11
1697 2425 1765 2455 Κεφ,
1778 2431 1820 2454 xv,

1054 2458 1088 2479 lli.
1105 2469 1135 2473 —-
1150 2458 1158 2470 ‘³
1174 2456 1258 2485 Zach..
1271 2463 1316 2486 xii,
1333 2460 1368 2480 tn.
1381 2470 1411 2474 —
1425 2458 1444 2473 ¹⁰
1455 2458 1555 2486 Malae„
1566 2465 1604 2488 ιιι,
1620 2460 1642 2483 8.
1659 2473 1686 2477 -
1704 2461 1718 2474 '¹
1734 2460 1820 2490 Num„

1050 2497 1103 2519 xxi,
1121 2494 1143 2513 9.
1160 2505 1190 2509 -
1204 2493 1223 2508 ¹²
1238 2492 1322 2520 Dent„
1337 2494 1484 2522 xxv111,(36.
1501 2494 1567 2511 —¹³
1580 2494 1647 2518 Psal.
1664 2501 1721 2523 xxi,
1740 2497 1776 2520 Π.
1791 2509 1822 2513 -

1053 2526 1067 2539 ¹¹
1083 2527 1184 2554 Jt’1*6')71.‚
1200 2532 1237 2556 Χι,
1256 2528 1291 2550 ¹0.
1313 2541 1339 2544 —
1356 2528 1375 2543 ¹³
1388 2528 1513 2557 Dan-‚1x,
1530 2530 1568 2552 26.
1583 2542 1614 2546 —-
1629 2530 1646 2543 ¹⁶
1661 2530 1744 2558 Zach..
1762 2537 1820 2561 xm,

1051 2562 1074 2585 fi.
1096 2563 1155 2580 *¹⁷
1172 2562 1230 2591 lsai,
1246 2568 1302 2592 Liri,
1315 2564 1338 2585 7.
1353 2575 1384 2580 -—
1400 2563 1418 2579 ’Β
1431 2564 1502 2593 Sup.‚
1519 2569 1596 2593 xvni,
1613 2566 1651 2588 31.
1669 2579 1700 2583 —
1719 2567 1738 2582 Ν
1754 2567 1821 2596 Gal..

1051 2602 1075 2624 v,
1090 2597 1158 2619 24.—
1173 2598 1191 2610 ²⁰
1203 2597 1274 2626 lbid.,
1286 2603 1320 2625 ri,
1338 2598 1515 2627 14.—²¹1bid.‚
1528 2604 1555 2629 ιι,
1568 2600 1819 2632 19-20.—²¹E1›}1es.,

1052 2636 1090 2660 ιιι,
1108 2633 1183 2655 1ῖ-18.
1200 2644 1229 2649 -
1244 2632 1264 2648 ²⁸
1279 2633 1338 2657 Iso..
1354 2637 1408 2661 L111,
1425 2634 1463 2656 12.

1084 2674 1114 2704 (a)
1130 2674 1190 2698 Coet.
1205 2675 1266 2698 edit.
1279 2675 1455 2704 adopertus.—
1464 2676 1497 2706 (b)
1510 2677 1603 2708 Ebron,
1618 2681 1641 2702 el
1653 2680 1688 2702 sic
1695 2679 1816 2711 deinceps.

1869 832 1943 852 Lutto-

1838 867 1878 883 nes
1892 861 1945 888 quid
