1987 3032
19 1579 84 1597 Frau-

0 1613 56 1627 scus.

667 182 872 214 EXPOSITIO
895 182 935 213 IN
957 182 1042 214 CAP.
1065 182 1142 215 XVI.

111 250 169 280 lico
184 249 294 279 similis
306 251 369 287 est,
387 249 441 288 qui
459 235 579 287 refugit
600 248 743 279 ordinem
766 248 876 278 Cister-

111 302 281 339 ciensium,
305 301 381 341 quia
402 302 559 338 laborant3
582 301 633 331 vel
655 301 797 331 ordinem
821 301 876 331 Mi-

109 365 240 392 norum,
259 355 333 394 quia
346 355 534 384 mendicant.
554 354 590 384 Et
603 354 663 384 hoc
681 356 788 384 tamen
802 354 875 384 tole-

109 407 205 437 rabile
224 409 286 444 est,
307 408 382 446 quia
401 416 441 437 ex
459 407 642 436 infirmitate
663 406 766 443 venit,
790 406 875 445 quod

108 460 210 498 fugiat
224 460 378 496 laborem3
396 462 426 489 et
448 468 486 489 ex
506 459 642 498 pudore,
666 459 751 498 quod
772 459 875 497 fugiat

107 512 379 543 mendicationem.
410 512 503 542 lllum
528 512 611 550 fugit
635 514 670 541 ut
693 511 875 541 intolerabi-

105 565 184 602 lem;
202 565 288 596 hunc
304 567 339 595 ut
357 564 639 604 contemptibilem.
657 563 718 594 Sed
733 564 803 594 licet
818 565 877 594 ista

105 618 168 648 sint
187 617 325 648 difficilia
338 617 461 647 homini
484 617 664 655 imperfecto
677 640 684 653 ,
706 617 806 646 facilia
826 619 872 647 ta-

106 679 179 700 men
199 673 272 700 sunt
289 672 416 709 propter
438 669 595 699 Christum
615 670 751 708 perfecto
772 669 874 699 Chris-

105 723 199 753 tiano.
225 722 304 753 Nam
326 722 467 752 Christus
490 731 548 761 pro
568 721 659 751 nobis
680 722 778 751 factus
792 731 871 761 pau-

104 784 172 814 per,
192 777 222 805 et
245 775 277 804 in
299 775 459 804 laboribus
481 774 608 811 multis,
637 774 811 804 secundum
834 774 872 804 11-

104 827 158 858 1οᾱ
173 826 199 856 ¹:
222 838 236 855 «
250 827 374 866 Pauper
389 836 461 856 sum
476 835 554 864 ego,
571 828 601 856 et
621 827 653 856 in
675 826 835 857 laboribus
854 836 872 857 a

100 881 270 918 ¹juveutute
285 888 366 909 mea.
379 890 392 905 n
412 878 450 908 Et
470 888 525 917 per
542 878 601 908 hoc
619 878 770 909 Dominus
789 880 873 909 veris

104 932 287 962 Christianis
315 932 417 962 reddit
448 932 590 961 laborem
623 931 813 970 optabilem,
843 935 873 962 et

103 984 336 1014 mendicitatem
362 984 581 1014 honorabilem
597 1008 606 1021 ,
633 984 708 1023 quia
736 995 750 1012 «
770 985 872 1023 gloria

103 1044 222 1073 magna
234 1038 280 1065 est
294 1036 384 1075 sequi
399 1035 568 1066 Dominum
578 1059 585 1072 ,
595 1047 609 1064 »
627 1036 707 1066 sicut
721 1036 836 1066 dicitur
848 1038 868 1067 ².

103 1088 171 1127 lpse
186 1090 293 1118 autem
308 1088 460 1118 Dominus
475 1089 512 1119 de
526 1097 559 1118 se
574 1089 649 1118 dicit
660 1089 669 1105 ³
683 1099 689 1119 ;
710 1088 803 1127 «Ego
818 1098 872 1119 au-

102 1142 165 1171 tem
180 1141 344 1171 mendicus
363 1150 434 1171 sum
456 1143 487 1171 et
508 1150 643 1180 pauper,
667 1143 697 1171 et
719 1141 871 1172 Dominus

101 1192 251 1223 sollicitus
265 1195 310 1223 est
327 1193 400 1224 mei.
417 1204 431 1221 »
455 1193 544 1230 Quod
561 1193 689 1232 quidem
709 1203 773 1224 non
790 1195 869 1225 dici-

100 1248 151 1276 tur
162 1248 318 1286 quantum
328 1246 367 1276 ad
378 1246 565 1286 spiritualia,
583 1247 699 1286 quibus
711 1248 867 1285 abundat3

100 1299 154 1329 sed
169 1301 323 1338 quantum
338 1299 377 1329 ad
396 1299 597 1338 temporalia,
622 1299 654 1328 in
678 1300 793 1338 quibus
813 1309 870 1339 pro

100 1351 190 1381 nobis
205 1360 326 1390 egenus
341 1354 370 1381 et
387 1351 550 1382 mendicus
564 1352 665 1382 factus
681 1354 743 1389 est,
762 1361 871 1382 secun-

100 1404 176 1434 dum
190 1403 267 1434 illud
281 1407 290 1422 ⁶
305 1414 311 1433 ε
335 1415 349 1432 (1
363 1404 455 1434 Scitis
471 1404 608 1442 gratiam
629 1403 751 1434 Domini
771 1406 869 1435 nostri

99 1457 172 1487 Jesu
194 1456 321 1495 Christi,
344 1456 495 1495 quoniam
519 1460 646 1495 propter
666 1465 724 1486 vos
746 1465 869 1495 egenus

100 1510 199 1540 factus
211 1511 272 1546 est,
288 1518 361 1539 curn
376 1511 454 1539 esset
469 1509 574 1546 dives,
592 1519 605 1536 »
631 1510 689 1539 etc.
713 1509 752 1539 Et
773 1518 866 1549 prop-

100 1564 183 1592 terea
197 1562 270 1593 dicit
283 1562 392 1592 beatus
410 1561 593 1591 Fran'ciscus
607 1562 640 1591 in
658 1561 780 1599 Regula
792 1572 865 1600 sua,

99 1615 183 1654 quod
203 1615 313 1645 fratres
335 1623 409 1645 suos
431 1624 493 1644 non
515 1616 637 1654 oportet
658 1615 867 1645 verecundari

98 1668 175 1698 dum
190 1668 367 1698 mendicant
378 1691 385 1702 ‚
402 1667 477 1707 quia
493 1667 643 1697 Dominus
657 1676 689 1697 50
704 1676 760 1706 pro
775 1668 866 1698 nobis

97 1720 168 1750 fecit
181 1730 351 1760 pauperem
366 1721 400 1750 in
418 1720 477 1750 hoc
492 1720 621 1750 mundo.
638 1719 866 1751 Verumtamen

97 1774 172 1814 quia
190 1774 310 1812 villico,
333 1776 483 1813 tanquam
502 1773 700 1812 imperfecto,
718 1782 783 1803 non
800 1776 866 1804 erat

96 1827 168 1857 data
188 1827 308 1865 gratia,
333 1836 388 1865 per
411 1835 507 1865 quam
532 1826 666 1864 perfecte
689 1826 866 1856 efficeretur

96 1879 266 1909 conformis
286 1879 424 1916 Christo,
448 1879 516 1909 ideo
540 1880 692 1917 tanquam
718 1878 866 1910 infirmus

96 1932 188 1962 dicit:
207 1932 388 1962 illemlc'care
404 1932 561 1962 erubesco.
578 1931 646 1961 Non
661 1931 705 1961 ait
722 1942 727 1961 :
744 1931 862 1962 Mendi-

95 1994 165 2015 care
179 1986 356 2022 contemno,
373 1985 450 2023 quia
465 1985 525 2014 1100
546 1992 611 2014 non
631 1985 710 2013 esset
728 1984 865 2014 infirmi-

97 2037 167 2067 tatis
186 2036 375 2074 tolerandae,
397 2036 450 2066 sed
474 2036 643 2075 impietat1s
660 2036 861 2068 detestandae.

135 2089 266 2126 Quinto,
287 2091 442 2129 quantum
466 2089 505 2118 ad
523 2088 740 2119 inventionem
762 2089 864 2119 fidehs

94 2141 240 2172 amicitiae
256 2142 497 2182 providendam,
514 2141 619 2171 subdit
633 2144 640 2179 (
653 2150 683 2171 v.
699 2142 735 2173 41
757 2152 763 2170 :
788 2143 863 2173 Scio

93 2194 174 2234 quid
194 2195 336 2233 faciam,
359 2197 394 2224 ut
416 2194 579 2234 acquiram
604 2193 729 2224 fidelem
754 2194 863 2224 amici-

94 2247 182 2277 tiam.
202 2247 287 2277 Unde
307 2247 434 2277 Glossa:
455 2259 469 2275 «
483 2247 611 2277 Villicus
626 2249 687 2284 est,
709 2247 759 2277 cui
781 2247 862 2277 Deus

93 2299 215 2338 aliquas
238 2299 385 2338 pecunias
399 2299 438 2329 ad
452 2299 649 2338 erogandum
671 2300 862 2338 pauperibus

93 2351 271 2382 commisit:
289 2352 344 2391 qui
364 2352 390 2381 si
405 2352 560 2390 cogitaret
576 2352 614 2390 (a)
632 2352 727 2382 talem
742 2352 859 2383 villica-

93 2404 212 2434 tionem
233 2414 305 2434 cum
329 2405 392 2435 vita
412 2405 468 2434 ista
491 2405 677 2442 finiendam,
699 2405 804 2443 magis
823 2406 861 2436 de

92 2457 292 2496 acquirendis
307 2457 432 2495 amicis,
453 2466 550 2496 quam
571 2457 609 2488 de
629 2458 861 2496 congregandis

126 2553 212 2577 1Psal.
229 2560 345 2584 mxxvu,
362 2556 397 2578 16.
413 2567 443 2572 —
458 2555 465 2567 '³
481 2553 569 2581 Eccli„
584 2559 659 2584 1111111,
675 2555 714 2578 38.
727 2567 756 2571 —
770 2554 779 2570 ³
791 2554 860 2578 Pml.

94 2593 183 2618 xxxxx,
200 2590 236 2613 18.
253 2589 416 2619 —⁴11C01·.,
432 2595 487 2618 vm,
504 2590 526 2613 9.
541 2602 570 2606 —
585 2588 594 2605 ⁵
611 2590 618 2612 ι
635 2589 717 2618 loun„
732 2595 765 2619 11,
783 2591 818 2612 11.
830 2603 860 2607 -

95 2623 103 2634 ί
118 2623 199 2652 Alma,
221 2629 248 2652 11,
264 2625 286 2648 5.
302 2637 331 2642 --
344 2626 351 2638 ⁷
366 2625 449 2655 Prov„
465 2630 529 2653 xvii,
546 2624 582 2647 17.
597 2636 627 2641 -
641 2625 650 2637 ¹³
665 2624 752 2653 Eccli„
773 2629 806 2654 VI,
822 2626 859 2654 14,

1661 192 1697 220 27

929 248 1045 279 divitiis
1064 249 1278 288 pertractaret.
1290 260 1305 278 »
1325 251 1378 281 1110
1393 252 1478 281 enim
1496 253 1580 282 recte
1598 256 1699 292 potest

929 301 1031 331 dicere
1048 312 1054 332 :
1072 302 1148 333 Scio
1163 302 1244 341 quid
1262 303 1400 341 faciam,
1422 303 1477 343 qui
1499 304 1632 335 intendit
1651 315 1699 336 ac-

929 354 1054 393 quirere
1069 354 1207 394 proximi
1222 355 1403 393 amicitiam,
1422 356 1497 395 quia
1511 366 1528 387 e
1540 359 1699 389 contrario

928 406 1061 436 dicitur5
1075 418 1080 437 ε
1104 418 1117 435 (1
1133 406 1191 443 Qui
1206 407 1270 437 odit
1285 408 1413 438 fratrem
1428 418 1523 439 suum
1534 433 1541 447 ,
1561 409 1595 440 in
1611 412 1697 441 tene-

928 458 993 487 bris
1008 462 1068 496 est,
1083 461 1113 489 et
1126 459 1303 490 intenebris
1313 461 1468 497 ambulat,
1482 464 1513 492 et
1522 463 1621 492 nescit
1635 472 1698 502 quo

928 512 987 547 eat,
998 511 1074 549 quia
1082 512 1220 542 tenebrae
1231 512 1472 544 obcaecaverunt
1480 514 1588 544 0011105
1598 516 1695 554 ejus.»

928 562 988 593 Sed
1001 565 1128 601 contra,
1146 564 1200 603 qui
1216 564 1335 603 diligit,
1354 565 1420 604 ipse
1436 566 1492 596 seit
1507 567 1584 606 quid
1602 567 1675 597 facit
1689 577 1696 596 :

927 616 1000 646 facit
1014 618 1099 646 enim
1112 618 1285 648 secundum
1299 618 1475 649 doctrinam
1489 619 1613 658 Christi,
1625 620 1700 659 quia

927 669 1043 707 quaerit
1057 670 1235 700 remedium
1246 672 1354 700 contra
1369 671 1556 710 periculum.
1569 671 1700 711 Propter

927 721 1013 759 quod
1029 721 1134 751 subdit
1148 732 1153 751 :
1177 723 1217 752 L't
1230 731 1304 752 cam
1320 727 1445 753 amotus
1459 725 1554 762 fuero
1576 734 1596 754 α
1614 725 1697 755 villi-

927 773 1067 811 catione,
1083 783 1139 813 per
1154 774 1295 804 divinam
1310 776 1510 814 sententiam,
1523 777 1699 808 secundum

926 825 1005 855 illud
1019 826 1029 842 θ
1049 837 1055 856 :
1078 838 1092 855 (1
1109 826 1241 858 Veniam
1255 828 1312 858 tibi
1328 829 1404 865 cito,
1421 832 1452 859 et
1472 831 1607 861 movebo
1622 840 1698 861 can-

926 878 1090 909 delabrum
1105 881 1197 910 tuum
1212 881 1250 911 de
1264 881 1332 912 loco
1348 890 1421 919 suo3
1434 893 1449 910 »
1469 883 1635 923 Recc‘pz‘ant
1648 893 1699 914 me

927 931 960 960 ln
977 930 1086 961 domos
1108 941 1198 970 suas,
1219 942 1276 972 per
1297 934 1494 965 amicabilem
1518 935 1699 966 misericor-

926 983 1022 1014 diam.
1038 983 1117 1014 Nam
1133 984 1202 1014 haec
1216 987 1263 1015 est
1277 985 1328 1016 lex
1343 987 1506 1025 amicitiae,
1523 987 1557 1017 in
1570 989 1700 1019 necessi-

926 1037 988 1065 tate
1001 1045 1065 1066 non
1079 1036 1186 1067 deesse
1199 1038 1311 1068 amico.
1325 1038 1412 1069 Unde
1426 1040 1459 1069 in
1472 1041 1656 1071 Proverbiis
1667 1045 1676 1060 ⁷
1689 1052 1696 1071 z

930 1088 1051 1118 «Omni
1071 1091 1211 1129 tempore
1235 1090 1339 1129 diligit
1361 1092 1416 1131 qui
1439 1093 1560 1123 amicus
1581 1096 1643 1132 est,
1669 1097 1700 1125 et

925 1141 1020 1171 frater
1045 1141 1077 1171 in
1101 1142 1258 1180 angustiis
1281 1144 1505 1183 comprobatur
1530 1156 1536 1176 :
1557 1157 1572 1173 »
1593 1146 1668 1185 quia
1688 1147 1698 1163 ⁸

930 1205 944 1221 «
968 1194 1089 1224 amicus
1111 1195 1228 1233 fidelis,
1252 1197 1403 1235 protectio
1427 1197 1536 1235 fortis;
1561 1198 1617 1237 qui
1640 1207 1697 1228 au-

924 1248 988 1276 tem
999 1246 1120 1277 invenit
1129 1247 1230 1286 illum,
1243 1248 1367 1279 invenit
1376 1249 1575 1281 thesaurum.
1588 1251 1699 1282 Amico

924 1299 1009 1329 fideli
1022 1300 1109 1330 nulla
1124 1303 1171 1330 est
1185 1302 1394 1340 comparatio,
1413 1305 1443 1332 et
1458 1312 1524 1333 non
1539 1306 1585 1334 est
1599 1303 1699 1342 digna

924 1352 1107 1390 ponderatio
1124 1353 1193 1383 auri
1212 1355 1242 1383 et
1256 1354 1381 1392 argenti
1397 1357 1506 1385 contra
1523 1355 1696 1387 bonitatem

924 1404 996 1434 fidei
1011 1404 1108 1434 illius.
1128 1414 1142 1431 ›)

963 1456 1070 1494 Sexto,
1089 1458 1246 1495 quantum
1261 1458 1300 1488 ad
1315 1457 1544 1490 exhibitionem
1559 1460 1697 1492 liberalis

924 1509 1147 1540 misericordiae
1168 1510 1372 1549 imitandam,
1397 1512 1543 1544 subditur
1565 1516 1614 1552 (v.
1633 1516 1667 1554 5)
1687 1527 1694 1546 ε

925 1562 1112 1593 Convocatis
1138 1563 1237 1603 iyitzcr
1263 1564 1397 1603 sinqulis
1425 1565 1615 1597 debitoribus
1640 1567 1698 1598 do-

922 1615 1004 1645 mjm'
1016 1617 1077 1646 sui.
1092 1615 1151 1646 Ubi
1165 1617 1208 1660 ad⁴
1219 1616 1356 1647 litteram
1371 1619 1548 1649 ostenditur
1562 1619 1696 1651 liberali-

923 1670 968 1698 tas
983 1669 1209 1699 munificentiae
1225 1671 1255 1700 et
1270 1670 1496 1702 misericordiae
1516 1673 1550 1702 in
1571 1673 1675 1705 villico
1685 1698 1693 1713 ,

922 1724 989 1752 tum
1003 1723 1078 1761 quia
1090 1723 1229 1762 largitur
1244 1724 1365 1761 multis,
1377 1726 1447 1755 tum
1458 1725 1533 1764 quia
1544 1726 1692 1765 multum,

922 1776 989 1804 tum
1013 1775 1088 1813 quia
1119 1776 1270 1806 moderat.
1302 1776 1423 1813 Multis,
1450 1778 1526 1816 quia
1558 1778 1695 1818 singulis

921 1827 1115 1858 debitoribus
1125 1828 1245 1858 domini
1256 1829 1315 1867 sui,
1330 1830 1506 1860 secundum
1523 1831 1600 1862 illud
1610 1833 1694 1871 quod

921 1879 1072 1910 Dominus
1098 1881 1208 1911 suadet
1225 1884 1235 1900 ⁹
1262 1892 1267 1911 :
1296 1893 1310 1910 «
1332 1882 1424 1913 Omni
1446 1884 1562 1923 petenti
1583 1886 1613 1915 tc
1636 1886 1692 1915 tri-

920 1932 992 1963 bue.
1008 1944 1022 1961 »
1041 1933 1079 1964 Et
1095 1934 1226 1964 15111115*Ο
1241 1943 1248 1965 :
1266 1946 1280 1963 «
1295 1935 1381 1965 Beati
1396 1935 1451 1975 qui
1466 1936 1626 1967 seminatis
1645 1947 1695 1968 su-

920 1994 975 2024 per
989 1994 1100 2016 omnes
1115 1996 1229 2026 aquas,
1245 1987 1452 2019 immittentes
1466 1989 1578 2028 pedem
1602 1991 1692 2022 bovis

920 2039 951 2068 et
965 2038 1083 2069 asini.»
1102 2038 1140 2069 Ε1
1155 2040 1231 2078 quia
1253 2040 1469 2071 misericordia
1483 2041 1622 2082 impendi
1637 2043 1690 2074 de-

920 2090 972 2120 bet
995 2092 1180 2130 egentibus,
1207 2091 1277 2122 ideo
1301 2102 1366 2123 non
1390 2094 1520 2125 cuilibet
1543 2095 1614 2132 dat,
1639 2097 1692 2127 sed

919 2143 1128 2182 debitoribus,
1158 2145 1332 2175 secuudum
1357 2146 1434 2177 illud
1450 2147 1469 2163 ¹¹
1494 2158 1499 2177 :
1530 2158 1544 2176 «
1567 2147 1692 2179 Dimitte

918 2204 970 2226 eos
983 2197 1038 2235 qui
1052 2197 1201 2228 confracti
1217 2200 1291 2229 sunt
1305 2199 1437 2237 liberos,
1454 2201 1485 2230 et
1500 2209 1594 2231 omne
1609 2210 1691 2232 onus

918 2249 1076 2288 dirumpe.
1093 2249 1219 2289 Frange
1235 2252 1386 2282 esurienti
1402 2261 1518 2291 panem
1533 2254 1643 2292 tuum,
1660 2256 1691 2285 et

917 2311 1035 2341 egenos
1058 2312 1223 2344 vagosque
1245 2305 1341 2335 induc
1373 2306 1406 2335 in
1430 2306 1561 2337 domum
1586 2309 1687 2339 tuam.

918 2354 995 2385 Cum
1012 2355 1127 2386 videris
1142 2357 1281 2395 nudum,
1297 2358 1384 2397 operi
1399 2367 1473 2389 eum
1486 2382 1493 2396 ‚
1510 2360 1540 2390 et
1560 2369 1689 2391 carnem

917 2408 1005 2437 tuam
1016 2417 1055 2438 ne
1066 2409 1282 2448 despexeris.»
1293 2409 1439 2449 Multum,
1450 2411 1526 2450 quia
1534 2421 1688 2451 magnam

917 2468 1076 2491 summam
1096 2461 1188 2500 pretii
1203 2462 1342 2493 dimittit.
1361 2463 1492 2503 Propter
1508 2465 1592 2504 quod
1615 2466 1688 2497 sub-

918 2545 956 2567 15.
967 2556 997 2560 -
1013 2545 1020 2556 ¹¹
1039 2545 1111 2573 sup..
1126 2550 1161 2574 Vl,
1177 2545 1214 2568 30.
1228 2557 1257 2563 —-
1273 2546 1294 2563 ¹⁰
1308 2547 1365 2575 Iso„
1381 2551 1464 2577 xxxn,
1480 2549 1518 2571 20.
1533 2561 1563 2565 —
1578 2549 1598 2565 ¹¹
1611 2549 1686 2580 thid„

917 2584 994 2608 Lvin,
1010 2581 1058 2603 6-7.

947 2627 981 2656 (a)
995 2627 1055 2651 Coet.
1069 2627 1128 2652 edit.
1146 2628 1247 2659 cogitet.
