1987 3032
97 2103 181 2123 Immu—

83 2133 178 2153 tabilitas

85 2163 174 2184 Creato-

84 2192 124 2214 ris.

102 2367 148 2387 Cur
158 2372 182 2387 se

202 191 260 223 388

201 259 285 285 ravit.
314 259 365 286 Vel
396 269 409 284 ι(
425 259 546 295 quando
570 259 647 286 misit
668 266 785 286 servum
812 266 915 292 suurn,
941 261 972 286 ut

200 306 310 338 peteret
321 313 444 332 uxorem
460 305 538 339 filio,
559 308 585 332 et
608 304 706 339 posuit
720 312 841 331 manum
856 305 911 332 sub
931 304 971 331 re-

200 357 297 384 more,
316 350 480 385 intelligens
501 351 536 377 de
559 358 645 377 carne
663 350 765 377 Christi
779 350 893 384 futura,
910 360 923 375 »
941 353 972 378 ut

201 395 240 422 ait
253 397 429 430 Augustinus
445 399 464 423 ².
491 396 538 423 Vcl
556 396 634 423 diem
650 396 760 430 crucis,
783 396 843 423 sive
859 397 970 432 passio-

200 441 244 467 nis
261 442 350 475 vidit,
366 445 397 469 ut
413 443 452 469 ait
466 442 690 477 Chrysostomus
704 441 721 467 2.
747 444 778 469 Et
800 451 833 469 ex
849 442 905 469 hoc
921 450 970 477 pa-

201 488 240 514 tet
253 487 327 514 fides
341 490 510 514 sauctorum
524 490 641 523 patrum
656 488 693 514 de
708 488 818 515 Christo
831 490 969 522 venturo,

201 535 343 560 eteorum
365 534 554 561 desiderium.
575 535 637 569 lpse
657 536 718 561 erat
736 533 746 549 ³
767 534 971 561 «desideratus

200 579 309 606 cunctis
333 579 477 613 gentibus.
495 589 507 604 »
533 579 601 607 ldeo
616 581 647 606 '⁴2
677 589 690 604 «
712 580 824 607 Utinam
846 580 972 607 disrum—

199 633 284 660 peres
300 624 336 661 (a)
351 626 440 653 coelos
451 628 478 652 et
492 625 693 652 descenderes.
712 636 723 651 ιι
737 627 746 641 ⁵
762 636 774 650 «
792 628 823 653 Et
837 626 887 661 qui
900 634 971 661 prte-

199 670 342 705 teribant,
368 674 395 698 et
417 671 467 706 qui
489 672 698 707 sequebantur,
718 672 907 699 clamabant:
925 673 971 698 Be-

199 716 332 743 nedictus
353 717 404 752 qui
417 717 511 750 venit,
527 728 539 743 n
557 720 610 745 etc.
631 718 640 734 θ
657 727 670 742 «
686 718 765 745 Multi
779 718 929 753 prophetae
944 720 972 744 et

199 769 283 796 reges
297 763 454 790 voluerunt
469 763 576 798 videre,
593 772 659 799 quae
670 771 722 791 vos
735 764 858 798 videtis,
870 766 898 791 et
910 770 970 790 non

199 807 347 836 viderunt.
359 818 372 834 »

235 856 277 881 513,
290 856 322 881 Et
335 855 466 890 sequitur
480 863 583 882 eorum
599 855 747 890 obviatio,
761 856 802 883 ibi
816 865 822 883 :
837 858 969 883 Dioeerunt

200 908 259 933 erqo
280 901 368 927 Judoet
391 909 448 928 eum
467 910 475 927 .-
509 902 714 935 Quinquayz'nla
743 910 824 928 armos
852 902 969 928 nondum

199 945 277 972 habes
299 946 533 981 (chrysostomus
560 955 632 974 vero
652 947 753 982 ponit⁷
773 947 970 983 quadraginta

198 992 314 1025 annos),
330 995 353 1018 et
367 992 503 1018 Abraham
518 993 635 1019 vidisti?
650 993 734 1028 quasi
750 993 897 1020 dicerent:
913 993 968 1020 im-

197 1037 337 1070 possibile
350 1040 391 1064 est
407 1038 486 1072 quod
504 1039 617 1065 asseris.
635 1039 690 1065 Sed
705 1047 773 1066 cum
787 1039 914 1066 Christus
930 1048 970 1066 es-

198 1084 240 1108 set
254 1083 337 1117 quasi
352 1083 466 1117 trIgInta
482 1084 610 1111 (luorum
630 1093 776 1112 annorum
796 1086 872 1113 circa
895 1086 969 1112 illud

198 1130 324 1164 tempus,
342 1138 432 1165 quare
452 1131 588 1158 dixerunt
607 1141 613 1159 ε
637 1132 842 1166 Quinquaginta
866 1135 970 1160 annos?

197 1174 241 1201 Ad
256 1175 338 1210 quod
352 1178 451 1211 posset
465 1177 532 1210 dici,
549 1179 631 1213 quod
645 1178 684 1205 ob
698 1178 893 1205 maturitatem
905 1187 969 1212 ges-

197 1221 255 1254 tus,
276 1223 303 1248 et
329 1230 458 1256 morum,
483 1226 510 1250 et
533 1231 718 1257 sermonum,
739 1226 767 1251 et
793 1224 969 1259 elegantiam

197 1274 340 1300 personae,
360 1268 542 1296 {estimabant
562 1278 630 1296 cum
651 1278 712 1296 esse
731 1278 847 1303 magnae
869 1270 967 1297 aetatis,

201 1321 214 1336 (ε
227 1314 303 1339 AEtas
316 1314 394 1340 enim
404 1314 413 1330 Β
426 1315 580 1341 senectutis
595 1316 654 1343 vita
669 1316 867 1343 immaculata.
884 1326 897 1341 »

233 1360 277 1385 57.
301 1361 332 1386 Et
350 1360 482 1395 sequitur
501 1361 646 1395 quintum,
663 1361 772 1388 scilicet
786 1362 886 1389 Christi
909 1370 969 1388 res-

196 1404 302 1438 ponsio
326 1414 332 1432 :
357 1407 434 1433 Discit
459 1409 496 1433 εἰς
523 1409 599 1433 Jesus
622 1415 631 1433 :
655 1408 807 1441 Antequam
834 1408 969 1434 Abraham

196 1452 269 1484 fieret
285 1459 329 1484 eqo
343 1459 411 1479 sum.
427 1452 482 1479 Sed
498 1453 646 1488 quaeritur,
662 1461 753 1488 quare
772 1454 812 1480 sic
826 1453 968 1489 loquitur,

198 1497 226 1522 et
238 1503 298 1523 non
313 1497 371 1524 ait:
388 1499 447 1531 Ego
462 1498 503 1524 t'ui
520 1501 678 1533 antequam
699 1499 848 1526 Abraham
872 1502 967 1526 esset?

197 1542 229 1568 Et
244 1542 282 1568 ad
297 1542 353 1569 hoc
368 1543 528 1578 respondet
539 1545 711 1579 Gregorius⁹
728 1555 734 1572 :
755 1547 846 1572 «Ante
861 1546 968 1572 etenim

198 1588 240 1613 est
260 1588 394 1622 praeteriti
415 1589 569 1624 temporiS,
592 1592 654 1617 Sum
673 1599 744 1617 vero
764 1592 925 1626 praesentis,
941 1594 968 1619 et

198 1633 267 1667 quia
290 1633 468 1668 praeteritum
487 1637 514 1662 et
536 1635 665 1662 futurum
690 1638 806 1671 tempus
831 1637 968 1664 divinitas

197 1679 374 1713 nonhabet,
395 1681 446 1708 sed
469 1689 584 1716 semper
604 1690 665 1708 esse
689 1682 788 1715 habet,
813 1682 880 1709 ideo
905 1683 965 1710 ait:

198 1726 257 1759 Ego
273 1733 349 1759 sum,
365 1726 439 1753 sicut
453 1728 473 1743 ¹0
488 1736 494 1753 ;
516 1728 571 1761 Ego
589 1735 646 1754 sum
663 1729 710 1762 qui
733 1735 801 1754 sum.
819 1728 968 1755 Abraham

197 1778 266 1797 vero
281 1771 384 1798 habuit
399 1775 464 1799 ante
480 1775 506 1799 et
520 1775 596 1807 post,
607 1773 659 1807 qui
675 1775 701 1799 et
716 1773 855 1800 accedere
874 1774 968 1808 potuit

197 1823 250 1850 per
272 1817 482 1844 exhibitionem
506 1818 678 1853 praesentiae,
705 1821 732 1845 et
755 1819 892 1846 recedere
915 1828 968 1854 per

198 1869 315 1888 cursum
326 1863 399 1890 vitae.
412 1864 480 1890 ldeo
492 1864 531 1890 ait
543 1874 548 1891 :
561 1865 711 1897 Antequam
721 1866 804 1898 fieret,
816 1873 861 1898 eqo
873 1873 940 1891 sum.
951 1876 964 1890 η

197 1908 230 1933 Et
243 1907 279 1933 de
290 1907 346 1934 hoc
361 1908 493 1935 similiter
507 1909 719 1943 Augustinus&
734 1919 747 1934 «
762 1911 825 1937 Sum
838 1911 916 1937 enim
929 1910 967 1937 ad

199 1952 330 1979 divinam
340 1956 474 1980 naturam
487 1955 622 1989 pertinet;
640 1956 727 1981 Fieret
737 1957 834 1982 autem
845 1956 967 1983 Abrahae

198 1999 344 2032 convenit,
358 2000 428 2033 quia
438 2001 569 2026 creatura
580 2000 632 2027 t‘uit
648 2010 654 2027 z
671 2003 830 2035 antequam
845 2001 893 2028 ille
916 2002 967 2029 fie-

197 2046 249 2078 ret,
269 2044 322 2071 fuit
338 2045 463 2072 Verbum
481 2045 510 2071 in
524 2045 679 2080 principio.
693 2057 705 2071 ι)
724 2048 756 2073 Et
771 2055 806 2073 ex
818 2048 874 2074 hoc
889 2050 968 2082 patet

197 2090 418 2118 immutabilitas
427 2091 581 2125 creatoris,
591 2094 618 2118 et
630 2093 768 2118 creaturae
776 2093 966 2127 mutabilitas,

197 2138 229 2163 ut
251 2136 384 2163 habitum
400 2140 443 2164 est
457 2138 494 2164 ab
511 2138 682 2171 Augustino.

232 2185 275 2209 59.
292 2184 324 2210 Et
337 2183 467 2218 sequitur
481 2184 617 2210 ultimum
634 2193 639 2210 :
663 2185 791 2211 Tulerunt
809 2193 868 2218 erqo
892 2186 965 2220 Iapi-

197 2228 241 2255 des
269 2230 366 2256 Judaez'.
387 2230 460 2262 Quia
488 2229 707 2264 blasphemasse
732 2230 788 2256 illis
814 2230 891 2257 visus
910 2234 966 2265 est,

197 2273 264 2300 ideo
285 2275 413 2302 tulerunt
427 2275 541 2310 lapides
564 2285 569 2302 :
594 2277 709 2302 «Tanta
730 2275 809 2302 enim
824 2275 843 2290 ¹2
859 2276 967 2303 duritia

197 2326 257 2353 quo
274 2323 411 2353 curreret,
425 2321 481 2347 nisi
496 2321 535 2348 ad
550 2321 684 2356 lapides?
695 2332 708 2346 »
726 2321 764 2348 ait
778 2322 964 2356 Augustinus.

196 2366 270 2392 Jesus
286 2369 374 2392 autem
388 2367 525 2394 abscondit
545 2375 582 2400 se,
598 2369 741 2402 tanquam
755 2367 884 2401 humilis,
905 2370 965 2394 tan-

231 2425 235 2438 ¹
251 2426 325 2455 Aug„
343 2425 386 2448 ubi
401 2433 466 2455 sup„
482 2433 508 2450 n.
526 2428 562 2450 10.
580 2439 606 2442 -—
625 2427 632 2440 ²
648 2427 788 2457 chrysost„
804 2426 846 2449 uhi
865 2433 920 2456 sup.
936 2440 965 2444 -

197 2459 206 2475 ³
224 2459 300 2489 Ayy„
321 2465 349 2488 ιι,
371 2462 394 2482 8.
407 2473 437 2476 -
454 2462 463 2476 ⁸
482 2462 539 2490 lscn,
556 2467 624 2491 inv,
643 2464 710 2484 1.-
730 2462 737 2475 ⁵
753 2461 854 2489 Mami„
870 2467 925 2490 xxi,
943 2463 964 2484 9.

196 2507 226 2511 —
246 2496 255 2508 ‘³'
271 2495 339 2523 Luc„
357 2501 386 2524 x,
404 2497 441 2518 24.
466 2509 492 2511 —
516 2496 523 2509 ⁷
543 2496 684 2526 Chrysost„
701 2496 744 2519 nbi
763 2503 831 2526 sup.,
851 2503 877 2519 n.
896 2499 920 2519 23.
937 2509 965 2513 —-

197 2530 205 2542 ¹³
221 2529 293 2559 Sap„
318 2535 352 2558 iv,
375 2532 398 2552 9.
419 2542 450 2546 -
475 2532 483 2541 '⁴
508 2532 593 2561 Grcg„
616 2533 642 2554 in
665 2531 771 2561 Emnq„
796 2532 864 2555 hom.
886 2537 964 2560 ⁴xviii,

196 2570 221 2587 n.
240 2565 263 2587 3.
275 2576 304 2581 -
321 2565 340 2578 '⁰
354 2564 447 2594 Exocl„
465 2570 507 2595 ιιι,
524 2567 602 2588 1·ἰ.-
618 2566 634 2581 ¹¹
652 2567 726 2595 Aug..
743 2566 785 2589 ubi
800 2573 866 2596 sup.,
881 2573 908 2589 u.
928 2568 964 2589 Π.

196 2611 225 2615 -
249 2600 267 2614 ¹-'
287 2600 359 2628 Aug„
383 2599 455 2628 ibid„
475 2606 500 2622 ιι.
523 2601 636 2623 1ἱέ,-“Ἰ
654 2601 714 2624 lbi-t.
732 2615 759 2618 „-
781 2601 799 2616 1'·
818 2602 904 2630 tii-ug„
922 2600 964 2623 ubi

719 191 930 223 EVANGELII
954 192 1091 224 SANCT!
1114 192 1277 224 JOANNIS

1026 268 1116 295 quam
1128 260 1270 294 sanguine
1282 260 1499 296 redempturus,
1515 267 1577 288 non
1593 263 1735 297 tanquam
1746 261 1795 289 ille
1809 267 1909 287 Christus

1026 305 1076 340 qui
1088 306 1129 332 est
1149 305 1177 331 in
1190 305 1333 341 principio
1351 307 1488 340 Verbum,
1502 317 1514 332 n
1528 309 1594 340 etc„
1607 307 1646 334 ait
1661 306 1796 341 Augusti·
1817 297 1908 349 2³⁰⁰*

1026 350 1115 377 nusffl.
1132 351 1187 378 Sed
1203 352 1352 386 quaeritur,
1372 352 1410 379 ad
1429 353 1502 388 quid
1521 352 1560 379 sic
1575 361 1605 379 se
1622 352 1797 379 abscondit?

1026 396 1143 423 Videtur
1161 397 1238 424 enim
1249 397 1388 431 timuisse,
1398 398 1443 425 vel
1454 398 1646 434 impotentem
1659 398 1746 424 fuisse
1757 397 1797 425 ad

1025 443 1249 477 przeeaveudam
1265 443 1476 478 lapidationem
1490 452 1506 472 a
1521 444 1637 471 Judzeis.
1656 446 1686 471 Et
1701 443 1740 470 ad
1756 443 1796 471 is-

1025 488 1076 514 tud
1092 488 1334 523 respondendum
1349 491 1399 522 est,
1420 490 1502 524 quod
1517 498 1576 517 non
1592 489 1747 517 abscondit
1765 496 1796 517 se

1026 541 1061 560 cx
1074 535 1189 568 timore,
1205 535 1299 562 velex
1311 536 1494 570 impotentia,
1508 536 1560 563 sed
1576 544 1608 563 ex
1621 535 1794 568 humilitate,

1025 582 1052 606 et
1065 588 1100 607 ex
1114 581 1281 608 ostensione
1292 590 1350 608 suae
1362 589 1436 608 verce
1446 581 1643 613 humanitatis,
1659 584 1686 609 et
1699 589 1796 609 exem·
1839 590 1916 611 Exem-

1025 625 1066 660 pli
1091 626 1269 654 exhibitione
1293 627 1461 654 declinandi
1486 627 1628 654 malitiam
1652 627 1796 662 superbo·
1811 620 1918 671 {2333

1025 679 1102 705 rum,
1119 673 1146 698 et
1161 672 1199 699 ad
1217 672 1386 707 exemplum
1410 673 1553 708 patientia:
1576 672 1606 699 in
1626 672 1796 699 sustinendo
1810 682 1917 702 mitum

1025 717 1145 751 injurias
1161 721 1187 745 et
1203 718 1403 745 contumelias.
1420 721 1451 746 Et
1466 719 1502 746 dc
1517 719 1573 746 hoc
1587 718 1743 753 Gregorius
1751 718 1772 735 ¹³
1789 727 1795 745 :
1811 712 1916 764 2:21³,er

1027 772 1040 788 «
1058 765 1159 797 Homo,
1177 764 1282 800 inquit,
1299 764 1372 791 inter
1386 765 1520 791 homines
1545 764 1637 791 tactus
1660 764 1796 799 redemp-

1024 812 1070 836 tor
1085 812 1193 844 noster,
1215 810 1272 837 alia
1287 810 1371 837 nobis
1387 810 1490 842 verbo,
1513 810 1570 837 alia
1594 809 1733 845 exemplo
1753 809 1797 837 lo-

1025 855 1133 890 quitur,
1148 856 1273 883 sicuthic
1287 866 1293 884 :
1305 859 1335 884 ut
1349 856 1471 892 quando
1483 856 1614 883 resistere
1627 863 1795 891 possumus,

1023 902 1097 929 iram
1113 903 1345 938 superbientium
1367 902 1515 929 humiliter
1537 902 1719 929 declinemus
1731 901 1760 927 ¹⁵.
1777 911 1791 927 »

1027 948 1140 975 «Nolite
1154 948 1252 975 locum
1268 949 1336 976 dare
1349 948 1398 976 irfe
1411 948 1456 983 (b).
1470 958 1483 973 »
1496 949 1527 975 Et
1541 948 1671 983 sequitur
1683 956 1689 974 :
1700 956 1714 972 «
1729 947 1795 974 Imi-

1023 994 1130 1021 tatione
1146 995 1223 1021 enim
1239 995 1286 1022 Dei
1305 994 1463 1029 gloriosius
1481 996 1522 1021 est
1543 993 1664 1021 tacendo
1679 993 1792 1028 fugere,

1025 1049 1115 1076 quam
1129 1040 1338 1075 respondendo
1354 1040 1534 1067 subtrahere.
1548 1050 1560 1065 ι)
1578 1040 1628 1067 Vel
1643 1040 1716 1067 sicut
1729 1039 1796 1067 fecit

1026 1087 1164 1113 Dominus
1179 1087 1217 1113 ad
1233 1086 1459 1121 designandum,
1474 1086 1555 1121 quod
1571 1087 1611 1113 eis
1624 1086 1730 1113 veritas
1743 1085 1795 1113 ab·

1024 1132 1185 1164 sconditur,
1201 1133 1251 1167 qui
1267 1133 1328 1166 ejus
1343 1132 1434 1159 verba
1449 1132 1532 1167 sequi
1542 1133 1574 1167 (c)
1592 1134 1794 1166 contemnunt,

1024 1180 1056 1204 ut
1067 1178 1178 1204 ibidem
1193 1178 1232 1205 ait
1246 1178 1401 1212 Gregorius
1415 1178 1442 1204 ¹⁶.
1460 1179 1492 1204 Et
1507 1180 1576 1205 nota
1591 1178 1673 1213 quod
1690 1178 1730 1205 ait
1745 1186 1794 1205 su—

1024 1232 1078 1258 pra
1095 1233 1100 1250 :
1117 1225 1252 1250 Abraham
1278 1226 1408 1250 exultavit
1430 1226 1459 1250 ut
1481 1224 1584 1251 videret
1606 1224 1677 1250 diem
1697 1231 1793 1251 meum.

1025 1269 1192 1296 Secundum
1213 1269 1407 1304 Augustinum
1421 1270 1440 1285 ¹⁷
1462 1279 1467 1296 :
1487 1281 1498 1293 ι(
1516 1269 1579 1296 Dies
1599 1269 1713 1296 Domini
1735 1270 1796 1296 erat

1024 1323 1077 1342 sua
1092 1316 1161 1349 vita,
1183 1323 1318 1342 occasum
1338 1315 1480 1342 nesciens.
1502 1325 1515 1340 »ι
1540 1317 1572 1341 Et
1590 1315 1694 1342 merito
1718 1314 1796 1342 dice-

1024 1361 1111 1388 batur
1126 1362 1182 1388 ch'es
1199 1371 1204 1388 :
1218 1364 1248 1388 ut
1259 1361 1336 1388 enim
1348 1361 1386 1388 ait
1399 1360 1617 1388 Damascenus¹³
1629 1370 1635 1387 :
1648 1371 1661 1386 «ι
1676 1361 1739 1388 Dies
1753 1363 1796 1388 est

1024 1407 1054 1434 iu
1069 1407 1193 1434 essendo
1206 1407 1299 1434 solem
1314 1415 1402 1442 super
1421 1409 1537 1434 terram.
1558 1417 1571 1433 »
1590 1408 1621 1434 Et
1641 1406 1711 1442 quia
1732 1406 1795 1442 ipse

1024 1455 1085 1480 erat
1093 1453 1137 1480 sol
1145 1453 1263 1487 justitiae
1277 1455 1296 1470 ¹⁹
1307 1463 1333 1480 :«
1345 1453 1457 1480 Orietur
1468 1453 1553 1480 vobis
1563 1453 1733 1480 timentibus
1742 1460 1797 1480 no-

1025 1507 1092 1526 men
1116 1508 1230 1533 mcum,
1255 1499 1300 1526 sol
1320 1499 1450 1533 justitiam
1476 1509 1489 1523 ι)
1514 1499 1581 1526 ideo
1606 1499 1666 1526 vita
1691 1507 1744 1526 sua
1764 1499 1795 1526 in

1024 1545 1138 1572 mundo
1156 1544 1208 1571 fuit
1223 1545 1294 1571 dies.
1315 1544 1394 1571 Unde
1411 1545 1515 1579 triplex
1530 1546 1572 1571 est.
1587 1545 1647 1572 dies
1662 1545 1794 1572 Salvato-
1809 1555 1861 1576 Dies
1870 1555 1916 1576 sai.

1119 1591 1165 1617 vel
1187 1598 1240 1617 sua
1263 1590 1321 1617 vita
1345 1590 1540 1617 illuminativa
1563 1590 1593 1617 in
1617 1591 1747 1625 mundo,
1764 1593 1795 1618 ut
1817 1586 1900 1606 ‘'⁸¹⁰'ss

1023 1599 1062 1617 ΗΞ
1085 1600 1091 1617 ²
1820 1617 1907 1644 triplex.

1024 1636 1132 1663 dictum
1154 1636 1228 1663 est2⁰
1248 1645 1254 1663 2
1273 1645 1286 1660 «
1302 1636 1401 1662 videte
1421 1638 1529 1669 Regem
1551 1636 1740 1664 Salomonem
1764 1636 1794 1663 in

1025 1682 1203 1715 diademate,
1219 1690 1278 1717 quo
1289 1682 1442 1708 coronavit
1456 1690 1524 1708 eum
1534 1685 1627 1710 mater
1638 1691 1692 1710 sua
1706 1683 1736 1710 iu
1747 1682 1794 1710 die

1024 1728 1269 1762 desponsationis,
1277 1738 1289 1752 n
1305 1728 1383 1754 etc.2¹
1394 1739 1406 1751 α
1417 1729 1480 1754 Haec
1491 1730 1533 1755 est
1544 1729 1616 1762 dies,
1631 1737 1721 1764 quam
1728 1729 1795 1756 fecit

1025 1774 1178 1805 Dominus;
1196 1773 1360 1800 exultemus
1375 1776 1403 1800 et
1421 1773 1554 1801 laetemur
1573 1774 1602 1801 in
1622 1782 1666 1801 ea.
1678 1785 1692 1800 »
1713 1774 1794 1801 Istius

1023 1819 1082 1847 diei
1107 1822 1172 1847 sunt
1196 1820 1355 1847 duodecim
1380 1821 1475 1853 horae,
1501 1820 1531 1847 id
1557 1822 1614 1854 est,
1635 1820 1794 1847 duodecim

1023 1866 1163 1901 apostoli,
1181 1866 1334 1893 illuminati
1350 1867 1387 1893 ab
1408 1867 1471 1902 ipso
1494 1866 1564 1894 Filio
1586 1866 1633 1894 Dei
1649 1875 1656 1894 :
1672 1867 1747 1894 infra
1761 1866 1792 1893 ²².

1024 1913 1092 1939 Item
1109 1914 1150 1938 est
1165 1912 1227 1938 dies
1248 1912 1349 1939 Christi
1371 1912 1433 1946 ejus
1453 1912 1629 1940 illuminatio
1651 1912 1679 1939 in
1698 1912 1793 1939 hemi-

1024 1957 1148 1992 sphaerio
1158 1957 1273 1990 animae,
1287 1957 1407 1992 quando
1423 1966 1488 1984 eam
1499 1958 1645 1985 illuminat
1660 1958 1795 1993 spiritua-

1023 2003 1088 2030 liter
1098 2004 1118 2019 2³
1136 2013 1160 2030 :«
1175 2005 1229 2030 Vos
1244 2003 1296 2029 filii
1310 2003 1383 2030 lucis
1399 2003 1478 2037 estis,
1493 2006 1521 2031 et
1536 2003 1586 2030 filii
1602 2004 1670 2031 diei.
1686 2014 1700 2029 »
1714 2004 1792 2031 Et2‘:

1025 2060 1036 2072 ιι
1054 2049 1117 2075 Dies
1131 2049 1413 2084 appropinquavit.»
1433 2051 1464 2076 Et
1478 2049 1508 2076 in
1523 2051 1627 2076 Psalmo
1635 2050 1657 2066 ²⁵
1673 2059 1681 2076 .-
1699 2059 1713 2075 u
1730 2050 1794 2077 Dies

1024 2094 1081 2121 diei
1097 2097 1207 2121 eructat
1222 2094 1358 2128 verbum,
1373 2106 1386 2121 n
1400 2095 1431 2122 id
1449 2098 1499 2129 est,
1516 2095 1603 2122 Filius
1619 2095 1667 2123 Dei
1683 2096 1793 2123 illumi-

1023 2148 1105 2174 nans,
1123 2140 1228 2167 animae
1243 2140 1422 2167 illuminatae.
1446 2142 1478 2167 Et
1503 2143 1545 2168 est
1567 2141 1629 2168 dies
1652 2141 1791 2175 gloriosa,

1023 2186 1132 2212 scilicet
1145 2185 1260 2212 claritas
1276 2185 1338 2212 Filii
1353 2186 1413 2218 Dei,
1429 2189 1456 2213 et
1476 2186 1640 2213 secundum
1659 2186 1793 2214 divinita-

1023 2233 1092 2265 tem,
1105 2234 1132 2258 et
1146 2231 1307 2258 secundum
1331 2231 1556 2266 humanitatem,
1577 2232 1747 2259 illuminans
1762 2232 1793 2260 in

1022 2285 1114 2311 regno
1128 2277 1257 2312 gloriaew
1270 2287 1275 2304 ;
1296 2286 1309 2302 ι(
1324 2277 1443 2304 Claritas
1458 2278 1506 2305 Dei
1517 2278 1696 2306 illuminavit
1715 2287 1790 2314 eam,

1023 2352 1089 2375 sup.,
1102 2352 1127 2368 n.
1142 2346 1163 2368 4.
1179 2358 1208 2361 -
1224 2346 1242 2360 ¹⁵
1257 2344 1407 2374 Eplzes.,1x‚
1420 2346 1456 2368 227.
1472 2358 1498 2361 ——
1514 2346 1531 2361 ’θ
1544 2347 1630 2375 (lreg.y
1645 2346 1716 2376 ibid.‚
1729 2353 1754 2370 u.
1766 2348 1790 2369 5.

1024 2393 1050 2396 ——
1076 2381 1090 2393 ¹⁷
1111 2382 1184 2409 Aug.,
1205 2379 1248 2402 ubi
1265 2386 1332 2409 sup.,
1353 2386 1380 2402 u.
1402 2382 1437 2403 10¹.
1451 2393 1481 2397 —·
1502 2380 1520 2395 ¹⁸
1539 2382 1663 2409 Damaso..
1683 2381 1710 2403 (le
1731 2380 1789 2403 Fid.

1024 2414 1135 2442 Orthotl„
1166 2414 1207 2436 iii).
1238 2415 1271 2443 ll,
1299 2422 1321 2437 e.
1349 2420 1411 2437 xxll.
1434 2427 1461 2430 —
1488 2415 1505 2430 ¹³
1531 2416 1630 2443 Malae„
1658 2422 1684 2439 n.
1710 2417 1734 2438 2.
1761 2428 1787 2431 —

1023 2450 1041 2462 ²⁰
1054 2450 1136 2475 Cant..
1152 2455 1189 2478 iu,
1208 2451 1244 2472 ll.
1262 2461 1287 2464 -
1304 2449 1494 2478 ²·Psal.cxx1s‚
1512 2451 1550 2473 24.
1566 2463 1596 2466 —
1611 2451 1628 2463 ²³
1643 2449 1699 2479 tur„
1713 2455 1749 2478 xi,
1765 2451 1788 2473 9.

1023 2497 1051 2500 —
1068 2484 1086 2499 ³³
1104 2484 1109 2506 l
1128 2483 1215 2509 Thess„
1236 2489 1259 2511 v,
1278 2484 1301 2506 5.
1316 2495 1346 2499 —
1366 2484 1383 2496 ³⁴
1399 2484 1477 2514 Rom„
1496 2489 1558 2513 xlii,
1580 2486 1618 2507 12.
1638 2497 1667 2501 -
1687 2485 1707 2500 ²³
1721 2485 1788 2508 Psal.

1023 2524 1097 2546 .*.*-lll‚
1113 2520 1135 2539 3.
1147 2530 1178 2534 -
1193 2520 1213 2532 2⁸¹
1228 2518 1311 2546 Alme„
1327 2522 1381 2546 xxi,
1397 2520 1435 2541 23.

1054 2565 1086 2595 (a)
1121 2565 1190 2594 Γαίῃ.
1219 2564 1385 2594 dirumperes
1411 2577 1441 2582 —
1463 2564 1496 2594 (b)
1528 2565 1600 2595 Γαίῃ.
1628 2566 1738 2592 diabolo.
1758 2580 1789 2586 -

1024 2601 1053 2629 (v)
1071 2600 1129 2622 (ut.
1146 2600 1205 2622 vdit,
1225 2606 1302 2628 saepe.
