1987 3032
111 1450 174 1470 Comi
178 1461 184 1464 -

79 1480 161 1500 nuatio.

91 1585 182 1606 Divisio.

757 218 961 250 EXPOSITIO
984 218 1023 249 IN
1046 219 1129 249 CAP.
1155 219 1219 250 XII.

194 285 291 313 beant.
306 286 337 313 ln
348 286 450 312 Psalmo
461 286 469 301 ¹
482 293 508 311 :«
518 285 580 311 Non
589 285 639 316 est,
648 284 699 319 qui
707 284 836 320 requirat
850 285 886 320 (a)
898 284 960 312 ani-

194 339 275 359 mam
289 339 395 358 meam.
412 342 425 355 n
436 331 468 357 Et
480 329 563 365 quod
574 329 651 356 male
667 331 848 365 quaerebant,
863 332 958 366 patet:

196 378 329 404 Dederant
350 378 419 404 enim
441 377 578 409 Pontifices
593 376 761 410 mandatum,
778 378 844 410 etc.,
866 380 895 403 ut
912 385 959 411 ap-

194 423 357 458 prehendant
384 430 462 455 eum,
492 421 600 449 scilicet
631 422 669 449 ad
700 423 906 455 occidendum,
922 423 961 449 ait

195 470 303 497 Glossa.
312 469 368 497 Sed
376 470 386 485 Ξ
396 476 474 496 «non
484 469 519 504 (b)
530 469 681 504 sapientia,
691 471 797 496 nonest
806 469 960 496 consilium

195 518 295 542 contra
309 515 464 543 Dominum
481 523 486 541 :
501 525 514 539 n
530 515 592 550 ipse
606 515 684 542 enim
696 516 706 532 ³
730 524 742 539 ι(
756 515 878 542 consilia
894 523 960 550 pra-

194 569 300 588 vorum
315 561 444 596 dissipat.
460 571 472 586 v
495 561 575 594 ideo,
599 563 631 588 ut
649 562 689 588 ait
709 561 961 596 Chrysostomus⁴‚

195 607 357 634 derisibiles
381 608 448 634 sacti
470 617 476 634 :
497 607 597 641 effugit
623 607 753 634 volentes
779 615 847 634 eum
872 607 962 634 inter-

194 653 296 687 ficere;
313 655 339 680 et
353 653 481 688 aporiari
503 653 580 686 facit,
604 653 635 679 id
652 655 693 680 est
707 653 830 686 anxiari,
846 653 960 680 virtutis

195 699 442 726 demonstratione
457 707 657 734 compungere
669 707 718 726 eos
730 699 842 732 volens,
859 701 886 726 et
896 707 961 726 cum

195 745 333 780 ceperint,
350 748 382 772 ut
395 745 518 778 discant,
534 745 676 780 quoniam
689 752 750 772 non
764 745 891 780 propriae
903 745 962 772 vir-

195 791 262 818 tutis
282 791 337 817 fuit
355 799 423 818 eum
447 791 526 826 capi,
546 791 598 818 sed
621 791 700 818 illius
721 791 926 818 concessionis.
948 801 960 816 u

197 836 277 864 Unde
291 837 412 872 quando
427 837 466 864 ait
481 837 520 863 eis
535 846 540 864 :
559 846 572 862 «
586 839 645 871 Ego
659 845 734 871 sum,
750 847 763 862 )›
781 837 964 864 venientibus

197 883 236 910 ad
251 883 428 918 capiendum
442 891 521 917 eum,
539 892 552 907 «
574 882 604 909 in
626 885 733 910 terram
755 883 932 917 ceciderunt,
948 894 960 908 »

197 929 273 956 infra
286 935 295 945 5
337 930 415 956 Patet
435 937 506 963 ergo
531 936 565 955 ex
587 928 671 955 dictis
695 937 799 956 eorum
826 929 964 957 continua

197 975 373 1009 malignitas,
390 977 417 1001 et
431 974 588 1003 Salvatoris
602 977 740 1009 potestaS,
754 977 781 1002 et
804 975 966 1003 deliberata

198 1021 333 1048 voluntas
347 1020 472 1047 faciendi
494 1021 523 1047 10
544 1020 591 1047 die
615 1023 642 1047 et
661 1020 692 1047 in
706 1020 784 1054 loco,
799 1023 887 1056 prout
904 1021 965 1056 ipse

199 1067 342 1102 disposuit
362 1076 368 1093 :
393 1067 454 1101 ipse
475 1066 554 1093 enim
572 1066 661 1093 habet
679 1065 689 1080 ⁶
712 1068 886 1101 potestatem
911 1076 965 1102 po-

198 1112 288 1139 nendi
301 1112 431 1139 animam
445 1120 538 1139 suam.

445 1215 604 1248 CAPUT
635 1215 716 1248 XII.

237 1303 260 1327 1.
272 1301 345 1327 Jesus
359 1307 418 1334 ergo
431 1303 492 1326 ante
502 1307 549 1327 sem
563 1299 620 1326 dies
630 1300 745 1332 Paschoe,
756 1300 809 1326 etc.
823 1300 968 1334 Descripta

200 1353 302 1373 eorum
310 1345 536 1380 conspiratione,
543 1345 589 1372 hic
598 1345 634 1372 de
643 1352 800 1380 progressu
810 1345 967 1372 Salvatoris

198 1392 237 1420 ad
260 1392 358 1419 locum
382 1391 535 1427 passionis.
560 1393 591 1418 Et
615 1391 670 1418 1100
696 1391 726 1418 in
748 1391 821 1418 duas
844 1393 965 1426 partes:

197 1438 294 1474 primo
310 1438 346 1465 de
361 1446 518 1473 progressu
540 1437 708 1471 salvatoris,
724 1439 752 1464 et
776 1438 967 1472 perventione

197 1485 237 1512 ad
250 1485 363 1519 locum;
387 1485 532 1519 secundo,
556 1485 592 1512 de
615 1485 814 1512 consolatione
837 1485 965 1520 discipu-

197 1531 310 1565 lorum,
334 1534 362 1558 et
376 1531 606 1564 confortatione,
628 1539 661 1558 ac
681 1531 861 1564 eruditione,
879 1531 965 1564 infra,

197 1578 350 1613 proximo⁷
363 1586 369 1604 :
383 1579 453 1604 Ante
472 1578 543 1604 diem
556 1579 653 1610 festum
678 1577 795 1610 Paschoe,
811 1579 864 1604 etc.
888 1578 965 1604 Istud

197 1631 267 1651 vero
282 1624 443 1659 capitulum
463 1624 494 1651 in
514 1626 569 1651 tres
584 1625 680 1659 partes
700 1633 706 1650 :
734 1623 841 1658 primo,
863 1623 899 1650 de
915 1623 966 1650 ad-

198 1673 286 1698 ventu
307 1678 360 1698 suo
377 1671 407 1697 in
426 1669 606 1704 Bethaniam‚
622 1670 672 1705 qui
688 1672 748 1697 erat
766 1670 849 1696 locus
863 1669 964 1705 proxi-

198 1725 263 1744 mus
276 1716 332 1752 ipsi
347 1716 565 1751 Hierosolymae,
583 1717 609 1743 et
624 1715 660 1742 de
680 1715 762 1743 factis
776 1716 903 1750 ibidem,
920 1724 965 1742 50-

197 1762 306 1796 cundo,
329 1763 365 1790 de
384 1763 513 1790 adventu
535 1763 596 1797 ejus
618 1762 861 1798 Hierosolymam,
880 1765 907 1790 et
929 1763 965 1790 de

196 1808 288 1836 modo
299 1808 487 1842 adveniendi,
498 1808 557 1835 1111Β
571 1817 576 1834 z
589 1809 775 1836 Iacrastinum
787 1813 885 1843 autem,
898 1810 963 1844 etc.;

194 1854 290 1888 tertio,
303 1854 340 1881 de
356 1854 553 1889 praedictione,
565 1854 624 1881 sive
639 1855 882 1889 prcenuntiatione
895 1863 962 1890 pas-

195 1899 286 1927 sionis
299 1908 367 1934 5010,
385 1901 412 1927 et
427 1899 626 1927 exhortatione
641 1900 863 1936 discipulorum,
879 1901 921 1928 ibi
932 1902 941 1917 θ
957 1911 962 1929 :

194 1949 281 1975 Erant
303 1951 391 1975 autem
413 1949 535 1982 gentiles,
556 1950 609 1975 etc.
635 1949 664 1975 10
686 1948 782 1983 prima
807 1948 938 1984 quinque
956 1959 961 1976 :

195 1995 307 2030 primo,
326 1995 468 2022 adventus
483 1994 585 2022 Christi
599 1995 777 2030 praemissio,
799 1998 826 2023 et
849 1996 905 2023 loci
925 1997 962 2024 ad

195 2048 284 2076 quem
292 2041 380 2075 venit,
391 2042 418 2068 et
427 2048 621 2076 personarum
632 2041 787 2076 descriptio
796 2051 804 2075 3
818 2043 960 2077 secundo,

194 2086 288 2114 Mariae
302 2086 408 2114 devota
421 2087 582 2121 veneratio,
599 2087 640 2114 ibi
651 2087 670 2103 ¹⁰
687 2096 693 2114 :
709 2089 810 2121 Maria,
824 2090 889 2122 etc.;
906 2090 961 2116 ter-

194 2132 249 2165 tio,
275 2133 409 2168 discipuli
429 2133 614 2161 oblocutoria
633 2134 839 2168 murmuratio,
862 2135 903 2162 ibi
918 2135 934 2150 ¹¹
953 2146 958 2162 :

192 2179 273 2206 Diaeit
288 2187 348 2213 erqo
364 2187 447 2214 unus,
464 2181 529 2214 etc.;
551 2181 671 2215 quarto,
688 2180 782 2207 Mariae
797 2181 960 2215 excusatio,

191 2224 234 2252 ibi
245 2225 264 2241 ¹²
281 2234 287 2252 z
304 2227 382 2252 Discit
398 2233 457 2260 erqo
470 2227 561 2259 Jesus,
581 2228 646 2260 etc.;
663 2226 776 2261 quinto,
792 2226 959 2255 Judaeorum

192 2270 381 2306 adventus,et
392 2271 470 2299 illius
483 2272 625 2300 adventus
638 2272 721 2305 ratio,
730 2272 771 2300 ibi
781 2273 817 2299 ¹³:
832 2274 959 2308 Coynnvic

192 2324 251 2351 ergo
265 2317 353 2352 turba,
370 2319 423 2345 etc.

227 2364 258 2390 Et
277 2363 334 2390 hoc
350 2366 401 2398 est,
418 2364 501 2399 quod
516 2364 555 2392 ait
570 2373 577 2391 ;
590 2365 665 2392 Jesus
684 2372 743 2399 erqo
759 2368 820 2392 ante
840 2373 887 2393 sea:
902 2366 958 2393 dies

192 2410 309 2443 Paschae,
322 2411 375 2436 etc.
388 2411 420 2437 Et
435 2409 492 2437 hoc
518 2411 743 2437 convenienter:
767 2413 798 2437 ut
821 2412 898 2438 enim
920 2413 958 2440 ait

223 2470 230 2485 ¹
247 2469 315 2492 Psal.
330 2475 398 2499 cxci,
413 2471 437 2493 5.
451 2482 481 2486 -
496 2471 505 2485 ²
517 2470 600 2498 Pron„
617 2476 676 2499 xxi,
691 2471 729 2493 30.
746 2483 774 2487 -
791 2471 798 2484 ³
813 2471 865 2500 Job,
883 2478 906 2502 v,
922 2475 956 2496 13.

191 2516 222 2521 —
236 2505 244 2517 ⁴
258 2504 397 2535 Chrysost.,
413 2504 456 2527 uhi
473 2511 528 2535 sup.
543 2518 573 2522 —
588 2505 597 2521 ⁵
613 2505 670 2534 tur„
688 2511 765 2534 λνιιι,
778 2508 800 2529 fi.
815 2520 847 2524 —
861 2507 870 2523 Β
886 2508 957 2538 Sup„

192 2545 218 2568 x,
234 2539 261 2563 18
285 2553 317 2557 -
331 2539 415 2570 ⁷1nt⁶.,
430 2546 488 2570 11111,
509 2543 572 2563 1.-
590 2540 766 2570 ·’Ιο1“.,12.-
778 2541 788 2557 ⁹
804 2541 861 2572 tut„
874 2543 912 2566 20.
928 2556 958 2560 —

194 2575 215 2591 ¹⁰
231 2575 286 2604 lus„
301 2576 324 2599 3.
339 2589 369 2593 —
384 2576 400 2591 ¹¹
420 2576 476 2605 tuf„
496 2577 518 2599 4.
534 2589 565 2593 —
582 2576 601 2591 ¹²
616 2576 673 2606 lus„
690 2577 712 2599 7.
727 2589 756 2593 —
778 2577 798 2593 ¹³
814 2578 869 2608 iuf.‚
889 2580 912 2601 ε).
930 2592 955 2595 -

193 2610 212 2626 ¹⁸
224 2610 296 2640 Sap„
309 2617 346 2641 m,
360 2613 369 2635 t
383 2613 408 2635 et
417 2618 469 2642 seq,
481 2625 512 2629 —
522 2612 542 2628 ¹⁸
552 2612 640 2640 Marc..
650 2617 703 2641 xw,
716 2613 738 2635 3..
747 2625 776 2629 —
787 2614 806 2629 ¹⁰
816 2614 956 2644 Cin-ysost„

194 2646 218 2668 in
230 2645 310 2672 Joan..
323 2645 392 2669 hom.
409 2652 478 2677 inv,
494 2647 526 2670 al.
540 2653 598 2676 nv,
614 2654 638 2670 n.
655 2649 676 2671 2.
693 2660 721 2665 —
736 2648 754 2664 ¹¹
770 2649 870 2679 Mami„
885 2656 956 2679 xxm,

1725 226 1783 254 419

1017 285 1114 313 Glossa
1135 296 1141 313 ε
1168 286 1289 314 «Sciens
1312 295 1361 314 eos
1382 289 1578 323 conspirasse,
1600 290 1679 317 venit
1699 291 1783 325 quasi

1017 339 1110 366 agnus
1125 332 1162 359 ad
1177 333 1335 360 victimam.
1351 343 1365 359 »
1381 335 1413 361 Et
1433 334 1493 361 haec
1509 335 1608 362 omnia
1629 338 1695 363 sunt
1709 336 1783 364 t'acta

1016 378 1146 412 mystice.
1163 379 1217 405 Sex
1233 379 1337 406 diebus
1355 381 1454 407 omnia
1468 381 1543 408 fecit.
1569 383 1600 408 Et
1619 382 1655 409 de
1675 383 1732 410 hoe
1753 383 1784 410 in

1017 423 1126 451 Glossa.
1146 425 1224 452 l‘em't
1239 426 1406 458 Betlzunianz,
1431 435 1496 462 quae
1514 427 1718 463 interpretatur
1739 430 1785 456 do-

1017 478 1073 496 mus
1089 471 1258 505 obeiltenttae,
1276 474 1307 499 ut
1326 473 1506 507 ostenderet,
1532 475 1614 509 quod
1634 477 1695 502 crat
1715 475 1785 502 obe-

1018 515 1101 543 diens
1111 517 1193 544 Patri.
1201 519 1249 544 Utz‘
1256 519 1346 550 fuerat
1357 520 1484 553 Lazarus,
1495 528 1593 555 supra,
1601 521 1737 555 proximo
1748 522 1782 548 ¹²:

1018 563 1045 588 et
1059 562 1126 596 huc,
1143 565 1175 589 ut
1188 563 1279 590 Judaei
1294 564 1552 600 contunderentur,
1573 568 1605 593 ut
1620 567 1658 594 ait
1673 567 1782 595 Glossa.

1018 610 1144 635 Fecerunt
1153 613 1240 636 autem
1252 613 1288 637 eis
1302 620 1408 638 caream.
1422 614 1452 639 Et
1463 612 1499 639 de
1512 613 1567 640 1100
1582 614 1737 649 specialius
1746 616 1766 632 ¹5
1778 625 1783 642 :

1022 665 1034 677 u
1050 656 1120 681 Cum
1136 658 1211 682 esset
1225 657 1368 683 Bethanize
1378 657 1409 683 in
1420 658 1510 685 domo
1526 659 1651 686 Simonis
1665 660 1785 695 leprosi,

1019 701 1099 727 venit
1121 701 1243 735 mulier,
1260 713 1272 727 »
1305 705 1358 730 etc.
1388 704 1467 731 Unde
1496 705 1718 740 Chrysostomus
1735 708 1756 724 ¹⁵
1779 716 1785 734 ε

1023 756 1036 770 «
1049 747 1176 779 Quidam
1191 747 1273 774 aiunt
1287 749 1425 783 quoniam
1443 750 1471 777 in
1481 751 1538 777 alia
1546 752 1637 779 domo
1653 753 1709 780 1100
1728 753 1788 781 fac-

1020 794 1081 819 tum
1097 794 1147 824 est,
1165 796 1192 820 et
1204 801 1263 821 000
1280 794 1308 821 in
1324 795 1414 822 domo
1431 797 1537 823 Lazari.
1555 808 1567 822 n
1586 798 1641 824 Sed
1664 799 1789 833 qualiter

1020 839 1093 866 110οῗ
1104 840 1174 875 quia
1189 840 1293 868 dicitur
1304 841 1322 858 ¹⁷
1338 851 1343 869 :
1364 852 1377 867 κ
1392 843 1482 877 Scitis,
1499 844 1569 879 quia
1581 847 1647 879 post
1663 846 1789 873 biduum

1022 886 1129 913 Pascha
1144 886 1206 921 fiet,-
1223 898 1235 911 n
1255 890 1281 914 et
1305 889 1453 923 sequitur:
1474 900 1486 914 «
1508 892 1579 917 Cum
1603 894 1676 919 esset
1696 892 1726 919 in
1740 895 1790 920 Be-

1022 932 1129 966 thania,
1146 933 1265 960 accessit
1280 934 1318 961 ad
1334 942 1402 962 eum
1416 936 1532 970 mulier,
1556 947 1568 961 >³
1587 939 1639 964 etc.
1658 940 1689 965 Et
1710 939 1790 966 idem

1022 978 1126 1006 dieitur
1138 980 1167 1006 ¹⁸.
1183 981 1215 1007 Et
1228 980 1266 1007 ad
1282 981 1359 1008 istud
1372 982 1613 1017 respondendum
1624 985 1789 1012 secundum

1021 1025 1215 1059 Augustinum
1227 1026 1256 1059 ¹⁹,
1270 1027 1350 1061 quod
1364 1028 1486 1061 peractis
1502 1037 1566 1064 quse
1581 1033 1699 1058 narrata
1713 1034 1789 1065 sunt,

1022 1070 1068 1097 hic
1101 1072 1322 1107 recapitulando
1350 1079 1581 1104 commemorata
1610 1081 1696 1113 sunt,
1724 1089 1791 1109 cum

1022 1125 1119 1145 sermo
1135 1119 1250 1145 Domini
1263 1123 1430 1148 narraretur
1445 1124 1509 1149 ante
1524 1123 1649 1152 biduum
1664 1127 1788 1155 Paschae.

1023 1164 1102 1191 Unde
1114 1165 1161 1192 hic
1177 1166 1282 1194 veritas
1295 1167 1421 1196 historiae
1435 1171 1548 1203 texitur,
1567 1172 1608 1199 ibi
1625 1180 1694 1200 vero
1709 1182 1790 1201 reca-

1022 1212 1175 1246 pitulando
1199 1218 1448 1244 commemoratur
1473 1217 1597 1253 factum,
1615 1222 1642 1247 et
1662 1220 1791 1249 obviatio

1022 1258 1125 1293 populi
1149 1262 1292 1287 narratur.
1322 1262 1358 1288 De
1383 1270 1465 1290 coena
1489 1272 1559 1291 vero
1571 1285 1579 1299 ,
1601 1267 1628 1293 et
1654 1267 1791 1295 unctione

1023 1303 1075 1330 ista
1092 1305 1128 1338 (v.
1147 1306 1171 1338 2)
1190 1307 1245 1332 :Et
1260 1307 1369 1334 Martha
1388 1311 1570 1342 ministrabat,
1594 1319 1646 1339 suo
1667 1315 1790 1341 11101·οΞ0.

1024 1350 1112 1377 Maria
1127 1352 1224 1378 autem
1240 1352 1384 1388 discipula
1399 1357 1469 1389 erat,
1481 1356 1556 1383 etad
1570 1357 1668 1392 ipsum
1683 1359 1790 1394 solum,

1023 1395 1167 1423 christum
1187 1397 1306 1432 scilicet,
1330 1399 1561 1429 circuminstituit
1581 1403 1726 1432 honorem
1743 1405 1762 1421 ²¹
1784 1416 1790 1432 :

1025 1450 1039 1466 «
1055 1442 1140 1469 Maria
1155 1443 1287 1477 sedebat,
1303 1455 1315 1469 n
1335 1447 1387 1472 etc.
1410 1447 1526 1475 Lazarus
1544 1457 1616 1482 vero,
1633 1452 1685 1478 etc.
1706 1453 1738 1479 Ut
1753 1453 1792 1480 ait

1022 1487 1246 1523 Chrysostomus
1256 1490 1285 1524 2²,
1304 1502 1317 1516 α
1332 1491 1388 1518 1100
1403 1492 1455 1519 suit
1469 1494 1587 1528 signum
1601 1498 1791 1525 resurrectio-

1022 1534 1077 1568 nis,
1092 1534 1198 1562 scilieet
1210 1538 1277 1571 post
1291 1537 1353 1564 dies
1368 1539 1475 1566 multos
1492 1541 1601 1575 vivere,
1624 1544 1651 1569 et
1665 1544 1792 1572 mandu-

1023 1588 1097 1608 care.
1110 1591 1123 1606 »
1140 1582 1219 1609 Unde
1234 1584 1420 1612 manifestum
1435 1588 1487 1620 est,
1503 1589 1645 1622 quoniam
1659 1590 1690 1617 in
1700 1590 1790 1618 domo

1022 1628 1084 1661 ejus
1102 1628 1288 1663 pulmentum
1305 1633 1373 1665 erat,
1392 1631 1423 1659 id
1443 1634 1484 1660 est
1507 1642 1599 1661 coena.
1619 1637 1651 1663 Et
1673 1637 1709 1664 de
1732 1637 1789 1665 hoc

1022 1674 1198 1708 Augustinus
1209 1675 1229 1692 ³³
1246 1685 1252 1702 ι
1273 1686 1286 1700 (ε
1299 1678 1338 1704 Ne
1353 1679 1488 1711 putarent
1510 1680 1684 1715 phantasma
1704 1691 1766 1711 esse
1781 1693 1787 1710 :

1021 1720 1139 1747 Lazarus
1153 1729 1212 1748 vero
1227 1730 1296 1749 unus
1311 1727 1369 1750 erat
1385 1732 1417 1751 em
1431 1725 1667 1762 discumbentibus,
1683 1728 1788 1765 loque-

1020 1766 1116 1800 batur,
1133 1767 1318 1803 epulabatur,
1334 1770 1439 1797 veritas
1452 1772 1670 1808 ostendebatur,
1685 1775 1790 1803 infide-

1021 1812 1085 1840 litas
1100 1813 1346 1842 confundebatur.
1362 1826 1375 1841 1>
1393 1818 1425 1843 Et
1443 1819 1521 1852 patet
1537 1818 1584 1846 1110
1597 1821 1786 1856 mysterium:

1020 1859 1158 1886 Bethania
1167 1859 1371 1896 interpretatur
1379 1862 1471 1890 domus
1481 1864 1647 1899 obedz'entioe,
1657 1869 1684 1894 et
1693 1867 1788 1902 signat

1020 1905 1150 1932 animam
1165 1906 1308 1934 humilem
1323 1909 1350 1934 et
1364 1908 1562 1945 obedientem,
1579 1911 1617 1939 ad
1632 1920 1723 1947 quam
1739 1922 1789 1942 ve-

1018 1951 1059 1978 nit
1071 1951 1221 1986 Dominus,
1242 1954 1270 1979 et
1284 1961 1352 1980 cum
1366 1962 1400 1981 ea
1417 1958 1511 1983 coenat
1522 1957 1540 1971 ¹¹⁸
1558 1966 1564 1984 :
1585 1967 1598 1982 «
1612 1958 1640 1985 Si
1655 1959 1720 1994 quis
1735 1968 1787 1988 au-

1019 1996 1105 2024 dierit
1114 2005 1217 2026 vocem
1227 2007 1324 2027 meam
1335 2001 1362 2027 et
1370 2002 1514 2035 aperuerit
1521 2003 1655 2039 Januam,
1669 2005 1786 2034 intrabo

1018 2043 1057 2071 ad
1071 2043 1165 2078 illum,
1184 2047 1211 2072 et
1226 2046 1350 2073 coenabo
1375 2055 1440 2074 cum
1456 2047 1518 2075 illo.
1535 2059 1547 2074 >i
1567 2051 1598 2077 ln
1613 2058 1672 2085 qua
1687 2051 1786 2080 anima

1018 2090 1107 2117 debet
1121 2098 1182 2117 esse
1195 2092 1313 2126 Martha,
1325 2092 1432 2120 scilieet
1446 2094 1584 2129 perfectio
1596 2098 1783 2131 operationis,

1017 2137 1097 2164 Unde
1120 2137 1324 2173 interpretatur
1343 2140 1474 2167 tributum
1496 2149 1592 2169 eorum.
1618 2144 1650 2169 Et
1672 2143 1729 2171 hoc
1744 2147 1786 2172 est

1018 2183 1157 2211 tributum
1171 2184 1253 2219 quod
1264 2185 1352 2212 debet
1365 2186 1449 2213 reddi
1460 2188 1582 2215 Domino
1594 2190 1616 2207 ²5
1631 2198 1637 2216 :
1651 2199 1664 2215 «
1676 2190 1727 2217 Cui
1736 2191 1785 2219 tri-

1015 2229 1130 2264 butum,
1146 2230 1296 2258 tributum
1314 2242 1326 2258 »
1338 2233 1406 2259 item
1420 2232 1507 2260 debet
1521 2242 1583 2261 esse
1596 2235 1693 2271 Maria,
1710 2237 1784 2265 scili-

1016 2279 1060 2304 cet
1074 2277 1240 2304 amaritudo
1256 2277 1437 2305 contritionIs
1454 2287 1459 2305 :
1486 2279 1689 2315 interpretatur
1705 2283 1783 2312 enim

1015 2332 1136 2351 amarum
1154 2332 1227 2351 mare
1235 2324 1256 2340 ²⁶
1272 2333 1277 2350 :
1300 2326 1428 2359 «Magna
1451 2326 1531 2354 velut
1551 2335 1632 2356 mare
1648 2330 1782 2359 contritio

1826 435 1904 456 Betha-

1799 473 1843 487 nia.

1827 2245 1847 2264 M
1850 2245 1903 2265 aria.

1015 2373 1072 2398 tua.
1084 2381 1096 2396 »
1111 2372 1180 2397 Item
1196 2370 1283 2397 debet
1299 2378 1358 2398 esse
1370 2372 1501 2405 Lazarus,
1516 2373 1566 2408 qui
1577 2374 1783 2411 interpretatur
1797 2383 1890 2403 Lazarus

1014 2463 1041 2490 2,
1063 2462 1085 2483 (j.
1105 2472 1135 2476 —
1160 2461 1176 2472 ⁸⁸
1192 2459 1282 2489 Marc„
1301 2465 1353 2487 xlv,
1370 2462 1392 2482 ἰ).
1413 2474 1438 2477 -
1461 2462 1477 2474 “”
1491 2462 1606 2494 August,
1622 2464 1652 2487 (Ie
1667 2465 1780 2489 Gemens.

1014 2496 1121 2525 Ευαιιφ,
1136 2495 1177 2518 lib.
1194 2495 1224 2524 11,
1240 2501 1261 2517 c.
1278 2500 1425 2525 Lxxv111,n.
1442 2499 1494 2521 153.
1513 2511 1540 2515 ——
1553 2499 1571 2513 ²⁰
1583 2499 1650 2529 Luc„
1667 2507 1690 2531 x,
1708 2503 1745 2526 39.
1757 2516 1779 2519 —

1013 2532 1033 2546 «ιι
1050 2531 1124 2560 mid„
1144 2532 1181 2553 38.
1200 2543 1231 2548 --
1250 2531 1269 2546 2²
1286 2530 1427 2562 chrysost„
1445 2533 1487 2556 ubi
1506 2540 1561 2564 sup.
1577 2547 1607 2552 —
1624 2536 1643 2551 ²¹³
1662 2538 1736 2567 Aug„
1757 2539 1781 2561 in

1012 2567 1092 2595 donn„
1107 2568 1179 2589 tract.
1196 2572 1226 2595 L,
1242 2573 1268 2589 11.
1284 2567 1307 2589 ij.
1326 2579 1349 2582 —
1372 2567 1392 2583 '²⁴
1406 2569 1489 2598 Aper„
1509 2575 1552 2599 111,
1571 2571 1608 2593 20.
1625 2584 1655 2588 —-
1670 2572 1688 2589 ²⁵
1703 2573 1780 2603 Rom,

1014 2607 1074 2628 xm.
1092 2603 1114 2624 Τ.
1132 2614 1159 2617 -
1177 2601 1197 2616 ²5
1212 2601 1308 2627 riu-en„
1326 2607 1352 2631 11,
1367 2604 1404 2625 13.

1047 2649 1079 2678 (a)
1096 2650 1154 2671 [het.
1170 2648 1230 2671 edil.
1246 2649 1395 2679 requireret.
1411 2663 1441 2667 —
1456 2651 1490 2680 (Ιι)
1507 2652 1592 2682 Sululos.
1611 2656 1647 2677 est
