1987 3032
697 223 900 255 EXPOSITIO
923 224 962 255 IN
986 225 1070 255 CAP.
1095 226 1171 256 XlX.

41 291 101 311 beati
140 288 196 322 nis,
211 289 243 315 ut
256 289 367 318 dictum
382 291 424 316 est
438 297 455 316 a
467 289 676 324 chrysostomo
695 296 713 317 ¹.
735 290 791 318 Sed
806 290 907 326 quaeri-

18 326 119 349 *¹⁰³³*st
140 336 196 369 tur,
213 343 280 362 eum
290 336 384 362 essent
398 334 462 362 aliae
475 335 568 362 Marife
581 337 705 363 astantes
720 338 747 363 et
757 336 904 370 desolatae,

1673 230 1730 259 503

962 292 1137 326 Augustinus
1152 293 1163 309 ⁶
1180 301 1186 319 ;
1206 303 1219 318 a
1233 292 1301 325 Quis
1316 294 1410 327 potest
1425 293 1581 327 disponere
1600 294 1650 321 illa
1666 302 1730 329 quae

962 337 1048 364 fecit?
1063 348 1075 363 n
1094 340 1125 365 Et
1139 338 1223 373 quasi
1237 337 1419 373 respondens
1435 338 1474 365 ait
1490 346 1496 364 :
1515 348 1527 363 «
1542 340 1634 366 Homo
1650 348 1731 366 nam-

35 658 127 678 Marcio·

20 689 55 709 nis
60 689 126 708 haere-

21 719 58 739 tici
63 719 124 739 inve-

36 755 116 770 recun-

23 780 60 800 dia
74 779 125 799 obs-

21 812 99 832 tructa.

140 389 232 416 quare
245 389 307 408 non
326 388 374 408 eas
398 381 616 408 commendavit
634 381 779 418 discipulo
799 390 805 408 ε
822 383 905 410 vide-

140 429 187 454 tur
210 427 310 462 quod,
334 434 400 453 cum
423 428 496 453 esset
517 429 599 462 pater
626 428 906 462 misericordiarum,

141 473 288 500 debuisset
315 472 547 500 commendasse.
574 473 624 500 Ad
646 474 723 501 istud
750 475 908 509 respondet

140 519 362 554 Chrysostomus
376 519 386 534 2
399 520 481 555 quod
496 520 601 547 decens
617 523 677 547 erat
697 521 763 556 plus
778 521 907 556 praebere

140 565 301 599 matribus3
318 566 387 592 item
400 566 438 592 ad
453 566 671 594 convincendos
690 567 850 600 haeretieos,
865 567 909 594 di-

141 614 238 639 centes
250 612 332 646 quod
346 620 406 639 non
422 615 536 648 oportet
551 621 634 640 nosse
658 613 820 648 genitores3
840 614 908 641 item

141 658 180 685 ad
194 658 406 685 obstruendam
421 659 660 686 inverecundiam
678 660 839 694 MarcioniS,
856 660 909 687 sci-

140 703 206 731 licet
220 704 355 738 haeretici,
377 704 498 731 dicentis
525 712 586 732 non
606 713 672 732 eum
696 714 757 733 esse
779 707 908 740 genitum

132 750 178 778 ‘ex
192 752 281 779 Maria
297 761 304 778 τ
319 752 388 787 quia
407 752 429 778 si
444 760 504 779 non
529 754 602 780 esset
617 753 730 787 genitus
745 753 909 780 secundum

142 805 272 831 carnem,
287 805 383 833 neque
403 806 469 825 eam
484 798 587 826 habuit
600 800 734 833 matrem,
745 799 830 833 cujus
846 807 910 834 gra-

140 844 181 871 tia
193 846 304 871 tantam
318 843 386 871 facit
403 844 480 871 circa
494 852 560 871 eam
575 845 669 872 solam
681 845 908 880 providentiam,

142 892 170 918 et
183 898 244 918 non
254 891 331 918 circa
339 891 411 918 alias
427 891 584 919 mulieres?
596 893 626 918 ut
636 891 675 918 ait
686 892 910 927 chrysostomus

141 937 193 964 ubi
208 945 307 972 supra.
324 939 356 964 Et
371 937 407 965 de
421 937 478 964 hoc
495 938 618 973 quidam
639 938 787 973 expositor
810 938 885 965 bene
902 948 909 965 :

145 993 159 1008 c<
171 983 343 1019 Discipulus,
355 984 405 1019 qui
418 984 449 1010 in
462 992 544 1011 coena
559 984 707 1012 dominica
717 985 840 1012 cervical
854 985 910 1012 sibi

143 1030 173 1056 in
187 1032 303 1065 pectore
317 1030 447 1064 magistri
463 1032 625 1065 optaverat,
641 1038 707 1058 ecce
728 1031 834 1058 iterum
851 1031 910 1058 alio

141 1076 298 1112 privilegio
309 1077 481 1104 honoratur.
498 1087 511 1102 »
529 1079 561 1104 Et
575 1079 640 1112 post
653 1086 659 1104 z
676 1086 688 1102 «
703 1077 778 1104 Illud
788 1078 911 1105 reclina-

142 1123 261 1155 torium,
282 1123 312 1149 in
327 1131 386 1157 quo
402 1123 516 1150 viderat
534 1132 540 1150 ;
556 1125 588 1150 1η
608 1125 745 1157 principio
767 1127 825 1150 erut
844 1125 911 1151 Ver-

142 1169 215 1203 bum3
233 1168 351 1195 officina
367 1169 428 1202 illa,
444 1169 474 1195 in
489 1177 548 1204 qua
562 1169 690 1196 Verbum
710 1177 778 1196 caro
802 1169 911 1197 factum

143 1216 194 1249 est,
209 1214 364 1249 diiigenter
379 1215 404 1242 ei
418 1223 435 1242 a
449 1215 511 1242 tilio
533 1215 740 1243 commendata
758 1218 808 1242 est.
829 1217 911 1243 Petro

143 1261 367 1288 commendatur
390 1262 526 1294 Ecclesia,
542 1262 584 1288 illi
600 1262 686 1289 Maria
711 1271 716 1288 :
741 1261 784 1288 iili
803 1262 912 1289 tumul-

143 1310 229 1334 tuosa
242 1307 372 1342 negotia,
393 1307 461 1334 huic
476 1308 574 1343 quieta
594 1318 602 1334 .·
626 1308 666 1334 illi
684 1308 766 1341 atria,
786 1308 913 1335 vestibu-

143 1354 217 1388 lum,
233 1356 260 1381 et
274 1353 362 1381 altare
376 1354 563 1388 sanguinum,
580 1354 647 1381 huic
662 1354 750 1381 altare
765 1355 873 1381 incensi
887 1357 914 1382 et

143 1402 243 1427 sancta
258 1402 436 1427 sanctorum.
454 1412 466 1424 »
485 1402 516 1427 Et
530 1401 660 1435 sequitur
676 1410 705 1427 :«
721 1401 912 1435 Quadrigam,

144 1454 204 1481 qua
220 1446 398 1475 currendum
418 1446 457 1473 ad
484 1447 619 1482 patriam,
648 1446 776 1480 intueor,-
805 1450 835 1474 ut
861 1455 913 1482 per

144 1494 268 1519 matrem
282 1492 322 1519 ad
336 1492 441 1526 filium,
457 1494 483 1519 et
497 1500 550 1527 per
564 1492 665 1519 Filium
683 1493 859 1527 attingamus
875 1493 914 1519 ad

145 1540 267 1565 patrem.
284 1540 316 1565 Et
331 1539 360 1565 in
385 1538 441 1565 hoc
469 1538 590 1571 ferculo,
613 1538 696 1572 quod
718 1546 772 1565 nos
794 1539 831 1565 ab
855 1539 911 1565 hoc

144 1585 249 1612 saeculo
264 1585 370 1618 evehit,
391 1587 432 1619 ut,
453 1585 536 1612 beate
555 1586 690 1619 ioannes,
716 1585 754 1612 sis
776 1585 915 1612 columna

145 1632 295 1666 argentea,
310 1633 403 1658 mater
417 1639 556 1658 ascensus
571 1639 746 1666 purpureus,
762 1631 839 1658 filius
853 1639 914 1658 me-

145 1677 194 1704 dia
209 1677 332 1704 charitas
346 1679 372 1704 et
387 1677 604 1704 reclinatorium
623 1685 756 1710 aureum,
773 1677 846 1704 visio
862 1680 914 1704 Pa-

144 1723 195 1750 tris
209 1724 239 1750 in
256 1723 363 1750 decore
383 1731 436 1750 suo
451 1724 460 1739 ³
477 1732 483 1750 :
499 1724 635 1750 Ferculum
656 1724 720 1755 fecit
736 1724 788 1749 sibi
805 1731 853 1749 rea:
867 1723 915 1750 Su-

147 1771 244 1802 lomon,
257 1781 270 1794 »
290 1771 342 1796 etc.

182 1817 225 1843 28.
238 1815 468 1851 Etsequiturilla
479 1823 557 1850 pars,
574 1815 602 1841 in
618 1823 676 1850 qua
685 1815 721 1842 de
730 1823 915 1843 consumma-

147 1862 224 1889 tione
249 1861 393 1897 passionis
421 1861 483 1888 Filii
509 1860 574 1894 Dei,
604 1861 645 1887 ibi
675 1870 681 1887 :
712 1862 807 1888 Postea
831 1863 915 1889 sedens

146 1910 231 1942 Jesus,
248 1910 313 1941 etc.;
333 1909 360 1934 et
379 1907 432 1934 illa
450 1907 480 1934 in
494 1909 551 1934 tres
571 1915 577 1933 :
594 1907 702 1942 primo,
725 1907 761 1934 de
779 1915 915 1935 consum—

146 1954 275 1981 matione
293 1953 393 1988 quoad
408 1952 606 1980 testimonium
620 1953 852 1988 scripturarum3
869 1962 915 1981 se—

147 2000 256 2033 cundo,
273 2002 418 2035 quantum
433 1999 471 2026 ad
485 1998 594 2026 factum
616 2007 677 2026 esse
699 1999 791 2035 ipsius
805 2001 916 2035 passio-

147 2047 200 2080 nis,
217 2045 258 2073 ibi
275 2055 281 2072 ι
298 2047 331 2072 Et
355 2046 484 2072 inclinato
505 2047 603 2079 capite,
621 2047 689 2079 etc.;
712 2045 807 2079 tertio,
824 2054 915 2081 quan-

148 2093 209 2118 tum
221 2091 260 2118 ad
274 2090 419 2125 effectum,
436 2091 476 2118 ibi
492 2100 498 2117 :
513 2092 603 2118 Jurloez'
616 2100 727 2126 quoque,
742 2095 795 2119 etc.

183 2138 228 2165 Ait
242 2145 312 2172 ergo
329 2147 336 2164 :
351 2138 440 2164 Sciens
454 2138 541 2171 Jesus,
555 2139 680 2172 quoniam
695 2140 784 2165 omnia
799 2147 916 2167 consum-

147 2187 221 2211 mata
247 2186 320 2218 sunt,
344 2183 452 2210 scilicet
472 2185 615 2218 quantum
634 2184 672 2211 ad
693 2192 738 2217 ea,
763 2193 828 2220 quae
851 2189 918 2214 sunt

147 2231 255 2266 scripta
283 2230 319 2257 de
346 2229 408 2257 filio
435 2230 563 2257 hominis
593 2239 599 2257 x
634 2231 666 2257 lst
693 2235 916 2259 consummaretur

149 2277 291 2311 Scriptura
317 2276 395 2303 illius
420 2276 526 2303 Psalmi
552 2276 561 2291 '¹
589 2285 595 2302 :
629 2286 643 2302 <‹
665 2278 839 2305 Potavcrunt
869 2286 916 2307 me

149 2324 247 2357 aceto,
271 2332 284 2348 n
305 2324 375 2349 Dicit
395 2330 403 2348 .·
423 2322 504 2349 Sitio.
525 2324 557 2349 Ut
582 2322 659 2349 enim
684 2323 724 2350 ait
746 2323 915 2359 chrysosto-

148 2377 214 2396 mus
228 2369 248 2402 5,
262 2368 405 2403 quoniam
420 2368 492 2395 nihil
507 2368 605 2395 deficit
627 2368 846 2404 dispensationi,
861 2378 915 2398 vo-

148 2416 229 2443 lebat
243 2414 396 2442 ostendere
412 2415 554 2450 quoniam
577 2415 607 2442 in
623 2416 762 2450 potestate
778 2416 840 2451 ejus
855 2420 916 2445 erat

148 2462 235 2495 mori,
250 2461 291 2488 sic
305 2461 353 2496 ait,
370 2460 555 2496 prophetiam
569 2460 705 2496 implens.
723 2462 802 2490 Unde
815 2463 917 2498 quoerit

181 2546 188 2561 ¹
205 2545 344 2576 Chrysost.,
363 2545 406 2568 nbi
425 2552 481 2575 sup.
500 2558 524 2562 -
547 2545 556 2560 ²
573 2545 681 2569 1hi‹1.-
698 2546 708 2562 ³
727 2546 809 2577 Cant„
830 2553 872 2578 111,
892 2550 915 2572 9.

149 2593 179 2597 -
199 2580 210 2596 ⁴
231 2580 300 2604 Psal.
324 2586 419 2609 vam,
447 2582 484 2604 22.
506 2593 536 2598 —
559 2581 568 2596 ¹⁵
587 2580 727 2611 chrysost,
750 2581 792 2605 ubi
810 2589 866 2613 sup.
886 2596 916 2601 —

150 2615 159 2629 ⁸
172 2616 245 2645 Aug„
263 2615 305 2639 ubi
319 2622 385 2646 sup„
401 2622 426 2639 n.
445 2617 468 2639 4.
483 2628 514 2632 —
534 2616 542 2629 ⁷
557 2615 638 2639 Gloss.
659 2616 684 2639 in
706 2617 794 2647 Mam,
815 2623 856 2647 xv,
876 2619 916 2642 30.

150 2663 180 2668 —
199 2652 207 2665 ⁸
228 2651 328 2679 Mami„
348 2656 432 2680 xxvn,
453 2652 490 2674 48.
511 2664 537 2668 —
557 2653 566 2665 Ἄ
588 2652 729 2682 (ῥὶιιχγεοῇι.ν
751 2652 792 2676 ubi
811 2660 866 2683 sup.
887 2667 915 2671 —

963 391 1019 418 que
1044 384 1214 419 apparebat,
1230 384 1280 419 qui
1296 385 1369 411 Deus
1396 384 1506 411 latebat
1531 394 1537 411 ε
1566 385 1731 420 patiebatur

962 429 1023 456 haec
1039 430 1148 462 omnia,
1172 430 1242 465 quia
1265 430 1436 465 apparebat,
1452 432 1479 457 et
1493 430 1572 457 idcm
1592 431 1652 466 ipse
1672 431 1731 458 dis-

962 475 1091 510 ponebat
1107 476 1166 502 itaec
1182 476 1291 507 omnia,
1308 476 1359 511 qui
1374 476 1491 504 latebat.
1507 486 1520 501 n
1541 479 1603 504 Hcec
1618 477 1677 504 ille.

999 524 1042 548 29.
1062 523 1115 548 Vas
1131 530 1190 555 erqo
1212 524 1269 549 erat
1292 524 1409 556 positum
1433 525 1504 549 aceto
1523 524 1630 557 plenum
1655 531 1664 550 :
1690 525 1733 549 illi

964 570 1052 594 autem
1065 569 1203 601 spongiam
1216 569 1323 602 plenam
1339 569 1497 595 obtulerunt.
1520 569 1553 595 Ut
1568 569 1645 595 enim
1661 569 1734 596 dici-

964 614 1010 639 tur
1025 613 1055 639 in
1070 613 1169 641 Glossa
1183 613 1193 628 ⁷
1210 622 1216 640 ε
1237 624 1249 639 «
1272 614 1402 650 Spongia
1426 616 1468 641 est
1489 622 1583 642 canna
1605 615 1733 648 infirma,

963 658 1080 693 ignibus
1113 662 1179 694 apta
1192 680 1200 693 ,
1236 662 1263 687 et
1289 660 1394 687 dicitur
1426 668 1444 687 a
1476 668 1590 695 spuma.
1620 671 1633 685 η
1664 662 1733 688 Mat-

964 704 1053 732 thaeus
1066 713 1136 732 vero
1153 705 1192 732 ait
1205 704 1225 739 Β,
1245 706 1327 740 quod
1349 706 1518 733 obtulerunt
1539 707 1565 733 ei
1588 707 1624 734 de
1647 714 1733 734 arun-

965 750 1042 777 dine.
1059 753 1091 778 Et
1104 751 1150 777 hic
1170 753 1249 786 patet
1272 751 1440 778 Judaeorum
1462 752 1627 787 crudelitas,
1651 752 1734 788 quod

964 805 1060 832 nequo
1083 797 1112 824 in
1126 797 1182 831 his,
1198 806 1262 833 quae
1276 797 1463 831 videbantur,
1478 798 1542 825 sacti
1567 801 1634 826 sunt
1654 806 1734 825 man-

965 843 1055 877 sueti,
1072 843 1123 870 sed
1138 843 1294 870 saeviebant
1309 844 1417 878 magis,
1433 845 1460 870 et
1479 845 1635 879 spongiam
1651 844 1734 878 aceti,

965 890 993 915 et
1016 889 1180 924 hyssopum
1212 889 1384 924 offerentes,
1413 890 1487 917 sicut
1521 891 1733 918 condemnatis

965 935 1187 970 Chrysostomus
1202 935 1211 950 ⁹
1229 945 1235 962 :
1254 946 1267 960 (ι
1282 936 1434 964 Insinuans
1448 944 1500 971 per
1514 937 1581 971 hoc,
1596 937 1676 972 quod
1695 939 1736 964 ta-

965 981 1000 1007 lis
1014 983 1101 1016 potus
1115 981 1240 1008 dabatur
1255 982 1468 1015 condemnatis,
1488 992 1501 1008 »
1519 985 1550 1009 ut
1563 982 1636 1010 sorte
1653 983 1735 1010 citius

966 1029 1164 1061 morerentur;
1182 1027 1228 1054 vel
1242 1028 1299 1055 hoc
1322 1028 1375 1055 fuit
1400 1029 1619 1056 consuetudinis
1634 1037 1639 1055 :
1657 1031 1684 1056 et
1699 1029 1735 1056 de

966 1072 1022 1099 hoc
1036 1072 1110 1099 nihil
1125 1073 1154 1099 in
1166 1073 1303 1100 historiis.

1002 1120 1044 1145 30.
1059 1119 1122 1146 Cum
1143 1127 1203 1153 erqo
1223 1121 1365 1153 accepisset
1380 1123 1493 1151 acetum,
1517 1120 1555 1147 ad
1578 1120 1737 1155 prophetire

967 1165 1261 1199 consummationem,
1281 1166 1354 1192 dz'ae15t
1377 1175 1384 1192 ε
1410 1167 1622 1193 consummatum
1641 1169 1688 1194 est.
1706 1168 1738 1194 Ut

967 1210 1046 1237 enim
1062 1211 1099 1237 ait
1114 1211 1290 1245 Augustinus
1306 1212 1324 1227 ¹0
1335 1220 1360 1237 :a
1371 1211 1444 1244 Quia
1458 1212 1528 1239 nihil
1544 1215 1736 1246 remanserat,

967 1256 1049 1291 quod
1061 1277 1068 1289 ‚
1096 1257 1255 1291 antequam
1283 1259 1456 1290 moreretur,
1483 1257 1580 1285 adhuc
1608 1258 1671 1285 fieri
1701 1259 1737 1294 (ιι)

968 1304 1149 1337 oporteret.»
1171 1304 1187 1319 ¹¹
1206 1304 1266 1330 Una
1279 1303 1357 1329 enim
1379 1303 1528 1330 oblatione
1553 1312 1738 1332 consumma-

968 1349 1016 1375 vit.
1039 1358 1052 1373 »
1079 1348 1099 1365 ¹2
1120 1358 1133 1373 α
1155 1350 1380 1376 consummator
1410 1351 1439 1384 (h)
1478 1358 1648 1377 sermonum
1677 1351 1737 1386 ipse

968 1397 1017 1421 est.
1036 1405 1048 1419 υ
1066 1395 1234 1421 Secundum
1248 1396 1440 1429 Augustinum
1454 1395 1475 1412 ¹³
1492 1404 1497 1422 :
1516 1406 1527 1420 r<
1543 1396 1634 1423 Judaei
1658 1399 1740 1424 erant

969 1443 1092 1473 acetum,
1110 1442 1319 1475 degenerantes
1339 1450 1355 1468 a
1371 1442 1441 1468 vino
1466 1442 1697 1477 patriarcharum
1713 1446 1740 1470 et

968 1486 1188 1521 prophetarum.
1205 1487 1352 1514 »1³«v1nea
1365 1488 1478 1514 Domini
1491 1488 1619 1515 Sabaoth
1633 1489 1740 1515 domus

968 1533 1055 1559 Israel
1076 1535 1118 1560 est
1135 1542 1141 1559 ι
1158 1534 1331 1568 expectavit,
1347 1536 1377 1560 ut
1394 1534 1500 1560 faceret
1522 1542 1605 1567 uvaS,
1628 1537 1655 1561 et
1674 1534 1741 1561 fecit

969 1581 1130 1607 labruscas.
1147 1591 1161 1606 »
1177 1581 1278 1614 Judaei,
1294 1581 1427 1616 inquam,
1440 1582 1582 1608 hahentes
1597 1589 1647 1608 cor
1661 1582 1741 1608 velut

970 1628 1135 1663 spongiam,
1151 1628 1316 1654 cavernosis
1331 1627 1568 1662 quodammodo,
1580 1630 1667 1662 atque
1683 1630 1741 1655 tor-

972 1674 1058 1701 tuosis
1084 1673 1213 1700 latibulis
1236 1673 1466 1700 fraudulentum.
1491 1675 1542 1700 Per
1565 1674 1739 1709 hyssopum,

971 1728 1035 1754 quai
1050 1722 1092 1746 est
1104 1719 1196 1746 herba
1210 1719 1338 1751 humilis,
1355 1721 1381 1746 et
1395 1722 1495 1754 pectus
1510 1722 1626 1754 purgat,
1642 1720 1740 1746 humi-

970 1766 1034 1793 litas
1057 1765 1158 1793 Christi
1182 1765 1328 1799 signatur3
1343 1773 1395 1800 per
1416 1765 1591 1792 arundinem
1612 1774 1683 1793 vero
1703 1766 1740 1793 si-

971 1814 1075 1847 gnatur
1089 1812 1246 1846 Scriptura,
1258 1819 1323 1846 quae
1333 1811 1477 1838 arundine
1488 1811 1631 1838 scribitur.
1645 1812 1740 1839 Chris<

970 1860 1015 1885 tus
1031 1866 1100 1893 ergo
1122 1857 1234 1893 accepit
1255 1858 1379 1888 acetum,
1396 1857 1514 1891 signans
1537 1866 1567 1884 se
1588 1857 1663 1885 mori
1685 1866 1739 1893 pro

971 1905 1156 1932 credentibus
1178 1912 1212 1931 ex
1235 1904 1354 1936 Judaeis,
1376 1903 1554 1938 trajiciendis
1580 1903 1609 1930 in
1633 1912 1740 1940 corpus

971 1959 1068 1985 suum,
1093 1952 1120 1977 et
1145 1950 1340 1977 humilitatem
1369 1957 1453 1976 suam
1480 1949 1661 1977 imitantibus
1675 1971 1684 1983 ,
1713 1953 1740 1977 et

970 1997 1122 2032 Scripturas
1132 1996 1326 2023 credentibus
1339 1995 1407 2022 Ideo
1418 1996 1457 2022 ait
1466 1997 1547 2022 Petro
1560 1995 1590 2029 ¹³,
1598 2004 1665 2023 cum
1676 1996 1740 2023 des-

971 2044 1108 2070 cenderet
1134 2042 1256 2069 linteum
1271 2063 1279 2075 ,
1308 2042 1339 2068 in
1368 2049 1428 2076 quo
1462 2044 1543 2068 erant
1570 2042 1739 2077 quadrupe-

971 2090 1031 2123 dia,
1054 2090 1106 2116 etc.
1125 2097 1131 2115 z
1151 2098 1164 2113 (ι
1184 2087 1300 2121 Occide,
1316 2086 1474 2120 manduca,
1491 2097 1504 2112 »
1521 2087 1551 2113 id
1574 2090 1624 2120 est,
1641 2096 1658 2114 a
1680 2088 1739 2116 vita

970 2134 1129 2170 iniquitatis
1139 2134 1279 2167 interfice,
1291 2136 1318 2160 et
1330 2134 1360 2160 in
1370 2141 1476 2168 corpus
1490 2134 1620 2162 Ecclesiae
1629 2135 1738 2169 trajice,

971 2182 1044 2208 sicut
1054 2180 1174 2215 exponit
1188 2180 1342 2214 Gregorius
1358 2179 1441 2206 ¹⁶.Vel
1457 2188 1509 2214 per
1524 2182 1637 2207 acetum
1662 2188 1740 2208 ama-

970 2227 1068 2255 ritudo
1083 2225 1227 2262 passionis
1239 2225 1370 2260 signatur
1386 2234 1392 2252 :
1414 2225 1518 2252 dicitur
1540 2226 1618 2253 enim
1638 2230 1740 2253 acetum

971 2274 1055 2310 quasi
1070 2276 1184 2306 acutum,
1201 2272 1240 2299 ait
1259 2271 1361 2306 Papias
1372 2281 1380 2306 5
1402 2273 1430 2298 et
1444 2274 1485 2298 est
1508 2272 1589 2299 fortis
1612 2272 1739 2300 exsicca-

972 2321 1066 2354 tionis,
1077 2322 1105 2348 et
1118 2319 1255 2355 prohibet
1268 2318 1424 2345 effusiones
1439 2318 1629 2346 materiarum
1641 2320 1679 2347 ad
1695 2320 1740 2347 in-

973 2368 1088 2401 teriora,
1104 2369 1131 2394 et
1146 2365 1257 2393 confert
1272 2364 1382 2391 morsui
1396 2367 1618 2399 venenatorum,
1635 2374 1740 2393 secun-

972 2415 1044 2442 dum
1056 2411 1270 2440 Avicennam¹⁷.
1284 2410 1356 2438 Talis
1371 2411 1413 2437 est
1422 2410 1518 2445 passio
1529 2411 1641 2438 Christi.
1651 2412 1741 2447 Signi-

973 2499 991 2514 ¹⁰
1004 2498 1077 2526 Aug„
1093 2495 1134 2519 ubi
1148 2501 1203 2524 sup.
1217 2506 1243 2509 —-
1260 2493 1279 2509 ¹¹
1292 2492 1376 2522 Helm,
1392 2499 1417 2521 x,
1434 2494 1472 2516 lli.
1484 2506 1513 2512 —
1531 2494 1547 2510 ¹2
1560 2494 1648 2524 Ecrli„
1666 2500 1738 2524 ΜΛΝ,

972 2535 1009 2557 29,
1025 2545 1055 2549 -
1071 2531 1090 2547 ¹³
1105 2532 1179 2559 Aug,
1196 2528 1237 2551 ubi
1251 2535 1308 2558 sup.
1323 2541 1352 2545 —
1373 2529 1394 2545 ’ὁ
1412 2529 1471 2557 Isa..
1487 2535 1512 2558 vy
1527 2531 1550 2558 7,
1566 2532 1588 2552 ρ,
1600 2530 1660 2546 -15
1674 2530 1739 2558 ,neq

973 2576 1003 2599 x,
1020 2568 1096 2591 11-13.
1114 2578 1138 2581 -
1154 2565 1172 2580 ¹¹²
1188 2566 1273 2594 Grcg.‚
1289 2564 1385 2589 Morul„
1404 2564 1445 2587 lib.
1467 2565 1485 2594 l,
1501 2572 1522 2588 c.
1542 2570 1584 2594 κν,
1603 2565 1635 2587 ul.
1653 2570 1738 2592 xxxu,

972 2612 997 2628 n.
1014 2604 1052 2626 lili.
1064 2615 1091 2618 -
1107 2601 1126 2616 ¹⁷
1142 2599 1256 2629 Aviceu„
1269 2598 1298 2621 de
1310 2598 1436 2629 Meclicz'n„
1452 2599 1495 2623 lib.
1513 2600 1541 2622 ll.

1005 2652 1038 2682 (a)
1054 2651 1114 2675 Coet.
1128 2648 1187 2672 eclit.
1203 2646 1275 2671 scire.
1293 2659 1320 2664 ·—
1339 2646 1370 2676 (h)
1393 2647 1463 2677 Vuly.
1482 2647 1676 2671 consummatio.
