1987 3032
200 186 258 213 4⁶28

199 249 225 276 Si
239 257 310 284 ergo
324 257 376 284 per
390 250 481 278 fidem
496 251 609 286 ejicitur
619 250 757 278 diabolus
767 249 804 277 de
818 249 967 285 cordibus,

199 295 280 331 prius
293 295 345 324 fuit
357 297 463 331 ejectus
478 297 513 324 de
529 297 668 324 cordibus
681 296 871 324 credentium.
886 298 918 324 Et
931 296 969 324 ad

200 342 254 370 ista.
281 343 522 378 respondendum
550 343 712 370 secundum
734 342 926 377 augustinum
943 343 969 376 ¹,

200 388 282 423 quod
299 399 312 414 «
329 389 466 416 diabolus
488 389 658 424 possidebat
678 396 771 423 genus
789 388 969 423 humanum,

200 436 228 461 et
242 442 308 462 reos
328 435 540 470 suppliciorum
559 435 676 462 tenebat
689 435 886 470 chirographo
901 442 970 470 pec-

201 483 348 514 catorum,
370 483 396 508 et
415 481 459 508 sui
479 483 560 508 erant
581 481 681 513 multi,
702 489 763 508 non
783 482 901 515 natura,
918 481 971 508 sed

201 527 288 561 vitio;
309 535 369 554 non
385 530 455 562 quia
475 527 595 561 creavit,
617 529 666 554 aut
690 527 806 562 genuit,
828 527 880 554 sed
901 527 971 562 quia

201 573 343 609 persuasit
363 575 390 600 et
408 573 507 601 tenuit.
524 575 555 600 Et
569 573 639 609 quia
659 573 742 600 scivit
762 573 900 600 Dominus
919 581 972 609 per

201 627 284 646 suam
299 619 467 655 passionem
489 622 516 647 et
536 619 780 654 glorificationem
795 619 903 647 multos
917 627 972 654 po-

202 665 288 701 pulos
303 665 478 700 credituros,
491 666 521 693 in
539 674 668 701 quorum
679 665 819 693 cordibus
834 665 972 693 diabolus

201 712 278 738 intus
293 714 370 746 erat,
391 712 437 739 cui
459 712 581 748 quando
601 720 636 739 ex
651 712 709 739 tide
724 712 907 745 renuntiant,
923 712 974 746 eji-

202 758 274 785 citur
289 758 376 786 foras.
390 769 402 784 ι)
416 760 479 785 Haec
493 758 552 786 ille.
566 758 634 786 Ideo
648 759 704 792 ait,
720 758 802 794 quod
818 758 973 793 prredictus

201 806 336 841 princeps
359 806 488 841 ejicietur
507 806 594 834 foras.
620 808 651 834 Et
674 814 726 842 per
744 807 800 833 hoc
819 806 857 832 ad
876 806 973 841 prima

202 853 324 887 obJecta.
359 852 402 880 Ad
430 853 512 880 aliud
540 852 781 888 respondendum
810 852 972 879 secundum

202 899 339 926 eumdem
348 897 368 931 ²,
381 899 463 934 quod
477 909 489 924 «
505 899 586 926 aliud
602 900 643 926 est
656 899 733 925 intus
744 906 877 933 regnare,
890 898 972 925 aliud

201 946 245 971 est
260 944 419 972 forinsecus
434 953 616 981 oppugnare.
631 955 644 970 υ
660 945 735 973 Licet
748 952 818 978 ergo
835 944 973 972 diabolus

200 993 267 1026 post
280 991 448 1026 passionem
463 991 565 1019 Christi
577 993 738 1027 oppugnet,
754 993 875 1026 propter
890 991 973 1026 quod

201 1037 354 1065 admonuit
377 1038 532 1073 Apostolus
554 1038 582 1064 ³:
611 1047 624 1062 «
646 1037 771 1072 Accipite
795 1040 973 1065 armaturam

201 1084 264 1118 Dei;
280 1094 293 1109 n
309 1091 370 1110 non
390 1086 487 1111 tamen
507 1085 609 1118 regnat
629 1083 658 1110 in
677 1083 858 1119 populorum
878 1084 974 1111 cordi-

202 1130 271 1163 bus,
291 1130 365 1157 sicut
378 1130 470 1165 prius.
487 1131 518 1157 Et
536 1139 548 1155 «
563 1130 586 1156 si
606 1129 767 1165 aliquando
788 1130 853 1165 quis
872 1130 974 1158 vulne-

201 1179 297 1210 ratur,
313 1176 396 1203 adest
410 1176 460 1211 qui
476 1178 569 1210 sanat,
587 1187 598 1200 »
614 1176 653 1203 ait
669 1177 846 1211 Augustinus
861 1178 880 1202 ὃ.
893 1178 904 1195 5
917 1188 930 1202 «
946 1178 973 1205 Si

202 1222 383 1257 peccaverit,
412 1223 588 1249 advocatum
618 1223 770 1250 habemus.
802 1233 815 1248 »
846 1224 915 1250 ltem
939 1224 948 1239 ⁰
966 1233 972 1251 ε

205 1279 218 1294 ιι
238 1269 362 1296 Mundus
386 1269 550 1304 appellatur
574 1269 604 1296 in
629 1268 713 1296 malis
729 1270 764 1304 (a)
786 1269 973 1304 hominihus,

202 1314 275 1342 sicut
290 1315 397 1342 domus
413 1315 578 1350 appellatur
592 1323 609 1342 a
624 1315 732 1350 quibus
746 1315 894 1343 habitatur
907 1325 912 1343 :
929 1324 973 1343 se-

202 1361 334 1388 cundum
346 1361 428 1397 quod
439 1362 587 1395 dominus,
602 1362 708 1389 doinus
719 1362 810 1396 bona,
826 1363 872 1389 vel
883 1362 972 1390 mala.

202 1408 338 1443 Princeps
356 1416 426 1442 ergo
441 1408 545 1435 mundi
561 1410 602 1435 est
617 1408 780 1441 malorum,
797 1408 848 1443 qui
863 1411 929 1436 sunt
944 1409 974 1436 in

202 1454 325 1481 mundo.
350 1466 362 1478 υ
390 1456 452 1481 flaec
482 1454 665 1488 Augustinus.
693 1454 830 1481 Similiter
854 1455 890 1481 de
916 1455 972 1482 hoc

202 1500 424 1534 Chrysostomus
445 1502 465 1534 ⁷,
494 1500 577 1535 quod
604 1511 615 1525 a
638 1508 691 1535 per
719 1502 844 1528 mortem
876 1508 974 1528 meam

201 1546 339 1581 princeps
357 1547 460 1574 mundi
478 1547 606 1574 mittetur
626 1547 722 1574 foras:
740 1558 752 1573 »
772 1550 798 1575 et
811 1548 883 1580 hoc,
905 1549 974 1583 quia

202 1592 356 1627 Christum,
373 1593 402 1619 in
419 1600 479 1628 quo
495 1601 556 1620 non
571 1595 630 1621 crat
646 1595 810 1629 peccatum,
826 1602 879 1628 per
893 1602 973 1629 suos,

202 1638 309 1665 scilicet
326 1639 430 1666 ludam
453 1641 480 1666 et
499 1639 588 1673 alios,
610 1639 761 1666 interfecit.
783 1642 815 1667 Et
833 1633 918 1674 ideo,
934 1641 974 1668 ad

202 1684 288 1719 hujus
309 1685 589 1719 manifestationem,
605 1686 705 1712 subdit
721 1687 765 1721 (v.
782 1686 832 1720 32)
846 1695 852 1713 z
875 1688 930 1721 Ego
949 1689 974 1713 si

202 1732 337 1758 exaltatus
351 1733 444 1765 fuero,
458 1734 548 1758 omnia
568 1732 671 1758 traham
691 1732 726 1758 ad
741 1734 880 1766 meipsum.
898 1734 929 1760 Et
944 1733 974 1760 in

202 1777 258 1804 hoc
280 1777 408 1804 insinuat
431 1785 524 1811 genus
548 1778 666 1811 mortis,
692 1777 800 1805 scilicet
822 1779 852 1805 in
872 1787 973 1813 crizce,

201 1831 290 1858 supra
304 1824 332 1850 ⁸:
352 1834 363 1848 ιι
379 1824 456 1851 Sicut
474 1824 611 1851 exaltavit
631 1826 745 1859 Moyses
764 1827 929 1859 serpentem
944 1826 973 1852 in

203 1869 316 1896 deserto
327 1890 336 1903 ,
370 1869 409 1896 ita
445 1871 559 1904 oportet
591 1870 712 1897 exaltari
745 1870 849 1898 Filium
877 1871 974 1898 homi-

203 1915 256 1946 nis,
270 1926 281 1939 n
299 1917 352 1942 etc.
371 1916 413 1950 (v.
431 1916 483 1950 33)
499 1916 662 1950 Sz‘97zz'ficans
677 1925 730 1950 qua
744 1919 842 1950 morte,
858 1917 928 1952 quia
943 1918 973 1945 in

202 1969 302 1994 cruce,
323 1963 468 1989 moriturus
488 1965 563 1990 esset.
587 1962 643 1990 Sed
659 1963 783 1998 qualiter
798 1964 855 1990 ait:
877 1964 974 1992 Omnia

202 2008 318 2041 traham,
333 2016 400 2035 cum
416 2016 518 2035 omnes
534 2017 595 2036 non
610 2009 726 2036 fuerunt
741 2010 832 2042 tracti,
850 2018 902 2037 nec
915 2018 974 2038 cre-

202 2053 361 2081 diderunt?
377 2056 407 2081 Et
419 2054 456 2081 ad
467 2055 545 2082 istud
557 2055 798 2090 respondendum
810 2056 974 2084 secundum

201 2099 395 2134 Augustinum
410 2101 430 2134 ⁹,
447 2101 530 2136 quod
549 2101 772 2136 intelligendum
790 2104 831 2129 est
850 2102 886 2130 de
908 2110 973 2130 om-

202 2145 304 2179 nibus,
325 2146 376 2181 qui
396 2148 463 2174 sunt
480 2146 677 2182 praedestinati
695 2147 733 2174 ad
755 2148 894 2182 salutem,
913 2149 973 2176 sive

203 2193 238 2219 de
259 2193 397 2220 omnibus
418 2193 574 2227 generibus
595 2193 764 2228 hominum,
785 2197 812 2221 et
830 2198 973 2230 quantum

203 2239 241 2265 ad
255 2240 368 2273 aetates,
387 2241 415 2266 et
434 2241 578 2274 quantum
591 2240 628 2266 ad
647 2239 773 2274 gradus,
789 2242 816 2267 et
831 2243 974 2276 quantum

203 2285 241 2311 ad
256 2285 467 2320 professiones,
484 2287 511 2312 et
525 2285 598 2312 alias
613 2285 806 2321 differentias,
821 2287 869 2314 vel
884 2296 974 2323 opera

202 2329 427 2365 intelligendum
445 2334 504 2365 est,
521 2334 664 2367 quantum
685 2332 724 2360 ad
745 2335 883 2361 creaturae
902 2334 973 2362 inte-

235 2402 242 2417 *
259 2402 334 2431 Aug„
353 2402 377 2425 in
393 2402 474 2430 donn..
491 2404 563 2426 tract.
582 2409 631 2433 Lis,
652 2410 678 2427 u.
698 2404 720 2427 7.
737 2416 767 2421 —-
787 2404 796 2419 ἓ
816 2403 888 2434 thid„
907 2411 932 2428 n,
948 2408 970 2429 9.

202 2448 232 2453 -
249 2435 259 2451 ³
275 2435 372 2466 Ephes„
396 2443 432 2466 vr,
454 2439 490 2461 113.
506 2451 536 2455 —
554 2438 564 2453 '⁶
586 2439 660 2469 Aug„
676 2438 736 2462 ibid.
751 2452 782 2455 —
798 2438 808 2455 ὅ
822 2439 830 2462 1
847 2439 928 2470 loon„
943 2446 971 2471 11,

202 2472 224 2493 1.
244 2484 270 2487 —
293 2471 303 2486 ⁶
325 2473 399 2501 Aug„
418 2472 489 2502 ibid„
506 2479 531 2496 n.
553 2475 589 2496 tc.
609 2485 638 2490 —-
661 2474 668 2487 ⁷
683 2473 825 2504 Chrysost„
842 2474 885 2497 ubi
906 2482 970 2506 sup,

203 2512 228 2528 u.
245 2506 267 2529 3.
283 2518 315 2523 -
329 2507 337 2520 ⁸
353 2507 425 2537 Sup„
441 2513 481 2536 111,
499 2509 534 2530 14.
550 2520 580 2524 —
594 2508 604 2524 ⁹
619 2510 694 2539 Aug„
708 2509 751 2532 ubi
765 2516 832 2539 sup,
849 2517 874 2532 u.
892 2512 929 2533 11.
943 2524 972 2528 -

204 2541 222 2555 ¹⁰
246 2540 312 2569 Luc„
336 2546 395 2570 xxi,
422 2542 457 2564 ¹8.
482 2555 512 2558 —
538 2543 553 2558 ¹¹
577 2542 629 2571 Job,
652 2549 727 2574 xxm,
748 2545 771 2568 7.
794 2557 824 2561 —
845 2544 864 2560 ¹2
885 2545 970 2576 Greg.³

205 2575 307 2605 Μαντώ,
329 2575 371 2599 lib.
394 2577 463 2606 XVI,
485 2583 507 2599 c.
526 2582 578 2605 xw,
597 2578 628 2601 al.
648 2584 714 2608 xxx,
735 2586 761 2603 u.
781 2580 819 2602 37.
833 2592 864 2597 —
884 2580 970 2611 ¹³Job,

205 2615 282 2635 xxm.
308 2613 342 2634 121.
366 2624 394 2628 —
421 2612 437 2628 1²
461 2612 519 2639 Job,
547 2618 592 2642 x1.‚
614 2614 650 2635 19.
673 2626 703 2630 -
726 2614 744 2630 ¹⁵
765 2615 851 2645 Greg.‚
868 2614 970 2645 Moral„

718 183 930 215 EVANGELH
956 184 1096 216 SANCTl
1118 185 1281 216 JOANle

1027 250 1180 286 gritatem,
1205 251 1313 280 scilicet
1337 253 1437 288 quoad
1464 253 1593 282 animam
1613 257 1641 282 et
1665 263 1793 291 corpus:

1027 297 1096 332 quia
1112 297 1131 314 ¹0
1150 307 1163 323 ιι
1175 298 1298 334 capillus
1319 298 1356 326 de
1376 299 1469 335 capite
1489 307 1549 327 non
1569 301 1686 336 peribit.
1702 311 1714 326 n
1732 302 1796 330 Hoec

1027 343 1213 378 Augustinus.
1229 346 1260 372 Et
1275 347 1353 380 patet
1369 345 1415 372 hic
1434 345 1564 374 virtuosa
1584 348 1711 382 potestas
1732 355 1797 383 pas-

1026 391 1116 418 sionis
1129 393 1196 419 Jesu
1210 391 1327 426 Christi,
1343 392 1423 428 quod
1439 401 1492 428 per
1506 394 1569 428 ejus
1587 395 1755 430 passionem
1769 397 1797 423 et

1027 439 1151 464 mortem
1172 438 1308 473 princeps
1327 438 1431 466 mundi
1451 439 1504 466 suit
1527 440 1619 467 victus
1634 443 1660 468 et
1677 441 1795 475 ejectus.

1027 485 1105 511 Patet
1129 483 1216 510 etiam
1239 484 1388 519 sapientire
1417 485 1479 519 ejus
1506 486 1689 521 virtuositas‚
1712 487 1797 523 quod

1028 529 1106 556 unde
1133 529 1271 557 diabolus
1299 530 1438 558 credebat
1466 531 1599 566 vincere,
1622 533 1715 561 vietus
1742 535 1794 561 est.

1028 577 1106 602 Patet
1120 575 1207 603 etiam
1217 575 1333 610 justitiae
1347 577 1483 612 aequitas:
1499 585 1559 605 non
1574 579 1652 606 enim
1666 579 1796 614 potentia

1027 621 1121 648 voluit
1136 621 1251 650 vincere
1268 622 1431 656 diabolum,
1444 623 1496 650 scd
1504 623 1622 658 justitia.
1632 625 1705 658 Quia
1718 625 1797 653 enim

1029 667 1167 696 diabolus
1182 677 1234 704 per
1255 669 1392 697 satellites
1411 678 1479 696 suos
1494 670 1597 698 Filium
1613 672 1674 705 Dei,
1690 671 1721 699 in
1735 680 1796 708 quo

1028 722 1089 742 non
1104 717 1164 742 erat
1188 717 1355 751 peccatum,
1376 715 1497 750 invasit3
1516 717 1591 752 juste
1612 717 1708 745 amisit
1722 725 1798 753 quos

1028 762 1154 789 tenebat.
1164 762 1182 779 ¹¹
1195 773 1207 788 «
1223 763 1359 797 Proponit
1371 764 1402 797 (ὁ)
1420 766 1521 790 contra
1535 772 1582 791 me
1596 764 1772 800 aequitatem.
1782 775 1796 790 n

1028 808 1070 835 lbi
1091 808 1245 843 Gregorius
1260 808 1280 825 ¹2
1294 808 1420 836 multum
1444 809 1480 836 de
1494 809 1539 836 his
1549 831 1556 843 ,
1570 812 1597 837 et
1613 810 1649 838 de
1663 810 1799 846 nequitate

1029 854 1090 881 Filii
1115 855 1163 881 Dei
1185 855 1214 881 in
1234 855 1379 882 vincendo
1402 856 1567 884 diabolum.
1583 858 1615 884 Et
1626 857 1648 874 ¹³
1666 866 1672 884 ε
1693 868 1705 881 ιι
1729 858 1798 884 Pru-

1029 900 1127 928 dentia
1144 904 1192 928 tua
1210 901 1351 936 percussit
1372 901 1525 929 inimicum
1541 903 1582 938 (c).
1600 914 1611 927 u
1630 903 1671 931 lbi
1691 903 1721 930 in
1739 902 1798 931 fine

1029 947 1065 974 de
1090 947 1156 975 hoc.
1184 949 1216 974 Et
1231 946 1250 963 ¹⁴
1271 956 1277 974 :
1299 959 1311 972 ιι
1327 949 1356 975 ln
1383 948 1472 975 hamo
1493 949 1586 984 capiet
1614 957 1692 976 eum.
1717 959 1730 975 n
1757 949 1799 978 lbi

1028 993 1182 1028 Gregorius
1202 995 1221 1010 ¹⁵
1239 1003 1244 1021 2
1264 1004 1277 1019 «
1293 995 1322 1021 ln
1343 994 1432 1021 hamo
1452 1002 1518 1022 esca.
1536 995 1712 1030 ostenditur,
1727 1003 1798 1023 acu-

1028 1039 1090 1066 leus
1105 1039 1275 1067 occultatur.
1291 1041 1323 1066 ln
1342 1040 1430 1067 hamo
1451 1048 1521 1074 ergo
1541 1040 1679 1068 diabolus
1697 1044 1799 1078 captus

1029 1088 1084 1119 est,
1101 1085 1170 1121 quia
1186 1086 1258 1113 dum
1278 1086 1307 1113 in
1327 1086 1436 1114 Christo
1457 1087 1567 1122 appetit
1581 1094 1678 1115 escam
1692 1095 1798 1123 corpo-

1028 1132 1083 1165 ris,
1106 1132 1262 1159 transfixus
1283 1135 1325 1159 est
1348 1133 1450 1160 aculeo
1474 1133 1642 1161 divinitatis.
1664 1144 1677 1159 >›
1703 1136 1735 1162 Et
1757 1134 1798 1161 ibi

1028 1178 1104 1205 bene
1120 1178 1156 1205 de
1178 1178 1244 1206 hoc.
1259 1179 1290 1205 Si
1304 1180 1439 1206 exaltatus
1457 1180 1550 1213 fuero,
1566 1182 1618 1207 etc.
1639 1180 1747 1208 Thema
1761 1180 1798 1208 de

1028 1225 1180 1258 passione,
1200 1225 1260 1251 sive
1280 1224 1309 1251 in
1327 1224 1398 1252 ies-to
1419 1227 1526 1252 sanctie
1546 1226 1654 1252 Crucis.
1676 1228 1707 1253 Et
1729 1227 1799 1254 insi-

1028 1272 1156 1298 nuantur
1176 1271 1230 1298 tria
1248 1280 1254 1297 z
1278 1270 1393 1306 primo,
1414 1271 1547 1306 patientis
1562 1271 1714 1306 majestas,
1737 1272 1796 1300 ibi:

1028 1318 1094 1351 qu,
1105 1316 1213 1344 scilicet
1224 1318 1297 1344 Deus
1309 1319 1335 1344 et
1345 1316 1445 1344 homo.
1460 1319 1522 1352 lpse
1531 1318 1610 1345 enim
1618 1319 1659 1345 est
1667 1318 1755 1346 -fortis
1765 1319 1798 1352 ¹⁶,

1029 1364 1080 1399 qui
1102 1363 1218 1391 intravit
1233 1363 1356 1390 domum
1374 1363 1469 1397 fortis,
1487 1366 1514 1390 et
1528 1363 1659 1398 alligavit
1678 1364 1798 1400 fortem,

1030 1412 1056 1437 et
1071 1409 1192 1445 diripuit
1202 1417 1282 1437 vasa.
1295 1409 1441 1443 Secundo,
1454 1410 1595 1444 figuratur
1608 1410 1722 1445 generis
1734 1418 1800 1446 pas-

1028 1456 1118 1483 sionis
1137 1464 1269 1490 congrua
1284 1456 1419 1491 qualitas,
1435 1456 1475 1483 ibi
1490 1465 1497 1483 :
1518 1456 1548 1483 Sc·
1562 1458 1698 1483 emanatus
1711 1458 1796 1490 fuero.

1030 1504 1060 1530 Et
1080 1502 1136 1529 hoc
1160 1502 1377 1534 convenienter,
1402 1502 1441 1528 ob
1468 1502 1651 1537 triumphalis
1671 1502 1798 1529 victoriae

1029 1548 1065 1575 de
1080 1548 1261 1583 principibus
1276 1547 1349 1574 aeris
1364 1547 1450 1582 hujus
1466 1548 1662 1575 ostensionem
1678 1547 1732 1575 ¹⁷:«
1748 1549 1799 1576 Pa-

1028 1594 1088 1621 lam
1103 1594 1286 1629 triumphans
1300 1593 1375 1620 illos.
1388 1604 1400 1618 »
1417 1595 1485 1621 ltem
1502 1593 1541 1621 ob
1554 1594 1798 1628 significationem

1028 1640 1239 1676 pacificationis
1262 1639 1438 1667 terrestrium
1461 1642 1487 1666 et
1511 1640 1686 1673 coelestium,
1709 1642 1736 1667 ct
1757 1642 1799 1667 at-

1029 1687 1201 1714 tractionem
1211 1686 1368 1713 hominum
1382 1685 1560 1713 terrestrium
1573 1685 1611 1713 ad
1631 1686 1739 1713 coelum
1756 1686 1776 1704 ¹⁸
1790 1696 1796 1714 ε

1033 1743 1045 1758 ι(
1060 1735 1121 1768 lpse
1137 1735 1178 1760 est
1193 1739 1252 1767 pax
1265 1734 1375 1766 nostra,
1391 1732 1443 1767 qui
1454 1732 1519 1759 fecit
1530 1735 1652 1767 utraque
1665 1740 1768 1760 unum.
1782 1742 1796 1757 ι)

1028 1781 1059 1807 Et
1082 1778 1231 1814 sequitur:
1255 1788 1269 1804 ιι
1290 1779 1322 1805 Ut
1344 1777 1512 1805 reconciliet
1532 1778 1636 1805 ambos
1658 1786 1711 1814 per
1734 1786 1798 1806 cru-

1029 1833 1102 1852 cem.
1115 1836 1128 1850 n
1142 1826 1211 1852 ltem
1226 1825 1265 1852 ob
1282 1831 1445 1858 congruam
1455 1823 1678 1858 responsionem
1692 1824 1731 1851 ad
1742 1825 1800 1860 pri-

1028 1879 1110 1898 mum
1131 1872 1292 1906 peccatum.
1308 1871 1502 1897 Damascenus
1517 1870 1555 1897 ¹⁹:
1575 1870 1672 1903 «Quia
1692 1878 1745 1905 per
1763 1870 1798 1897 li-

1030 1925 1120 1953 gnum
1130 1925 1221 1950 mors,
1232 1916 1387 1952 oportebat
1402 1923 1454 1951 per
1467 1916 1581 1950 lignum
1591 1915 1656 1943 dari
1670 1916 1770 1944 vitam.
1782 1926 1796 1942 u

1029 1966 1099 1991 Item
1118 1963 1157 1991 ob
1176 1963 1383 1997 figurationem
1397 1961 1634 1989 sanctificationis
1648 1962 1798 1997 omnium,

1027 2011 1115 2045 prout
1129 2010 1168 2037 ait
1183 2009 1406 2044 chrysostomus
1418 2009 1449 2042 ²⁰,
1459 2008 1541 2044 quod
1556 2008 1623 2035 ideo
1638 2008 1667 2035 in
1682 2008 1798 2036 excelso

1028 2056 1109 2090 ligno
1130 2055 1263 2083 sustinuit
1283 2057 1423 2088 mortem,
1442 2057 1474 2082 ut
1496 2054 1570 2082 aeris
1588 2054 1679 2090 ipsius
1694 2056 1798 2082 natura

1027 2102 1202 2135 mundetur,
1227 2102 1277 2136 qui
1301 2109 1351 2128 aer
1369 2101 1451 2128 fumo
1476 2100 1686 2128 sacrificiorum
1706 2101 1798 2128 fuerat

1027 2149 1196 2184 inquinatus
1211 2148 1259 2183 (d).
1269 2148 1288 2163 ²¹
1305 2158 1318 2173 «
1333 2147 1376 2174 Ad
1391 2147 1518 2182 populos
1533 2146 1669 2174 exaltabo
1681 2146 1798 2181 signum

1027 2202 1136 2222 meum.
1154 2205 1166 2219 »
1181 2194 1275 2221 Tertio
1290 2194 1431 2228 figuratur
1446 2192 1589 2228 passionis
1599 2213 1607 2226 ‚
1627 2192 1687 2219 sive
1704 2192 1798 2219 crucis

1028 2240 1134 2268 utilitas
1155 2242 1182 2267 et
1201 2240 1367 2267 virtuositas
1382 2239 1423 2266 ibi
1438 2248 1444 2265 :
1467 2239 1564 2266 Omnia
1584 2239 1690 2265 traham
1707 2238 1743 2265 ad
1757 2245 1798 2265 me

1028 2289 1132 2321 ipsum,
1154 2286 1261 2313 scilicet
1275 2285 1334 2312 fide
1356 2285 1500 2320 passionis
1520 2287 1546 2311 et
1567 2283 1794 2311 resurrectionis.

1028 2333 1166 2361 Diabolus
1179 2332 1266 2360 traxit
1280 2339 1381 2359 omnes
1396 2331 1433 2358 ad
1454 2333 1561 2358 terram
1574 2330 1710 2358 funiculis
1725 2337 1797 2365 peo-

1027 2397 1069 2421 1112.
1090 2398 1206 2427 xxxur,
1224 2404 1245 2421 c.
1263 2402 1312 2426 vu,
1332 2403 1359 2419 u.
1381 2397 1417 2419 14.
1433 2408 1463 2413 -
1485 2396 1501 2409 ¹⁶
1516 2394 1583 2424 Luc„
1596 2400 1638 2424 xx,
1652 2395 1696 2423 ει,
1710 2394 1750 2416 22.
1765 2405 1795 2410 -

1030 2433 1047 2448 ¹⁷
1061 2433 1166 2460 Coloss..
1180 2438 1206 2463 u,
1223 2433 1296 2456 15.—
1309 2430 1435 2461 ιΒΕρΙιιέῚ
1452 2436 1469 2453 11
1479 2448 1485 2459 ‚
1501 2431 1537 2459 15,
1554 2431 1626 2453 16.-
1638 2428 1657 2444 ¹⁹
1667 2429 1773 2451 Damaso
1785 2446 1793 2457 ,

1028 2467 1129 2491 Οι-ίΙιοιί.
1147 2467 1213 2498 Fid„
1229 2467 1272 2490 lib.
1288 2467 1328 2497 tv,
1344 2473 1366 2490 c.
1382 2472 1418 2495 xr,
1435 2467 1491 2496 post
1502 2465 1570 2488 med.
1582 2476 1608 2481 -—
1625 2463 1643 2477 ²·
1653 2463 1793 2493 chrysost„

1025 2503 1055 2525 tle
1071 2503 1147 2526 Cruce
1160 2504 1183 2525 et
1198 2503 1307 2531 Lan-on„
1325 2501 1394 2525 hom.
1412 2507 1429 2531 1,
1443 2507 1468 2524 u.
1487 2503 1506 2524 1.
1519 2513 1546 2516 —
1564 2499 1580 2515 ²¹
1598 2499 1656 2525 lsa„
1672 2504 1741 2528 nex,
1755 2500 1792 2521 22.

1057 2545 1088 2574 (a)
1116 2544 1176 2568 Cot-t.
1199 2544 1258 2568 edit.
1285 2543 1375 2573 inagis.
1402 2555 1427 2559 -
1455 2540 1486 2571 (b)
1515 2540 1586 2571 γαῖα.
1612 2541 1747 2570 Propouat.
1765 2553 1792 2557 —

1026 2580 1055 2607 (c)
1077 2580 1137 2603 Item
1159 2580 1212 2609 ejus
1231 2579 1351 2609 percussit
1373 2577 1518 2608 superbum.
1538 2589 1568 2593 —
1590 2575 1631 2605 id)
1653 2575 1712 2599 Cret.
1731 2574 1792 2599 edic.

1023 2616 1166 2638 mundatus.
