1987 3032
98 2134 166 2154 Beata

61 2163 123 2190 virgo
130 2164 167 2184 ad-

65 2195 162 2215 vocatrix

62 2225 120 2251 upud
144 2226 167 2245 fi—

63 2255 124 2276 lium.

770 215 977 247 EXPOSITIO
999 214 1038 246 ΓΝ
1060 215 1144 247 CAP.
1169 215 1207 246 11.

191 286 237 312 tua
255 286 281 312 et
300 286 400 318 fratres
418 285 462 311 tui
477 284 546 316 foris
557 280 652 310 stant.
669 281 726 310 Sed
740 282 816 310 absit
834 290 851 310 a
873 282 959 310 beata

189 332 275 358 Matre
304 331 369 364 Dei,
393 329 476 365 quod
504 331 571 364 post
592 328 808 364 plenitudinem
839 328 959 364 Spiritus

189 377 291 410 sancti,
316 378 344 403 et
366 375 590 410 conceptionem
614 377 640 402 et
662 377 780 410 partum
807 375 871 402 Filii
899 375 958 409 Dei,

188 423 242 450 fuit
259 430 345 458 passa
360 421 475 456 aliquid
494 422 668 455 humanum,
685 421 717 448 id
732 424 773 448 est
793 429 877 448 vanae
895 421 959 455 glo-

187 469 247 496 riae.
259 468 336 494 Unde
351 467 529 502 Augustinus
542 468 568 494 ¹:
584 478 597 493 <‹
608 468 645 494 De
660 469 770 501 sancta,
783 467 889 502 inquit,
900 467 959 494 Vir-

187 514 254 548 gine
269 513 367 546 Maria,
384 515 503 548 propter
526 513 673 540 honorem
697 513 824 546 Domini,
844 513 959 540 nullam

186 567 317 595 prorsus,
333 567 400 586 cum
422 559 459 586 de
479 559 605 594 peccatis
629 560 733 593 agitur,
755 559 863 586 habere
886 559 957 586 volo

187 606 378 641 quaestionem
399 614 405 632 z
426 605 494 632 inde
515 605 593 632 enim
613 605 730 639 scimus,
750 605 833 640 quod
848 605 874 632 ei
891 605 958 640 plus

186 652 284 687 gratiae
293 651 433 679 collatum
443 651 496 678 fuit
504 651 542 678 ad
551 651 731 678 vincendum
742 659 776 678 ex
785 652 866 678 omni
875 653 957 686 parte

185 700 350 733 peccatum,
365 706 430 733 quae
444 698 598 733 concipere
614 698 729 731 meruit,
744 706 833 733 quem
847 699 958 725 constat

185 741 301 772 nullum
315 745 425 772 habere
435 746 600 780 peccatum.
613 755 626 770 n
641 746 704 771 Haec
717 743 775 770 ille.
788 743 844 770 Sed
854 743 891 770 ad
902 743 957 770 sal-

185 790 316 818 vandum
331 790 442 817 dictum
457 790 668 825 Chrysostomi,
684 790 784 825 posset
794 789 862 823 dici,
875 789 957 824 quod

184 844 246 864 non
260 837 402 864 intellexit
411 837 441 863 in
453 836 517 871 ipsa
527 837 613 863 fuisse
625 836 758 871 aliquam
771 835 956 862 affectionem

183 890 268 910 vanae
278 883 390 917 gloriae,
401 883 453 910 sed
464 883 547 918 quod
556 883 712 918 appetebat
721 882 907 915 miraculum,
920 890 956 908 ex

185 936 245 964 quo
255 929 349 964 potuit
362 928 431 956 oriri
442 928 537 963 gloria
546 929 687 963 humana,
697 929 771 955 sicut
785 928 835 955 ubi
851 927 956 954 dicitur

186 974 222 1001 de
233 974 442 1010 accipientibus
452 975 619 1002 mercedem
629 974 659 1002 in
668 975 772 1009 gloria,
787 974 869 1009 quod
884 982 956 1000 mur-

184 1021 327 1048 murabant
342 1020 352 1035 ‘³
366 1021 496 1048 videntes
515 1021 589 1048 alios
606 1021 737 1056 accipere
751 1021 890 1048 eumdem
906 1021 955 1048 de-

183 1066 300 1093 narium
315 1075 404 1102 quem
418 1069 444 1094 et
459 1067 525 1102 ipsi,
536 1075 597 1094 non
607 1067 690 1102 quod
700 1067 791 1102 possit
804 1075 865 1094 esse
875 1075 956 1094 mur-

183 1120 250 1139 mur
263 1112 294 1139 in
308 1113 404 1145 bonis,
420 1112 472 1140 sed
488 1113 570 1148 quod
584 1113 767 1148 praeambula
784 1114 845 1140 erat
861 1112 955 1140 defec-

183 1158 234 1192 tio,
247 1166 281 1185 ex
295 1166 354 1193 quo
365 1158 520 1186 videbatur
532 1167 617 1194 posse
628 1159 697 1186 oriri
709 1167 852 1192 murmur,
868 1161 955 1194 prout

183 1204 224 1231 ait
235 1204 276 1232 ibi
291 1205 516 1240 Chrysostomus
530 1206 550 1232 ³.

219 1252 244 1277 5.
256 1251 288 1277 Et
296 1251 426 1286 sequitur
436 1251 592 1286 praeceptio
603 1251 704 1278 matris
713 1251 866 1278 ministris:
879 1253 954 1278 Dicit

182 1299 268 1323 mater·
286 1297 347 1323 Jesu
371 1306 378 1322 :
400 1297 593 1331 Quodcunque,
613 1300 667 1324 etc.
684 1297 740 1324 Sed
760 1297 884 1332 qualiter
897 1297 954 1324 hoc

183 1343 340 1376 attentavit,
354 1351 390 1369 ex
413 1351 473 1378 quo
495 1342 608 1370 dixerat
626 1343 751 1370 Christus
773 1343 855 1378 quod
879 1351 954 1370 non-

183 1387 255 1415 dum
276 1390 394 1415 venerat
409 1389 482 1416 hora
502 1389 629 1416 faciendi
650 1389 814 1416 miracula?
834 1391 903 1416 ltem
918 1397 955 1416 ex

181 1433 238 1461 hoe
261 1434 379 1473 videtur
400 1434 550 1462 dissentire
572 1443 590 1462 a
610 1435 760 1462 voluntate
780 1443 842 1462 sua.
863 1437 895 1462 Et
915 1437 953 1462 ad

181 1479 260 1506 istud
280 1480 437 1515 respondet
453 1480 678 1515 Chrysostomus
692 1481 710 1511 ⁸,
728 1480 811 1515 quod
829 1490 842 1505 z<
861 1483 954 1508 mater

181 1527 314 1559 noverat,
325 1526 467 1561 quoniam
478 1534 539 1553 non
550 1526 756 1553 imbecillitatis
770 1526 952 1554 renunciatio

181 1570 249 1606 fuit,
265 1571 318 1598 sed
342 1572 568 1607 ingloriationis,
584 1572 615 1599 id
639 1574 690 1606 est,
715 1580 776 1599 non
799 1573 838 1600 ad
856 1573 952 1608 impo-

182 1617 312 1651 tentiam,
327 1618 379 1645 sed
401 1618 440 1645 ob
454 1625 538 1645 vanae
560 1618 660 1653 gloriae
674 1619 888 1646 recusationem
904 1628 910 1646 ε
926 1621 953 1646 et

181 1664 248 1692 ideo
271 1665 416 1700 sapienter
439 1665 587 1692 ministros
606 1667 702 1699 vocat,
724 1667 755 1692 ut
778 1674 795 1692 a
817 1665 953 1701 pluribus

180 1709 231 1737 fiat
251 1710 361 1746 petitio.
380 1721 393 1737 ι)
418 1712 484 1738 Ηεεο
504 1711 563 1738 ille.
583 1713 615 1738 Et
634 1720 670 1738 ex
692 1711 737 1738 his
756 1713 831 1746 patet
851 1711 952 1746 provi-

180 1755 286 1783 dentiae
299 1757 544 1792 perspicabilitas,
559 1757 597 1784 ad
612 1757 849 1784 subveniendum
865 1757 952 1784 affec-

180 1802 310 1835 tuositas,
325 1804 354 1829 et
367 1803 406 1830 ad
421 1803 618 1830 obtinendum
633 1803 799 1830 virtuositas
815 1812 821 1829 :
841 1811 910 1830 nam
926 1804 953 1830 et

180 1847 308 1875 Christus
337 1848 442 1875 exhinc
468 1857 577 1884 aquam
606 1849 749 1876 convertit
777 1849 805 1875 in
835 1849 950 1883 vinum;

180 1893 260 1920 unde
281 1893 504 1929 Chrysostomus
518 1895 528 1911 ³
544 1903 551 1921 :
574 1904 587 1920 t(
601 1895 720 1928 Deinde,
737 1895 840 1929 inquit,
857 1897 884 1922 et
902 1895 953 1922 ho-

180 1946 289 1966 norans
303 1941 437 1973 matrem,
453 1942 480 1967 et
494 1942 525 1967 ut
538 1948 600 1968 non
615 1940 786 1968 erubescere
802 1940 888 1968 faciat
901 1949 952 1975 ge-

180 1985 322 2019 nitricem,
344 1988 372 2013 et
392 1988 423 2013 ut
446 1994 507 2014 non
528 1994 644 2021 semper
667 1986 866 2014 contradicere
890 1987 952 2021 ejus

181 2031 227 2064 sit,
241 2031 349 2058 seilicet
362 2031 429 2059 fecit
443 2032 526 2067 quod
541 2032 614 2059 dixit
635 2034 736 2059 mater.
755 2042 769 2058 i>
794 2034 825 2059 Et
844 2041 880 2060 ex
895 2033 952 2060 hoc

180 2079 269 2112 patet,
289 2085 379 2112 quam
397 2078 572 2112 honorifica,
588 2080 615 2105 et
634 2086 724 2113 quam
743 2078 801 2113 pia,
818 2080 846 2105 et
862 2087 953 2114 quam

181 2123 294 2157 sedula,
311 2125 337 2151 et
351 2132 441 2159 quam
464 2124 594 2151 virtuosa
615 2124 786 2151 advocatrix
805 2127 846 2152 est
866 2124 952 2153 beata

180 2171 267 2197 Mater
291 2170 371 2205 apud
390 2170 506 2204 Filium,
522 2171 568 2198 cui
593 2179 611 2198 a
636 2171 769 2206 quolibet
788 2173 830 2198 est
853 2171 952 2199 dicen-

181 2215 254 2243 dum
267 2216 278 2232 θ
294 2225 300 2243 :
321 2225 334 2242 α
348 2216 448 2244 Mulier
462 2218 562 2244 sancta
575 2224 614 2250 οε,
631 2225 682 2244 ora
697 2225 751 2252 pro
766 2217 862 2244 nobis.
881 2228 894 2242 n

217 2264 243 2288 6.
260 2264 290 2290 Et
308 2263 438 2298 sequitur
452 2263 582 2290 secunda
594 2262 737 2298 particula
758 2262 927 2298 principalis
943 2272 950 2290 :

181 2310 268 2336 Erant
282 2309 322 2335 ibi
336 2309 450 2343 hydrioe,
467 2312 532 2343 etc.;
549 2311 576 2336 et
592 2309 632 2336 ibi
647 2309 718 2340 duo,
734 2309 764 2335 in
779 2309 886 2344 quibus
900 2318 952 2337 va-

181 2361 282 2381 sorum
297 2362 382 2390 aquae
397 2355 601 2383 convertendae
618 2355 648 2382 in
666 2355 768 2382 vinum
784 2355 951 2392 descriptio,

182 2402 209 2428 et
220 2400 399 2436 impletionis
412 2402 578 2436 praeceptio,
589 2401 647 2428 ibi:
662 2403 740 2428 Dixit
748 2403 785 2428 eis
799 2403 883 2436 Jesus,
896 2404 949 2431 etc.

215 2461 223 2477 ¹
238 2462 312 2491 Aug„
331 2461 360 2485 (le
378 2462 439 2485 Nat.
456 2464 479 2485 el
499 2462 583 2489 σκιῇ,
604 2467 697 2492 xxxv1,
718 2463 757 2486 42.
775 2476 805 2480 —
822 2464 831 2476 ²
849 2463 950 2493 Molem,

183 2500 227 2525 xx,
242 2499 279 2520 Η.
292 2509 322 2514 -
333 2497 343 2513 ³
355 2497 497 2528 Chry-sest„
514 2498 539 2521 in
555 2497 656 2527 Matth.,
670 2497 740 2521 hom.
757 2503 816 2528 va,
831 2498 864 2521 al.
879 2504 949 2529 mv,

182 2536 209 2553 n.
224 2531 246 2554 3.
265 2544 295 2551 —
309 2532 319 2548 δ
335 2533 381 2562 Ι(Ι.,
401 2534 426 2556 in
443 2534 524 2561 han..
547 2533 618 2557 hom.
634 2539 692 2562 xxi,
707 2533 739 2556 al.
758 2539 826 2563 xxii,
841 2541 868 2557 n.
883 2536 905 2558 2.
920 2548 950 2552 —

184 2565 192 2578 ⁵
210 2565 283 2596 ibid„
298 2574 324 2590 n.
339 2569 362 2591 1.
376 2581 406 2585 —
419 2569 428 2582 Β
439 2568 538 2597 Judith,
553 2573 612 2597 vm,
627 2570 665 2591 29.
678 2581 708 2584 —
724 2567 732 2583 ⁷
747 2568 814 2598 isich,
829 2569 950 2600 Elymol.y

183 2599 227 2623 lib.
250 2601 307 2631 xx,
327 2609 350 2626 c.
372 2608 406 2626 vi.
431 2617 459 2620 —
479 2605 488 2617 ²⁵
507 2603 594 2635 Ὗδωρ.
617 2616 646 2620 -
667 2603 676 2617 ³
697 2603 784 2634 Marc„
810 2609 859 2634 vn,
878 2608 900 2629 3.
920 2618 950 2622 —

185 2635 206 2651 ¹0
224 2634 363 2668 chrysost„
385 2638 409 2661 in
428 2639 512 2668 Joan.,
532 2639 604 2662 hom.
623 2644 682 2668 xxr,
702 2638 735 2662 al.
751 2644 820 2669 xxn,
836 2646 862 2662 n.
881 2641 905 2664 2.
922 2653 950 2657 —

1727 219 1786 249 ⁶285

1048 282 1092 310 Ait
1105 289 1176 317 ergo
1198 291 1204 309 :
1219 283 1308 309 Erant
1325 283 1366 309 ibi
1385 282 1506 316 hydrioe,
1522 282 1561 310 ad
1577 282 1701 310 litteram
1716 291 1786 310 vasa

1015 331 1139 365 aquaria
1153 330 1230 358 dicta
1242 330 1280 357 ab
1295 328 1370 365 ὕδωρ,
1384 330 1466 366 quod
1481 333 1522 358 est
1536 338 1624 366 aqua.
1641 331 1721 357 Unde
1737 331 1784 358 lsi-

1014 376 1106 403 dorus
1116 375 1136 403 ⁷:
1149 386 1162 401 «
1175 376 1283 412 Hydria
1298 384 1389 410 genus
1404 376 1480 403 vasis
1495 376 1690 411 aquatilisper
1705 377 1783 403 deri-

1012 422 1161 449 vationem
1175 424 1280 449 vocata
1295 431 1302 448 z
1314 422 1422 456 Hydor⁵⁵
1434 422 1513 449 enim
1525 423 1611 449 Graeci
1627 421 1664 457 (a)
1675 430 1785 457 aquam

1013 467 1123 494 dicunt.
1146 479 1158 492 η
1192 468 1334 503 Lapidcoe,
1363 468 1395 495 id
1417 469 1472 501 est,
1507 468 1543 495 de
1569 468 1668 503 lapide
1691 467 1784 495 faetae.

1014 514 1128 547 Positae,
1158 516 1224 546 etc„
1247 514 1317 548 quia
1339 513 1502 541 secundum
1525 513 1713 541 caeremonias
1736 515 1785 541 Ju-

1013 559 1142 586 daeorum
1162 559 1192 585 in
1207 559 1276 594 ipsis
1291 567 1321 586 se
1344 559 1511 594 frequenter
1530 559 1728 594 baptizabant,
1753 559 1785 586 id

1012 606 1064 638 est,
1072 604 1211 631 lavabant
1222 605 1232 620 ⁹
1246 614 1252 631 :
1265 605 1402 632 Pharisoez'
1413 609 1438 632 ec
1451 613 1538 632 omnes
1549 606 1646 639 Judaez‘,
1661 607 1716 632 nisi
1730 613 1782 632 ere-

1011 651 1056 677 bro
1068 651 1157 677 lacent
1170 658 1272 684 manns,
1289 658 1340 677 non
1360 652 1527 678 manducant.
1544 651 1625 678 Unde
1644 651 1782 686 Chrysos-

1011 698 1108 723 tomus
1123 695 1143 717 ¹⁰
1157 705 1163 723 :
1176 706 1189 721 α
1210 695 1283 728 Quia
1297 697 1376 723 enim
1394 697 1539 732 inaquosa
1562 700 1603 724 cst
1621 697 1783 731 Palaestina,

1011 744 1039 769 et
1053 750 1114 769 non
1126 744 1186 769 erat
1200 742 1230 768 in
1241 742 1339 769 multis
1354 741 1426 769 locis
1440 742 1534 770 fontes
1547 744 1574 770 et
1587 745 1692 778 puteos
1702 743 1783 771 inve-

1010 789 1084 822 nire,
1100 788 1254 823 replebant
1268 788 1390 823 hydrias
1405 796 1493 824 aqua,
1514 792 1546 816 ut
1559 797 1620 816 non
1636 793 1784 818 currerent

1010 834 1050 861 ad
1064 834 1197 868 flumina,
1211 834 1235 860 si
1247 834 1369 869 quando
1384 834 1532 861 immundi
1546 834 1660 869 fierent,
1677 835 1731 862 sed
1746 836 1782 863 de

1009 888 1103 915 prope
1131 880 1274 907 haberent
1299 880 1483 915 purgationis
1511 880 1645 908 modum.
1674 891 1688 907 n
1718 882 1782 908 Haec

1009 926 1069 953 ille.
1089 927 1228 961 Capientes
1243 929 1376 960 metretas,
1400 926 1431 953 id
1451 928 1503 961 est,
1525 935 1677 954 mensuras
1699 937 1705 954 :
1724 935 1784 954 me-

1008 974 1088 999 trum
1102 973 1180 999 enim
1194 973 1274 1000 idem
1290 975 1332 999 est
1346 972 1428 1008 quod
1452 981 1600 1006 mensura,
1619 973 1782 1001 secundum

1009 1019 1201 1053 Augustinum
1213 1021 1238 1045 ¹¹.
1246 1018 1460 1046 Undelsidorus
1472 1018 1523 1046 ¹²2«
1532 1020 1647 1047 Metreta
1655 1020 1688 1054 (b)
1701 1027 1781 1046 men-

1009 1072 1076 1091 sura
1106 1064 1290 1100 liquidorum
1316 1067 1372 1098 est;
1395 1066 1484 1099 Μέτξνι
1513 1066 1591 1092 enim
1612 1073 1782 1092 mensuram

1009 1110 1110 1137 dicunt
1124 1110 1222 1137 Graeci.
1239 1110 1308 1137 Inde
1324 1110 1504 1145 appellatata
1515 1113 1646 1138 metreta.
1663 1121 1676 1136 »
1694 1111 1781 1144 Quasi

1009 1163 1079 1190 ergo
1095 1155 1202 1183 diceret
1217 1165 1223 1182 :
1240 1156 1366 1190 Singulae
1381 1155 1537 1191 capiebant
1551 1156 1635 1184 binas
1651 1157 1699 1184 vel
1721 1159 1778 1184 ter-

1007 1209 1060 1229 nas
1081 1209 1243 1229 mensuras.
1270 1201 1328 1229 Sed
1350 1202 1491 1237 quaeritur
1510 1210 1601 1238 quare
1621 1203 1653 1230 in
1670 1203 1780 1230 talibus

1007 1250 1084 1277 vasis
1098 1250 1165 1277 feeit
1175 1250 1360 1284 miraculum,
1378 1253 1405 1277 et
1420 1259 1510 1286 quare
1523 1251 1638 1278 addidit
1654 1260 1660 1278 τ
1682 1251 1779 1278 Secun-

1008 1297 1071 1323 dum
1089 1298 1304 1330 purificationem
1321 1296 1483 1323 Judoeorum.
1498 1298 1530 1323 Et
1551 1297 1590 1324 ad
1609 1297 1666 1324 hoc
1688 1297 1780 1332 Chry-

1008 1345 1163 1376 sostomus,
1180 1342 1230 1369 ubi
1248 1350 1353 1377 supra,
1368 1343 1450 1377 quod
1468 1352 1482 1368 ιι
1498 1343 1565 1370 ideo
1586 1343 1627 1370 sic
1641 1343 1718 1377 fecit,
1731 1351 1780 1370 os-

1007 1388 1130 1416 tendens
1152 1396 1307 1423 nunquam
1331 1388 1382 1415 illa
1409 1388 1470 1415 vini
1492 1389 1677 1424 receptacula
1704 1389 1780 1418 facta

1007 1434 1106 1468 fuisse,
1122 1444 1135 1459 n
1149 1436 1177 1461 et
1190 1442 1227 1461 ne
1242 1434 1308 1469 quis
1318 1434 1484 1461 infidelium
1498 1435 1695 1470 suspicaretur
1706 1443 1780 1471 quo-

1007 1480 1098 1513 niam,
1113 1480 1182 1507 faece
1195 1480 1257 1506 vini
1272 1480 1349 1507 intus
1363 1483 1544 1514 remanente,
1555 1481 1658 1508 vinum
1670 1481 1779 1508 factum

1008 1529 1090 1553 esset.
1106 1528 1176 1554 ltem
1200 1526 1348 1561 quaeritur,
1371 1526 1444 1553 sicut
1466 1527 1589 1562 opponit
1607 1527 1778 1562 Chrysosto-

1007 1580 1073 1599 mus
1088 1572 1118 1606 ¹³,
1136 1583 1149 1597 «
1170 1580 1237 1599 cum
1260 1572 1353 1599 multo
1370 1572 1535 1600 mirabilius
1557 1576 1630 1600 esset
1644 1573 1778 1600 substan-

1007 1618 1078 1646 tiam
1104 1618 1198 1645 facere
1218 1627 1254 1645 ex
1271 1626 1331 1645 non
1351 1618 1478 1652 entibus,
1499 1619 1530 1645 id
1552 1621 1594 1646 est
1614 1627 1650 1646 ex
1671 1619 1776 1654 nihilo,

1007 1672 1099 1699 quam
1114 1666 1249 1691 naturam
1268 1666 1461 1692 transmutare
1482 1665 1512 1691 in
1531 1665 1711 1700 qualitatem,
1734 1665 1778 1692 vi-

1008 1710 1092 1737 detur
1107 1710 1190 1745 quod
1202 1710 1350 1738 debuisset
1362 1718 1475 1738 creasse
1485 1711 1589 1737 vinum
1600 1719 1634 1738 ex
1645 1711 1750 1738 nihilo.
1762 1721 1775 1737 u

1007 1758 1040 1783 Et
1053 1756 1092 1783 ad
1106 1756 1183 1783 istud
1198 1756 1366 1791 respondet,
1378 1756 1460 1791 quod
1469 1757 1638 1784 «multoties
1647 1757 1774 1784 miracu-

1006 1801 1104 1829 lorum
1118 1802 1351 1836 magnitudinem
1366 1802 1500 1836 abscidit,
1516 1802 1619 1829 volens
1632 1805 1665 1830 ut
1681 1803 1776 1838 magis

1007 1848 1194 1884 susceptibile
1210 1850 1284 1875 esset
1297 1848 1492 1875 miraculum:
1510 1848 1594 1883 ideo,
1609 1851 1641 1876 ut
1657 1849 1689 1884 (c)
1706 1852 1779 1877 esset

1006 1895 1104 1922 minus
1129 1896 1298 1930 suspectum
1323 1894 1500 1922 miraculum
1520 1895 1601 1930 apud
1625 1895 1702 1929 illos,
1728 1896 1779 1931 qui

1006 1941 1164 1968 hauserant
1186 1949 1306 1976 aquam,
1331 1941 1371 1968 sic
1397 1940 1474 1968 fecit.
1491 1951 1503 1967 υ
1528 1942 1598 1968 Item
1612 1941 1651 1969 ad
1678 1942 1780 1969 confu-

1007 1988 1147 2015 tationem
1175 1987 1379 2015 haereticorum
1391 2008 1398 2020 ‚
1428 1987 1590 2014 dicentium
1624 1995 1685 2015 non
1718 1996 1779 2016 esse
1793 1981 1898 2032 *ᾖὲζεζῗ

1007 2042 1098 2069 opera
1111 2033 1275 2061 conditoris
1286 2041 1351 2069 quae
1366 2033 1503 2060 videntur
1517 2033 1548 2060 in
1557 2033 1671 2061 mundo
1687 2042 1694 2060 t
1709 2034 1778 2061 ideo
1793 2048 1842 2062 rum
1870 2043 1897 2064 do

1007 2080 1162 2107 obstruens
1175 2079 1329 2106 infamiam
1343 2087 1457 2112 corum,
1474 2079 1560 2115 plura
1575 2079 1642 2107 fecit
1653 2079 1778 2107 miracu·
1791 2073 1892 2122 lignacu-

1006 2126 1104 2154 lorum
1128 2134 1163 2153 ex
1185 2126 1322 2160 subjectis
1343 2126 1520 2153 substantiis.
1544 2135 1557 2152 »
1580 2127 1643 2153 Haec
1666 2126 1726 2160 ille,
1751 2128 1778 2154 et
1821 2117 1826 2123 ¹

1006 2172 1131 2200 ibibene
1145 2172 1181 2199 de
1196 2172 1262 2199 hoc.
1278 2172 1445 2200 Secundum
1461 2179 1530 2199 vero
1543 2172 1776 2207 Augustinumst,

1006 2218 1060 2245 ubi
1078 2218 1198 2253 exponit
1219 2218 1281 2245 haec
1303 2218 1460 2253 allegorice
1477 2227 1484 2244 :
1512 2219 1565 2245 Seae
1581 2218 1684 2251 ltydrz'oe
1703 2220 1774 2250 sunt,
1807 2227 1896 2252 nydriae

1006 2273 1058 2292 sex
1078 2266 1174 2291 {etates
1197 2264 1311 2298 mundi,
1338 2264 1375 2292 de
1397 2264 1505 2299 quibus
1529 2264 1559 2290 in
1581 2263 1692 2298 Glossa,
1711 2272 1777 2299 quae
1791 2259 1895 2313 ³333}ss

1005 2310 1123 2338 fuerunt
1147 2310 1273 2346 impletae
1296 2310 1473 2345 prophetiis,
1496 2317 1562 2344 quae
1587 2312 1655 2337 sunt
1676 2317 1775 2345 aquae,
1790 2320 1847 2338 cem.

1006 2359 1034 2384 et
1047 2357 1077 2384 in
1092 2357 1194 2384 vinum
1208 2364 1365 2389 conversas,
1382 2355 1502 2391 quando
1516 2355 1553 2383 de
1565 2356 1676 2384 Christo
1691 2356 1776 2384 intel-

1005 2402 1146 2438 liguntur.
1163 2404 1214 2430 Per
1228 2402 1313 2429 binas
1329 2403 1474 2436 metretas,
1491 2402 1557 2429 duae
1571 2405 1682 2438 gentes,
1697 2403 1775 2430 scili-

1818 1951 1897 1971 Confu-

1813 2393 1874 2414 Binae

1789 2426 1893 2446 metreta.

1006 2487 1025 2503 ¹¹
1040 2488 1095 2515 Aug
1108 2504 1116 2516 ‚
1131 2486 1156 2508 in
1171 2485 1252 2514 Jocm„
1268 2486 1339 2507 tract.
1355 2489 1394 2514 1x‚
1411 2491 1437 2508 n.
1453 2484 1476 2508 7.
1490 2497 1521 2502 -
1535 2485 1554 2500 ¹³
1569 2485 1638 2516 lsid.,
1653 2485 1774 2516 Elymol„

1004 2522 1049 2545 lib.
1066 2521 1131 2550 xvi,
1146 2526 1168 2544 c.
1181 2525 1242 2543 xxv.
1256 2532 1288 2536 —
1302 2519 1322 2536 ¹³
1337 2519 1479 2550 Chrysost.‚
1492 2520 1536 2544 uhi
1549 2527 1605 2551 sup,
1618 2533 1648 2538 -
1664 2521 1682 2537 ¹⁶
1698 2522 1773 2551 Aug„

1007 2557 1049 2580 ubi
1064 2563 1130 2586 sup„
1145 2562 1171 2578 n.
1187 2556 1213 2578 G.

1037 2605 1071 2635 (a)
1087 2604 1145 2627 Caet.
1161 2602 1220 2626 edit.
1242 2609 1287 2633 per
1305 2602 1489 2627 derivationem
1510 2603 1619 2634 Hydros,
1638 2610 1725 2634 qroece.
1742 2616 1774 2622 —

1008 2639 1042 2670 (b)
1059 2640 1118 2663 Item
1133 2639 1252 2663 Metrum.
1265 2651 1293 2657 -
1308 2639 1338 2669 (c)
1355 2638 1417 2663 Coet.
1431 2638 1493 2663 edit.
1508 2639 1574 2663 deest
1589 2641 1624 2663 ut.
