1987 3032
205 145 262 174 392

204 208 424 236 detractionem.
451 210 498 245 (v.
525 209 577 244 16)
603 210 733 236 Dicebant
757 209 868 244 quidam
885 219 893 235 :
912 210 971 237 Non

205 256 243 281 est
253 254 296 281 hic
306 254 380 281 homo
395 263 412 282 a
428 256 495 290 Deo,
511 257 558 291 qui
578 256 715 283 sabbatum
729 263 780 282 non
799 255 924 282 custodit.
942 257 974 282 Et

204 300 236 327 in
255 300 312 328 hoc
333 302 412 336 patet
433 309 536 329 eorum
560 301 715 329 excaecatio
732 310 738 328 :
760 301 817 336 ipsi
839 301 918 328 enim
943 301 972 328 in

205 346 329 374 sabbato
345 347 536 375 detrahebant
551 347 689 381 Domino,
703 350 730 374 et
743 347 856 374 malum
872 349 973 375 contra

205 400 274 419 eum
294 393 539 420 machinabantur
555 413 564 426 ,
588 395 616 420 et
638 393 676 421 ita
695 393 847 420 violabant
866 393 973 421 sabba-

205 439 278 466 tum.
300 438 381 466 Uude
402 438 577 473 Augustinus
593 439 601 455 ¹
619 447 625 465 z
645 448 659 464 κ
676 440 737 474 Ipse
759 439 856 474 potius
879 442 975 467 custo-

206 484 306 512 diebat
319 485 492 517 sabbatum,
515 485 565 520 qui
586 485 648 512 sine
669 487 790 520 peccato
803 486 886 512 erat:
907 486 975 513 sab-

205 529 308 557 batum
331 530 409 557 enim
430 530 579 565 spirituale
603 532 645 558 est
670 538 730 557 non
748 530 859 558 habere
874 539 976 566 pecca-

206 577 277 603 tum.
296 586 310 602 ³>
328 578 338 593 Ξ
352 586 365 602 κ
382 577 435 610 Qui
451 577 530 604 enim
545 577 613 604 facit
631 579 794 613 peccatum,
814 586 915 605 servus
935 580 977 604 est

206 622 331 657 peccati,
347 632 360 648 ι)
378 630 477 658 supra.
494 624 556 650 Alii
570 623 691 650 dicebant
712 633 719 649 :
742 623 875 655 Quomodo
887 626 976 658 potest

207 670 281 696 homo
306 671 429 704 peccator
457 669 510 696 hoec
534 671 613 703 signa
640 671 729 702 facere
743 670 757 696 ἱ)
786 671 839 697 Pro
867 677 976 704 magno

207 714 286 741 enim
300 714 477 750 reputabant
491 715 575 749 signa
593 715 698 742 facere.
721 717 753 742 Et
770 716 850 750 patet
874 723 978 742 eorum

206 760 382 795 malignitas.
415 762 477 788 Non
508 761 586 788 enim
612 761 712 788 dicunt
735 771 741 788 :
763 761 918 794 Quomodo
948 761 978 788 in

207 806 332 834 sabbato
351 808 455 834 curat?
469 807 520 834 sed
536 807 614 842 quod
634 807 791 834 sabbatum
806 815 867 834 non
882 809 977 834 custo-

209 852 264 887 dit,
280 854 312 880 ut
326 853 365 880 ait
381 853 604 889 Chrysostomus
619 855 638 881 ³.
654 856 689 882 Et
707 855 820 881 schisma
837 857 893 882 erat
909 856 979 881 inter

208 906 259 925 eos.
281 901 337 926 Nec
356 899 465 926 mirum
485 908 491 926 ε
515 900 585 935 quia
604 901 687 927 erant
708 900 784 928 adeo
805 900 910 934 divisi,
925 908 977 927 nec

209 946 291 971 erant
314 944 451 972 charitate
470 945 552 972 uniti.
580 947 610 973 Et
628 946 725 981 primo
749 945 803 973 fuit
822 946 927 974 divisio
950 947 979 973 in

209 990 338 1025 populo,
353 992 455 1025 postea
470 991 500 1018 in
521 991 721 1026 principibus,
736 994 767 1019 ut
786 993 826 1019 ait
839 992 979 1028 Chrysos-

209 1038 307 1064 tomus
316 1037 336 1063 δ.
353 1038 385 1064 Et
405 1037 475 1072 quia
491 1045 552 1064 non
571 1040 730 1072 potuerunt
748 1039 845 1074 prima
857 1039 979 1066 interro-

211 1082 328 1116 gatione
343 1082 483 1110 inducere
499 1091 607 1110 caecum
631 1085 764 1111 curatum
789 1084 827 1111 ad
850 1085 981 1119 negatio-

210 1135 278 1155 nem
292 1128 434 1162 veritatis,
450 1129 555 1156 iterum
571 1129 671 1156 dicunt
685 1130 692 1165 (
707 1138 736 1157 v.
752 1130 806 1165 17)
825 1139 831 1157 :
849 1131 920 1163 Quid
935 1131 980 1157 cli-

211 1175 248 1201 cis
271 1174 303 1201 de
318 1175 384 1201 illo?
400 1176 432 1201 Et
446 1175 503 1202 hoc
518 1175 714 1210 interrogant,
729 1178 760 1203 ut
774 1176 917 1204 haberent
932 1185 980 1204 oc-

212 1219 360 1247 casionem
375 1228 410 1247 cx
424 1221 522 1248 verbis
537 1222 609 1256 ejus.
629 1223 678 1249 Ille
693 1225 782 1249 autem
795 1223 869 1249 clz‘oeit
891 1232 901 1250 .·
917 1225 982 1257 quia

212 1267 342 1301 propheta
354 1269 402 1293 est.
421 1276 435 1292 «
451 1267 616 1294 Dicentibus
641 1268 719 1295 enim
738 1268 794 1295 illis
808 1269 982 1303 prudentius

212 1312 357 1347 loquitur,
374 1321 387 1337 »
406 1313 445 1339 ait
456 1313 679 1348 Chrysostomus
694 1314 714 1341 5.
728 1316 759 1341 Et
775 1314 815 1341 sic
827 1316 906 1349 patet
919 1315 983 1342 ubi-

213 1366 270 1394 que
286 1359 447 1385 constantia
458 1359 589 1395 praedicti
606 1360 671 1387 caeci
687 1360 790 1388 curati.

250 1405 292 1431 18.
310 1405 343 1431 Et
356 1404 488 1439 sequitur
498 1406 629 1433 secunda
643 1406 799 1441 particula,
812 1406 841 1433 in
857 1415 916 1442 qua
930 1415 982 1442 pa-

214 1452 329 1477 rentum
352 1451 479 1478 vocatio.
508 1453 539 1478 Et
563 1451 604 1478 ibi
630 1452 684 1479 tria
701 1461 707 1478 ε
724 1452 839 1486 primo,
864 1453 983 1480 illorum

213 1496 346 1531 vocatio,
357 1498 385 1523 et
399 1497 609 1525 Pharisaeorum
626 1498 826 1532 interrogati03
838 1499 982 1533 secundo,

215 1549 318 1569 eorum
333 1563 342 1576 ,
369 1542 476 1569 scilicet
490 1564 499 1576 ,
514 1545 670 1578 parentum
685 1544 836 1578 responsio
859 1565 866 1578 ,
892 1544 934 1571 ibi
949 1546 958 1583 ’ἶ
976 1554 982 1572 1

214 1588 433 1622 Responderunt,
448 1590 502 1615 etc.
515 1598 523 1623 ;
544 1589 627 1616 tertio
639 1610 647 1623 ,
671 1590 870 1624 responsionis
889 1591 962 1617 ratio
976 1612 984 1624 ,

214 1633 257 1660 ibi
272 1634 282 1650 ⁷
299 1643 305 1660 :
321 1635 383 1660 Hcec
398 1634 525 1661 dixerunt
536 1656 543 1666 ,
560 1636 612 1662 etc..
632 1637 662 1662 Et
676 1635 732 1662 hoc
747 1637 802 1669 est,
820 1636 902 1670 quod
921 1637 960 1663 ait
976 1646 983 1664 ;

215 1681 276 1708 Non
298 1680 488 1714 credidemnt,
508 1682 575 1714 etc.,
591 1681 670 1707 donec
690 1684 863 1714 vocaverunt,
884 1684 937 1708 etc.
954 1684 986 1709 Ut

216 1725 294 1753 enim
309 1725 349 1752 ait
363 1725 587 1760 Chrysostomus
600 1726 610 1742 ⁸
626 1734 632 1752 :
649 1736 661 1751 α
676 1727 786 1753 Intuere
803 1729 875 1762 quot
889 1727 986 1754 modis

215 1773 324 1799 tentant
337 1771 517 1799 obumbrare
531 1772 717 1799 miraculum.
733 1772 790 1799 Sed
805 1773 866 1799 haec
882 1775 923 1800 est
934 1782 986 1800 ve-

214 1817 305 1845 ritatis
320 1820 440 1851 natura,
457 1817 539 1853 quod
553 1825 606 1853 per
620 1826 685 1853 quae
699 1820 818 1853 putatur
833 1818 871 1845 ab
891 1819 986 1846 homi-

215 1863 303 1890 nibus
315 1863 436 1890 insidias
447 1863 522 1898 pati,
538 1872 590 1899 per
604 1864 664 1890 haec
680 1863 782 1891 fortior
800 1864 912 1899 fit3per
924 1865 986 1892 haec

217 1909 317 1942 claret,
327 1917 380 1944 per
395 1917 459 1944 quae
470 1909 674 1937 obumbratur.
687 1920 700 1935 »
713 1909 789 1936 Sicut
798 1912 876 1944 patet
891 1910 946 1937 hic.
959 1911 987 1938 Si

217 1955 296 1982 enim
309 1963 370 1982 non
383 1955 444 1982 haec
464 1955 540 1982 facta
555 1957 686 1989 essent,a
701 1955 850 1990 pharisaeis
865 1956 984 1990 scilicet,

217 2001 321 2028 saltem
334 2001 365 2027 in
377 2001 575 2036 suspicionem
588 2001 714 2028 venisset
733 2001 920 2035 miraculum,
934 2002 987 2029 sci-

216 2046 282 2074 licet
292 2047 374 2082 quod
383 2047 456 2074 forte
468 2055 529 2074 non
541 2047 643 2074 fuisset
652 2047 733 2082 prius
744 2055 846 2074 coecus
857 2048 912 2074 Sed
925 2055 989 2074 mo-

219 2093 258 2120 do
275 2100 329 2128 per
349 2100 524 2128 responsum
543 2095 699 2128 parentum
715 2095 795 2128 patet
812 2093 893 2128 quod
908 2094 989 2128 prius

218 2138 272 2166 fuit
280 2146 382 2166 caecus.
394 2139 500 2166 Etidco
511 2139 642 2174 sequitur
651 2139 803 2174 responsio
815 2141 968 2174 parentum
982 2149 987 2166 ε

219 2186 257 2220 (v.
271 2186 314 2219 20)
326 2185 528 2220 Responderunt
539 2188 673 2219 parentes,
688 2187 754 2219 etc„
765 2187 829 2219 quia
844 2193 926 2212 caecus
942 2194 989 2212 na-

220 2233 262 2258 tus
274 2233 322 2265 est,
332 2232 385 2258 etc.
402 2233 433 2258 Et
447 2231 517 2266 quia
526 2233 594 2258 tunc
602 2233 662 2258 crat
674 2230 872 2265 viden5,patet
883 2231 988 2258 confir-

220 2277 310 2304 matio
323 2277 467 2304 miraculi.
484 2279 576 2312 Ipsum
598 2279 771 2311 interrogate.
790 2277 888 2310 «Quid
902 2277 989 2304 nobis

221 2322 464 2350 calumniamini?
479 2333 492 2349 n
509 2322 549 2350 ait
572 2323 748 2357 Augustinus
762 2324 782 2349 ⁹.
800 2324 832 2350 Et
851 2325 929 2357 patet
942 2323 990 2350 hic

252 2421 256 2433 ¹
276 2420 349 2449 Aug„
367 2419 393 2442 in
412 2420 493 2448 Jomz.,
508 2420 579 2443 tract.
597 2424 667 2449 xmv,
683 2426 710 2442 n.
728 2420 751 2442 9.
768 2432 794 2436 —
814 2419 823 2434 ²
839 2421 911 2450 Sup,
928 2426 989 2449 v111,

221 2457 260 2479 34.
275 2468 301 2471 —
318 2455 326 2467 ³
338 2454 478 2484 chrysost„
491 2455 534 2478 ubi
549 2461 615 2484 sup„
631 2462 656 2478 n.
673 2456 696 2477 2.
708 2466 738 2472 —
754 2455 838 2478 ι11)ἰ(1.
852 2467 882 2471 —
895 2455 990 2484 ⁵1bid„

222 2490 291 2513 bom.
308 2495 374 2518 Lvu,
390 2489 420 2512 al.
437 2495 515 2519 Lv111‚
532 2496 557 2512 n.
575 2492 596 2513 1.
615 2501 639 2505 —-
659 2490 667 2505 ὃ
683 2489 738 2519 tuf„
754 2492 792 2512 ⁸20.
807 2502 837 2506 —
852 2489 860 2505 7
880 2489 935 2520 inf„
951 2492 990 2514 22.

221 2537 251 2542 —
276 2524 287 2540 ⁸
312 2524 454 2554 Chrysost..
476 2524 519 2547 ubi
542 2531 598 2554 sup.
625 2537 653 2541 -
681 2525 691 2540 ⁹
718 2526 832 2554 August„
859 2527 884 2548 t'n
911 2526 992 2554 doun„

222 2562 295 2584 tract.
313 2565 382 2589 xmv,
404 2565 430 2583 u.
454 2561 490 2584 10.
510 2572 540 2576 —
559 2560 577 2575 ¹⁰
592 2560 664 2591 Sup.‚
679 2565 739 2589 vu,
760 2561 797 2583 44.
814 2573 840 2576 -
862 2560 882 2576 ¹¹
901 2561 907 2583 1
925 2561 992 2591 neq„

729 142 940 174 EVANGELII
963 142 1101 174 SANCTI
1123 143 1286 176 JOANNIS

1028 210 1201 245 mysterium
1224 212 1387 240 secundum
1415 213 1555 241 Glossam.
1576 215 1710 242 Parentes
1730 217 1796 243 sunt

1027 257 1189 292 peccatoris
1212 257 1349 286 diabolus
1372 260 1420 286 vel
1444 260 1524 288 vitia.
1540 261 1632 296 Supra
1649 260 1670 277 ¹⁰
1685 269 1692 288 ι
1712 270 1726 286 ι
1740 262 1796 289 Vos

1029 308 1063 327 ex
1092 303 1172 336 patre
1199 301 1321 330 diabolo
1344 304 1419 331 estis.
1444 314 1456 329 n
1477 306 1508 331 Et
1522 304 1567 331 isti
1586 306 1721 340 parentes
1735 312 1797 332 non

1030 347 1191 374 defendunt
1210 347 1239 375 in
1261 349 1408 378 calumnia
1428 350 1581 385 judic1a1i;
1602 350 1654 378 sed
1674 350 1798 378 derelin-

1030 395 1125 428 quunt
1138 393 1168 420 in
1183 395 1410 423 necessitatibus.
1427 396 1511 430 Quod
1534 396 1586 423 suit
1597 396 1673 424 benc
1686 396 1799 432 figura-

1029 441 1091 466 tum
1107 439 1123 455 '¹
1141 449 1147 467 z
1168 450 1181 464 α
1196 442 1268 468 Puer
1284 442 1434 477 AEgyptius
1452 450 1508 477 ego
1528 450 1602 470 sum.
1624 452 1637 468 »
1654 444 1685 470 Et
1699 442 1798 478 sequi-

1030 486 1077 512 tur
1099 494 1106 511 z
1127 494 1140 509 ι(
1168 485 1325 521 Dereliquit
1349 495 1397 514 me
1422 488 1560 515 Dominus
1589 495 1671 515 meus
1685 508 1694 522 ,
1729 488 1800 524 quia

1031 532 1172 565 {egrotare
1187 532 1278 567 coepi,
1294 542 1307 557 »
1331 534 1385 559 etc.
1410 535 1471 561 Imo
1492 536 1658 569 repugnant
1676 536 1704 562 et
1718 535 1800 562 dam-

1031 577 1157 603 nant¹22
1180 578 1300 610 «Quem
1327 578 1453 605 fructum
1480 579 1611 614 habetis,
1635 580 1666 607 in
1691 580 1800 616 quibus

1031 630 1109 658 nunc
1138 623 1306 651 erubescitis
1325 625 1339 650 Ῥ
1368 624 1551 660 Stipendium
1583 625 1663 653 enim
1689 626 1800 662 peccati

1032 677 1121 696 morS.
1138 679 1151 694 n
1170 670 1190 685 ¹³
1203 680 1215 694 «
1231 671 1342 697 Fratres
1357 670 1414 697 mei
1429 671 1630 706 praeterierunt
1643 679 1701 706 me,
1717 682 1732 698 »
1745 674 1800 700 etc.

1068 716 1112 741 22.
1127 717 1158 742 Et
1179 716 1311 751 sequitur
1331 717 1530 752 responsionis
1549 717 1632 744 ratio.
1650 719 1712 744 Hoec
1727 717 1802 744 dicre<

1033 763 1095 787 runt
1110 764 1250 795 parentes,
1270 762 1323 788 etc.
1349 764 1380 789 Et
1404 762 1433 789 in
1458 762 1514 790 hoc
1536 764 1614 798 patet
1635 763 1803 798 malignitas

1032 807 1215 841 momorum,
1240 807 1323 842 quod
1337 807 1378 835 sic
1401 810 1503 836 contra
1524 809 1667 836 Christum
1689 809 1804 844 conspi-

1033 854 1180 893 raverant,
1191 853 1273 888 quod
1284 853 1419 888 ejicerent
1435 857 1514 882 extra
1529 863 1714 890 synagogam
1725 855 1804 883 Chri-

1035 900 1111 926 stum
1127 899 1305 926 confitentes.
1318 901 1349 927 Et
1364 902 1472 934 tamen,
1487 902 1519 928 ut
1531 901 1570 928 ait
1584 901 1761 935 Augustinus
1772 901 1803 934 ¹⁸,

1038 956 1050 969 «
1073 953 1133 972 non
1148 947 1208 972 crat
1222 945 1334 972 malum
1349 954 1410 973 esse
1436 948 1515 973 extra
1538 954 1718 982 synagogam
1734 955 1741 973 z
1763 947 1805 974 illi

1035 991 1234 1026 expellebant,
1250 992 1302 1019 sed
1318 992 1444 1019 Christus
1457 992 1629 1028 excipiebat.
1645 1003 1657 1018 n
1670 994 1733 1020 Haec
1744 992 1803 1019 ille.

1070 1038 1115 1064 24.
1130 1039 1162 1064 Et
1175 1038 1306 1073 sequitur
1321 1037 1372 1065 illa
1387 1046 1469 1073 parS,
1485 1038 1515 1065 in
1530 1046 1590 1074 qua
1604 1039 1706 1066 iterata
1715 1046 1804 1066 voca-

1036 1083 1075 1110 tio
1091 1083 1157 1110 caeci
1171 1083 1341 1118 illuminati,
1358 1092 1375 1111 a
1390 1084 1549 1119 pharisoeis.
1566 1086 1606 1111 Ex
1621 1084 1672 1111 illa
1687 1084 1716 1111 in
1729 1092 1803 1120 qua-

1036 1131 1102 1156 tuor
1118 1138 1124 1156 :
1138 1129 1249 1164 primo,
1261 1131 1404 1156 conantur
1416 1130 1555 1157 inducere
1569 1138 1636 1158 eum
1651 1130 1689 1158 ad
1699 1130 1806 1158 obum-

1036 1175 1186 1202 brandum
1204 1175 1379 1202 miraculum
1401 1175 1568 1210 blanditiis3
1595 1176 1742 1210 secundo,
1760 1184 1805 1203 as-

1037 1221 1130 1255 tutiiS,
1147 1221 1188 1248 ibi
1200 1222 1220 1238 ¹⁵
1237 1231 1242 1248 :
1260 1223 1391 1248 Dtoeerunt
1417 1230 1489 1256 erqo,
1505 1224 1570 1256 etc.;
1587 1222 1688 1256 tertio,
1704 1222 1807 1249 convi-

1038 1267 1098 1300 tiis,
1114 1267 1155 1294 ibi
1171 1268 1192 1283 ’ὓ
1207 1276 1213 1294 ;
1231 1268 1445 1300 Malcrlz'zerunt,
1462 1270 1526 1302 cic.;
1543 1270 1660 1303 quarto,
1675 1267 1807 1303 injuriis,

1038 1312 1079 1340 ibi
1094 1313 1113 1329 ¹⁷
1127 1322 1133 1340 :
1150 1314 1360 1348 Responderunt,
1378 1316 1432 1340 etc.

1073 1359 1117 1386 Ait
1139 1367 1210 1394 ergo
1227 1368 1233 1386 z
1250 1361 1283 1386 Et
1303 1360 1428 1386 tltssoeerunt
1444 1368 1453 1387 .·
1470 1361 1510 1386 Da
1530 1360 1645 1393 aleriam
1662 1361 1727 1393 Deo,
1752 1359 1809 1387 hoc

1039 1407 1081 1432 est
1102 1406 1254 1438 confitere,
1279 1405 1422 1441 quoniam
1447 1406 1510 1439 hic,
1534 1405 1644 1432 scilicet
1664 1405 1808 1440 ChristuS,

1039 1451 1111 1478 nihil
1127 1454 1168 1478 est
1192 1454 1344 1486 operatus,
1367 1451 1475 1478 scilicet
1500 1451 1530 1478 in
1554 1453 1590 1478 te.
1612 1461 1625 1476 «
1640 1451 1809 1486 praefigura-

1037 1497 1117 1524 tione
1132 1497 1210 1524 enim
1225 1497 1391 1531 religionis,
1406 1497 1437 1523 id
1447 1498 1499 1530 est,
1517 1497 1572 1524 sub
1591 1497 1737 1524 velamine
1751 1498 1808 1524 hoc

1039 1542 1206 1574 dixerunt‚»
1223 1542 1262 1569 ait
1276 1543 1501 1577 chrysostomus
1516 1542 1547 1569 ¹⁸.
1563 1544 1595 1570 Et
1605 1542 1673 1570 ideo
1687 1543 1788 1570 dicunt
1801 1552 1807 1570 :

1039 1590 1093 1616 Nos
1107 1591 1202 1616 scimus
1217 1590 1342 1623 quonium
1357 1589 1399 1615 hic
1415 1589 1486 1615 homo
1508 1591 1632 1623 peccator
1654 1591 1702 1615 est.
1725 1590 1757 1616 Et
1771 1589 1810 1616 ita

1040 1634 1177 1662 confitere
1198 1635 1284 1661 istum
1306 1642 1367 1661 non
1395 1642 1455 1661 csse
1480 1636 1585 1668 Deum,
1609 1634 1661 1661 scd
1676 1636 1810 1669 peccato-

1039 1688 1102 1707 rem
1111 1700 1119 1713 ,
1130 1680 1202 1707 sicut
1215 1682 1242 1707 et
1254 1688 1307 1706 nos
1323 1680 1505 1707 confitemur.
1518 1681 1550 1706 Et
1561 1680 1628 1707 licet
1640 1680 1810 1708 viderentur

1039 1726 1150 1753 hortari
1165 1725 1203 1752 ad
1219 1725 1350 1753 dandam
1366 1725 1492 1760 gloriam
1506 1726 1565 1752 Deo
1575 1745 1583 1758 ,
1598 1725 1697 1760 potius
1709 1728 1810 1754 tamen

1040 1772 1233 1799 hortabantur
1254 1772 1292 1799 ad
1307 1771 1585 1807 blasphemandum.
1604 1771 1683 1798 L'nde
1697 1774 1810 1806 Augus—

1039 1818 1116 1845 tinus
1128 1818 1149 1835 ¹⁴³
1166 1827 1192 1845 :a
1203 1818 1277 1851 Quid
1293 1820 1334 1845 est
1350 1827 1356 1844 :
1372 1820 1411 1844 Da
1426 1819 1539 1851 ylorium
1557 1819 1627 1844 Deo?
1641 1825 1718 1852 nega
1728 1819 1810 1853 quod

1041 1864 1176 1899 accepisti
1192 1874 1198 1891 :
1215 1864 1271 1891 hoc
1286 1864 1373 1899 plane
1387 1871 1447 1890 non
1464 1865 1504 1890 est
1517 1863 1642 1897 gloriam
1657 1863 1742 1898 dare,
1758 1864 1811 1892 sed

1040 1910 1138 1945 potius
1156 1910 1373 1945 blasphemare.
1387 1919 1400 1934 ι)
1417 1911 1489 1936 Nam
1505 1909 1575 1936 darc
1591 1909 1723 1943 gloriam
1733 1911 1810 1944 Deo,

1041 1958 1083 1983 est
1099 1956 1246 1983 veritatem
1268 1955 1304 1982 dc
1321 1955 1421 1990 aliquo
1435 1955 1518 1990 quasi
1542 1955 1675 1990 praesenti
1698 1957 1755 1983 Deo
1770 1956 1812 1983 di-

1042 2010 1122 2036 cere,
1139 2002 1178 2028 ait
1198 2002 1300 2029 Glossa
1315 2001 1337 2016 ‘³¹‘
1352 2010 1358 2027 :
1375 2010 1387 2025 a
1403 2002 1442 2028 Da
1460 2000 1586 2035 gloriam
1608 2001 1731 2028 Domino
1753 2002 1812 2029 Deo

1041 2047 1129 2074 lsrael
1148 2050 1175 2074 et
1190 2046 1339 2074 confitere.
1354 2056 1367 2071 »

1076 2094 1121 2119 25.
1138 2095 1169 2120 Et
1189 2092 1325 2120 subditur
1345 2092 1498 2127 responsio
1519 2092 1597 2118 illius
1614 2101 1620 2119 :
1646 2093 1678 2119 Si
1693 2095 1813 2126 peccator

1043 2142 1080 2166 est
1091 2160 1100 2172 ‚
1124 2140 1224 2171 nescim
1249 2138 1333 2173 quasi
1359 2137 1436 2164 dicat
1463 2147 1469 2164 ε
1499 2138 1577 2172 Opus
1601 2137 1812 2166 miraculosum

1043 2192 1237 2219 recognosco,
1252 2184 1342 2210 vitam
1359 2182 1507 2218 operantis
1521 2182 1636 2217 ignoro.
1651 2183 1706 2210 Sed
1721 2191 1814 2220 oppo-

1043 2232 1085 2258 nit
1100 2231 1137 2258 de
1152 2230 1208 2257 hoe
1223 2230 1446 2264 Chrysostomus
1456 2229 1477 2245 '2¹
1496 2238 1522 2256 :a
1536 2230 1575 2255 Ex
1592 2237 1651 2264 quo
1666 2230 1748 2265 prius
1763 2230 1813 2264 ait,

1044 2277 1126 2312 quod
1148 2278 1209 2304 erat
1230 2275 1389 2311 propheta,
1406 2275 1530 2310 qualiter
1543 2283 1621 2302 nunc
1636 2276 1675 2303 ait
1690 2285 1696 2303 :
1712 2276 1744 2304 sa·
1754 2286 1813 2312 pec-

1044 2327 1116 2351 cator
1131 2326 1169 2351 est
1179 2344 1188 2358 ,
1203 2323 1309 2349 nescio?
1324 2332 1336 2346 u
1355 2323 1388 2348 Et
1399 2320 1438 2349 ad
1448 2321 1526 2348 istud
1541 2322 1716 2357 respondet,
1730 2323 1813 2358 quod

1044 2424 1106 2448 xxx,
1125 2419 1163 2441 13.
1177 2430 1208 2435 -—
1224 2417 1241 2432 ¹²
1259 2417 1334 2445 Rom„
1353 2422 1393 2446 ri,
1409 2418 1452 2444 21,
1468 2416 1507 2439 23.
1522 2429 1552 2434 -
1568 2416 1586 2432 ¹³
1601 2416 1659 2443 λοῦ,
1676 2418 1812 2446 v1‚15.—

1047 2455 1064 2470 ¹¹
1088 2455 1161 2483 Aug„
1186 2453 1228 2476 ubi
1250 2459 1305 2482 sup.
1326 2464 1354 2468 —
1378 2452 1396 2467 ¹⁵
1419 2451 1474 2480 lus„
1498 2453 1536 2475 26.
1558 2465 1584 2468 -
1605 2451 1623 2467 ¹⁸
1645 2451 1702 2481 luf.‚
1722 2453 1760 2476 28.
1782 2465 1812 2470 —

1046 2490 1063 2505 ¹⁷
1080 2489 1136 2519 int,
1155 2490 1194 2511 34.
1216 2500 1241 2504 —-
1262 2488 1280 2503 ¹⁸
1300 2486 1441 2516 Chryses-t„
1460 2486 1502 2509 ubi
1520 2493 1576 2516 sup.
1593 2498 1619 2502 ——
1641 2487 1658 2501 ¹¹³
1682 2488 1755 2517 Aug„
1770 2488 1813 2511 ubi

1045 2531 1111 2554 sup„
1132 2531 1158 2546 u.
1181 2525 1216 2546 ιι.
1235 2536 1264 2540 -
1282 2524 1302 2538 ²¹⁰
1321 2522 1381 2551 dos„
1401 2527 1453 2550 vii,
1476 2522 1511 2544 19.
1526 2533 1557 2538 —
1575 2522 1593 2536 ²¹
1614 2521 1755 2552 Chrysost,
1770 2523 1813 2546 ubi

1046 2567 1112 2589 sup.,
1130 2566 1156 2582 u.
1174 2560 1196 2582 2.
