1987 3032
682 241 947 274 EXPOSHHOIN
970 241 1184 274 CAP.XVHL

139 311 170 337 ut
186 310 221 346 (α)
235 311 319 345 juxta
331 310 512 346 promissum
531 309 621 337 Patris
635 309 726 336 semel
740 309 836 336 adhuc
851 308 906 335 cla-

138 356 266 384 rificetur
276 357 322 392 (h),
333 367 344 381 n
353 364 454 392 supra,
463 355 515 383 ubi
525 356 628 383 dicitur
642 356 649 371 ¹
660 365 666 382 :
677 357 711 382 Et
719 356 874 389 clarificavi,
882 357 907 381 et

138 403 297 436 clarificabo.
314 403 381 435 Quae
398 402 518 437 quidem
535 402 703 429 clarificatio
719 404 760 428 est
772 402 779 416 2
794 400 907 435 «pleni-

138 447 209 475 tudo
224 448 338 482 gloriae,
354 448 399 475 cui
415 456 475 475 non
490 450 577 483 queat
591 448 717 484 amplius
729 447 808 474 addi.
821 457 833 472 n
844 448 907 474 llaec

137 493 192 526 ibi,
207 496 233 520 et
247 493 288 520 ibi
304 494 340 520 de
355 494 411 521 hoc
423 494 559 522 multum.
574 495 653 522 Unde
670 495 706 521 de
726 493 836 529 duplici
852 493 907 520 cla-

137 539 219 566 ritate
238 540 313 572 Filii,
328 541 436 568 seilicet
450 549 509 569 una
525 550 590 577 quae
607 543 648 569 est
665 542 840 574 amborum,
855 540 908 567 sci-

137 585 204 612 licet
218 586 307 613 Patris
322 590 348 614 et
362 587 425 614 Filii
439 588 449 605 ³
464 597 469 615 :
483 599 495 612 «
510 590 566 615 Nec
583 588 696 615 claritas
712 588 773 615 Filii
789 589 830 614 est
844 595 909 623 pos-

139 632 246 666 terior,
270 633 340 668 quia
363 633 405 661 ibi
429 635 594 669 aequalitas,
618 635 670 662 ubi
695 636 737 662 est
761 634 908 662 coaeterni-

141 680 183 706 tas
195 678 242 715 (c),
255 689 268 705 »
285 682 311 707 et
326 680 363 707 de
378 680 508 708 claritate
523 681 585 708 Filii
600 683 666 717 post
680 681 865 716 passionem,
882 682 910 707 et

140 725 244 753 merito
260 726 418 762 passioniS,
435 727 480 754 cui
497 727 598 755 datum
614 730 655 755 est
669 728 771 755 sedere
788 727 826 754 ad
843 727 910 754 dex-

141 772 233 799 teram
257 772 364 807 Patris,
392 774 555 801 Bernardus
575 775 584 790 '⁴
602 774 688 801 bene.
705 775 714 790 ⁵
733 784 745 798 α
761 774 808 801 Cui
831 773 909 800 enim

140 818 314 853 angelorum
335 819 445 847 dictum
464 821 506 847 est
528 820 629 847 sedere
646 828 663 847 a
679 820 786 847 dextris
808 820 879 847 Dei?
895 830 907 844 »

140 865 226 900 quasi
241 865 337 893 dicat:
354 866 440 894 Nulli.
456 867 558 894 Videre
572 870 668 895 autem
683 870 838 902 utramque
855 867 911 894 cla-

139 912 251 939 ritatem
269 912 322 940 erit
341 914 468 949 perfecta
483 914 578 948 gloria
592 915 763 947 beatorum,
779 916 810 941 ut
824 914 910 940 habi-

139 960 201 985 tum
222 960 264 986 est
284 967 373 994 supra
394 960 546 994 proximo,
569 961 610 988 ibi
625 961 634 977 ⁶
655 970 661 988 :
682 962 768 988 «Haec
791 962 832 988 est
852 960 911 986 vita

138 1006 260 1039 aeterna,
275 1007 307 1032 ut
320 1005 440 1033 videant
455 1006 498 1041 (d)
517 1008 554 1034 te.
570 1017 582 1032 »

335 1107 514 1139 CAPUT
552 1107 710 1140 XVIH.

173 1191 198 1216 1.
214 1190 276 1216 Hoec
290 1198 348 1216 cum
364 1190 478 1217 dixisset
491 1191 578 1224 Jesus,
595 1198 711 1225 egressus
726 1194 764 1218 est
777 1200 834 1219 cum
853 1192 910 1218 dis-

137 1237 243 1270 cipulis.
259 1235 414 1263 Praemissis
429 1236 587 1264 Salvatoris
601 1237 785 1264 documentis
800 1240 826 1265 et
841 1245 912 1273 ope-

136 1281 233 1315 ribus,
247 1282 277 1308 in
291 1284 373 1316 parte
388 1282 442 1308 ista
458 1282 494 1309 de
510 1283 573 1317 ipsa
586 1283 722 1318 passione
741 1284 909 1317 Salvatoris,

137 1329 164 1354 et
184 1327 220 1354 de
237 1328 501 1355 concomitantibus
517 1336 580 1356 eam
599 1329 645 1364 (e),
667 1331 694 1356 et
713 1329 750 1356 de
765 1338 910 1357 resurrec-

137 1373 225 1401 tione.
243 1374 309 1401 ldeo
325 1374 386 1401 haec
401 1374 431 1401 in
452 1374 526 1401 duas
541 1384 546 1401 :
568 1375 682 1410 primo,
706 1375 741 1402 de
761 1375 825 1411 ipsa
845 1384 911 1411 pas-

137 1419 235 1453 sione;
250 1420 395 1454 secundo,
417 1420 453 1447 de
468 1421 678 1448 resurrectione
691 1422 700 1438 ⁷
715 1430 720 1448 :
747 1423 803 1448 Una
823 1425 910 1449 autem

136 1466 259 1499 Sabbati,
273 1468 326 1493 etc.
348 1468 379 1494 Et
393 1466 463 1501 quia
477 1466 539 1502 ipse
553 1467 606 1494 fuit
621 1475 638 1494 a
656 1468 762 1494 ludaeis
777 1476 910 1503 compre-

136 1512 258 1546 hensus,
276 1512 438 1547 judicatus,
457 1513 611 1540 crucifixus
631 1515 658 1540 et
675 1514 820 1548 sepultuS,
842 1514 909 1542 ideo

135 1558 232 1593 primo
252 1560 386 1585 narratur
402 1559 438 1585 de
458 1559 548 1594 ipsius
565 1560 845 1595 comprehensione,
868 1568 909 1587 se-

136 1604 250 1637 cundo,
267 1604 303 1631 de
319 1605 522 1640 comprehensi
536 1605 715 1640 judicatorio.
732 1606 911 1634 condemna-

135 1651 231 1684 tione,
245 1650 323 1678 ibis:
340 1652 376 1677 Et
396 1651 566 1678 addztzermzt
582 1660 656 1685 eum,
673 1654 738 1685 etc.;
755 1653 856 1686 tertio,
873 1653 909 1679 de

136 1696 296 1731 adjudicati
308 1697 342 1732 (f)
352 1697 622 1732 crucifixione,ibi⁹
637 1706 642 1724 ;
660 1698 837 1732 Susrepermzc
853 1707 909 1725 eum

135 1744 250 1776 milites,
270 1745 337 1776 etc„
359 1746 480 1778 quarto,
501 1743 538 1770 de
555 1743 646 1778 ipsius
666 1743 796 1770 crucifixi
814 1744 910 1779 sepul-

134 1791 199 1816 tura
213 1789 260 1815 vel
274 1788 461 1824 sepelitione,
477 1789 518 1816 ibi
530 1790 551 1806 ¹⁰
565 1799 570 1815 ι
587 1791 648 1816 Post
659 1790 712 1816 hoec
726 1792 843 1824 roqavit,
855 1791 908 1817 etc.

136 1835 167 1861 In
181 1835 277 1869 prima
292 1836 448 1861 narrantur
463 1837 608 1870 quatuor:
624 1835 720 1870 primo
730 1857 736 1869 ,
752 1835 910 1863 Salvatoris

137 1880 175 1907 ad
189 1880 289 1907 locum
312 1880 364 1907 ubi
383 1881 612 1916 comprehensus
632 1881 687 1908 fuit
706 1882 852 1916 accessio;
869 1890 910 1908 se-

137 1926 252 1960 cundo,
276 1926 435 1961 proditoris
461 1935 527 1954 cum
549 1928 844 1962 comprehensoribus
870 1928 908 1955 ad

136 1972 274 2000 eumdem
288 1972 386 1999 locum
402 1973 550 2007 adventio,
567 1973 608 2000 ibi
624 1974 642 1990 ¹¹
663 1983 668 2000 :
694 1974 798 2001 Sciebat
821 1976 908 2001 autem

135 2019 230 2053 Iudas,
241 2020 306 2053 etc.;
318 2018 413 2053 tertio,
424 2018 516 2054 ipsius
531 2019 688 2047 Salvatoris
702 2020 749 2047 vel
759 2020 794 2055 (9)
806 2020 909 2047 volun-

136 2066 208 2094 taria
227 2066 355 2100 oblatio,
371 2066 412 2093 ibi
426 2065 445 2081 ¹²
463 2075 469 2093 z
487 2068 561 2093 Jesus
576 2068 682 2101 itaque,
704 2069 769 2101 etc„
786 2068 908 2102 quarto,

135 2112 199 2148 ipsa
213 2112 454 2147 comprehensio,
467 2112 509 2139 ibi
524 2112 544 2128 ¹³
556 2122 561 2140 :
581 2113 676 2140 Cohors
696 2121 769 2147 erqo,
783 2115 836 2140 etc.

171 2158 215 2185 Ait
229 2166 300 2193 ergo
314 2167 319 2185 :
340 2159 402 2185 Hoec
415 2166 473 2185 cum
484 2159 612 2193 dixisset,
629 2161 681 2186 etc.
699 2160 731 2186 Ut
746 2159 784 2186 ait
799 2162 908 2194 Augus-

136 2204 212 2232 tinus
232 2205 252 2222 ¹⁸
272 2213 278 2231 :
302 2215 314 2228 «
330 2205 392 2231 Non
415 2204 497 2239 quod
520 2205 660 2232 continuo
682 2205 828 2239 ingressus
853 2208 908 2239 cst,

135 2253 202 2286 post
215 2258 269 2278 sua
283 2250 374 2277 verba
389 2258 455 2286 quae
471 2250 556 2285 dixit;
572 2250 624 2277 sed
639 2252 670 2277 ut
684 2259 745 2278 non
760 2253 825 2278 ante
841 2259 908 2278 cum

137 2296 301 2331 ingressum
322 2304 383 2323 esse
401 2296 570 2331 opinemur,
591 2304 681 2332 quam
702 2297 752 2324 illa
770 2298 862 2325 verba
876 2298 908 2324 fi-

137 2343 240 2370 nierat.
257 2353 270 2368 n
296 2344 423 2377 Eyressus
447 2346 484 2369 est
499 2350 558 2369 cum
578 2343 731 2377 discipulis.
755 2343 810 2370 Sed
830 2352 908 2379 quae-

170 2420 262 2448 ¹511p.,
273 2423 318 2448 ΧΗ,
332 2419 402 2441 28.—
414 2418 422 2431 ²
437 2418 522 2447 Bern,
537 2418 579 2441 ubi
592 2426 647 2449 sup.
666 2432 686 2435 —
706 2419 715 2435 ³
726 2420 798 2449 1bi‹i.,
814 2427 837 2443 υ.
853 2421 907 2443 4.-

138 2453 147 2469 ·
158 2453 230 2482 ibid„
239 2460 264 2478 n.
276 2455 330 2477 5.—
345 2453 474 2482 metr-„n
486 2454 522 2482 13,
533 2454 616 2484 quoad
628 2455 790 2479 sensum—⁶
801 2457 852 2485 sup
866 2474 873 2485 ,
885 2458 907 2479 3.

136 2489 181 2506 -”’
194 2489 248 2519 tufi,
266 2490 376 2519 xx,1.-
389 2489 465 2517 Ε11]1’.,
478 2489 516 2511 13.
527 2501 556 2505 --
566 2489 644 2520 91011,
660 2496 712 2519 xix,
728 2490 907 2521 1ϋ.-“011)1(1.,

137 2525 209 2547 38.—
221 2525 238 2540 ¹¹
252 2524 305 2553 inf.‚
317 2525 376 2548 2.—
390 2524 408 2539 ¹²
423 2523 479 2553 inf„
491 2525 546 2547 3.-
563 2524 582 2540 ¹³
598 2525 655 2555 lui„
671 2527 745 2548 u).—
760 2526 776 2542 ¹⁸
793 2527 908 2556 August„

137 2560 209 2582 tract.
238 2565 305 2590 ciii,
330 2566 356 2583 n.
386 2562 404 2582 1.
433 2573 459 2576 -
488 2559 506 2575 ¹⁵
530 2559 671 2591 chrysost„
697 2561 766 2584 boni.
795 2567 908 2590 Lxxxm,

136 2595 167 2617 al.
195 2600 297 2624 Lxxxu,
320 2602 346 2619 n.
371 2597 392 2619 1,
416 2608 446 2612 —-
471 2595 491 2610 ¹⁰
513 2595 605 2622 Maeli„
628 2601 669 2625 tw,
691 2597 732 2625 40;
755 2603 813 2626 xvi,
833 2598 857 2620 9.
881 2609 904 2613 -

138 2631 154 2645 ¹³
171 2631 311 2661 Chrysas-t„
328 2631 389 2654 ibid.
404 2644 433 2648 —
451 2630 470 2647 ’Β
485 2632 558 2662 Aug„
573 2635 644 2656 tract.
661 2639 722 2662 cxii,
741 2640 764 2656 ii.
784 2635 797 2656 2

167 2673 200 2703 (ιι)
227 2673 287 2696 Cael.
310 2672 369 2695 edit.
394 2675 526 2703 supererat
546 2676 638 2698 autem.
665 2688 688 2691 fi
713 2675 747 2704 (h)
769 2676 827 2698 (ml.
848 2675 907 2698 edil.

1672 248 1730 276 483

963 309 1046 341 ritur,
1062 316 1153 343 quare
1168 316 1227 335 non
1245 308 1404 343 expectavit
1419 309 1448 336 in
1464 309 1568 336 eodem
1581 310 1662 344 icco,
1678 313 1730 339 ubi

965 354 1085 381 docuit?
1105 356 1137 381 Et
1153 354 1191 382 ad
1214 355 1270 382 hoc
1284 355 1444 390 respondet
1462 356 1685 392 Chrysostomus
1700 358 1730 393 ¹⁵,

964 400 1016 427 ubi
1032 401 1186 435 diligenter
1199 402 1384 437 persequitur
1398 402 1484 430 istum
1500 411 1634 438 passum,
1651 404 1734 439 quod

969 456 981 471 «
1000 447 1067 474 ideo
1089 449 1131 474 est
1150 456 1297 482 egressus,
1313 449 1422 476 docens
1445 457 1498 484 per
1512 457 1628 485 opera,
1651 450 1733 485 quod

965 501 1025 520 non
1042 493 1070 520 vi
1086 496 1113 520 et
1126 495 1310 527 necessitate,
1325 495 1377 522 sed
1396 495 1498 523 volens
1513 496 1551 523 ad
1565 496 1733 531 passionem

965 539 1016 566 ivit
1037 539 1155 566 obviarn
1179 540 1233 573 eis,
1262 541 1438 568 abscindens
1461 542 1521 575 his,
1542 543 1592 577 qui
1616 543 1735 570 insidia-

966 585 1088 620 bantur,
1103 586 1253 619 lahorem,
1269 589 1295 614 et
1314 595 1417 615 eruens
1439 596 1455 615 a
1470 588 1638 623 fatigatione
1653 591 1680 616 et
1694 589 1736 616 af-

966 631 1108 666 flictione,
1126 635 1153 659 et
1167 633 1255 660 etiam
1271 633 1380 661 doeens
1395 642 1448 661 nos
1463 642 1522 661 non
1540 635 1642 662 timere
1657 643 1736 662 mor-

968 680 1034 705 tem.
1047 689 1059 703 »
1080 680 1231 706 Torrentem
1254 680 1367 712 Cedron,
1389 680 1419 707 id
1435 682 1490 715 est,
1507 681 1681 715 Carnorum,
1698 682 1737 709 ait

967 724 1081 758 Glossa,
1098 725 1138 751 ibi
1162 725 1241 752 enim
1259 725 1315 752 illas
1338 726 1459 753 arbores
1483 727 1676 754 abundabant
1693 728 1712 744 ¹⁶
1728 737 1733 754 :

971 780 983 794 «
1000 770 1152 797 AEdifieare
1175 771 1338 798 cedronem
1359 773 1406 807 (h),
1424 782 1437 797 u
1459 774 1511 799 etc.
1533 774 1583 799 Ubi
1601 776 1659 800 erat
1678 775 1737 801 hor-

968 819 1021 848 lus,
1035 818 1088 843 etc.
1105 818 1137 843 Ut
1151 817 1227 843 enim
1243 817 1282 844 ait
1298 818 1520 852 Chrysostomus
1537 820 1555 836 ¹⁷
1571 829 1576 846 :
1597 829 1610 844 «
1625 820 1736 847 Consti-

967 862 1020 889 tuit
1035 863 1163 897 seipsum
1173 863 1293 890 velutin
1304 872 1433 897 carcere,
1447 865 1555 892 scilicet
1567 865 1597 892 in
1612 865 1707 893 horto.
1721 877 1734 891 ι,

968 909 1006 935 Ex
1029 908 1172 943 praedictis
1190 911 1282 944 patet,
1309 910 1390 945 quod
1413 910 1578 938 voluntarie
1602 912 1680 939 venit
1699 913 1737 939 ad

967 954 1144 989 passionem.
1161 957 1192 982 Et
1206 956 1262 983 hoc
1277 959 1338 983 erat
1351 956 1498 984 sufficiens
1514 958 1659 985 consolari
1676 959 1737 986 disn

968 1000 1096 1035 cipulos,
1113 1003 1144 1028 ut
1158 1001 1197 1028 ait
1211 1001 1436 1037 chrysostomus
1452 1003 1481 1030 ¹⁷.

1002 1047 1028 1073 ⁶2.
1045 1048 1077 1073 Et
1091 1048 1222 1082 sequitur
1236 1048 1366 1076 secunda
1380 1049 1538 1084 particula:
1555 1051 1674 1084 Sciebat,
1690 1060 1738 1078 au-

969 1096 1019 1120 tem
1039 1096 1063 1119 et
1079 1094 1178 1127 Judas,
1198 1096 1226 1121 ut
1239 1094 1318 1121 enim
1333 1095 1372 1122 ait
1386 1095 1610 1130 Chrysostomus
1625 1097 1644 1114 ¹⁷
1657 1106 1663 1124 :
1678 1108 1692 1123 (ι
1707 1099 1740 1125 Ut

968 1147 1043 1173 non,
1059 1139 1182 1166 audiens
1194 1140 1328 1175 hortum,
1344 1141 1490 1169 existimes
1507 1150 1574 1169 eum
1588 1143 1738 1177 occultari,

967 1185 1076 1212 scilicet
1090 1187 1173 1221 quasi
1189 1187 1308 1219 timens,
1331 1187 1463 1221 induxit,
1480 1189 1622 1223 quoniam
1640 1191 1739 1217 sciebat

967 1232 1053 1259 Judus
1069 1233 1171 1259 locum:
1189 1235 1216 1260 et
1230 1241 1291 1260 non
1312 1233 1385 1261 dixit
1400 1234 1579 1270 simpliciter,
1595 1236 1647 1262 sed
1663 1245 1738 1271 quo-

968 1278 1047 1305 niam
1066 1280 1220 1312 frequenter
1241 1281 1308 1307 illuc
1326 1285 1497 1314 conqrequtus
1518 1284 1556 1308 est
1578 1291 1635 1309 cum
1655 1283 1738 1309 disci-

967 1326 1050 1358 pulis.
1062 1336 1074 1351 »
1091 1326 1145 1353 Sed
1161 1327 1309 1361 quaeritur,
1322 1336 1412 1363 quare
1428 1328 1458 1355 in
1470 1329 1556 1356 horto
1572 1329 1738 1364 frequenter

969 1372 1162 1399 conveniebat
1188 1381 1255 1400 cum
1283 1374 1332 1401 eis.
1363 1377 1393 1402 Et
1409 1375 1448 1402 ad
1476 1375 1552 1402 istud
1579 1377 1738 1411 respondet

968 1418 1191 1453 chrysostomus
1208 1421 1238 1454 ¹⁷,
1251 1421 1392 1455 quoniam
1406 1432 1418 1445 «
1433 1421 1598 1456 frequenter
1614 1431 1737 1458 pernoc-

967 1464 1047 1491 tabat
1062 1467 1152 1499 extra,
1169 1468 1196 1492 ct
1211 1467 1353 1501 quoniam
1368 1467 1405 1494 de
1419 1468 1586 1495 necessariis
1600 1469 1735 1504 loquens,

968 1513 995 1538 et
1007 1519 1072 1546 quae
1085 1519 1146 1538 non
1161 1514 1219 1539 erat
1233 1512 1276 1539 fas
1292 1513 1365 1540 alios
1384 1514 1502 1547 audire,
1518 1514 1695 1549 loquebatur
1710 1518 1737 1542 et

967 1557 996 1583 in
1012 1558 1161 1584 montibus
1181 1558 1248 1585 etin
1265 1559 1371 1593 hortis,
1383 1560 1510 1587 maxime
1529 1561 1559 1595 (ι)
1576 1568 1593 1587 a
1607 1561 1736 1588 tumulti-

967 1604 1022 1631 bus
1033 1605 1183 1640 inquirens
1194 1614 1309 1641 semper
1318 1606 1433 1640 locum,
1445 1609 1546 1634 utnon
1557 1616 1639 1635 mens
1650 1611 1737 1643 Apos·

966 1651 1095 1678 tolorum
1116 1652 1308 1686 impediretur
1329 1653 1367 1680 ab
1389 1653 1549 1681 auditione.
1567 1666 1579 1678 »
1598 1655 1660 1681 Haec
1676 1655 1734 1683 ille.

966 1698 998 1723 Et
1012 1699 1089 1732 patet
1103 1697 1149 1724 hic
1166 1698 1335 1733 exemplum
1350 1699 1502 1726 orantibus
1513 1702 1540 1726 et
1550 1700 1735 1733 docentibuS,

965 1742 1134 1777 inquirendi
1152 1742 1251 1770 locum
1272 1744 1403 1779 quietum
1422 1744 1461 1772 ad
1476 1746 1623 1773 orandum
1638 1748 1665 1773 et
1680 1747 1734 1774 do-

966 1790 1103 1817 cendum.

1001 1838 1026 1863 3.
1047 1837 1131 1863 Judas
1147 1845 1206 1870 erqo
1221 1838 1255 1871 (j)
1274 1846 1330 1864 cum
1350 1839 1492 1872 accepisset
1508 1839 1652 1874 cohortem,
1669 1848 1734 1875 quae

966 1882 1071 1909 cohors
1084 1890 1144 1909 non
1160 1882 1211 1910 suit
1225 1883 1403 1918 Judaeorum,
1418 1884 1469 1911 sed
1482 1885 1617 1912 militum.
1632 1887 1668 1913 De
1679 1886 1735 1913 hoe

966 1928 995 1955 in
1008 1929 1122 1963 Glossa,
1141 1937 1194 1964 pro
1214 1931 1306 1964 parte.
1325 1930 1389 1957 Cum
1408 1932 1535 1964 laternis,
1551 1933 1604 1960 etc.
1624 1941 1637 1957 «
1656 1933 1733 1965 Quo-

966 1975 1045 2002 niam
1065 1975 1191 2003 tenebrae
1204 1978 1298 2009 erant,
1315 1986 1328 2002 n
1345 1977 1384 2004 ait
1398 1977 1621 2013 Chrysostomus
1632 1978 1661 2005 ¹⁷.
1679 1979 1734 2006 Sed

966 2022 1090 2057 qualiter
1111 2023 1151 2049 illi
1174 2023 1214 2050 eis
1235 2024 1438 2058 adhaerebant,
1463 2033 1530 2052 cum
1553 2027 1647 2052 essent
1664 2033 1734 2060 gen-

965 2069 1046 2096 tiles?
1059 2069 1308 2104 Respondendum
1318 2070 1480 2098 secundum
1493 2071 1734 2106 Chrysostomum

966 2115 1047 2150 quod
1069 2117 1151 2142 erant
1171 2116 1294 2150 milites,
1316 2116 1506 2151 pecuniarum
1527 2117 1620 2151 gratia
1635 2118 1735 2145 omnia

965 2160 1111 2188 iacientes
1138 2162 1304 2189 Secundum
1330 2163 1525 2197 Augustinum
1544 2163 1564 2179 ¹³
1583 2171 1653 2190 vero
1674 2166 1735 2191 erat

966 2208 1072 2234 cohors
1088 2208 1176 2235 missa
1187 2216 1204 2235 a
1217 2209 1357 2244 praeside:
1371 2211 1398 2237 et
1413 2209 1449 2237 de
1460 2209 1495 2245 (k)
1507 2209 1563 2237 hoc
1577 2210 1607 2237 in
1623 2210 1733 2237 Glossa.

966 2254 1132 2289 Mysterium
1148 2262 1218 2281 vero
1232 2257 1311 2290 patet
1323 2255 1352 2282 in
1367 2255 1467 2283 Glossa
1482 2264 1536 2291 pro
1550 2257 1631 2291 parte
1643 2266 1669 2283 :«
1684 2258 1735 2283 Per

965 2301 1121 2327 torrentem
1137 2300 1316 2335 significatur
1327 2301 1490 2336 impetuosa
1504 2302 1657 2336 poenalitas
1669 2311 1735 2338 pas—

965 2345 1066 2379 sionis,
1087 2354 1177 2381 quam
1198 2347 1329 2374 transivit
1349 2349 1439 2374 10505.
1455 2348 1569 2375 Cedron
1591 2348 1733 2384 interpre-

966 2394 1040 2420 tatur
1060 2392 1266 2425 obumbratio,
1287 2402 1377 2428 quam
1392 2394 1652 2422 obumbrationem
1669 2395 1734 2422 abs-

965 2463 1029 2486 deesl
1043 2463 1120 2486 semul
1133 2463 1214 2487 adhuc
1226 2463 1415 2488 01011ῆο0100-
1429 2465 1459 2495 (r)
1472 2465 1531 2488 Coet.
1544 2465 1602 2489 edit.
1616 2465 1658 2489 ubi
1674 2472 1733 2496 seq„

966 2499 999 2521 ibi
1012 2501 1049 2521 est
1064 2499 1200 2522 (eternitas.
1213 2512 1241 2516 —
1256 2500 1291 2529 (tl)
1309 2500 1379 2529 Vulq.
1396 2503 1556 2530 cognoscant.
1571 2514 1600 2518 -—-
1625 2502 1654 2531 (e)
1673 2502 1733 2524 (lu->t-

965 2534 1025 2558 etlzt.
1038 2542 1134 2557 eumaw
1151 2535 1181 2564 (f)
1194 2535 1513 2566 Ley.judicati.—(y)[)1:l.
1528 2537 1608 2561 vel.—
1619 2536 1731 2567 (l1)l=⁷ulq.

966 2570 1106 2599 Gedoreim
1128 2571 1200 2599 Lxx,
1225 2571 1339 2602 Κεδρων;
1364 2571 1408 2594 sed
1428 2571 1461 2594 ibi
1480 2572 1562 2602 agitur
1582 2572 1612 2595 dn
1633 2572 1732 2595 vixiizuv

965 2605 1045 2628 itibus
1062 2606 1126 2628 Juda
1151 2605 1176 2628 in
1196 2608 1263 2629 sorte
1283 2607 1343 2629 Dan.
1368 2606 1424 2630 Vid.
1448 2607 1524 2630 Coi-11.
1547 2616 1561 2630 a
1584 2607 1684 2637 Lupidu.
1704 2620 1732 2623 —

966 2641 994 2670 (ι)
1012 2640 1100 2670 suppl.
1112 2647 1263 2664 vaeuuu1.—
1281 2642 1314 2671 (Ι)
1329 2642 1392 2664 Cant.
1406 2642 1465 2665 «edit.
1480 2646 1611 2665 autem.—
1625 2641 1657 2672 (lc)
1671 2643 1730 2666 (Aet.

965 2676 1025 2698 mlii.
1042 2675 1106 2698 deest
1122 2675 1161 2699 de.
