1987 3032
168 238 225 266 110

167 302 324 341 cantium,
340 303 396 342 (1111
412 303 546 334 fideliter
567 303 791 332 laboraverunt
806 301 839 330 in
857 309 932 330 con-

167 355 311 386 versione
320 355 336 386 J
341 356 503 387 udaeorum
512 381 519 393 ,
535 356 586 386 hic
597 355 734 386 secundo
745 353 936 393 exprimitur

168 407 250 438 circa
263 408 405 439 ordinem
422 408 661 448 przedicantium
677 408 731 446 qui
747 406 852 436 fideles
865 406 934 436 fue-

169 463 246 491 runt
263 461 293 492 in
310 462 516 493 conversione
541 462 708 500 gentilium
732 460 934 500 populorum.

169 515 255 546 Circa
270 525 365 555 quem
380 517 523 546 ordinem
536 517 599 547 (luo
614 515 869 552 introducuntur,
882 514 937 544 sci-

168 568 239 599 licet
253 570 386 600 fidelitas
401 570 586 607 ministerii,
611 572 640 600 et
655 569 832 599 sublimitas
850 576 936 608 prae-

169 622 236 652 mii.

210 675 316 706 Primo
330 685 407 715 ergo
418 700 425 714 ,
441 676 544 716 quoad
561 676 725 706 ministerii
742 675 936 713 fidelitatem,

169 728 284 759 dicitur
297 739 303 759 :
320 730 366 760 Et
376 729 456 760 alter
469 730 555 760 vem't
565 729 670 759 dicens
682 738 692 760 .·
702 729 849 766 Domine,
861 737 938 758 mna

170 785 225 811 teca
239 782 315 820 fecit
329 782 470 822 quinque
484 792 587 813 mnas.
605 782 731 813 Glossa:
756 793 770 810 «
787 781 860 811 Mna
874 790 938 811 una

169 835 310 874 quinque
328 835 415 872 fecit,
436 835 511 875 qnia
531 837 660 874 gentes,
677 836 819 875 quinque
841 835 939 865 sensi-

169 888 228 918 bus
238 890 329 918 antea
340 889 544 928 mancipatas,
557 889 595 919 ad
609 889 746 928 gratiam
760 888 832 918 fidei
846 897 940 919 evan-

169 941 280 978 gelicae
295 942 460 972 convertit.
473 953 486 970 »
503 942 537 972 In
552 943 650 981 hujus
663 943 805 982 figuram
821 942 939 972 dictum

171 995 218 1023 est
236 994 280 1023 illi
302 994 430 1025 mulieri
452 995 677 1032 Samaritanae,
702 1003 775 1034 quae
797 995 939 1033 figuram

171 1047 317 1085 gentium
343 1048 474 1086 gerebat
492 1050 499 1065 ¹
523 1058 530 1079 :
554 1060 568 1077 (ι
586 1048 731 1087 Quinque
749 1048 834 1078 enim
854 1048 940 1079 viros

171 1100 328 1139 habuisti,
340 1113 353 1130 1)
369 1106 426 1133 etc.
442 1102 500 1133 Sed
513 1102 640 1142 quando
654 1102 704 1132 isti
717 1102 857 1141 quinque
872 1110 940 1131 sen-

171 1162 226 1184 sus
243 1157 474 1186 convertuntur
497 1156 534 1186 ad
558 1155 612 1186 Dei
636 1156 840 1195 obsequium,
864 1157 940 1185 tunc

171 1216 246 1237 mna
262 1208 374 1246 gratiae
390 1208 505 1239 dicitur
519 1209 662 1248 quinque
677 1208 810 1245 lucrari,
832 1217 941 1239 secun-

170 1260 247 1290 dum
263 1261 342 1291 illud
354 1261 384 1290 ²:
406 1273 420 1289 «
439 1262 474 1291 In
491 1262 540 1292 die
555 1262 608 1292 illa
624 1264 717 1293 erunt
736 1261 878 1301 quinque
898 1261 939 1291 ci-

170 1313 283 1344 vitates
305 1315 337 1344 in
356 1317 440 1345 terra
462 1315 591 1354 AEgypti
612 1315 777 1354 loquentes
795 1314 941 1353 linguam

171 1366 317 1397 Chanaan
329 1390 336 1404 ,
352 1370 383 1398 et
400 1369 544 1406 jurantes
561 1377 617 1407 per
637 1367 804 1398 Dominum
818 1367 939 1397 exerci-

171 1426 275 1451 tuum.
294 1420 327 1450 In
342 1421 392 1451 die
408 1421 459 1451 illa
474 1422 533 1452 erit
544 1422 642 1452 altare
656 1421 779 1452 Domini
793 1423 825 1451 in
838 1421 941 1451 medio

172 1476 264 1504 terrae
280 1474 427 1514 AEgypti,
445 1477 474 1505 et
489 1475 600 1505 titulus
620 1475 744 1505 Domini
762 1476 857 1513 juxta
877 1476 942 1505 ter-

172 1527 296 1558 minum
310 1529 391 1566 01115.
403 1538 416 1555 1)
432 1527 585 1558 Dicuntur
596 1537 673 1566 ergo
684 1528 800 1558 animae
813 1528 851 1558 de
865 1527 942 1558 Gen-

173 1580 258 1611 tibus
281 1590 443 1612 conversae
467 1582 623 1621 quinque,
647 1590 711 1612 non
735 1583 862 1620 propter
882 1581 942 1611 hoc

173 1633 258 1672 quod
285 1634 448 1673 pauciores
471 1634 534 1664 sint
558 1634 638 1672 illis,
667 1643 739 1673 quae
761 1634 799 1664 de
825 1634 942 1664 Judaeis

173 1697 334 1719 conversae
349 1689 427 1726 sint;
451 1688 503 1719 sed
523 1688 598 1727 quia
620 1688 682 1718 illae
696 1688 875 1726 agebantur
890 1697 942 1718 se-

173 1740 313 1770 cundum
337 1740 441 1780 legem
467 1740 629 1779 decalogi,
652 1740 709 1770 iste
732 1749 809 1770 vero
835 1749 943 1771 secun-

172 1793 249 1823 dum
264 1794 350 1832 leges
365 1803 533 1832 sensuum,
555 1796 585 1824 et
600 1794 775 1824 carnalium
798 1794 943 1833 volupta-

172 1848 254 1877 tum.
270 1846 400 1886 Propter
413 1847 495 1886 quod
510 1849 540 1877 et
555 1846 656 1877 Judaei
671 1847 821 1877 dicuntur
836 1846 943 1877 vocari

173 1900 210 1931 de
225 1910 336 1940 prope,
355 1901 490 1931 Gentiles
505 1910 581 1931 vero
596 1901 634 1931 de
649 1900 766 1939 longe⁸
784 1911 790 1930 ε
813 1912 826 1928 «
842 1900 944 1931 Evan-

174 1952 322 1990 gelizavit
344 1961 453 1991 pacem
468 1952 558 1982 vobis
579 1951 632 1991 qui
655 1951 752 1990 longe
773 1951 889 1989 fuistis,
914 1954 945 1982 et

173 2012 282 2042 pacem
296 2003 334 2033 iis
349 2003 403 2042 qni
419 2012 553 2042 prope.»

214 2054 372 2091 Secundo,
390 2057 546 2093 quantum
562 2053 600 2083 ad
622 2053 745 2092 praemii
763 2052 943 2083 sublimita-

174 2108 286 2145 tatem,
308 2107 411 2138 subdit
427 2109 475 2145 (v.
497 2108 548 2144 19)
571 2117 578 2136 ·.
598 2106 643 2137 Et
663 2106 735 2136 huic
752 2106 799 2136 ait
812 2115 822 2136 .·
844 2106 889 2137 Et
910 2109 944 2135 tu

175 2164 237 2191 esto
251 2169 346 2200 super
361 2161 503 2200 quinque
518 2160 668 2197 civitates,
684 2159 714 2189 id
727 2161 791 2197 est,
807 2158 943 2198 gloriam

174 2213 290 2244 habeas
316 2214 353 2244 de
376 2213 583 2245 universitate
607 2212 750 2243 fidelium
773 2220 944 2243 converso-

174 2275 259 2296 rum.
276 2266 363 2296 Unde
378 2266 486 2296 Glossa
497 2269 507 2285 ⁶
523 2277 530 2296 ε
552 2277 566 2294 (ι
580 2265 733 2304 Respectu
747 2274 857 2295 earum
874 2264 945 2295 ani-

175 2327 302 2348 marum
317 2328 395 2357 quas
414 2318 557 2349 imbuisti
578 2318 639 2348 fide
662 2319 692 2348 et
717 2318 942 2355 conversione,

176 2380 316 2409 magnus
331 2373 361 2401 et
377 2372 523 2402 sublimis
537 2373 618 2408 esto;
636 2373 667 2401 et
681 2380 746 2401 non
766 2372 891 2400 tantum
907 2371 945 2401 (le

175 2426 248 2463 tuis,
261 2426 313 2456 sed
328 2426 422 2456 etiam
437 2426 474 2456 de
489 2426 669 2456 auditorum
684 2415 880 2466 profectibus*
890 2425 946 2455 ho-

175 2480 334 2516 noreris.»
354 2480 396 2509 De
418 2479 455 2509 iis
475 2480 626 2518 gentibus
647 2480 765 2511 Paulus
781 2479 944 2510 nobilissi-

175 2542 247 2563 mus
261 2533 459 2572 praedicator,
476 2532 545 2562 licet
561 2533 732 2564 minimum
745 2543 778 2564 se
789 2533 905 2563 diceret
915 2534 946 2562 et

207 2623 214 2638 ¹
229 2623 312 2652 Joan„
327 2626 362 2650 iv,
379 2622 455 2644 18.—
467 2621 477 2636 ²
492 2621 552 2650 Im„
563 2627 616 2650 xix,
633 2622 712 2645 ls-m.
728 2635 758 2639 —
773 2621 783 2637 ³
797 2622 897 2652 Ephes„
917 2626 944 2649 11,

178 2659 215 2682 Π.
231 2670 260 2675 -
274 2658 284 2673 ⁴
298 2657 380 2680 Gloss.
396 2655 504 2679 interlin.
523 2657 548 2679 in
563 2656 630 2679 huuc
645 2656 693 2680 loc.
706 2669 735 2673 —
753 2657 762 2672 ⁵
776 2658 835 2686 lm„
851 2662 893 2686 Lx,
905 2658 943 2680 22.

176 2706 206 2711 -
223 2693 314 2723 ΗΜΛ,
329 2698 358 2722 11,
372 2692 395 2716 8.
411 2704 440 2711 -
456 2692 463 2706 ⁷
477 2692 734 2722 Gen.,xxx11,10.—
748 2692 755 2705 ⁸
767 2693 848 2722 Joan„
863 2699 890 2722 x,
908 2694 943 2716 16.

709 235 786 266 EVA
792 234 867 265 NGE
873 233 923 264 LII
946 233 993 264 SA
999 233 1085 265 NCTl
1110 234 1221 265 LUCAE

988 300 1117 330 sentiret
1131 300 1357 339 apostolorum,
1371 300 1544 331 maximam
1556 302 1661 331 tamen
1677 300 1761 331 mul-

990 354 1155 384 titudinem
1171 354 1303 384 adduxit
1318 354 1355 384 ad
1373 354 1455 384 ovile
1471 354 1611 391 Domini,
1625 362 1700 384 cnm
1715 362 1761 384 se-

990 407 1130 437 eundum
1147 407 1242 437 illud⁵
1261 418 1267 437 :
1289 419 1302 434 (ι
1313 407 1462 437 Minimus
1476 407 1535 437 erit
1551 407 1582 436 in
1606 406 1710 444 mille,
1730 408 1761 437 et

992 460 1143 498 parvulus
1159 460 1191 489 in
1207 462 1335 497 gentem
1353 460 1567 491 fortissimam.
1587 472 1601 488 »
1622 460 1710 490 Unde
1728 461 1759 490 et

991 512 1058 552 ipse
1073 512 1214 543 (licebatG
1232 524 1238 542 ;
1262 523 1276 539 «
1293 512 1352 549 Qui
1371 515 1519 552 operatus
1540 516 1586 544 est
1611 513 1703 544 Petro
1729 513 1762 543 in

992 565 1204 604 apostolatum
1219 565 1483 602 circumcisionis,
1501 568 1647 605 operatus
1668 568 1714 597 est
1730 568 1761 596 et

993 618 1073 648 mihi
1088 619 1170 649 inter
1186 620 1334 657 gentes.»
1355 617 1391 648 Et
1416 619 1490 648 nota
1511 619 1594 658 quod
1614 619 1687 650 licet
1706 619 1763 649 de-

993 680 1061 701 cem
1077 680 1184 702 servos
1202 671 1317 702 dixerit
1333 673 1459 701 vocatos
1479 673 1606 711 propter
1631 671 1762 702 humili-

993 726 1090 754 tatem
1108 725 1351 763 praedicatornm
1367 733 1430 754 non
1442 725 1576 755 resumit
1589 724 1648 754 nisi
1659 724 1697 755 de
1711 724 1764 755 tri-

993 777 1066 815 bus,
1085 777 1210 807 duobus
1223 777 1341 807 scilicet
1357 777 1448 807 bonis
1459 800 1466 814 ‚
1483 779 1513 807 et
1528 786 1593 807 uno
1608 777 1708 816 malo,
1725 777 1765 808 ad

993 829 1222 860 insinuandum
1243 830 1327 869 quod
1348 830 1452 861 omnis
1470 831 1652 870 praedicatio
1671 831 1766 862 bono-

996 892 1066 913 rum
1083 885 1129 913 est
1144 883 1292 922 bipartita
1304 883 1477 914 secundum
1491 884 1646 923 duplicem
1663 893 1763 924 popu-

994 936 1060 967 lum
1074 961 1081 975 ,
1098 939 1129 967 et
1150 937 1307 976 duplicem
1330 937 1494 977 parietem.
1518 937 1649 968 Ratione
1669 937 1766 976 hujus

995 990 1090 1020 etiam
1114 990 1231 1030 duplex
1256 990 1466 1021 sacerdotium
1489 990 1569 1028 suit,
1596 992 1626 1020 et
1649 989 1766 1029 duplex

995 1045 1239 1080 testamentum,
1265 1044 1295 1073 et
1319 1042 1436 1082 duplex
1460 1042 1575 1073 dicitur
1595 1051 1663 1073 esse
1686 1042 1763 1073 ordo

996 1096 1234 1135 praedicantium
1258 1095 1437 1133 bonorum,
1463 1096 1638 1126 secundum
1661 1095 1764 1135 dupli-

996 1159 1063 1180 cem
1090 1149 1299 1180 diss‘erentiam
1323 1149 1433 1179 ovium
1463 1149 1704 1188 pascendarum.
1731 1148 1767 1178 lu

996 1204 1089 1242 quus
1109 1204 1248 1241 figuram
1269 1202 1383 1232 dicitnr
1398 1205 1408 1221 ⁷
1428 1211 1436 1232 ε
1462 1214 1477 1231 (ι
1502 1202 1536 1232 111
1559 1202 1671 1232 baculo
1696 1211 1767 1232 meo

996 1256 1128 1286 transivi
1143 1256 1311 1286 Jordanem
1327 1255 1440 1291 istum;
1458 1257 1487 1285 et
1503 1264 1588 1286 nunc
1603 1264 1676 1285 cum
1694 1254 1768 1285 (lua-

996 1309 1057 1339 bus
1071 1308 1186 1339 turmis
1200 1308 1357 1347 egredior.
1372 1320 1385 1335 »
1401 1308 1438 1338 Et
1448 1311 1458 1327 ⁸
1476 1319 1482 1338 :
1505 1319 1518 1336 α
1529 1308 1613 1338 Alias
1627 1317 1702 1338 oves
1716 1308 1769 1338 ha-

998 1363 1066 1399 beo,
1085 1370 1157 1401 quae
1172 1370 1237 1392 non
1252 1363 1328 1391 sunt
1343 1370 1383 1391 ex
1398 1361 1458 1391 hoc
1470 1361 1557 1391 ovili.
1570 1371 1584 1388 »
1601 1360 1658 1391 131⁹
1674 1370 1681 1391 :
1703 1372 1717 1389 α
1730 1360 1769 1391 Ut

998 1415 1077 1445 duos
1094 1414 1207 1445 condat
1223 1415 1253 1443 in
1274 1414 1445 1453 semetipso
1467 1414 1498 1443 in
1523 1423 1625 1444 unum
1647 1422 1768 1445 novum

998 1468 1173 1504 hominem,
1185 1467 1300 1496 faciens
1315 1476 1436 1506 pacem.
1449 1477 1462 1494 1)
1483 1466 1518 1496 111
1531 1466 1629 1505 hujus
1639 1466 1768 1506 dispen-

998 1521 1151 1551 sationem
1169 1521 1206 1559 (a)
1225 1520 1320 1550 etiam
1337 1520 1416 1549 duos
1438 1519 1596 1559 principes
1613 1519 1771 1559 apostolo-

998 1583 1083 1610 rum,
1099 1575 1251 1612 tanquam
1265 1573 1345 1602 duos
1359 1572 1579 1612 praedicatores
1594 1573 1771 1612 praecipuos

999 1630 1029 1657 et
1044 1628 1138 1657 duces
1155 1626 1409 1665 praedicantium,
1426 1625 1578 1656 Dominus
1591 1625 1747 1665 praemisit
1760 1649 1767 1663 ,

999 1679 1143 1717 Petrum,
1169 1679 1301 1716 scilicet,
1327 1681 1357 1708 et
1383 1678 1518 1708 Paulum
1543 1689 1548 1707 :
1577 1678 1655 1708 dans
1679 1677 1771 1708 Petro

999 1734 1193 1773 praecipuam
1217 1733 1403 1771 potestatem
1427 1731 1560 1761 faciendi
1590 1730 1769 1768 mirabilia;

1000 1786 1098 1817 Paulo
1122 1795 1198 1817 vero
1219 1784 1499 1824 profundissimam
1521 1783 1706 1822 sapientiam
1733 1782 1772 1812 ad

1000 1839 1206 1878 intelligenda
1223 1837 1374 1877 mysteria
1387 1848 1393 1867 :
1405 1837 1489 1876 quia,
1507 1836 1588 1866 sieut
1600 1835 1714 1866 dicitur
1728 1834 1768 1865 ¹⁰:

1005 1892 1128 1923 «Judaei
1148 1892 1238 1929 signa
1258 1892 1384 1930 petunt,
1406 1892 1436 1920 et
1459 1889 1559 1919 Graeci
1583 1888 1771 1928 sapientiam

1000 1946 1161 1985 quaerunt.
1178 1954 1192 1971 n
1208 1944 1406 1982 Quicumque
1422 1951 1501 1981 ergo
1522 1942 1597 1972 boni
1618 1941 1769 1981 praedica—

1000 1999 1085 2028 tores
1100 1999 1191 2033 sunt,
1208 1996 1383 2026 imitatores
1397 1996 1600 2025 sunthorum
1615 1995 1770 2032 duorum,

1001 2053 1031 2081 et
1045 2051 1206 2081 adducunt
1221 2050 1259 2079 ad
1282 2058 1420 2089 praesepe
1435 2048 1630 2079 dominicum
1645 2047 1696 2079 vel
1720 2048 1773 2078 bo-

1000 2113 1074 2135 vem
1089 2103 1139 2134 vel
1154 2103 1296 2140 asinum,
1320 2103 1351 2133 id
1372 2104 1436 2138 est,
1460 2102 1568 2132 decem
1591 2110 1699 2138 mnaS‚
1722 2100 1772 2131 vel

1001 2157 1156 2196 quinque,
1174 2156 1349 2186 secundum
1362 2154 1478 2185 horum
1494 2153 1705 2184 differentiam
1721 2161 1772 2192 po-

1001 2211 1165 2250 pulorum.
1180 2210 1218 2240 Et
1230 2219 1269 2239 ex
1282 2209 1341 2239 1100
1357 2210 1487 2248 apparet
1500 2207 1677 2238 differentia
1691 2207 1773 2237 inter

1002 2264 1184 2303 parabolam
1196 2287 1204 2300 ,
1224 2271 1320 2302 qnam
1345 2261 1493 2301 proponit
1518 2261 1686 2291 Matthaeus
1698 2260 1717 2277 ¹¹
1734 2259 1774 2290 de

1001 2317 1144 2353 talentis,
1161 2318 1191 2346 et
1205 2324 1302 2355 quam
1318 2314 1369 2344 bic
1384 2314 1471 2353 ponit
1490 2314 1589 2344 Lucas
1604 2324 1610 2344 ε
1629 2313 1703 2353 quia
1716 2313 1774 2343 ista

1002 2370 1212 2401 differentiam
1227 2369 1353 2408 respicit
1371 2368 1613 2407 praedicatorum
1629 2368 1772 2406 respectu

1002 2423 1217 2459 audientium,
1240 2421 1293 2451 illa
1311 2429 1387 2451 vero
1406 2422 1549 2458 respectu
1572 2418 1773 2458 propriorum

1002 2476 1189 2506 meritorum
1203 2484 1210 2505 :
1226 2475 1296 2505 ideo
1311 2474 1363 2503 hic
1378 2473 1451 2503 dicit
1471 2472 1555 2511 quod
1575 2470 1773 2501 tantumdem

1002 2528 1152 2559 omnibus
1166 2528 1267 2564 dedit3
1285 2527 1328 2556 ibi
1348 2534 1424 2556 vero
1438 2525 1522 2564 quod
1541 2524 1597 2555 uni
1616 2524 1704 2563 plus,
1721 2523 1774 2553 alii

1002 2580 1121 2611 minus.
1140 2580 1229 2610 Unde
1244 2582 1274 2610 et
1295 2579 1347 2609 illa
1364 2579 1397 2608 in
1417 2576 1592 2608 Jerusalem
1616 2575 1775 2615 proposita

1003 2669 1031 2674 —
1052 2658 1061 2670 ⁴³
1080 2655 1180 2687 Eplics„
1196 2661 1225 2686 ll,
1249 2657 1285 2679 15.
1301 2668 1330 2672 —
1346 2655 1365 2670 ¹⁰
1383 2654 1390 2677 l
1407 2653 1475 2677 cor..
1492 2658 1508 2682 l,
1527 2653 1565 2675 22,
1585 2665 1615 2669 —
1633 2652 1650 2668 ¹¹
1672 2650 1773 2682 Manli„

1003 2697 1063 2721 κεν,
1078 2692 1106 2715 14
1123 2692 1147 2715 et
1158 2697 1213 2721 seq.
