1987 3032
34 750 137 776 Quinque

33 781 137 807 porticus.

36 2361 136 2382 Mil-acuti

729 211 935 245 EXPOSITIO
957 211 996 243 IN
1020 211 1105 243 CAP.
1127 212 1164 243 V.

155 281 290 309 destituto
312 289 330 309 a
348 281 452 308 virtute
475 280 637 314 charitatis,
654 282 681 307 et
697 280 823 307 resoluto
838 279 920 306 fluxu

154 327 331 363 voluptatis,
355 329 382 354 et
408 326 522 361 privato
550 326 689 361 operibus
714 326 858 353 virtuosis.
881 326 919 352 De

154 383 214 410 quo
229 374 259 401 in
271 374 365 408 figura
380 372 419 399 ait
439 372 582 408 Propheta
596 372 627 399 in
642 373 745 399 Psalmo
756 372 774 399 ¹:
792 370 918 398 «Dereli-

154 421 217 456 quit
234 428 281 447 me
303 419 394 446 virtus
413 426 493 451 mea,
521 420 548 445 et
572 419 672 446 lumen
695 418 868 451 oculorum,
893 418 920 444 et

153 467 249 502 ipsum
264 473 324 492 non
340 466 382 492 est
395 472 521 491 mecum.
531 474 543 489 n
558 464 605 492 Εῑ2
618 473 624 491 :
643 474 655 489 «
671 466 733 491 Non
748 466 808 490 erat
822 463 847 489 ei
862 471 920 490 vox

153 520 248 547 neque
263 519 374 538 sensus.
396 520 409 536 >³
434 512 465 537 Et
484 510 557 537 illud
576 511 700 537 Matthoez'
720 510 730 526 ³
753 519 758 536 :
784 520 797 535 (ι
813 509 920 536 Offere-

152 557 224 584 bant
237 556 263 584 ei
278 556 471 592 paralyticum
481 557 625 590 Jacentem
640 556 669 583 in
683 556 764 584 lecto.
779 566 791 579 »
809 556 921 582 Piscina

151 603 248 638 figura
260 602 454 638 poenitentiae,
479 604 510 629 ut
532 602 643 629 dictum
664 604 722 635 est,
745 601 775 628 in
795 609 854 636 qua
868 601 921 628 ho-

152 649 211 676 stiae
234 648 381 683 lavandae,
404 648 435 675 id
455 651 512 682 est,
536 648 627 675 corda
651 649 708 675 Deo
733 647 884 675 offerenda
899 649 920 675 1.

156 704 169 720 ι(
182 695 298 722 Lavabo
312 703 366 730 per
379 694 508 729 singulas
529 696 629 722 noctes
652 694 760 721 lectum
774 702 888 728 meum,
906 704 918 719 n

153 741 192 768 ait
205 741 357 776 Propheta.
375 741 508 776 Quinque
518 740 648 776 porticus
659 739 823 774 significant
837 740 919 774 quin-

153 795 209 822 que
225 787 488 819 considerationes,
505 795 569 822 quce
584 786 774 813 introducunt
788 788 921 821 peccato-

151 841 214 860 rem
231 833 261 859 in
276 833 428 860 lavacrum
442 833 633 868 poenitentiae,
649 833 709 859 sive
725 833 763 859 ad
777 832 923 867 poeniten-

153 879 225 906 dum
241 887 248 906 2
263 887 389 914 quarum
403 879 499 914 prima
513 880 553 906 est
568 878 763 905 consideratio
779 879 921 905 excellen—

151 926 198 953 tiae
212 928 302 953 status
316 926 414 960 gratiae
429 933 446 952 a
460 933 520 961 qua
534 925 652 952 recedit.
668 927 793 952 Joannes
806 926 836 952 in
849 927 922 960 Apo-

152 973 255 1006 calypsi
267 973 276 988 ⁵
293 980 299 998 :
318 982 331 997 «
348 974 457 1000 Memor
478 973 539 998 esto
554 971 633 998 unde
647 971 803 1004 excideris,
825 972 852 998 et
867 979 921 1006 age

152 1018 363 1054 prenitentiam.
377 1029 390 1043 »
410 1020 441 1046 Et
455 1019 464 1033 ⁵
477 1027 482 1045 :
502 1029 515 1043 «
527 1018 705 1045 Recordatus
716 1019 813 1045 Petrus
822 1018 920 1052 verbi,

153 1064 236 1100 quod
259 1064 332 1091 dixit
355 1065 451 1097 JesuS,
471 1064 551 1091 flevit
570 1071 688 1097 amare,
711 1066 764 1091 etc.
787 1064 922 1091 Secunda

152 1110 361 1144 consideratio,
379 1109 567 1136 introducens
581 1109 708 1144 primam
718 1130 726 1142 ,
743 1111 785 1136 est
799 1110 922 1136 medita-

151 1155 191 1183 tio
214 1155 332 1183 vilitatis
356 1156 462 1191 culpae,
490 1163 579 1190 quam
604 1155 748 1182 commisit
763 1156 772 1172 ⁷
792 1165 798 1182 ;
823 1164 836 1180 «
850 1155 920 1183 Vide

152 1210 243 1238 quam
256 1202 321 1229 vilis
335 1202 412 1229 tacta
431 1209 477 1236 es,
498 1202 604 1228 iterans
619 1201 681 1228 vias
695 1202 774 1235 tuas,
788 1211 801 1227 »
820 1204 873 1228 etc.
891 1203 921 1228 Et

151 1248 234 1276 tertio
251 1249 284 1283 (a)
301 1247 329 1275 ⁸:
348 1258 361 1274 t<
377 1248 447 1275 Vide
463 1256 540 1274 nunc
555 1247 607 1275 ubi
626 1249 771 1282 prostrata
793 1248 841 1274 sis.
859 1258 872 1273 »
891 1249 922 1274 Et

153 1294 283 1329 sequitur
299 1303 305 1320 :
330 1304 344 1319 ι(
358 1296 525 1327 Revertere‚
541 1293 700 1320 aversatrix
715 1293 811 1320 lsrael.
829 1303 841 1318 »
859 1295 922 1320 Ter-

153 1340 191 1367 tia
215 1340 410 1367 consideratio
435 1342 476 1366 est
503 1339 610 1366 divince
633 1339 809 1373 majestatis,
831 1347 922 1374 quam

152 1386 275 1413 offendit
288 1387 298 1402 ⁹
319 1395 325 1412 :
353 1395 366 1412 α
387 1385 461 1413 Scito
482 1385 666 1420 iniquitatem
689 1388 785 1418 tuam,
806 1386 876 1420 quia
891 1386 921 1412 in

152 1433 309 1460 Dominum
325 1434 414 1459 Deum
428 1432 616 1467 praevaricata
634 1440 673 1459 es.
690 1442 704 1457 1)
722 1433 752 1458 Et
767 1432 896 1467 sequitur
913 1441 919 1459 :

155 1488 167 1503 ι(
181 1479 405 1512 convertimini,
416 1479 469 1505 filii
479 1480 670 1511 revertentes,
683 1480 710 1505 et
718 1478 830 1505 sanabo
842 1486 922 1505 aver-

150 1525 247 1552 siones
268 1526 415 1551 vestras.»
441 1524 614 1558 Exemplum
635 1524 670 1551 de
693 1524 755 1551 filio
778 1524 921 1559 prodigo,

151 1571 202 1606 qui
218 1571 257 1598 ait
275 1572 296 1588 ¹⁰
312 1580 318 1598 :
338 1580 351 1596 «
366 1572 458 1603 Pater,
472 1570 591 1605 peccavi
612 1570 641 1596 in
654 1572 698 1601 et,
714 1579 727 1595 1)
751 1572 821 1602 010.,·
838 1572 865 1597 01
884 1570 920 1597 de

149 1617 310 1652 publicano
327 1618 356 1644 ¹¹.
367 1617 474 1650 Quarta
481 1618 523 1643 est
533 1616 727 1643 consideratio
738 1624 831 1651 poence
841 1618 923 1643 aeter-

150 1670 210 1696 nae,
227 1671 317 1697 quam
338 1662 453 1690 meruit.
477 1662 650 1697 Exemplum
665 1662 701 1689 de
717 1662 845 1689 Ninivitis
858 1661 879 1678 ¹2
894 1664 922 1690 et

150 1710 187 1737 de
196 1709 293 1737 Achab
303 1708 358 1736 ¹32⁴
368 1718 381 1734 (ι
395 1709 453 1735 Nisi
466 1708 667 1744 poenitentiam
683 1709 808 1743 egeritis,
819 1717 921 1736 omnes

149 1755 237 1782 simul
251 1755 412 1791 peribitis.»
431 1755 536 1788 Quinta
551 1757 592 1781 est
604 1754 798 1781 consideratio
814 1755 920 1782 divinae

149 1801 372 1835 misericordiae,
388 1809 453 1836 quae
468 1801 588 1835 peccata
602 1800 729 1827 remittit.
746 1801 921 1835 Exemplum

150 1847 187 1874 de
196 1847 282 1875 Maria
290 1846 462 1881 magdalena
472 1846 502 1880 ¹³,
512 1848 539 1872 et
548 1846 659 1873 latrone
671 1847 700 1873 ¹⁶.
711 1848 830 1882 Propter
838 1847 920 1882 quod

151 1893 257 1920 clamat
275 1893 419 1928 Propheta
434 1892 453 1908 ¹⁷
470 1900 500 1918 :a
515 1892 643 1919 Miserere
668 1892 742 1926 mei,
766 1894 856 1927 Deus,
876 1901 920 1920 se-

151 1939 282 1966 cundum
306 1946 445 1973 magnam
470 1938 701 1965 misericordiam
727 1940 817 1966 tuam.
839 1949 853 1965 »
880 1941 919 1966 Ex

149 1985 245 2020 prima
260 1984 493 2012 consideratione
509 1984 600 2011 oritur
611 1984 714 2018 dolor3
727 1993 761 2011 ex
775 1985 918 2019 secunda,

150 2031 262 2067 pud0r;
279 2039 315 2058 ex
331 2031 429 2064 tertia,
445 2032 546 2064 timor3
564 2039 599 2057 ex
621 2034 736 2065 quarta,
757 2031 862 2058 horror
876 2031 895 2048 ¹⁸
912 2041 918 2059 :

153 2088 166 2103 «
181 2077 364 2105 Horrendum
383 2077 461 2103 enim
481 2079 523 2104 est
543 2076 670 2103 incidere
692 2076 721 2103 in
742 2085 846 2103 manus
869 2079 921 2105 Do-

150 2125 238 2158 mini;
249 2135 262 2150 »
279 2132 314 2151 ex
329 2124 431 2159 quinta
443 2131 537 2151 amor.
554 2125 738 2150 peecatorem
752 2125 866 2158 autem,
879 2125 920 2152 sio

149 2170 291 2206 poenitere
310 2170 477 2203 volentem,
498 2169 579 2196 videt
603 2169 741 2196 Dominus
763 2170 849 2197 oculo
868 2171 920 2198 mi-

150 2215 331 2249 sericordiae,
347 2217 374 2242 et
386 2215 480 2248 lavat,
493 2215 664 2251 praecipiens
686 2215 712 2242 ei
725 2218 755 2242 ut
770 2219 867 2250 surgat
883 2216 919 2244 de

149 2262 225 2290 lecto
248 2262 375 2297 peccati,
397 2262 456 2289 sive
482 2261 592 2296 culpoe,
613 2263 639 2288 et
661 2262 793 2289 ambulet
814 2262 843 2289 in
864 2262 919 2290 viis

148 2308 271 2343 justitiae.
287 2310 319 2335 Et
333 2308 369 2335 de
383 2307 440 2335 hoc
454 2308 485 2334 in
499 2307 659 2335 Collatione
674 2307 857 2342 prwdicabili
869 2309 900 2336 ¹⁹.

184 2357 211 2384 9.
230 2357 261 2382 Et
274 2354 405 2390 sequitur
420 2354 470 2381 illa
484 2361 562 2389 pars,
572 2353 603 2380 in
623 2362 681 2389 qua
696 2354 830 2381 miraculi
844 2355 919 2383 facta

180 2428 189 2443 ¹
205 2426 274 2450 Psal.
289 2431 388 2454 xxxwx,
404 2427 440 2449 11.
456 2437 485 2442 -
499 2425 506 2438 ²
522 2425 552 2448 lv
568 2425 636 2455 Κεφ,
651 2431 686 2456 lv,
703 2427 742 2449 31.
757 2439 785 2444 —
796 2426 805 2443 ³
817 2427 917 2458 Mami„

151 2468 191 2491 lx,
205 2464 227 2486 2.
243 2475 273 2479 —
287 2462 297 2478 δ
315 2461 381 2484 psal.
401 2466 435 2491 vi,
450 2461 472 2484 7.
489 2472 518 2477 —
534 2460 542 2473 ⁵
558 2461 642 2490 Alma,
661 2467 692 2491 11,
710 2463 732 2485 5.
749 2473 780 2478 —
794 2462 803 2475 ⁶
816 2463 917 2493 Motth.‚

152 2503 222 2527 xxiii,
237 2499 274 2521 733,
291 2509 320 2514 —
334 2497 344 2513 7
360 2497 459 2525 jerem„
475 2501 506 2524 11,
523 2496 560 2518 38.
578 2509 603 2512 —-
622 2496 778 2526 ³1}›id.‚111‚
794 2499 821 2527 2,
839 2500 875 2522 12.
888 2511 918 2516 —

151 2532 161 2548 ⁹
181 2532 252 2562 lbid.,
271 2533 309 2561 13,
329 2532 367 2555 32.
385 2544 415 2548 —-
435 2531 454 2547 ¹⁰
473 2531 539 2559 Luc.,
560 2536 602 2559 xv,
622 2533 658 2555 18.
673 2545 703 2548 -
723 2533 738 2547 ¹¹
757 2532 831 2562 lbid.,
845 2539 918 2563 xvut,

153 2569 190 2590 13.
205 2580 234 2584 -
248 2567 345 2596 ¹²Jon.,
362 2571 401 2596 111,
417 2566 439 2589 11.
452 2578 482 2583 —
500 2565 518 2580 ¹³
535 2565 563 2588 ΙΙΙ
581 2566 648 2596 Κεφ,
665 2572 718 2596 xxi,
733 2568 759 2590 21
780 2569 805 2591 et
818 2575 871 2599 seq.
888 2581 917 2586 —

153 2602 170 2618 ¹⁴
186 2602 255 2630 Luc„
269 2608 331 2632 xlii,
345 2604 367 2625 3.
383 2614 412 2619 -
427 2602 447 2617 ¹⁸
465 2601 532 2630 Luc„
550 2606 593 2631 vu,
610 2602 648 2625 48.
664 2615 690 2619 —
710 2603 729 2618 ¹⁸
747 2603 819 2634 lbid.,
835 2610 916 2635 xxiii,

152 2637 190 2660 43.
210 2649 239 2654 —
262 2636 280 2653 ¹⁷
302 2636 370 2661 Psal.
390 2642 418 2666 L,
438 2637 460 2660 3.
482 2649 512 2653 -
533 2635 550 2652 '⁸
569 2635 652 2668 Hebr„
673 2643 701 2667 x,
724 2639 762 2662 31.
776 2651 807 2658 -
825 2640 844 2656 ¹⁹
859 2639 915 2665 Vid.

1689 217 1746 245 327

978 278 1177 313 calumniatio,
1192 278 1234 305 ibi
1251 287 1257 305 :
1273 279 1341 305 Erat
1359 281 1445 306 autem
1462 279 1616 313 Sabbatum,
1630 282 1682 307 etc.
1700 281 1744 316 (b).

977 326 1009 352 Et
1022 324 1072 351 illa
1091 332 1159 360 pars
1174 325 1204 351 in
1219 326 1274 352 tres
1288 326 1386 361 partes
1407 334 1413 352 :
1435 326 1542 360 primo,
1558 325 1745 355 calumniatio

976 370 1055 405 ipsa;
1076 370 1214 406 secundo,
1231 371 1464 398 calumniationis
1485 371 1656 406 confutatio,
1673 372 1715 399 ibi
1737 382 1744 400 :

976 419 1123 452 Respondit
1137 420 1220 451 Jesus,
1234 420 1303 449 etc.;
1325 418 1407 445 tertio
1426 418 1631 445 confutationis
1646 427 1746 446 corro-

976 465 1091 492 boratio
1111 465 1264 500 multiplici
1285 465 1462 498 testimonio,
1476 465 1518 491 ibi
1534 473 1540 491 :
1558 465 1589 491 St
1608 473 1652 498 eqo
1671 467 1746 492 iesti-

976 514 1092 538 monz'um
1107 512 1241 545 perhibeo,
1255 513 1307 538 etc.
1321 513 1351 538 ln
1361 511 1466 546 prima,
1481 512 1608 546 quatuor
1619 520 1625 537 :
1636 511 1745 546 primo,

977 557 1068 584 sanati
1083 557 1143 584 sive
1158 557 1250 584 curati
1264 557 1467 590 calumniatio3
1483 557 1626 590 secundo,
1637 557 1746 584 calum-

976 603 1047 630 niati
1070 602 1217 630 excusatio
1241 610 1293 638 per
1317 602 1461 629 Christum
1485 604 1647 636 curantem,
1672 602 1714 629 ibi
1736 611 1743 630 z

976 649 1121 683 Respondit
1147 650 1194 681 eis,
1209 651 1276 682 etc.;
1298 649 1392 682 tertio,
1411 648 1513 675 Christi
1533 648 1700 681 declinatio,
1720 650 1748 676 et

978 696 1015 722 ab
1038 695 1143 722 eodem
1159 695 1249 721 curati
1269 694 1405 729 eruditio,
1420 694 1461 722 ibi
1483 703 1489 721 :
1510 696 1585 721 Jesus
1599 697 1687 721 autem
1702 694 1748 721 de-

977 743 1101 775 clinabat,
1125 743 1178 768 cte.
1187 751 1194 775 ;
1219 744 1334 776 quarto,
1361 741 1486 767 curantis
1511 741 1693 768 denuntiatio
1721 742 1749 768 et

976 788 1214 823 persequentium
1239 787 1412 820 obstinatio,
1431 787 1474 814 ibi
1498 796 1504 813 :
1530 788 1608 814 Abiit
1631 788 1678 814 ille
1702 787 1748 813 ho-

977 842 1029 867 mo,
1045 836 1097 861 etc.

1013 881 1057 908 Ait
1076 888 1146 915 ergo
1164 889 1170 907 z
1191 881 1257 907 Erat
1279 882 1366 906 autem
1388 879 1541 913 Sabbatum,
1562 886 1622 914 quo
1642 878 1750 906 scilicet

977 935 1038 954 non
1053 927 1161 954 licebat.
1175 928 1290 961 portare
1309 934 1399 953 onera
1412 925 1574 953 secundum
1589 925 1686 960 legem
1699 926 1723 941 20
1741 934 1748 952 :

981 982 994 998 «
1009 974 1040 999 Ut
1053 972 1235 999 sanctificetis
1250 972 1339 1006 diem,
1352 974 1378 999 et
1388 980 1424 999 ne
1439 971 1558 1007 portetis
1572 979 1657 1004 onus,
1669 981 1681 995 »
1695 972 1748 998 etc.

979 1020 1047 1047 Ideo
1068 1019 1205 1046 dicebant
1218 1018 1308 1046 Judcei
1328 1021 1364 1052 (v.
1386 1019 1426 1052 10)
1443 1027 1450 1045 z
1475 1019 1535 1045 Non
1550 1019 1611 1044 licet
1630 1018 1679 1044 tibi
1699 1019 1749 1044 tol-

978 1067 1030 1093 lere
1046 1066 1196 1100 grabatum.
1213 1067 1244 1092 Et
1263 1065 1294 1091 in
1307 1065 1365 1091 hoc
1379 1065 1458 1099 patet
1472 1072 1575 1091 eorum
1589 1063 1703 1090 insania
1723 1064 1751 1090 et

977 1111 1204 1145 inverecundia,
1221 1119 1288 1138 cum
1311 1110 1452 1137 deberent
1469 1110 1591 1148 laudare
1611 1108 1748 1136 benefac-

977 1160 1081 1191 torem,
1098 1157 1276 1192 increpative
1296 1157 1397 1184 dicunt
1418 1166 1424 1184 ε
1443 1157 1504 1185 Non
1525 1157 1586 1183 licet
1606 1157 1666 1190 tibi,
1684 1156 1749 1189 010.,

978 1204 1017 1231 ait
1031 1205 1254 1239 Chrysostomus
1268 1202 1300 1230 ²¹.

1015 1252 1056 1277 11.
1078 1252 1109 1276 Et
1132 1249 1263 1284 sequitur
1283 1248 1456 1281 secundum,
1475 1247 1584 1275 scilicet
1602 1246 1750 1274 excusatio

977 1295 1131 1331 paralytici
1143 1295 1233 1322 curati
1245 1303 1311 1322 cum
1325 1294 1552 1328 interrogatione
1564 1295 1575 1320 J
1580 1293 1731 1320 udaeorum
1743 1301 1749 1319 :

978 1342 1125 1376 Respondit
1141 1343 1177 1368 eis
1195 1350 1201 1367 :
1219 1342 1271 1374 0111
1284 1349 1322 1367 me
1333 1348 1428 1366 sanum
1443 1342 1520 1373 fecit,
1531 1342 1596 1373 etc„
1610 1339 1694 1374 quasi
1708 1338 1751 1365 di-

977 1391 1033 1422 cat,
1048 1388 1087 1415 ait
1102 1388 1325 1422 Chrysostomus
1337 1386 1357 1402 ²²
1372 1396 1397 1414 2«
1413 1387 1465 1419 Qui
1480 1395 1527 1414 me
1542 1386 1647 1422 eripuit
1660 1394 1677 1413 a
1691 1388 1750 1413 tam

977 1434 1068 1468 longa
1082 1434 1253 1468 aegritudine
1271 1435 1297 1460 et
1311 1433 1433 1460 restituit
1448 1432 1572 1466 sanitati,
1588 1432 1628 1459 sic
1640 1432 1726 1467 jussit
1740 1442 1748 1459 :

977 1480 1023 1506 0111
1036 1481 1147 1514 justum
1158 1482 1199 1507 est
1214 1480 1336 1507 obedire
1352 1479 1559 1513 etmagistrum
1571 1479 1746 1506 aestimare.»

976 1526 1057 1553 Idem
1079 1526 1257 1560 Augustinus
1272 1526 1294 1542 ‘³³
1312 1535 1318 1552 ;
1332 1536 1345 1551 (1
1360 1527 1516 1553 Auctorem
1531 1525 1659 1552 sanitatis
1674 1524 1750 1559 obji-

977 1573 1071 1600 ciebat
1094 1572 1350 1599 calumniantibus.
1366 1582 1380 1597 n

1016 1620 1056 1646 19..
1077 1620 1110 1646 Et
1132 1618 1274 1654 quoniam
1292 1618 1335 1644 illi
1353 1619 1434 1644 erant
1448 1617 1578 1652 percussi
1599 1617 1712 1645 invidia
1733 1625 1751 1645 a

976 1666 1112 1693 suasione
1128 1666 1156 1700 (c)
1173 1666 1313 1698 sanitatiS,
1325 1667 1355 1692 ut
1370 1665 1641 1700 aitChrysostomus
1650 1664 1672 1681 ‘²⁴
1686 1673 1693 1691 ι
1705 1666 1751 1691 Ιη-

977 1715 1176 1746 terroqaverunt
1206 1719 1266 1745 erqo
1287 1719 1345 1738 eum
1360 1719 1369 1738 .·
1386 1713 1452 1744 Quis
1468 1714 1506 1737 est
1520 1711 1617 1737 homo?
1631 1712 1663 1737 Et
1671 1712 1751 1745 patet

976 1766 1079 1785 eorum
1091 1758 1276 1792 malignitas:
1294 1766 1355 1785 non
1376 1757 1456 1784 enim
1477 1757 1613 1784 dixerunt
1628 1765 1634 1783 :
1651 1757 1704 1790 Qui
1724 1760 1749 1785 te

977 1812 1082 1832 sanum
1097 1804 1174 1838 fecit,
1187 1805 1238 1831 sed
1253 1805 1324 1836 :Qui
1336 1804 1409 1830 dimit
1424 1813 1430 1830 :
1445 1805 1515 1830 Tolle
1525 1804 1677 1838 qrabatum,
1693 1806 1746 1831 eto.

975 1851 1060 1884 Quod
1071 1850 1149 1877 enim
1161 1853 1222 1877 erat
1231 1851 1390 1886 potestatis,
1404 1852 1570 1883 tacuerunt3
1585 1850 1668 1885 quod
1677 1858 1748 1878 vero

974 1898 1131 1925 videbatur
1146 1905 1208 1924 esse
1229 1896 1478 1931 transgressionis,
1498 1896 1528 1923 in
1547 1896 1679 1923 medium
1695 1897 1748 1924 du-

976 1945 1057 1977 cunt,
1072 1943 1111 1970 ait
1123 1943 1347 1978 Chrysostomus
1362 1943 1393 1969 ⁴²⁵.
1410 1944 1479 1970 Item
1496 1951 1563 1969 cum
1579 1945 1748 1979 contemptu

974 1990 1173 2025 loquebantur
1190 1997 1196 2015 :
1216 1989 1281 2021 Quz's
1296 1992 1333 2016 est
1350 1989 1422 2015 homo
1435 1990 1501 2016 ille?
1517 1989 1594 2016 Sicut
1614 1989 1689 2017 infra
1701 1989 1722 2006 ²⁵
1737 1999 1745 2016 .-

977 2045 990 2061 α
1006 2036 1058 2062 L'bi
1074 2038 1115 2062 est
1128 2036 1176 2062 ille
1187 2036 1200 2061 ⁶?
1216 2045 1228 2060 »

1012 2083 1054 2109 13.
1070 2083 1097 2108 Is
1117 2084 1205 2107 autem
1219 2083 1266 2115 qui
1280 2088 1359 2107 sanus
1375 2081 1467 2113 fuerat
1481 2081 1622 2115 nesciebat,
1638 2080 1746 2109 scilicet

1772 286 1852 306 calum<

1773 317 1847 338 niutio.

1782 1064 1869 1084 insania

1770 1095 1782 1114 J
1785 1094 1859 1114 udaeo-

1774 1130 1830 1144 rum.

974 2127 1096 2155 scientia
1109 2129 1187 2154 certa
1197 2135 1203 2153 ι
1212 2128 1286 2153 Jesus
1299 2128 1368 2153 enim
1377 2126 1524 2153 declinavit
1534 2127 1571 2162 (d)
1584 2135 1599 2153 α
1610 2128 1688 2154 turba
1698 2137 1705 2153 :
1714 2127 1745 2154 in
1792 2157 1794 2159 ,

974 2183 1034 2210 quo
1056 2174 1173 2202 tertium
1189 2174 1353 2201 denotatur.
1371 2173 1427 2200 Sed
1446 2173 1594 2208 quaeritur,
1609 2173 1648 2200 ad
1671 2173 1745 2209 quid

975 2220 1152 2254 declinabat,
1172 2227 1207 2246 ex
1230 2227 1290 2254 quo
1311 2226 1371 2246 non
1393 2220 1528 2253 poterant
1550 2226 1667 2252 nocere,
1689 2219 1745 2246 nisi

973 2267 1084 2294 vellet?
1108 2268 1177 2293 Item
1200 2265 1317 2293 videtur
1339 2265 1478 2292 timuisse.
1503 2265 1584 2298 Item,
1606 2272 1673 2291 cum
1694 2264 1743 2293 ille

974 2312 1170 2340 calumniatus
1189 2313 1263 2339 esset
1277 2311 1425 2346 ignorans,
1442 2318 1501 2337 non
1516 2310 1664 2337 debuisset
1676 2319 1743 2338 eum

974 2359 1128 2386 dimisisse.
1142 2360 1174 2386 Et
1184 2358 1221 2385 ad
1230 2357 1308 2384 istud
1318 2356 1477 2392 respondet
1491 2356 1743 2391 Chrysostomus²⁷

975 2423 1078 2451 collat„
1095 2428 1165 2446 xxii.
1182 2435 1212 2439 —
1226 2422 1246 2438 ²⁰
1264 2422 1365 2450 levem,
1385 2426 1452 2450 xvu,
1468 2422 1507 2444 27.
1522 2433 1552 2438 —
1567 2421 1584 2437 ²¹
1602 2421 1743 2452 Chrysost„

973 2458 1016 2481 ubi
1035 2465 1090 2488 sup.
1111 2470 1141 2475 -
1161 2458 1182 2473 ’Β
1201 2457 1263 2481 lbid.
1283 2469 1313 2473 —-
1332 2456 1352 2472 ²³
1371 2457 1445 2487 Aug„
1466 2456 1508 2480 ubi
1523 2463 1590 2486 sup.‚
1609 2463 1635 2480 n.
1657 2458 1694 2481 10.
1714 2469 1744 2473 —

973 2494 992 2509 ²²
1007 2494 1148 2524 chrysost,
1165 2492 1207 2516 ubi
1221 2499 1277 2522 sup.
1294 2504 1324 2509 —-
1338 2491 1359 2508 ¹⁸
1372 2491 1435 2515 lbid.
1450 2504 1480 2509 —-
1493 2491 1514 2508 ²⁶
1529 2491 1586 2521 lut„
1602 2497 1648 2521 νυ,
1665 2493 1702 2515 11.

973 2529 993 2544 ⁵⁷
1012 2529 1151 2559 Chrysost.‚
1167 2528 1209 2551 ubi
1224 2534 1279 2557 sup.

1004 2571 1038 2600 (α)
1053 2569 1141 2600 Suppt.
1157 2569 1247 2600 capite.
1259 2581 1288 2586 —
1305 2568 1337 2599 (ὁ)
1357 2568 1420 2592 Coet.
1437 2567 1496 2592 edit.
1514 2568 1572 2591 add.
1587 2575 1636 2599 quo
1652 2567 1744 2591 licebat.

973 2605 1076 2629 scilicet.
1100 2618 1126 2622 —
1154 2606 1183 2635 (c)
1211 2605 1267 2634 Leq.
1288 2603 1455 2628 restitutione.
1481 2617 1506 2622 -
1531 2603 1570 2634 (d)
1597 2604 1656 2627 caet.
1682 2602 1741 2626 edit.

972 2641 1055 2665 autem
1071 2639 1221 2664 declinabat.
