1987 3032
709 236 913 267 EXPOSITlO
937 236 975 266 ΙΝ
997 237 1082 267 CAP.
1106 236 1183 267 XIX.

147 307 244 333 mente
259 304 395 339 agebant,
413 303 474 330 haec
495 302 607 329 veritati
631 302 845 336 deserviebant,
866 302 914 329 vel

148 351 344 379 decertabant.
360 360 373 375 11
390 351 453 376 Haec
467 348 525 375 ille.

182 399 225 424 34.
253 398 322 423 anus
341 397 437 422 tamen
457 395 575 421 militum
591 395 662 421 latus
677 394 733 428 ejus
748 395 865 428 aperuit.
883 394 915 421 Ut

146 444 186 471 ait
200 443 423 478 chrysostomus
438 441 466 467 ¹:
483 451 494 465 (ι
510 441 609 468 Milites
632 441 787 475 largientes
809 440 914 467 Judaeis

145 489 283 522 honoreS,
298 489 325 514 et
340 495 374 514 ea
386 495 453 522 quae
467 486 624 522 placebant
639 487 690 520 eis,
709 488 825 513 mortuo
848 493 913 512 cor-

145 535 210 570 pori
223 533 419 561 conviciantes
433 533 489 560 hoc
509 532 648 559 fecerunt.
664 542 677 557 ›>
701 532 758 559 Sed
777 531 915 567 quaeritur

145 580 182 607 de
197 579 287 606 modo
302 579 456 614 loquendi,
472 587 561 613 quem
577 578 616 605 ait
633 587 638 603 :
656 578 785 612 Aperuit,
802 579 828 604 et
842 584 914 611 non,

145 626 309 653 vulneravit
320 628 333 652 ἱ)
367 627 398 652 Et
425 625 464 652 ad
492 624 570 651 istud
597 624 757 659 respondet
784 624 914 657 Augusti-

144 680 200 700 nus
215 673 224 688 Ξ
242 681 248 698 :
267 682 281 698 α
294 671 431 706 vigilanti
444 672 537 698 verbo
554 679 622 698 usus
637 672 689 705 est,
711 673 743 698 ut
762 678 822 698 non
838 671 915 698 dice-

145 720 188 746 ret
204 727 210 745 :
225 720 309 745 Latus
324 718 386 752 ejus
409 717 565 752 percussit,
582 719 632 744 aut
653 717 826 750 vulneravit,
851 717 913 751 sed,

146 766 264 799 aperuit,
280 765 312 790 ut
325 763 385 790 illic
397 763 529 798 quodam
542 763 633 790 modo
647 763 753 790 ostium
765 763 830 789 vitaz
845 770 915 797 pan-

146 811 263 838 deretur
275 831 282 843 ,
308 810 387 836 unde
413 811 594 836 sacramenta
619 809 751 836 Ecclesiae
777 816 916 836 manave-

144 858 221 884 runt.
239 866 252 881 11
269 857 301 882 Et
316 855 352 882 de
366 855 422 882 1100
438 855 468 882 10
480 855 590 883 Glossa.
607 856 638 882 Et
661 855 717 882 1100
740 855 915 890 praenuntia-

145 903 195 930 bat
216 902 322 929 ostium
338 909 422 933 arere,
442 903 469 928 et
491 901 573 936 quod
598 901 704 928 mulier
724 900 800 928 facta
821 903 862 928 est
878 901 915 927 de

146 949 234 976 latere
252 947 307 974 viri
327 947 507 981 dormientis,
527 949 558 973 ut
573 947 612 973 ait
629 947 805 980 Augustinus
821 948 847 982 ³„
865 946 915 981 qui

147 994 314 1022 exclamans
330 993 369 1020 ait
384 1002 390 1020 :
413 1002 425 1017 «
440 994 460 1020 O
476 1000 566 1025 mors,
578 992 657 1019 unde
673 992 781 1019 mortui
796 992 916 1019 revivis-

146 1042 228 1068 cunt!
252 1041 324 1075 quid
340 1040 394 1067 isto
418 1039 559 1073 sanguine
586 1038 749 1065 mundius?
765 1038 838 1073 quid
860 1038 915 1065 isto

146 1087 266 1114 vulnere
277 1086 443 1113 salubrius?
452 1096 465 1111 »
477 1087 507 1112 Et
519 1085 556 1112 de
567 1085 622 1111 hoc
634 1084 766 1111 similiter
779 1084 916 1118 Chrysus-

145 1135 242 1160 tomus
256 1132 266 1148 ¹·
283 1140 289 1158 z
309 1142 321 1157 «
341 1133 381 1158 Ex
405 1131 534 1166 utrisque
553 1131 597 1157 his
615 1130 740 1157 Ecclesia
761 1130 916 1157 constituta

145 1180 187 1205 est
206 1187 212 1205 :
229 1185 282 1213 per
297 1185 406 1212 aquam
434 1176 554 1212 quidem
575 1176 754 1210 regenerati;
776 1183 828 1210 per
851 1184 916 1202 san-

145 1224 264 1258 guinem
278 1231 349 1250 vero
365 1226 391 1250 et
405 1230 523 1250 carnem
538 1222 648 1255 nutriti,
664 1232 677 1246 11
696 1221 805 1248 scilicet
820 1221 915 1249 Chris-

146 1269 225 1296 tiani.
243 1271 273 1296 Et
288 1269 418 1304 sequitur
435 1278 441 1296 ε
462 1268 665 1302 «Principium
680 1267 740 1294 illic
755 1267 916 1302 suscipiunt

146 1315 294 1351 mysteria,
323 1317 354 1342 ut
384 1323 451 1342 cum
479 1314 633 1341 accesseris
660 1313 796 1340 horribili
821 1313 913 1347 calici,

145 1362 254 1389 scilicet
274 1363 393 1396 propter
418 1361 580 1393 honorem,
602 1362 633 1387 ut
652 1360 689 1386 ab
718 1359 782 1394 ipsa
810 1359 916 1386 bibens

145 1411 234 1442 costa,
249 1408 279 1435 id
295 1410 346 1442 est,
364 1408 463 1441 calice,
479 1408 518 1434 ita
532 1407 664 1434 accedas.
682 1417 694 1431 11
712 1408 774 1434 Haec
789 1406 847 1433 ille.
865 1408 916 1433 Pa-

145 1456 183 1482 tet
197 1463 267 1489 ergo
292 1463 327 1481 ex
353 1454 450 1488 dictis,
472 1454 554 1489 quod
574 1453 648 1480 illud
670 1461 785 1480 sacrum
808 1452 916 1479 vulnus

145 1500 197 1528 fuit
222 1500 400 1535 principium
424 1499 533 1527 fontale
561 1499 627 1525 vitre
656 1499 689 1533 (a)
717 1500 743 1525 et
766 1498 880 1525 ostium.
905 1499 915 1514 ⁵

148 1556 161 1571 (1
175 1546 255 1574 Lavit
270 1546 348 1573 enim
358 1554 413 1573 nos
424 1546 454 1573 111
469 1546 611 1579 sanguine
623 1553 687 1572 suo.
702 1555 715 1571 11
729 1547 846 1580 Etaqua
857 1545 916 1571 exi-

144 1593 185 1620 vit
196 1592 227 1619 10
239 1592 411 1628 mysterium
425 1591 664 1627 regenerationis,
676 1599 764 1626 supra
777 1592 787 1607 ⁶
803 1599 809 1616 :
830 1600 842 1614 «
857 1591 915 1618 Nisi

144 1639 210 1675 quis
223 1640 341 1666 renatus
364 1638 451 1665 fuerit
475 1647 511 1665 ex
529 1645 617 1672 aqua,
641 1640 668 1664 et
689 1637 801 1672 spiritu,
825 1647 838 1662 11
861 1639 913 1663 etc.

144 1685 212 1712 ldeo
228 1685 257 1711 in
272 1684 367 1719 figura
380 1685 390 1700 ‘¹
407 1693 413 1711 ε
435 1684 517 1711 «Erit
538 1684 603 1711 fons
619 1686 720 1718 patens
736 1683 839 1710 domui
863 1685 915 1710 Da-

143 1731 204 1764 vid,
221 1741 234 1756 11
251 1733 304 1758 etc.
321 1732 390 1757 Item
405 1731 493 1765 patet,
510 1730 593 1765 quod
613 1730 721 1756 multos
744 1729 824 1756 rivos
848 1736 915 1755 san-

144 1778 240 1813 guinis
253 1777 356 1805 effudit
371 1777 509 1810 Christus,
520 1777 629 1804 scilicet
639 1777 669 1803 in
683 1776 915 1809 circumcisione,

145 1824 174 1850 in
190 1824 398 1858 flagellatione,
415 1823 444 1849 in
465 1823 627 1857 sanguineo
649 1821 768 1854 sudore,
783 1822 813 1848 in
833 1829 915 1848 coro-

145 1870 272 1903 natione,
289 1870 391 1905 spinea
404 1877 524 1901 corona,
542 1869 628 1895 etiam
644 1868 674 1894 in
690 1867 912 1903 lacrymatione,

146 1925 212 1952 quae
227 1916 280 1943 suit
293 1915 471 1950 originaliter
492 1915 621 1949 sanguis,
635 1915 724 1949 prout
742 1914 781 1941 ait
802 1916 914 1948 Augus-

145 1963 233 1996 tinus,
249 1963 331 1998 quod
349 1972 362 1988 «
383 1962 520 1997 lacrymae
543 1961 626 1997 quasi
648 1960 790 1987 vulnerati
818 1960 914 1987 cordis

146 2009 264 2043 sanguis
279 2010 288 2023 ⁵¹
300 2020 311 2033 11
331 2010 373 2035 est
386 2008 572 2040 sacrificium,
585 2007 694 2034 scilicet
708 2006 790 2041 quod
805 2006 915 2033 sacrifi-

146 2064 255 2082 camus.
272 2056 282 2070 ⁰
295 2057 345 2082 «ln
360 2054 555 2081 foraminibus
568 2063 573 2078 :
585 2063 597 2077 11
613 2053 653 2079 ibi
670 2052 833 2079 Bernardus
848 2054 868 2069 ¹⁰
878 2052 914 2079 de

145 2102 202 2129 hoc
219 2110 224 2127 ε
248 2111 260 2126 «
276 2100 351 2134 Quid
368 2103 426 2127 tam
441 2100 543 2127 efficax
560 2099 598 2126 ad
614 2098 745 2125 curanda
763 2098 914 2125 00050100-

147 2147 193 2174 tiae
221 2147 361 2180 vulnera,
385 2154 438 2173 nec
459 2153 519 2172 non
544 2145 582 2172 ad
604 2144 791 2179 purgandam
812 2144 915 2170 mentis

146 2193 250 2226 aciem,
279 2200 368 2228 quam
392 2192 495 2219 Christi
524 2191 680 2218 vulnerum
703 2190 874 2217 meditatio?
899 2201 911 2215 »

146 2241 177 2266 Et
191 2239 232 2266 ibi
248 2239 373 2266 multum
389 2238 426 2265 de
440 2238 505 2265 hoc.
519 2240 550 2265 Et
565 2237 644 2264 idem
661 2238 678 2253 ¹¹
697 2245 703 2262 ε
723 2246 736 2260 «
751 2236 817 2263 Vult
832 2236 914 2263 beni-

147 2293 222 2319 gnus
244 2285 303 2311 dux
325 2284 423 2311 devoti
455 2283 553 2310 militis
573 2283 685 2310 vultum
712 2284 738 2309 et
765 2281 866 2310 oculos
886 2282 915 2309 in

146 2339 199 2358 sua
213 2330 326 2357 sustolli
341 2330 475 2363 vulnera,
491 2331 522 2356 ut
543 2329 620 2356 illius
641 2337 677 2356 ex
704 2329 761 2356 hoc
784 2329 915 2356 animum

179 2412 185 2427 ¹
201 2411 341 2441 Chrysost„
357 2410 398 2433 11111
415 2418 470 2440 sup.
488 2423 514 2427 —
529 2411 536 2424 ²
552 2411 626 2441 Aug„
642 2412 714 2433 tract.
731 2415 790 2439 cxx,
806 2417 831 2433 11.
847 2412 870 2433 2.
886 2423 916 2428 -—

147 2448 154 2460 ³
172 2447 233 2470 ibid.
254 2460 283 2464 —
305 2446 312 2459 ⁴
333 2446 474 2476 Chrysosr,
492 2446 534 2469 ubi
554 2453 609 2475 sup.
625 2458 655 2462 —
675 2446 684 2461 ⁵
699 2445 782 2475 ,4μοοη
805 2451 825 2473 Ι,
848 2447 870 2468 53.
886 2458 916 2462 —

147 2483 155 2495 ὓ
178 2482 250 2512 Sap„
277 2487 319 2511 111,
344 2483 365 2504 Ξ).
389 2494 418 2498 -
437 2481 447 2496 ‘¹
472 2481 554 2507 lach..
584 2487 646 2510 xm,
676 2482 694 2502 1.
720 2493 744 2496 fl
769 2480 779 2495 ⁸
800 2481 914 2511 August„

146 2523 222 2539 serm.
243 2522 330 2546 eccm,
352 2523 377 2539 11.
398 2517 420 2538 7.
436 2529 466 2533 -
480 2517 488 2529 ⁹
505 2516 586 2544 δοιώ,
604 2521 637 2543 11,
656 2517 691 2538 14.
711 2528 738 2531 -
755 2515 774 2531 ¹⁰
790 2516 874 2545 Rern„
890 2517 915 2538 in

147 2551 231 2580 Cant„
249 2558 324 2575 serm.
340 2557 408 2580 Lxu,
424 2558 449 2574 n.
468 2552 490 2573 7.
509 2564 538 2567 —
558 2553 572 2567 ¹¹
595 2551 666 2578 ibid„
682 2557 758 2573 serm.
780 2556 832 2579 in,
849 2558 873 2573 n.
891 2553 913 2574 7.

146 2586 209 2603 -1Ζ
224 2587 300 2616 Hug„
317 2588 342 2609 S.
359 2586 435 2616 Vixit„
452 2587 477 2608 in
493 2586 552 2609 Cael.
571 2586 650 2616 Ilien,
665 2593 688 2609 0.
705 2591 749 2615 vxi,
765 2585 807 2608 lih.
828 2586 870 2609 Vl.
886 2599 914 2603 —

148 2619 168 2635 ¹¹
190 2621 271 2648 Cant„
293 2626 325 2650 iv,
348 2623 370 2643 ss.
391 2634 419 2638 -
443 2622 459 2637 ¹⁴
478 2620 535 2648 doh,
559 2626 626 2648 xxx,
652 2622 689 2644 25.
717 2633 742 2637 —
766 2621 784 2636 ¹⁵
803 2620 864 2644 lbid.
886 2633 914 2638 —-

150 2655 166 2670 Ἀθ
183 2656 268 2686 Greg.,
289 2656 388 2684 Moml„
407 2656 450 2679 lib.
472 2657 528 2687 XX,
547 2664 569 2679 «z.
586 2661 660 2684 xxvi,
677 2656 709 2679 al.
726 2661 859 2685 xxxv1‚u.
876 2658 914 2679 0¹9.

1681 240 1738 269 505

969 303 1069 337 erigat,
1089 304 1116 330 et
1139 302 1273 338 exemplo
1292 302 1336 328 sui
1361 302 1466 329 reddat
1490 302 1528 329 ad
1553 303 1739 330 tolerandum

968 348 1127 376 fortiorem.
1145 360 1157 373 »
1180 351 1211 376 Et
1225 348 1266 375 1111
1281 348 1356 375 11000
1377 348 1413 375 (10
1428 348 1494 375 1100.
1517 348 1596 375 Unde
1617 351 1644 376 et
1661 358 1740 385 mys-

969 395 1074 422 terium
1102 397 1180 430 patet
1201 395 1248 422 hie
1271 403 1278 421 :
1304 395 1402 421 anima
1431 394 1509 421 enim
1534 394 1631 421 fidelis
1652 395 1740 422 debet

969 440 1081 474 lancea,
1100 441 1129 467 id
1145 443 1186 468 est
1204 441 1338 468 acumine
1359 440 1472 468 subtilis
1493 441 1691 468 meditationis
1713 444 1740 468 et

970 487 1233 522 contemplationis,
1252 495 1338 513 suum
1360 487 1445 520 latus,
1461 487 1491 514 id
1513 489 1564 520 est,
1582 487 1679 514 cordis
1699 487 1740 514 la-

969 532 1123 559 titudinem
1138 533 1260 568 aperire.
1277 533 1357 560 Unde
1370 535 1397 560 et
1415 543 1428 559 «
1444 541 1527 560 amor
1542 533 1648 560 dicitur
1669 541 1739 560 acu-

970 580 1024 612 tus,
1039 579 1098 605 sive
1113 581 1231 606 acutum
1250 579 1334 614 quid,
1358 580 1427 614 quia
1448 580 1591 614 penetrat,
1614 589 1627 604 »
1658 580 1739 613 Hugo

970 625 1011 652 ibi
1029 625 1048 641 ¹²
1062 625 1110 652 ait.
1136 625 1215 652 Unde
1231 626 1261 653 in
1282 627 1401 653 Canticis
1424 626 1443 642 '³
1460 634 1466 652 :
1485 636 1497 650 u
1512 626 1672 653 vulnerasti
1690 633 1741 653 cor

971 679 1070 697 meum
1095 679 1154 698 uno
1175 672 1330 699 oculorum
1350 674 1477 706 tuorum,
1491 682 1504 697 »
1529 672 1635 699 scilicet
1650 671 1740 707 inspi-

970 719 1033 744 rata
1045 726 1062 744 a
1077 720 1102 745 te
1116 718 1315 745 meditatione.
1334 720 1365 745 Et
1379 720 1447 745 tunc
1468 718 1556 745 debet
1572 718 1648 746 exire
1674 726 1738 745 san-

971 763 1034 797 guis
1050 764 1272 799 compassionis,
1288 766 1315 791 et
1336 772 1414 799 aqua
1433 765 1666 800 lacrymationiS,
1681 768 1740 792 tam

970 818 1024 844 pro
1037 810 1161 844 peccatis
1171 810 1406 845 propriis,quam
1415 810 1524 837 alienis.
1538 811 1617 837 Unde
1630 811 1684 838 Job
1699 811 1719 827 ¹4
1733 819 1740 837 ε

974 865 986 880 «
1011 856 1248 890 compatiebatur
1283 856 1382 883 anima
1409 864 1475 883 mea
1502 857 1636 892 pauperi.
1665 866 1678 882 »
1710 858 1741 883 Et

970 902 1050 929 idem
1076 902 1097 919 ¹5
1123 911 1129 929 :
1154 903 1300 929 «Flebam
1328 910 1416 937 super
1436 911 1513 935 eum,
1542 902 1593 938 qui
1619 902 1741 930 afflictus

971 950 1040 975 erat.
1058 959 1071 974 11
1090 950 1119 975 Et
1134 949 1175 975 ibi
1190 949 1344 983 Gregorius
1359 950 1388 982 1⁶,
1405 949 1487 984 quod
1504 958 1516 974 κ
1532 949 1670 976 Mediator
1693 949 1740 976 Dei

971 996 997 1021 et
1024 994 1177 1021 hominum
1202 994 1327 1021 sormam
1354 995 1448 1028 dedit,
1476 995 1526 1030 qui
1551 1003 1617 1022 cum
1644 997 1742 1030 posset

970 1041 1057 1068 nobis
1073 1041 1158 1067 etiam
1174 1049 1234 1067 non
1255 1041 1410 1068 moriendo
1430 1049 1609 1074 succurrere,
1633 1041 1741 1068 subve-

970 1087 1033 1113 nire
1054 1089 1151 1113 tamen
1176 1087 1331 1114 moriendo
1354 1087 1524 1114 hominibus
1546 1087 1649 1120 voluit,
1672 1087 1741 1122 quia

970 1141 1024 1160 nos
1039 1134 1174 1160 videlicet
1189 1134 1285 1160 minus
1311 1136 1445 1167 amasset,
1466 1133 1520 1160 nisi
1537 1134 1659 1161 vulnera
1673 1142 1741 1161 nos-

971 1181 1015 1206 tra
1029 1181 1241 1215 suscepisset.»
1265 1181 1296 1207 Et
1314 1180 1355 1207 ibi
1378 1180 1453 1207 bene
1477 1181 1513 1207 de
1538 1181 1741 1216 compassione

971 1224 1078 1256 cordis,
1094 1232 1154 1259 qua
1169 1224 1257 1251 debet
1278 1224 1343 1259 quis
1366 1225 1493 1259 compati
1515 1224 1662 1259 proximo.
1690 1226 1742 1251 Per

971 1270 1117 1305 lacrymas
1137 1271 1235 1297 autem
1252 1270 1430 1297 sacrificatur
1450 1270 1568 1304 sanguis
1583 1270 1690 1303 cordiS,
1703 1270 1742 1297 ait

971 1317 1147 1351 Augustinus
1165 1317 1216 1343 ’ΨΒ
1235 1326 1247 1342 κ
1264 1316 1361 1343 Deduc
1378 1317 1412 1351 (b)
1426 1316 1509 1351 quasi
1525 1319 1682 1343 torrentem
1701 1316 1742 1344 la-

972 1371 1096 1398 crymas.
1114 1373 1127 1387 »

1004 1411 1049 1435 35.
1068 1410 1098 1436 Et
1112 1409 1242 1443 sequitur
1257 1409 1403 1435 dictorum
1427 1409 1599 1443 testificatio,
1628 1409 1669 1436 ibi
1686 1417 1691 1434 z
1708 1411 1742 1436 Ec

972 1457 1019 1489 qui
1032 1455 1115 1489 videt,
1131 1455 1239 1482 scilicet
1252 1457 1389 1488 Joannes,
1407 1457 1587 1482 testimonium
1608 1456 1741 1490 perhibet,

972 1504 997 1527 et
1024 1509 1114 1527 verum
1142 1504 1180 1527 est
1212 1503 1392 1527 testimouium
1423 1502 1488 1535 ejus.
1527 1502 1559 1527 Ut
1598 1501 1677 1528 enim
1704 1502 1743 1528 ait

973 1547 1196 1582 Chrysostomus
1214 1548 1234 1563 ²⁹
1256 1556 1261 1574 ς
1281 1549 1368 1575 «Non
1392 1549 1431 1574 ait
1451 1556 1457 1573 :
1480 1548 1518 1575 ab
1545 1548 1608 1575 aliis
1630 1548 1740 1582 audivi,

972 1593 1023 1620 sed
1052 1594 1112 1628 ipse
1129 1601 1255 1628 praesens
1269 1593 1341 1621 vidi.
1358 1604 1370 1618 1)
1388 1595 1423 1620 Ει
1441 1595 1486 1620 ille
1511 1596 1571 1625 scit,
1589 1596 1655 1628 quia
1680 1602 1743 1620 vera

972 1640 1041 1666 dicz't
1055 1648 1062 1664 .·
1080 1642 1110 1666 ut
1125 1640 1203 1666 enim
1213 1640 1252 1666 ait
1267 1640 1490 1674 Chrysostomus
1505 1639 1526 1657 ²⁰
1541 1650 1567 1665 :«
1577 1640 1742 1667 Convitium

971 1686 1064 1719 fiens,
1089 1686 1197 1715 scilicet
1224 1686 1346 1719 Christo,
1372 1688 1499 1719 enarrat,
1523 1694 1583 1713 non
1607 1685 1742 1713 mirabile

973 1733 1099 1767 signum,
1116 1740 1152 1758 ne
1169 1734 1242 1759 esset
1259 1740 1355 1759 sermo
1377 1734 1536 1767 suspectus.
1563 1742 1576 1757 n
1602 1734 1634 1759 Ut
1653 1735 1678 1759 et
1698 1740 1743 1759 vos

972 1779 1098 1805 credatis.
1116 1780 1176 1805 Non
1193 1778 1232 1805 ait
1249 1787 1255 1804 :
1271 1778 1382 1812 Sciatis,
1405 1778 1485 1813 quia,
1505 1780 1536 1805 ut
1553 1778 1593 1805 ait
1611 1778 1744 1812 Augusti-

971 1833 1027 1852 nus
1042 1824 1060 1841 2¹
1074 1834 1100 1852 ει(
1114 1824 1161 1851 1110
1173 1824 1292 1859 scit,qui
1305 1824 1387 1858 vidit,
1403 1824 1485 1859 cujus
1501 1825 1600 1851 credat
1614 1825 1743 1852 testimo-

973 1871 1033 1905 nio,
1049 1871 1098 1906 qui
1115 1879 1175 1897 non
1186 1871 1259 1898 vidit
1276 1880 1281 1897 :
1295 1878 1365 1897 nam
1381 1871 1453 1905 quid
1468 1872 1509 1897 est
1519 1870 1600 1897 aliud
1612 1870 1742 1904 credere,

973 1925 1062 1952 quam
1087 1917 1178 1945 fidem
1204 1917 1451 1944 accommodare?
1474 1927 1487 1942 »
1514 1918 1576 1943 Haec
1600 1917 1659 1943 ille.
1688 1917 1743 1944 Sed

973 1963 1122 1998 quaeritur,
1147 1972 1214 1990 cum
1236 1963 1314 1990 dicat
1333 1963 1478 1997 Salvator,
1499 1971 1589 1998 supra
1610 1964 1632 1979 Ἡ
1657 1985 1662 1990 .
1690 1964 1743 1991 «Si

972 2010 1169 2036 testimonium
1184 2009 1325 2044 perhibeo
1342 2010 1379 2036 de
1393 2018 1439 2036 1110
1454 2009 1530 2044 ipso,
1544 2010 1744 2037 testimonium

972 2064 1071 2082 meum
1087 2063 1147 2082 000
1163 2058 1203 2082 est
1217 2062 1330 2082 verum.
1356 2066 1368 2081 11
1392 2057 1461 2083 ltem
1484 2056 1504 2072 ²¹³
1525 2064 1531 2082 z
1557 2047 1569 2080 Ξ(
1584 2056 1693 2082 Laudet
1717 2057 1744 2082 te

973 2102 1097 2135 alienus,
1113 2103 1140 2128 et
1155 2109 1214 2128 non
1231 2109 1263 2128 os
1285 2104 1377 2129 tuum.
1399 2112 1411 2126 11
1430 2103 1504 2136 Ergo
1521 2109 1580 2128 non
1596 2101 1745 2128 debuisset

973 2148 1197 2175 commendasse
1224 2148 1420 2174 testimonium
1447 2156 1542 2174 suum.
1567 2149 1598 2174 Et
1613 2147 1651 2175 ad
1667 2147 1745 2175 istud

972 2193 1214 2228 respondendum
1234 2196 1284 2227 est,
1310 2196 1340 2220 ut
1359 2193 1470 2221 dictum
1494 2195 1536 2220 est
1558 2201 1656 2228 supra,
1675 2193 1745 2228 quia

973 2240 1024 2275 qui
1043 2240 1072 2275 (ν)
1091 2240 1222 2267 scribunt
1237 2240 1266 2266 in
1281 2248 1363 2267 sacra
1385 2240 1540 2275 Scriptura,
1563 2240 1601 2275 (d)
1616 2239 1745 2275 impulsu

973 2287 1093 2322 Spiritus
1108 2286 1197 2313 sancti
1213 2287 1368 2321 agitantur,
1386 2289 1416 2313 ut
1431 2286 1467 2313 de
1490 2294 1518 2313 se
1534 2285 1607 2313 sieut
1628 2286 1665 2313 de
1681 2285 1745 2312 aliis

973 2333 1121 2367 proferant
1144 2333 1353 2360 testiinonium.
1377 2332 1421 2359 Ait
1446 2332 1599 2367 Gregorius
1627 2340 1633 2358 ι
1662 2341 1675 2357 1(
1700 2333 1745 2359 Ε51

973 2387 1043 2412 ergo
1059 2378 1188 2414 proferre
1203 2378 1413 2412 testimonium,
1428 2380 1454 2406 et
1469 2377 1679 2405 commendare
1695 2385 1743 2405 os-

973 2480 1001 2484 —
1016 2468 1031 2481 ¹⁷
1046 2469 1119 2496 Aug.y
1133 2468 1214 2496 Coris..
1227 2467 1270 2490 lib.
1288 2467 1319 2495 V,
1334 2474 1356 2490 0.
1374 2472 1418 2495 vu,
1432 2474 1456 2490 u.
1473 2468 1509 2490 13.
1525 2480 1555 2484 -
1570 2467 1588 2482 ¹⁸
1602 2466 1699 2494 Thren.‚
1714 2471 1744 2495 11,

976 2504 1000 2525 1⁸
1027 2515 1056 2519 —
1072 2503 1090 2517 ¹''
1105 2502 1244 2532 Chrysost.,
1263 2502 1304 2525 ubi
1319 2509 1374 2532 sup.
1389 2515 1418 2518 —
1433 2503 1452 2518 '³⁸
1469 2502 1529 2525 lbid.
1545 2514 1575 2519 —
1589 2502 1605 2517 '2¹
1627 2503 1743 2531 August„

973 2538 1044 2560 tract.
1066 2543 1178 2567 Lxxxw,
1198 2544 1222 2560 0.
1244 2538 1265 2560 3.
1284 2549 1314 2554 —
1335 2538 1353 2552 ²²
1373 2538 1445 2567 Sup„
1467 2543 1490 2565 ν,
1511 2539 1548 2560 31.
1570 2548 1599 2553 -
1621 2536 1642 2551 ²³
1661 2536 1743 2564 Prota,

973 2578 1055 2601 xxvu,
1070 2575 1092 2595 μ’.

1005 2621 1037 2648 (η)
1053 2621 1112 2643 Coet.
1128 2621 1186 2644 edit.
1203 2621 1260 2644 vita.
1272 2634 1302 2639 —
1318 2621 1350 2650 (b)
1366 2622 1426 2644 leem
1437 2621 1550 2644 1)edit.—
1564 2620 1592 2648 (0)
1606 2620 1668 2643 Coet.
1683 2618 1742 2641 edit.

973 2657 1039 2679 deest
1055 2656 1105 2686 qui.
1126 2669 1140 2673 —
1167 2656 1203 2686 (d)
1219 2656 1280 2680 Coet.
1295 2656 1354 2680 edit.
1369 2655 1428 2680 adel.
1445 2656 1512 2686 quia.
