1987 3032
180 183 238 211 440

181 247 264 281 quod
278 246 414 283 praecepit
427 245 626 281 proditionem
644 244 749 272 tacere.
771 244 801 270 Et
820 242 859 270 ad
873 241 951 269 istud

181 292 433 330 respondendum,
444 292 606 320 secundum
622 289 832 325 Augustinum¹
846 298 852 316 :
867 298 879 314 ιι
889 290 951 316 Non

182 339 319 377 praecepit
337 339 363 367 ei
380 339 507 372 facinus,
521 338 572 365 sed
587 336 721 373 praedixit
734 335 814 363 Judae
829 335 952 370 malum,

183 388 270 416 nobis
291 387 416 415 bonum.
432 387 469 420 O,
485 395 498 411 ι)
515 384 625 420 inquit,
643 394 657 409 ιι
672 383 797 411 verbum
816 383 953 418 trequen-

184 435 241 462 tius
256 434 291 470 (a)
310 433 403 469 parati
421 432 512 466 mori,
534 439 624 467 quam
644 431 729 458 irati!
750 432 801 457 Fac
817 450 826 464 ,
842 430 953 466 inquit,

186 483 283 514 citius,
294 488 355 508 non
368 479 438 515 quia
450 481 480 506 tu
495 480 594 514 potes,
609 477 662 504 scd
678 477 747 512 quia
762 477 818 503 lioc
829 476 892 504 vult
905 475 956 511 qui

188 529 280 555 totum
302 528 406 562 potest.
431 535 444 550 »
462 525 527 552 iieec
548 523 606 552 ille.
633 525 665 550 Et
688 523 728 550 ibi
748 522 823 550 bene
839 522 875 550 de
889 522 956 549 hoc.

189 576 220 602 Et
235 574 272 601 de
293 573 349 600 hoc
364 572 603 607 Chrysostomus,
619 570 670 598 ubi
694 577 784 605 supra
803 570 813 585 2
831 578 837 596 ;
860 578 874 594 ιι
897 570 958 596 ix'ou

190 619 384 657 praecipientis
399 620 455 653 cst,
470 626 567 654 neque
583 616 776 649 consulentis,
789 615 841 643 sed
856 622 961 650 expro-

190 667 316 701 brantis,
332 668 360 693 et
375 664 567 699 ostendentis,
584 663 726 700 quoniam
742 662 860 690 volebat
875 661 961 689 corri—

193 721 260 748 gere
274 712 380 740 Judam
401 721 407 739 :
425 711 496 747 quia
508 718 577 738 vero
593 710 752 737 incorrecte
767 716 796 736 sc
812 708 941 736 babebat
952 727 961 741 ,

194 759 311 787 dimittit
325 767 402 786 eum.
419 769 431 784 υ
450 759 512 785 Haec
528 757 587 784 ille.

229 808 274 834 28.
290 807 345 832 Hoc
356 807 442 832 autem
456 813 529 832 nemo
540 805 619 831 scivit
633 804 867 830 discumbentium:
882 801 964 837 quod

195 854 345 888 retorquet
359 852 581 887 chrysostomus
594 850 647 878 ³ad
657 850 739 885 prius
750 849 871 883 dictum,
883 848 966 884 quod

200 911 213 927 ιι
230 908 291 928 non
316 899 518 927 intellexerant
537 897 628 931 illud,
647 896 729 932 quod
749 896 787 923 ait
809 895 941 924 Salvator
959 906 964 923 ι

199 949 250 975 Cui
257 954 400 982 porreoeero
413 953 518 980 panem.
530 946 603 972 Nam
617 943 738 971 latenter
751 943 839 977 dixit,
856 944 887 970 ut
902 942 967 970 nul-

198 995 244 1022 lus
263 993 387 1022 audiret.
404 992 515 1020 Etenim
536 992 691 1026 propterea
713 989 751 1017 ad
770 991 870 1024 pectus
883 990 969 1016 Joan-

199 1049 250 1069 nes
265 1041 297 1076 (b)
315 1039 439 1067 tendens
460 1039 641 1073 interrogat,·
663 1045 715 1064 seu
736 1036 774 1063 ad
796 1044 916 1070 aurem,
939 1037 969 1062 ut

200 1095 261 1115 non
281 1086 362 1114 fieret
383 1084 555 1112 manifestus
576 1082 720 1119 proditor.
740 1084 771 1109 Et
785 1081 913 1109 Christus
932 1081 971 1108 ita

200 1134 369 1170 respondit,
385 1132 494 1160 scilicet
513 1131 645 1164 silenter,
663 1132 690 1157 et
705 1138 802 1165 neque
817 1130 885 1156 tunc
906 1129 973 1156 iecit

202 1180 389 1209 manifestum
415 1189 420 1206 :
443 1187 521 1206 nunc
543 1180 640 1205 autem
660 1176 769 1204 nudius
786 1178 813 1203 et
833 1176 972 1203 manifes-

203 1229 259 1255 tius
279 1226 365 1261 dixit3
384 1228 411 1254 et
429 1228 527 1253 tamen
548 1232 643 1259 neque
666 1226 733 1250 tunc
753 1230 821 1249 eum
836 1222 974 1249 manifes-

204 1278 267 1302 tum
285 1273 359 1301 feeit.
379 1275 450 1300 Nam
471 1272 494 1299 si
512 1271 706 1305 divulgasset,
723 1269 852 1296 fortassis
875 1268 975 1304 utique

204 1323 303 1349 Petrus
317 1328 384 1347 eum
402 1318 597 1346 interfecisset.
615 1327 628 1343 »
647 1318 712 1344 Haec
729 1316 786 1343 illc.
810 1318 841 1343 Et
853 1323 905 1351 per
920 1316 977 1342 hoc

207 1369 245 1396 ad
260 1367 452 1404 quaestionem
472 1364 688 1400 suprapositam
707 1364 784 1399 patet
805 1362 977 1398 responsio,

208 1415 366 1451 quod-non
379 1411 575 1441 manifestavit
589 1411 781 1447 proditorem.

244 1464 286 1490 29.
303 1461 421 1494 Quidam
435 1459 584 1494 putabant,
596 1459 661 1492 ιμιιά
673 1458 769 1484 loculos
784 1456 912 1489 hahebat,
925 1457 978 1482 etc.

210 1511 247 1536 De
263 1508 371 1544 quibus
385 1506 489 1534 loculis
505 1505 652 1539 objicitur,
668 1505 700 1530 ut
714 1510 803 1538 supra
816 1501 980 1537 proximo&

211 1555 336 1592 qualiter
349 1554 462 1581 habens
472 1551 587 1579 loculos
597 1553 658 1578 erat
669 1551 742 1577 inter
755 1548 916 1584 discipulos
932 1549 984 1575 Do-

211 1602 294 1636 mini,
307 1600 416 1636 quibus
431 1601 473 1626 est
483 1598 688 1634 p1·;eceptiiin³¹,
702 1604 761 1623 non
774 1603 835 1623 esse
844 1594 984 1622 sollicitos

213 1650 250 1676 de
272 1647 408 1680 erastino,
419 1648 446 1673 et
458 1645 528 1672 nihil
543 1646 660 1679 portare
673 1643 703 1670 in
723 1642 770 1669 via
780 1663 788 1676 ,
804 1650 858 1669 nec
869 1649 984 1675 aurum,

214 1704 267 1724 nec
284 1696 446 1729 argentum.
471 1694 502 1719 Et
520 1692 559 1719 ad
580 1691 657 1718 istud
678 1689 838 1725 respondet
853 1687 986 1725 Augusti--

216 1751 270 1770 nus
278 1744 299 1775 ἢ,
309 1739 543 1777 quodahabebat
552 1738 691 1765 Dominus
699 1736 825 1770 loculos,
836 1736 863 1762 ct
871 1734 988 1762 atideli-

218 1790 272 1816 bus
284 1788 384 1816 oblata
395 1793 583 1818 conservans,
593 1786 620 1811 et
632 1791 753 1811 suorum
760 1781 988 1814 necessitatibus,

219 1838 246 1863 et
261 1834 363 1862 alienis
383 1831 582 1867 indigentibus
597 1829 753 1857 tribuebat.
769 1830 847 1855 ‘runc
860 1828 991 1863 primum

221 1881 421 1909 ecclesiasticae
439 1879 570 1915 pecuniae
597 1878 693 1905 forma
715 1878 757 1903 est
776 1875 912 1902 instituta.
930 1884 943 1899 »
962 1875 993 1900 Et

223 1929 258 1956 (le
271 1928 372 1955 hocin
393 1927 503 1954 Glossa.
523 1924 659 1952 Similiter
678 1923 902 1957 chrysostomus
915 1942 923 1955 ,
943 1920 993 1947 ho-

223 1975 306 2002 milia
321 1974 398 2001 dicta
411 1974 420 1989 7
438 1982 443 1999 :
463 1983 476 1998 ιι
491 1971 609 1999 Multam
626 1969 751 1997 iaciebat
766 1968 905 1996 Dominus
920 1966 994 1993 scili-

225 2022 269 2048 cet
282 2026 448 2055 pauperum
461 2016 715 2053 procurationem,
727 2014 837 2041 docens
851 2021 905 2040 nos
919 2012 995 2039 mul-

226 2069 288 2097 tum
303 2073 355 2101 per
368 2065 425 2092 hoc
446 2063 540 2091 facere
560 2061 701 2089 studium.
724 2060 772 2087 Hic
788 2060 866 2087 enim
882 2067 996 2086 marsu-

227 2113 310 2147 pium
333 2111 480 2143 habebat,
500 2118 534 2137 ea
556 2117 621 2144 quae
643 2107 831 2134 mittebantur
850 2105 995 2141 portabat.

230 2160 261 2186 Et
281 2158 421 2185 nimirum
440 2156 540 2184 nullus
559 2155 673 2183 videtur
697 2153 821 2181 afferens
843 2151 998 2187 pecunias,

230 2205 282 2234 sed
301 2204 443 2240 quoniam
463 2202 585 2238 quidam
606 2200 772 2227 nutriebant
791 2206 874 2232 eum,
894 2198 1002 2225 scilicet

233 2251 383 2287 discipulae
407 2250 478 2284 ejus.
505 2260 517 2275 »
544 2250 575 2275 Et
597 2247 636 2275 ad
659 2246 715 2273 hoc
738 2244 897 2280 respondet
920 2244 1002 2280 quod

236 2309 249 2324 ιι
265 2298 401 2333 portabat
415 2296 454 2324 ad
469 2296 593 2331 inopum
608 2291 802 2320 ministerium
818 2300 824 2318 ε
842 2293 873 2317 ut
888 2291 982 2318 discas
994 2311 1002 2325 ,

222 2344 375 2380 ¹quoniam
392 2345 418 2370 et
432 2342 519 2370 valde
534 2348 708 2377 pauperem,
718 2340 746 2366 et
759 2338 942 2371 crucifixum,
953 2338 1004 2365 hu-

234 2392 282 2426 jus
312 2392 425 2425 oportet
458 2388 582 2416 multam
616 2387 710 2413 facere
742 2384 980 2420 procurationem
998 2394 1004 2412 2

269 2451 277 2467 ¹
301 2451 374 2479 Aug,
398 2449 441 2472 ubi
461 2456 528 2478 sup.,
547 2455 573 2471 n.
594 2448 615 2470 ιἰ.
641 2459 665 2463 —
691 2446 700 2461 ’Ξ
722 2445 864 2476 (Σιιι’)ἐοεῑ.,
886 2444 928 2468 ubi
951 2452 1006 2474 sup.

240 2487 303 2510 1].2.
322 2498 347 2501 -
364 2484 372 2497 ³
390 2484 452 2507 ibid.
467 2496 496 2500 —
510 2483 519 2498 ¹⁴
535 2484 607 2512 Sup„
623 2487 673 2511 ΧΗ,
689 2483 711 2504 6.
728 2494 756 2498 -
773 2481 783 2496 ⁵
799 2480 897 2508 Malta„
915 2486 952 2508 Vt,
968 2481 1007 2504 34.

240 2534 270 2539 -
285 2521 295 2537 ὅ
311 2521 384 2550 Aug„
400 2519 443 2542 ubi
457 2525 523 2548 sup.‚
542 2525 567 2540 n.
585 2520 607 2541 ὅ,
624 2530 653 2534 -
671 2517 678 2530 ⁷
695 2516 836 2547 chrysost„
850 2516 893 2539 ubi
908 2523 962 2546 sup.
979 2529 1008 2533 —

242 2557 252 2573 ὃ
264 2556 337 2586 thid„
355 2555 380 2578 in
395 2554 476 2585 princ.
493 2566 517 2569 —
535 2554 544 2569 ⁵³
557 2554 632 2583 Aug„
647 2551 688 2575 ubi
703 2559 769 2582 sup.¹
785 2558 811 2574 n.
826 2553 848 2574 ϋ.
864 2564 892 2568 -
909 2551 927 2567 ¹⁰
941 2551 1009 2574 Psat.

244 2597 324 2621 xvni,
343 2592 382 2614 13.
400 2603 430 2607 —-
448 2591 465 2606 ¹¹
489 2590 575 2617 Greg„
590 2587 801 2616 Moral.,lrb.11,
817 2594 839 2609 c.
857 2592 884 2616 ιι,
901 2593 926 2610 n.
941 2588 963 2610 2.
980 2599 1010 2604 ——

246 2628 264 2643 ⁰⁸
276 2628 403 2658 Sup.‚111‚
418 2626 456 2648 20.
473 2624 555 2646 .„-131
575 2622 664 2651 Thess„
680 2628 703 2652 v,
722 2624 743 2645 7.
756 2635 781 2639 -
801 2622 817 2637 ¹ss
832 2623 898 2653 Luc„
913 2628 960 2653 ΧΗ,
973 2624 1011 2647 20.

699 174 909 207 EVANGELII
934 175 1074 207 SANCTI
1097 176 1261 208 JOANNlS

1006 244 1100 272 multa
1114 244 1193 272 enim
1213 244 1384 280 dispensans
1399 245 1438 272 ad
1457 247 1587 273 nostram
1607 245 1772 276 doctrinam

1009 290 1123 325 agebat.
1140 300 1152 316 n
1170 291 1232 318 Haee
1246 290 1306 318 ille.
1322 291 1362 319 Ad
1376 291 1570 318 ministerium
1582 299 1653 327 ergo
1666 300 1777 329 paupe-

1008 345 1075 364 rum
1084 357 1091 370 ‚
1107 338 1135 364 et
1149 336 1187 364 ad
1200 337 1326 364 formam
1341 337 1471 365 dandam
1482 337 1614 365 Ecclesiae
1623 358 1632 372 ‚
1646 340 1674 366 et
1687 346 1722 366 ex
1733 339 1778 367 his

1011 392 1076 419 quie
1099 383 1304 417 mittebantur,
1325 391 1385 411 non
1407 392 1443 411 ex
1461 384 1696 420 possessionibus
1709 393 1779 421 pro-

1010 431 1082 466 priis
1098 430 1364 466 locupletabantur.

1049 479 1091 504 30.
1112 478 1175 504 Cum
1191 484 1250 511 erqo
1261 477 1306 504 ille
1322 478 1462 512 accepisset
1475 478 1627 513 buccellam,
1642 480 1738 506 eaeivit.
1751 480 1783 506 Ut

1015 524 1093 551 enim
1112 523 1151 551 ait
1172 523 1396 558 Chrysostomus
1415 531 1504 559 supra
1516 523 1526 539 ⁸
1543 534 1548 551 :
1568 534 1582 550 «
1597 525 1670 558 Quia
1684 525 1783 553 incor-

1015 572 1091 598 recte
1106 578 1135 597 se
1151 570 1294 604 habebat,
1314 569 1422 597 scilieet
1444 570 1533 598 Judas
1545 590 1555 604 ‚
1576 571 1693 599 dimittit
1717 579 1785 599 eum

1018 616 1103 643 Filius
1119 616 1174 643 Dei.
1194 625 1206 642 »
1225 617 1292 643 Erat
1309 618 1398 643 autem
1414 624 1477 643 nom.
1495 616 1542 651 (V.
1559 618 1588 644 3¹
1604 617 1611 651 )
1635 617 1700 644 Cum
1716 619 1786 645 etm's-

1017 665 1071 697 set,
1087 664 1140 690 etc.
1158 664 1189 690 Ut
1203 662 1282 689 enim
1303 662 1343 690 ait
1366 662 1565 697 Augustinus⁰
1582 671 1588 689 :
1607 672 1621 688 ιι
1645 662 1708 691 Dies
1729 663 1788 692 diei

1019 711 1129 737 eructat
1143 709 1283 743 verbum,
1299 708 1329 736 id
1352 710 1409 742 est,
1424 709 1552 736 Christus
1573 709 1724 745 discipulis
1734 730 1743 744 ,
1757 712 1790 737 ut

1021 756 1156 785 audirent
1179 764 1248 784 eum
1276 758 1303 783 et
1330 758 1461 783 amarent
1487 755 1650 791 sequendo.
1677 757 1709 783 Et
1731 763 1791 784 nox

1021 803 1099 832 nocti
1115 802 1300 830 annuntiavit
1319 802 1470 830 scientiam
1487 802 1518 836 ¹⁰,
1535 802 1565 829 id
1584 804 1626 830 est
1643 802 1734 830 Judas
1747 804 1792 831 Ju-

1022 850 1093 878 ‹laeis
1112 849 1296 883 infidelibus,
1314 850 1344 876 ut
1363 848 1496 876 venirent
1511 850 1539 876 et
1561 848 1794 884 comprehende-

1022 898 1086 924 rent
1108 898 1215 924 Jesum.
1231 906 1245 922 »
1271 896 1302 923 Ut
1324 895 1401 922 enim
1422 895 1461 922 ait
1483 895 1637 930 Gregorius
1650 895 1689 924 ¹¹:
1710 905 1724 921 «
1738 894 1795 923 Ali-

1025 943 1143 979 quando
1166 951 1183 970 a
1205 941 1343 977 qualitate
1367 941 1507 977 temporis
1535 942 1708 978 exprimitur
1729 942 1797 969 finis

1026 991 1165 1024 actionis,
1180 990 1253 1017 sicut
1280 997 1341 1017 non
1364 989 1511 1016 rediturus
1539 989 1577 1017 ad
1604 989 1736 1024 veniam,
1758 989 1797 1017 ad

1027 1038 1190 1066 traditionis
1201 1036 1357 1074 perfidiam
1370 1038 1455 1064 nocte
1469 1036 1558 1064 Judas
1573 1036 1676 1064 exiisse
1687 1037 1718 1072 (c)
1731 1044 1798 1072 per-

1028 1085 1152 1112 hibetur.
1171 1093 1184 1109 n
1203 1085 1264 1110 Hoec
1279 1083 1338 1110 ille.
1355 1083 1453 1110 Merito
1469 1091 1539 1118 ergo
1559 1085 1620 1111 erat
1634 1080 1694 1111 nox
1706 1104 1715 1118 ,
1731 1091 1799 1111 cum

1028 1131 1077 1158 ille
1092 1130 1210 1164 exisset,
1234 1129 1374 1157 recedens
1389 1138 1407 1157 a
1422 1129 1504 1163 luce,
1524 1132 1551 1157 et
1573 1138 1591 1158 a
1612 1129 1680 1157 filiis
1706 1129 1800 1163 lucis,

1029 1178 1067 1205 ad
1083 1185 1174 1212 opera
1188 1177 1391 1211 tenebrarum,
1409 1178 1436 1204 et
1452 1176 1489 1204 ad
1504 1176 1583 1204 filios
1596 1175 1801 1210 tenebrarum,

1031 1232 1091 1251 non
1106 1223 1253 1252 rediturus
1268 1223 1306 1251 ad
1321 1223 1429 1251 lucem.
1456 1233 1469 1249 ιι
1490 1223 1544 1256 Qui
1559 1223 1637 1251 male
1652 1222 1730 1258 agit,
1741 1222 1805 1250 odit

1031 1271 1142 1304 lucem,
1159 1280 1172 1295 »
1190 1277 1279 1305 supra
1294 1269 1355 1296 ¹².¹³
1374 1279 1387 1294 ιι
1402 1269 1456 1302 Qui
1475 1269 1555 1296 enim
1571 1268 1645 1296 ebrii
1667 1270 1750 1302 sunt,
1775 1267 1805 1294 in

1033 1319 1117 1345 nocte
1139 1317 1213 1345 ebrii
1237 1319 1313 1344 sunt.
1330 1327 1342 1343 »
1362 1316 1430 1344 ldeo
1450 1317 1555 1345 dicitur
1576 1315 1659 1344 diviti
1679 1315 1804 1343 damna-

1034 1366 1063 1392 to
1080 1364 1100 1379 ι’·
1115 1372 1121 1390 :
1138 1374 1151 1390 «
1167 1365 1224 1391 Hac
1238 1365 1323 1391 nocte
1339 1365 1470 1399 repetent
1484 1363 1614 1391 animam
1627 1364 1718 1390 tuam.
1733 1372 1747 1388 n
1766 1363 1807 1389 Ex

1036 1411 1120 1438 dictis
1144 1412 1222 1446 patet
1244 1410 1351 1438 misera
1375 1410 1529 1438 infelicitas
1552 1409 1648 1443 tudae,
1662 1408 1745 1444 quod
1759 1408 1806 1436 in-

1037 1460 1135 1493 gratus
1149 1459 1229 1484 tanto
1246 1457 1383 1490 domino,
1401 1459 1428 1484 et
1444 1456 1495 1484 tali
1516 1456 1672 1491 magistro,
1687 1462 1741 1482 nec
1752 1454 1808 1482 do-

1038 1503 1194 1537 cumentis,
1211 1511 1264 1531 nec
1285 1502 1451 1537 beneficiiS,
1467 1510 1521 1530 nec
1540 1502 1704 1530 honoribus
1721 1503 1810 1529 retar-

1039 1552 1125 1579 datus
1139 1552 1219 1579 suita
1230 1551 1396 1579 facinoroso
1408 1551 1528 1578 crimine
1540 1559 1603 1578 suo.
1620 1552 1676 1578 Nec
1690 1550 1809 1584 mirum,

1039 1599 1197 1626 intraverat
1212 1598 1241 1625 in
1257 1606 1323 1625 eum
1338 1600 1464 1631 satanas,
1481 1599 1509 1624 et
1523 1597 1562 1625 ab
1577 1605 1612 1625 eo
1628 1598 1689 1624 crat
1699 1604 1812 1632 posses-

1041 1654 1103 1677 sus,
1119 1647 1150 1672 ut
1168 1646 1246 1679 patet
1270 1644 1308 1671 ab
1328 1644 1505 1679 Augustino,
1531 1651 1630 1679 supra.
1654 1642 1711 1670 Sed
1728 1642 1814 1670 multi

1044 1692 1185 1718 damnant
1214 1690 1320 1718 ludam
1347 1690 1531 1726 proditorem
1546 1710 1554 1724 ‚
1581 1691 1609 1716 et
1635 1690 1735 1716 tamen
1759 1688 1815 1724 ipsi

1044 1740 1111 1765 sunt
1131 1737 1296 1773 proditores
1319 1736 1464 1771 veritatis,
1488 1744 1554 1772 quae
1578 1737 1620 1763 est
1644 1734 1739 1763 Filius*
1756 1735 1814 1763 Dei.

1044 1784 1125 1811 Unde
1139 1783 1310 1811 Ambrosius
1321 1783 1342 1799 ¹⁵
1359 1792 1385 1810 ;ιι
1400 1782 1485 1816 Quod
1499 1781 1629 1810 fecerunt
1642 1783 1711 1809 tunc
1725 1780 1817 1809 Judoei

1046 1833 1270 1867 persequentes,
1284 1830 1340 1857 hoc
1355 1838 1433 1857 nunc
1451 1829 1562 1857 faciunt
1573 1828 1726 1857 Christiani
1741 1827 1819 1855 male

1047 1877 1188 1911 viventes,
1199 1877 1308 1904 scilicet
1322 1876 1466 1904 Christum
1481 1875 1613 1911 lapidare
1628 1876 1656 1902 et
1670 1873 1818 1902 occidere:

1048 1924 1118 1959 quia
1142 1923 1215 1958 quid
1238 1925 1279 1950 est
1303 1923 1451 1950 Christus?
1467 1922 1585 1956 Veritas,
1605 1929 1679 1957 pax,
1699 1920 1820 1956 justitia.

1050 1970 1103 2003 Qui
1117 1977 1187 2004 ergo
1203 1977 1258 2005 pro
1273 1969 1397 1996 falsitate
1413 1967 1756 2004 relinquuntveritatem,
1769 1966 1821 2003 qui

1050 2024 1105 2052 pro
1125 2015 1281 2051 temporali
1301 2015 1395 2050 pretio
1412 2014 1584 2050 relinquunt
1599 2013 1759 2048 justitiam,
1773 2012 1823 2048 qui

1053 2063 1157 2090 odiunt
1183 2062 1333 2089 veritatem
1350 2082 1359 2095 ‚
1385 2061 1530 2088 Christum
1561 2060 1708 2088 occidunt.
1729 2069 1743 2085 ν
1762 2060 1825 2086 Hoec

1053 2109 1140 2136 ι11ιθ.16
1158 2119 1171 2134 ιι
1187 2110 1311 2135 Rursum
1326 2108 1470 2135 Christum
1489 2106 1700 2141 crucifigentes.
1717 2115 1730 2132 n
1745 2105 1826 2133 Unde

1056 2155 1092 2183 de
1113 2155 1220 2182 talibus
1236 2154 1257 2171 ¹⁷
1273 2163 1280 2181 2
1297 2165 1310 2180 ιι
1326 2155 1507 2181 Conversum
1522 2154 1564 2180 est
1574 2154 1735 2180 retrorsum
1748 2151 1828 2187 judi·-

1057 2202 1149 2235 cium,
1173 2201 1283 2236 justitia
1308 2200 1395 2235 longe
1420 2200 1509 2232 stetit,
1533 2198 1643 2226 corruit
1667 2197 1774 2226 veritas
1797 2197 1828 2224 in

1057 2248 1170 2283 plateis.
1186 2258 1199 2273 η
1216 2249 1247 2275 Et
1261 2247 1333 2280 hoc,
1353 2246 1424 2282 quia
1437 2247 1584 2281 ingressus
1605 2247 1646 2273 est
1663 2245 1694 2272 in
1708 2252 1759 2272 eos
1780 2252 1828 2272 sa-

1061 2297 1151 2322 tanas.
1168 2296 1206 2321 De
1230 2294 1363 2329 quolibet
1386 2294 1464 2321 enim
1488 2293 1591 2320 talium
1614 2291 1780 2319 verificatur
1794 2290 1828 2317 il-
1860 2304 1870 2314 ο

1059 2342 1113 2369 lud
1129 2342 1149 2358 ¹⁸
1167 2350 1173 2368 ε
1187 2351 1199 2365 ιι
1215 2340 1397 2375 ingredietur
1411 2339 1503 2367 bestia
1517 2338 1674 2366 latibulum
1687 2344 1788 2369 suum,
1802 2336 1830 2362 et

1062 2387 1091 2414 in
1115 2389 1198 2415 antro
1223 2394 1276 2414 suo
1300 2385 1473 2414 morabitur.
1499 2394 1513 2411 »
1537 2384 1623 2418 Quod
1646 2381 1765 2418 exponit
1788 2380 1830 2408 ibi

1063 2483 1093 2487 —-
1117 2471 1134 2486 '⁵
1160 2471 1211 2494 lino
1235 2470 1333 2498 auctor,
1356 2468 1467 2500 quisquis
1486 2467 1526 2491 ille
1546 2466 1591 2495 sit,
1616 2471 1692 2489 serm.
1714 2469 1784 2493 sim,
1804 2463 1834 2487 de

1065 2505 1156 2534 Temp.,
1173 2507 1228 2535 post
1240 2504 1307 2528 nied.
1319 2516 1350 2521 ——
1375 2507 1384 2518 ⁹
1395 2503 1480 2534 Helu-7
1493 2508 1526 2532 vi,
1543 2505 1565 2525 fi.
1576 2514 1606 2518 —
1621 2500 1637 2516 ¹⁷
1655 2500 1713 2530 lsa„
1728 2505 1781 2529 mx,
1797 2500 1833 2523 14.

1064 2553 1095 2557 —
1110 2540 1129 2556 ¹⁸
1143 2540 1195 2569 doh,
1211 2546 1312 2570 xxxvii,
1328 2541 1351 2563 8.

1099 2590 1132 2618 (a)
1153 2589 1194 2613 At.
1212 2589 1337 2613 libentius.
1358 2601 1387 2606 -
1407 2587 1439 2618 (ὁ)
1461 2586 1520 2610 Caee.
1539 2584 1597 2609 edit.
1615 2583 1729 2609 loannis.
1751 2584 1830 2607 Graec.

1072 2626 1189 2653 Ἰωάννης.
1203 2638 1232 2642 -
1248 2625 1277 2655 (c)
1298 2625 1358 2649 Coet.
1372 2623 1432 2648 edit.
1448 2621 1527 2646 exire.
