1987 3032
42 2245 138 2265 Tristitia

51 2276 123 2296 saeculi

46 2307 110 2327 mala.

704 191 908 226 EXPOSITIO
929 190 969 222 IN
993 191 1078 223 CAP.
1101 191 1208 223 XVIII.
1711 192 1763 222 89*

159 263 408 299 mendicitatem3
438 270 502 292 nan
530 261 682 301 discipulo
706 261 825 293 volenti
850 268 925 290 eum

160 317 249 356 sequi
262 325 301 346 ex
316 315 493 354 cupiditate,
512 317 542 345 et
552 315 665 345 dicenti
683 316 689 331 ¹
709 326 715 345 :
737 313 923 352 «Magister,

160 378 273 408 sequar
295 370 325 398 te
347 376 550 407 quocumque
572 368 663 405 ieris,
691 379 705 395 n
732 366 920 407 respondet:

163 433 177 450 «
191 421 307 460 Vulpes
320 421 426 452 foveas
438 421 569 459 habent,
587 423 618 451 et
630 421 775 452 volucres
790 419 859 450 coeli
874 419 923 448 ni-

158 474 234 511 dos;
260 473 345 504 filius
368 476 474 504 autem
496 474 637 504 hominis
659 483 722 504 non
751 473 846 503 habet
870 471 924 502 ubi

158 530 251 566 caput
267 536 362 558 suum
378 527 542 557 reclinet.»
565 530 593 557 3.
611 527 669 558 Ρο1
685 535 845 557 summam
861 534 926 555 cor-

157 580 205 610 dis
219 580 430 611 humilitatem
446 583 456 599 ²
473 591 479 610 :
499 592 512 609 ((
528 580 632 611 Gloria
645 589 762 619 magna
775 581 820 610 est
834 578 925 618 sequi

157 633 354 664 Dominum.»
373 633 411 664 Et
423 635 433 651 ³
447 644 453 663 z
468 633 549 670 «Qui
559 634 701 673 sequitur
713 643 773 671 me,
786 642 850 663 11011
860 641 926 662 am-

157 687 244 717 bulat
259 687 292 716 in
309 687 456 717 tenebris.
477 698 491 713 »
517 686 553 716 Et
569 687 607 717 de
630 686 680 716 his
699 695 795 725 supra
809 686 818 701 '⁶
835 697 841 715 :
862 698 876 714 «
893 685 926 716 Si

157 740 228 779 quis
249 740 317 770 vult
340 742 410 779 post
435 749 486 770 me
500 740 627 777 venire,
653 740 789 778 abneget
809 742 923 770 semet-

157 794 279 833 ipsum,
304 795 335 823 et
350 793 438 823 tollat
459 802 584 823 crucem
607 801 698 823 suam
718 792 857 832 quotidie
870 816 878 830 ‚
895 794 925 822 et

155 849 305 886 sequatur
322 855 383 877 me.
404 857 417 874 n
442 846 538 886 Sequi
555 848 661 876 autem
683 846 841 876 Christum
856 869 863 882 ‚
879 848 924 876 est

156 909 189 930 se
203 900 337 940 perfecte
348 900 391 930 illi
402 901 615 939 configurare,
625 899 799 930 secundum
809 899 884 930 illud
894 900 902 915 ⁵
916 911 922 930 ι

161 964 174 981 (1
186 952 328 992 Vestigia
349 954 418 992 ejus
433 956 561 984 secutus
576 956 622 983 est
643 962 697 993 pes
714 962 821 989 meus3
840 953 924 983 viam

155 1007 226 1045 ejus
244 1007 415 1044 custodivi,
439 1015 501 1037 non
521 1006 675 1036 declinavi
698 1015 737 1036 ex
752 1015 802 1043 ea,
820 1017 833 1033 >³
864 1008 921 1036 etc.

195 1061 243 1089 ⁶23.
261 1059 319 1089 His
334 1059 385 1089 ille
410 1059 546 1097 auditis,
564 1060 766 1090 contristatus
791 1063 845 1094 est,
862 1061 921 1089 etc.

155 1109 325 1150 Postquam
340 1112 478 1142 ostendit
493 1114 711 1151 paupertatem
727 1112 925 1142 commenda-

154 1163 249 1193 bilem
263 1164 383 1194 ratione
398 1165 596 1204 perfectionis
613 1165 661 1195 sui
678 1165 711 1195 in
727 1165 855 1201 merito,
872 1165 924 1195 hic

153 1217 287 1247 ostendit
311 1226 383 1248 eam
410 1218 694 1248 commendabilem
722 1218 842 1248 ratione
861 1219 924 1248 im—

152 1270 351 1309 perfectionis
372 1271 405 1301 in
429 1280 486 1301 5110
502 1272 659 1301 contrario
673 1282 679 1301 z
696 1271 779 1310 quod
795 1271 924 1310 quidem

153 1326 199 1353 est
213 1324 362 1354 tenacitas
380 1324 576 1354 divitiarum.
592 1324 677 1354 Circa
689 1323 773 1363 quod
788 1327 925 1363 quatuor

153 1376 399 1407 introducuntur
423 1378 461 1407 ab
486 1377 708 1415 Evangehsta,
732 1377 847 1407 scilicet
862 1378 923 1407 hu-

155 1438 258 1460 manae
272 1430 446 1460 tenacitatis
458 1430 622 1466 indIcium,
639 1430 831 1469 periculum,
851 1431 923 1461 olis-

153 1483 304 1521 taculum,
321 1480 509 1520 reniedium,
526 1483 611 1523 quod
626 1486 671 1513 est
683 1483 800 1514 divinae
812 1485 924 1522 gratIae

152 1537 283 1567 donum.

194 1589 300 1620 Primo
314 1598 393 1628 ergo
410 1592 565 1629 quantuni
581 1591 620 1621 ad
636 1591 785 1622 humanae
810 1592 925 1622 tenaci-

153 1643 223 1673 tatis
237 1643 400 1681 indicium,
417 1644 550 1675 dicitur:
568 1645 626 1676 His
639 1645 690 1676 ille
701 1645 829 1683 auditis,
847 1656 922 1676 con-

154 1698 294 1727 tristatus
318 1702 381 1735 est,
407 1698 484 1737 qnia
509 1698 595 1729 dices
623 1703 691 1729 erat
713 1699 814 1730 valde.
845 1700 924 1736 Quia

152 1750 236 1780 enim
253 1751 433 1781 abundabat
447 1751 568 1781 divitiis
582 1775 589 1787 ‚
609 1752 734 1782 horruit
757 1753 923 1791 penuriam

151 1804 361 1843 paupertatis,
383 1806 413 1834 et
435 1804 503 1833 ideo
519 1804 556 1834 (10
580 1805 772 1843 paupertatis
786 1805 879 1836 laude
894 1808 924 1836 et

153 1857 281 1886 consilio
302 1856 398 1886 tristis
419 1856 549 1886 effectus
565 1857 633 1887 fuit.
657 1856 694 1887 Et
708 1857 776 1888 haec
797 1859 923 1898 sequela

152 1912 197 1939 051
215 1909 404 1949 cupiditatiS‚
421 1912 451 1940 et
466 1909 618 1940 indicium
641 1911 832 1949 tenacitatis,
850 1921 922 1942 cuin

153 1962 223 2002 quis
247 1962 388 1993 tristatur
411 1963 451 1993 ob
480 1963 645 1993 horrorem
670 1965 863 2003 paupertatis
880 1969 890 1984 θ
913 1977 918 1995 ;

157 2026 170 2043 (1
184 2015 373 2045 insatiabilis
388 2015 498 2046 oculus
522 2016 627 2055 cupidi
650 2016 682 2046 in
702 2019 789 2056 parte
805 2018 921 2057 iniqui-

151 2069 242 2105 tatis;
262 2078 326 2099 non
347 2068 514 2099 satiabitur
526 2093 533 2106 ,
555 2070 654 2100 donec
669 2074 833 2102 consumat
851 2081 920 2102 are-

152 2122 268 2152 faciens
297 2122 438 2152 animam
467 2131 570 2153 suam.
603 2122 639 2153 Et
667 2132 730 2153 non
759 2124 922 2155 satiabitur

152 2185 244 2214 pane,
258 2175 312 2205 sed
330 2175 369 2214 (a)
382 2176 529 2215 indigens
540 2178 569 2206 et
580 2176 613 2206 in
626 2177 750 2207 tristitia
760 2178 818 2208 erit
828 2187 922 2218 super

152 2238 294 2259 mensam
316 2238 418 2259 suam.
432 2240 446 2257 »
469 2229 544 2260 Haee
563 2232 670 2260 autem
692 2231 818 2261 tristitia
839 2232 922 2262 mala

152 2285 208 2322 051,
225 2283 299 2323 quia
312 2286 357 2314 est
372 2283 497 2313 tristitia
508 2284 628 2321 saeculi,
640 2284 678 2314 ‹le
692 2294 754 2324 qua
765 2285 879 2316 dicitur
890 2286 900 2302 ⁷
912 2298 918 2316 :

156 2349 170 2366 (ι
185 2336 298 2367 Saeculi
320 2337 445 2367 tristitia
467 2339 601 2367 mortem
626 2340 815 2377 operatur.»
841 2339 920 2370 Nam

152 2390 267 2421 dicitur
279 2393 288 2409 Β
304 2401 309 2420 :
331 2402 345 2419 «
359 2390 384 2420 A
402 2390 527 2420 tristitia
542 2391 663 2421 festinat
682 2401 786 2429 111015,
803 2395 832 2423 01
846 2402 918 2434 coo-

150 2444 229 2483 perit
247 2443 415 2481 virtutem,
435 2446 464 2473 et
483 2444 608 2474 tristitia
626 2445 728 2475 cordis
743 2446 839 2477 flectit
853 2457 919 2478 cer-

151 2496 266 2527 vicem.
280 2506 293 2524 n
322 2496 382 2533 Qui
399 2505 476 2535 ergo
492 2496 573 2527 hanc
592 2497 751 2528 tristitiam
775 2499 844 2530 vult
867 2501 918 2530 fu—

184 2558 192 2574 ¹
212 2558 314 2586 Mami„
334 2564 397 2588 vm,
422 2560 457 2582 19.
484 2560 521 2582 20.
543 2572 570 2575 —
591 2560 598 2572 ²
618 2559 706 2589 Ecclt„
727 2567 806 2591 xxm,
831 2563 869 2586 38.
890 2576 920 2580 -

152 2593 162 2609 ³
175 2593 254 2620 Joan..
276 2599 337 2623 V111,
354 2596 390 2617 11.
409 2608 434 2611 -
454 2594 463 2609 '²
484 2596 554 2625 sup„
572 2601 611 2624 lx,
629 2598 666 2619 23.
687 2609 717 2613 -
738 2597 748 2613 ¹⁵
766 2597 819 2626 lob,
843 2603 919 2628 xxiii,

154 2630 189 2651 Η.
211 2641 241 2645 -
259 2629 268 2641 ⁶
290 2628 376 2658 licem,
394 2635 451 2657 xiv,
472 2630 537 2653 9-10.
558 2642 589 2647 ·—
607 2630 617 2646 ⁷
638 2631 656 2653 ΙΙ
680 2630 746 2662 Cor„
767 2637 815 2661 vu,
838 2633 874 2656 10.
889 2645 919 2650 -

153 2664 160 2675 “
176 2664 261 2692 ΕεοΙι”.,
277 2670 391 2694 xxxviii,
410 2666 444 2689 19.
463 2677 493 2683 -
506 2666 516 2681 ²
537 2665 636 2696 Matth„
655 2672 711 2696 xm,
727 2668 764 2691 22.
782 2680 811 2685 —
829 2668 845 2682 ¹·
864 2668 918 2699 Job,

984 267 1071 297 gere,
1088 259 1209 298 oportet
1221 265 1296 288 eum
1309 256 1397 287 odire
1411 255 1614 295 cupiditatem
1628 257 1750 288 divitia:

982 320 1075 349 rum,
1099 320 1171 351 quae
1185 312 1334 350 pungunt
1357 309 1397 340 ad
1420 309 1550 339 modum
1572 309 1747 350 spinarum,

982 364 1062 394 sicut
1076 364 1254 394 insinuatur
1263 363 1296 392 in
1310 362 1460 394 Matthaeo
1471 365 1493 392 ⁹.
1506 361 1586 392 Nam
1601 363 1639 393 de
1654 364 1750 396 divite

982 417 1096 448 dicitur
1113 418 1133 436 ¹⁰
1151 428 1179 448 2«
1195 416 1322 447 Sonitus
1338 415 1466 446 terroris
1482 424 1606 455 semper
1620 416 1654 447 in
1669 418 1751 448 auri-

982 470 1052 507 bus,
1069 472 1100 500 et
1114 479 1186 501 cum
1197 479 1258 510 pax
1269 469 1320 507 sit,
1332 469 1384 499 ille
1395 468 1524 499 insidias
1533 469 1721 508 suspicatur.
1732 480 1746 498 >³

982 523 1037 553 His
1052 526 1159 554 autem
1171 523 1320 554 contrarii
1333 524 1407 553 sunt
1422 521 1483 552 viri
1493 522 1570 561 justi
1583 523 1612 552 et
1624 523 1751 561 perfecti

983 576 1160 614 Christiani,
1176 577 1214 607 ad
1235 585 1314 616 quos
1335 575 1448 606 dicitur
1464 575 1483 591 ¹¹
1499 584 1529 604 :«
1543 575 1679 614 Rapinas
1694 577 1751 607 bo-

982 639 1097 660 norum
1122 632 1301 661 vestrorum
1323 639 1397 660 cum
1418 629 1536 668 gaudio
1555 630 1750 669 suscepistis,

982 686 1207 723 cognoscentes
1218 684 1334 714 habere
1350 683 1514 714 meliorem
1525 685 1555 714 et
1572 685 1751 714 manentem

982 738 1219 768 substantiam.»

1022 791 1177 827 Secundo,
1194 792 1351 830 quantum
1365 790 1404 820 ad
1414 790 1565 820 humanae
1578 790 1753 820 tenacitatis

982 845 1168 884 periculum,
1179 844 1374 879 subditur(v.
1387 843 1434 882 24)
1442 854 1453 881 ¹:
1469 842 1582 874 Vz'clens
1589 847 1695 873 autem
1701 843 1753 873 Je-

981 898 1135 928 susillum
1149 898 1269 928 tristem
1289 897 1436 936 factum,
1457 898 1584 936 propter
1603 896 1751 927 affectum

982 951 1261 991 pusillanimitatis,
1269 952 1378 980 contra
1385 959 1481 989 quam
1494 949 1609 980 dicitur
1622 949 1642 966 ¹²
1651 961 1657 979 ι
1666 949 1753 980 ((Νο11

981 1014 1047 1035 esse
1076 1003 1286 1044 pusillanimis
1318 1003 1351 1033 111
1375 1003 1483 1033 animo
1509 1004 1574 1033 tuo.
1601 1002 1751 1040 Exorare,

981 1059 1010 1088 et
1024 1058 1125 1087 facere
1138 1057 1373 1096 eleemosynam
1388 1065 1428 1086 ne
1442 1056 1631 1095 despicias.»
1640 1056 1733 1087 Discit
1743 1066 1753 1086 .·

983 1111 1089 1149 Quam
1104 1109 1255 1149 difficile,
1273 1110 1330 1149 qui
1342 1109 1493 1149 pecunias
1506 1108 1640 1146 liabent,
1655 1109 1688 1138 in
1704 1118 1753 1138 re-

981 1172 1081 1202 (snum
1090 1163 1151 1194 Dei
1158 1162 1322 1193 intrabunt
1331 1162 1343 1192 Ι
1355 1164 1482 1202 propter
1489 1161 1604 1192 vitium
1609 1161 1754 1192 tenacita-

982 1217 1030 1247 tis.
1044 1216 1149 1247 Glossa
1161 1227 1167 1246 :
1186 1227 1199 1244 «
1209 1215 1423 1255 Quipecunias
1432 1215 1561 1252 habent,
1572 1215 1603 1245 id
1611 1217 1667 1254 est,
1680 1224 1753 1246 cum

981 1279 1089 1301 amore
1104 1270 1274 1309 possident,
1291 1271 1321 1299 et
1338 1270 1370 1299 in
1385 1269 1430 1299 eis
1443 1269 1616 1299 confidunt.
1629 1279 1644 1297 ))
1666 1268 1754 1299 Unde

981 1323 1053 1353 alibi
1078 1323 1194 1353 dicitur
1211 1322 1391 1362 expressius
1406 1322 1427 1338 ¹³
1447 1333 1453 1352 :
1470 1321 1600 1358 «Quam
1629 1322 1754 1353 difficile

981 1379 1027 1406 est
1046 1376 1237 1406 considentes
1261 1376 1294 1405 in
1317 1375 1459 1414 pecuniis
1480 1375 1513 1404 in
1537 1384 1676 1413 regnum
1699 1376 1754 1406 Dei

981 1429 1132 1459 introire!
1161 1439 1175 1457 n
1202 1428 1238 1458 Et
1265 1428 1345 1458 ratio
1372 1428 1470 1467 hujus
1498 1429 1566 1464 est,
1595 1428 1671 1467 quia
1698 1429 1754 1468 qui

981 1481 1170 1521 temporalia
1192 1481 1259 1511 haec
1282 1481 1319 1520 (b)
1345 1481 1580 1520 amplectuntur
1600 1482 1753 1520 tanquam

980 1544 1118 1573 magna,
1158 1537 1366 1565 contemnunt
1408 1533 1462 1564 illa
1497 1536 1625 1564 aeterna.
1667 1534 1755 1565 Unde

981 1588 1089 1619 Glossa
1117 1589 1138 1608 ¹⁶
1162 1599 1198 1618 :«
1213 1587 1271 1624 Qui
1296 1587 1412 1618 divitiis
1436 1587 1680 1626 multiplicandis
1703 1587 1752 1618 in-

980 1642 1146 1679 cumbunt,
1155 1641 1285 1671 alterius
1294 1641 1369 1672 vitae
1379 1640 1499 1679 gaudia
1512 1642 1749 1671 contemnunt.»

981 1694 1138 1725 Praeterea
1162 1695 1217 1733 qui
1240 1694 1308 1724 haec
1333 1695 1370 1732 (c)
1393 1693 1580 1732 temporalia
1600 1693 1751 1732 diligunt,

980 1747 1088 1777 multis
1114 1747 1323 1777 tentationum
1343 1746 1456 1785 jaculis
1477 1748 1683 1785 exponuntur
1705 1747 1751 1777 ¹⁵:

984 1813 998 1830 «
1014 1800 1072 1837 0111
1089 1800 1201 1831 volunt
1215 1800 1329 1830 divites
1342 1800 1427 1837 fieri,
1444 1800 1589 1830 incidunt
1601 1800 1636 1830 in
1648 1802 1749 1831 tenta-

979 1855 1099 1884 tionem
1118 1854 1195 1883 etin
1221 1853 1371 1892 laqueum
1390 1852 1523 1891 diaboli,
1545 1855 1575 1883 et
1599 1853 1753 1884 desideria

979 1908 1080 1938 multa
1101 1909 1131 1938 et
1145 1907 1270 1937 inutilia
1282 1930 1289 1943 ‚
1307 1908 1337 1936 et
1356 1906 1484 1943 nociva,
1510 1915 1582 1946 quae
1598 1910 1753 1947 mergunt

978 1962 1133 1997 homines,
1152 1971 1166 1988 »
1198 1962 1257 1991 etc.
1275 1960 1343 1990 Alia
1366 1960 1445 1990 ratio
1460 1961 1524 1997 est,
1542 1960 1619 2000 quia
1633 1960 1688 1999 qui
1704 1961 1753 1990 his

978 2015 1092 2045 affectu
1114 2015 1359 2053 conjunguntur
1370 2037 1378 2050 ,
1394 2013 1481 2044 haud
1496 2013 1585 2044 facile
1600 2023 1750 2053 separan-

978 2071 1040 2099 tur.
1064 2067 1151 2098 Unde
1175 2067 1213 2097 de
1235 2066 1351 2098 talibus
1372 2067 1404 2097 in
1430 2067 1559 2098 Psalmo
1584 2068 1604 2085 ¹⁶
1623 2077 1629 2097 :
1648 2067 1753 2104 «Quo-

978 2123 1064 2153 niam
1079 2121 1246 2152 humiliata
1258 2122 1303 2151 est
1320 2120 1353 2150 in
1364 2120 1496 2160 pulvere
1511 2121 1618 2151 anima
1632 2123 1749 2159 nostra,

977 2175 1215 2214 conglutinatus
1238 2175 1284 2204 est
1304 2174 1336 2203 in
1361 2175 1446 2203 terra
1466 2175 1576 2204 venter
1600 2176 1715 2204 noster.
1732 2185 1746 2202 1)

978 2229 1065 2260 Unde
1093 2230 1122 2258 et
1139 2228 1219 2267 ,haec
1246 2227 1317 2266 plus
1342 2227 1452 2257 mundi
1476 2226 1746 2266 eoncupiscentia,

977 2292 1073 2323 quam
1112 2281 1286 2312 substantia
1316 2282 1416 2310 nocet.
1448 2280 1486 2310 Et
1523 2280 1591 2310 haec
1619 2280 1746 2319 fugien-

976 2337 1090 2367 darum
1110 2333 1296 2365 divitiarum
1316 2332 1396 2363 ratio
1412 2333 1573 2372 praecipua
1587 2335 1654 2371 est,
1671 2334 1749 2373 quia

977 2391 1032 2421 aut
1040 2389 1111 2426 vix,
1129 2389 1183 2418 aut
1200 2394 1367 2425 nunquam
1383 2385 1502 2426 absque
1517 2395 1626 2417 amore
1642 2387 1748 2418 valent

976 2442 1138 2484 possideri.
1155 2441 1282 2471 Limosa
1298 2439 1383 2470 enim
1394 2441 1424 2470 et
1433 2440 1594 2478 glutinosa
1609 2441 1656 2470 est
1670 2441 1745 2471 sub-

977 2521 1024 2544 xx,
1040 2516 1078 2537 21.
1097 2526 1127 2530 —
1143 2512 1159 2527 '¹
1177 2511 1262 2537 Ilebr..
1276 2517 1305 2542 x,
1324 2512 1363 2535 34.
1379 2511 1444 2528 -12
1458 2511 1547 2540 Eccli.‚
1565 2517 1616 2541 vu,
1633 2513 1701 2535 9-10.
1717 2525 1747 2529 —

977 2551 995 2567 ¹³
1012 2551 1100 2578 Marc,
1117 2554 1142 2576 x,
1157 2549 1195 2571 23.
1214 2559 1243 2564 —
1261 2547 1281 2563 ¹⁴
1295 2547 1377 2571 Gloss.
1396 2546 1506 2570 interlin.
1523 2547 1549 2570 in
1564 2546 1632 2570 hunc
1652 2547 1700 2571 loc.
1717 2560 1747 2564 —

978 2587 997 2603 ¹⁵
1011 2587 1017 2609 1
1038 2586 1110 2614 Tim„
1124 2589 1158 2613 vi,
1174 2584 1196 2606 9.
1211 2595 1240 2600 -
1256 2582 1275 2598 ¹⁴³
1290 2582 1355 2606 Psal.
1371 2588 1445 2611 111111,
1460 2584 1499 2606 25.

1009 2629 1039 2660 (ιι)
1054 2629 1115 2653 Coet.
1131 2627 1189 2652 edit.
1205 2627 1273 2651 deest
1288 2627 1341 2651 sed.
1358 2640 1383 2643 —
1401 2627 1436 2658 (b)
1454 2627 1514 2651 Caet.
1531 2626 1589 2650 edit.
1606 2626 1665 2657 quia
1679 2628 1746 2651 tem-

975 2666 1070 2698 poralia
1086 2664 1135 2688 hic.
1153 2677 1179 2681 -
1197 2663 1225 2694 (e)
1242 2663 1302 2687 Item
1314 2662 1364 2687 bic.
