1987 3032
697 198 900 229 EXPOSITIO
925 197 961 229 IN
983 198 1066 230 CAP.
1092 199 1198 230 XVIII.

151 266 436 301 comprehenderunt
458 273 523 296 eos,
548 266 575 291 et
598 265 725 292 maxime
751 266 832 292 Petro
853 265 916 291 irri-

150 314 227 339 tante
243 320 293 339 eos
306 320 359 347 per
373 319 406 338 ea
427 318 492 346 quae
506 310 572 337 fecit
585 310 615 337 in
630 318 723 338 servo.
741 313 772 338 Et
786 311 825 338 ad
839 311 915 338 istud

148 357 320 393 respondet,
336 357 417 392 quod
435 366 447 382 α
462 357 516 383 ista
528 356 633 390 virtus,
651 365 716 392 quae
730 357 852 392 projecit
867 364 917 383 eos

148 403 314 438 resupinos,
340 402 462 429 detinuit
484 402 551 429 illos
572 411 607 429 ne
634 403 917 438 comprehenderent

148 448 308 484 discipulos
318 469 327 482 ,
341 448 389 475 vel
404 448 445 475 eis
470 450 619 475 nocerent.
637 458 650 473 »
668 450 699 475 Et
713 451 792 484 patet
807 457 841 476 ex
857 449 916 476 dic-

147 495 181 521 tis
197 494 259 522 Filii
279 494 415 521 divinitas
439 494 468 521 iu
492 494 565 526 hoc,
588 494 670 529 quod
692 495 753 521 ait:
772 496 825 528 Ego
847 502 914 521 sum.

146 540 225 567 Unde
240 540 416 574 Augustinus
434 540 440 555 ¹
459 549 464 567 :
485 550 497 565 ι(
515 540 643 575 Intellige
661 540 740 575 quod
758 540 797 568 ait
813 550 820 568 ε
836 541 915 573 Sum,

145 586 184 613 ad
199 586 330 613 divinam
349 586 492 622 pertinere
508 588 654 613 naturam.
669 597 681 611 »
699 588 730 613 Et
746 595 752 613 τ
770 596 783 612 «
799 588 915 614 Summe

146 640 207 660 esse
220 634 278 666 est,
294 633 374 668 quod
388 632 469 659 nulla
480 632 672 660 mutabilitate
685 632 782 660 deficit
793 633 839 659 vel
851 641 916 668 pro-

144 677 212 705 ficit.
228 688 241 703 n
261 680 291 705 Et
305 678 385 706 idem
403 687 409 705 ε
428 688 441 703 ι(
456 680 514 705 Hoc
533 678 660 705 maxime
680 686 742 705 esse
758 678 915 706 dicendum

144 726 202 758 est,
229 725 310 760 quod
336 732 452 759 semper
477 725 583 751 eodem
609 725 700 752 modo
724 733 753 751 se
782 725 879 752 habet.
900 736 912 749 »

143 772 153 786 ¹⁵·
180 781 193 796 «
213 771 298 806 Apud
317 770 415 806 ipsum
434 779 494 798 non
519 773 561 798 est
581 771 800 805 transmutatio,
821 781 833 796 n
860 773 912 798 etc.

145 818 154 832 ³
172 826 185 841 «
203 818 243 843 Tu
259 819 356 844 autem
371 817 450 844 idem
466 817 527 852 ipse
543 826 582 850 es,
595 827 607 842 »
623 817 662 844 ait
678 817 829 852 Propheta.
846 819 914 844 Item

142 864 221 897 patet
233 863 278 889 sui
292 862 376 890 verbi
386 862 566 897 virtuositas;
579 863 618 890 ad
630 863 825 898 prolationem
836 864 914 890 enim

142 909 187 935 sui
202 908 283 935 verbi
306 909 473 936 ceciderunt
485 908 494 923 ⁴
509 918 515 935 :
537 918 548 934 «
563 910 663 936 Sermo
683 909 761 936 enim
780 910 842 943 eJ'us
858 917 912 944 po-

143 957 242 983 testate
257 956 361 991 plenus
376 958 426 983 est.
444 967 456 981 »
482 958 552 984 Item
566 956 708 990 figuratur
726 956 837 983 ibidem
854 965 914 984 ma-

141 1001 239 1029 lorum
253 1002 442 1037 perversitas,
459 1002 488 1029 in
504 1002 560 1029 hoc
572 1001 652 1037 quod
668 1002 707 1029 ait
720 1011 726 1029 ε
741 1003 913 1033 Ceciderunt:

142 1049 171 1074 et
195 1047 369 1074 eorumdem
393 1048 552 1083 cupiditas,
579 1050 606 1075 et
630 1056 733 1075 eorum
756 1056 821 1083 quae
847 1051 914 1076 suut

142 1095 219 1120 retro
242 1093 458 1129 appetibilitas:
480 1094 634 1129 proprium
658 1094 736 1120 enim
760 1102 912 1129 perverso-

142 1148 209 1167 rum
230 1142 271 1166 est
288 1142 448 1167 retrorsum
464 1140 560 1172 abire,
579 1148 667 1175 supra
681 1141 690 1156 ὅ
707 1149 713 1167 :
734 1151 745 1166 «
763 1142 912 1176 Numquid

141 1188 168 1213 et
181 1193 233 1213 vos
255 1186 341 1213 vultis
356 1186 437 1213 abire
452 1188 613 1213 retrorsum
628 1186 685 1221 (a)‘!
701 1196 713 1211 »
731 1187 772 1213 lbi
791 1187 827 1214 de
843 1187 909 1214 hoc.

141 1231 349 1265 Nihilominus,
365 1234 397 1259 ut
411 1232 450 1259 ait
463 1232 617 1266 Gregorius
632 1233 653 1266 ⁶,
671 1242 684 1257 «
700 1232 791 1267 iniqui
812 1233 912 1260 dicuu-

141 1280 186 1304 tur
201 1277 305 1304 cadere
320 1281 396 1305 retro
407 1299 414 1311 ‚
431 1278 502 1313 quia
520 1278 561 1305 ibi
576 1278 698 1312 cadunt,
720 1279 771 1306 ubi
791 1287 851 1306 non
868 1279 910 1306 vi-

141 1323 225 1358 dent;
246 1323 379 1351 nesciunt
400 1324 477 1350 enim
498 1323 571 1359 quid
595 1331 644 1351 eos
667 1327 816 1360 sequatur.
840 1325 910 1352 Boni

143 1370 278 1397 dicuntur
293 1370 396 1398 cadere
411 1373 491 1403 ante,
514 1370 584 1405 quia
598 1373 701 1406 sponte
720 1379 750 1398 se
772 1371 911 1406 dejiciunt

140 1416 376 1443 invisibilibus.»
402 1417 481 1443 Unde
506 1416 542 1443 de
567 1416 627 1444 Heli
647 1418 657 1433 ⁷
683 1426 688 1443 :
717 1417 854 1444 «Cecidit
874 1418 909 1445 de

141 1462 227 1496 sella,
257 1465 283 1489 et
310 1462 407 1490 fractis
435 1463 597 1490 cervicibus
625 1465 757 1490 mortuus
784 1465 834 1490 est.
858 1474 870 1488 »
901 1463 911 1479 ⁸

141 1518 153 1533 «
169 1509 305 1535 Conversi
321 1510 387 1535 sunt
400 1511 569 1536 retrorsum.
587 1519 600 1534 n
619 1510 649 1536 Et
661 1511 689 1535 ⁹:
706 1520 718 1533 «
732 1511 909 1537 Convertens

137 1554 282 1589 sapientes
296 1555 465 1581 retrorsum.
483 1565 495 1579 n
514 1554 533 1570 ¹⁰
550 1565 561 1580 ι(
580 1556 632 1582 Per
651 1563 757 1590 gyrum
777 1555 908 1583 dentium

136 1600 198 1635 ejus
207 1600 345 1628 formido.
356 1610 368 1626 υ
380 1600 421 1628 lbi
432 1601 587 1635 Gregorius
599 1601 614 1617 ¹¹
629 1603 748 1628 :«Retro
760 1604 906 1636 estomne,

136 1648 219 1683 quod
231 1648 350 1675 transit:
366 1650 431 1675 ante
448 1650 490 1675 est
500 1656 604 1681 omne,
620 1649 700 1682 quod
717 1649 835 1675 veniens
846 1657 908 1684 per-

135 1697 243 1721 manet.
260 1696 291 1722 Et
305 1694 374 1730 quia
393 1693 463 1721 mali
478 1694 644 1721 afficiuntur
658 1694 696 1720 ad
707 1702 742 1721 ea
755 1703 817 1729 quae
833 1697 908 1722 tran-

135 1742 237 1774 seunt,
267 1740 334 1767 ideo
361 1740 498 1767 dicuntur
523 1740 603 1766 ablre
630 1741 787 1766 retrorsum
812 1742 839 1767 et
859 1748 905 1767 ca-

135 1786 213 1813 dere.
228 1796 241 1811 »
253 1785 292 1811 ¹²«
305 1788 336 1813 Et
349 1785 426 1813 cadit
441 1786 476 1819 (b)
486 1793 620 1812 ascensor
634 1786 694 1820 ejus
707 1788 875 1813 retrorsum.
890 1797 904 1812 »

135 1832 226 1866 Super
250 1832 333 1866 quod
359 1832 513 1866 Gregorius
533 1831 552 1847 ¹³
576 1840 582 1858 ;
602 1841 614 1856 ιι
630 1833 734 1865 Retro,
761 1840 821 1867 quo
845 1840 905 1859 non

138 1877 263 1910 videtur,
281 1877 403 1911 cadere,
420 1882 461 1904 est
481 1886 517 1904 ex
531 1877 585 1904 hac
604 1877 664 1904 vita
684 1880 802 1913 repente
823 1878 905 1906 dece-

137 1925 205 1952 dere
223 1925 267 1959 (c),
278 1927 305 1952 et
319 1925 357 1952 ad
370 1933 435 1960 quae
447 1925 592 1960 supplicia
602 1925 717 1952 ducitur
729 1925 878 1960 ignorare.
890 1938 902 1950 2,

136 1972 166 1998 Ut
181 1971 258 1997 enim
273 1971 311 1998 ait
326 1971 367 1998 ibi
378 1972 549 2005 Gregorius:
566 1982 579 1997 u
589 1971 674 2004 Quod
685 1972 760 1999 cadit
774 1975 903 2007 repente,

135 2017 174 2044 ad
189 2017 248 2044 ima
262 2018 350 2044 veuit.
367 2028 380 2044 n
398 2018 476 2045 Unde
493 2018 667 2052 Augustinus
691 2027 696 2044 :
727 2028 739 2041 «
755 2018 903 2051 Cecidisti,

136 2063 241 2090 fractus
255 2072 302 2097 es,
318 2064 471 2099 quomodo
487 2072 548 2097 vas,
566 2064 686 2099 quando
698 2064 734 2090 de
747 2072 836 2091 manu
852 2065 904 2092 ho-

136 2109 222 2136 minis
238 2110 314 2137 cedit
333 2110 361 2137 in
379 2113 495 2143 terram,
509 2110 616 2137 fractus
638 2112 688 2137 est.
706 2121 718 2135 »
740 2110 813 2143 Quia
832 2119 902 2146 ergo

135 2157 205 2184 mali
219 2157 384 2184 afficiuntur
399 2157 437 2184 ad
453 2165 487 2184 ea
504 2165 569 2192 quae
584 2160 649 2184 sunt
663 2160 750 2191 reti-0,
767 2159 902 2194 exemplo

134 2203 234 2231 uxoris
248 2204 333 2237 Loth,
353 2204 420 2231 ideo
439 2204 575 2230 dicuntur
588 2204 669 2231 abire
687 2206 859 2238 retrorsum,
877 2208 904 2232 et

135 2249 240 2276 cadere
254 2249 274 2266 ’ὦ
291 2258 315 2276 z«
331 2249 453 2277 Alienati
469 2250 508 2285 (d)
523 2252 589 2277 sunt
603 2252 770 2277 retrorsum.
784 2260 796 2275 »
813 2252 844 2277 Et
858 2250 878 2267 ¹⁵
895 2260 900 2278 :

139 2296 203 2322 «Tu
219 2295 397 2330 dereliquisti
410 2303 471 2328 me,
486 2296 581 2323 abiisti
598 2299 763 2324 retrorsum.
780 2307 792 2322 »

174 2343 214 2368 ¹0.
232 2342 264 2367 Et
286 2341 416 2376 sequitur
438 2341 511 2369 Petri
526 2342 622 2369 audax
639 2342 769 2370 defensio
790 2352 796 2370 :
812 2343 902 2371 Simon

168 2414 171 2428 ¹
191 2414 264 2442 Aug„
278 2411 307 2435 de
321 2411 411 2435 Morib.
428 2412 547 2441 Mausoli„
560 2420 584 2436 n.
605 2415 623 2435 1.
638 2425 667 2430 —-
684 2414 693 2429 ²
707 2414 770 2441 Jac„
787 2419 803 2442 1,
821 2415 858 2438 17.
876 2428 900 2431 —

135 2448 145 2464 ³
164 2447 229 2471 Psul.
246 2454 281 2476 (ιι,
297 2449 334 2471 28.
353 2460 382 2464 --
399 2448 409 2463 ⁴
424 2447 514 2477 Eva-le„
535 2453 596 2477 viii,
614 2449 636 2471 4.
651 2461 679 2465 —
700 2449 709 2465 ⁵
724 2451 794 2479 ξυμ,
811 2455 844 2478 Vi,
863 2451 902 2480 68,

136 2485 173 2505 (Π.
191 2496 218 2500 -
235 2485 243 2497 ¹⁵
259 2485 343 2513 mega,
363 2491 387 2505 ιιι
404 2482 501 2510 Ezech.,
518 2483 560 2506 lib.
577 2483 595 2513 1,
611 2483 680 2507 hom.
700 2490 758 2513 viu,
772 2492 796 2508 n.
817 2487 903 2509 ³2„—

136 2519 167 2541 ⁷1
183 2519 249 2549 Κεφ,
267 2520 382 2547 .v,18.—
395 2517 405 2534 Β
419 2519 638 2548 1v11.‚xL11,17.—
650 2522 658 2533 ³
671 2519 742 2550 ihi-1„
753 2526 820 2550 xLiv,
832 2522 902 2544 255.—

138 2555 155 2569 ¹⁰
166 2553 347 2583 Job,x1.i,5.—
362 2554 376 2569 ¹¹
393 2555 478 2583 (neg,
494 2553 597 2584 Moral„
612 2554 652 2578 lib.
667 2555 777 2583 xxxul,
789 2563 810 2579 c.
826 2562 902 2585 xxiii,

137 2589 168 2611 al.
190 2594 276 2616 xxvii,
297 2596 321 2612 u.
340 2590 377 2612 48.
399 2602 427 2606 —
448 2590 467 2603 ·2
487 2590 537 2612 Gen
552 2607 558 2618 ,
579 2595 653 2617 xcix,
675 2591 710 2614 17.
728 2604 755 2607 —
779 2591 797 2607 ¹³
818 2592 901 2621 (ἔτερ,

140 2623 240 2652 ΛΙοι-αί,,
255 2624 297 2648 lib.
317 2625 409 2654 xxxi,
427 2632 449 2647 c.
465 2630 490 2654 x,
506 2624 538 2648 al.
557 2631 616 2655 xxv,
633 2632 656 2648 u.
677 2627 713 2649 43.
729 2639 757 2643 —
778 2627 792 2639 ¹⁵
811 2627 868 2655 lxm,
886 2633 901 2655 1V

1684 204 1741 232 485

972 273 1031 299 erqo
1045 267 1139 292 Petrus
1153 266 1249 293 habens
1264 266 1399 300 gladium,
1417 268 1469 293 etc.
1485 267 1590 299 Quferit
1603 267 1740 303 Chrysos-

971 313 1067 338 tomus
1076 313 1095 331 ¹⁵
1105 321 1111 338 :
1122 314 1160 339 Ex
1171 320 1230 347 quo
1239 314 1299 339 erat
1310 312 1407 346 jussus
1418 320 1477 339 non
1491 315 1607 347 portare
1619 321 1721 349 peram
1732 335 1740 346 ,

971 357 1050 384 Unde
1066 358 1168 385 habuit
1182 358 1337 393 gladium?
1359 360 1389 385 Et
1409 358 1446 385 ad
1469 358 1546 385 istud
1561 360 1719 394 respondet
1733 370 1740 386 :

975 403 1082 437 «Mihi,
1107 404 1216 439 inquit,
1238 404 1361 437 videtur,
1385 404 1463 431 huuc
1486 404 1594 431 scilicet
1609 405 1741 439 gladium

970 451 1068 476 Petrus
1078 458 1257 485 praeparasse
1271 450 1385 477 dudum
1397 450 1560 477 formidans
1572 450 1648 477 illos.
1660 461 1672 475 n
1685 452 1741 478 Sed

971 497 1038 523 tunc
1054 496 1175 523 ulterius
1188 496 1290 532 quaerit
1309 505 1314 522 :
1336 498 1374 523 Ex
1397 505 1457 532 quo
1479 497 1576 531 jussus
1598 499 1658 524 erat
1681 505 1741 524 non

970 542 1087 576 alapam
1103 542 1189 576 dare,
1205 543 1330 578 qualiter
1352 543 1493 578 percussit
1516 543 1635 577 gladio?
1651 545 1683 570 Et
1703 544 1741 571 ad

970 587 1043 614 illud
1059 589 1231 623 respondet,
1248 589 1331 624 quod
1349 599 1361 614 «
1377 589 1611 623 maximejussus
1626 592 1666 616 est
1681 597 1741 617 non

969 633 1083 667 ulcisci,
1100 634 1208 661 scilicet
1234 635 1376 670 seipsum3
1402 635 1449 661 hic
1473 637 1569 662 autem
1589 643 1650 662 non
1670 636 1742 671 seip-

970 687 1034 706 sum
1048 680 1252 713 ulciscebatur,
1272 681 1323 707 sed
1339 681 1520 715 magistrum.
1539 691 1552 705 n
1576 683 1645 708 ltem
1666 691 1678 706 «
1693 689 1742 709 ne-

971 733 1027 759 que
1063 726 1180 760 perfecti
1215 727 1441 761 quodammodo
1482 729 1509 754 et
1546 728 1740 754 consummati

970 774 1051 798 erant
1062 792 1069 805 ,
1086 782 1098 796 n
1116 772 1225 799 scilicet
1240 772 1380 807 Apostoli.
1399 775 1498 800 Postea
1509 775 1608 800 autem
1622 773 1740 800 videbis

969 818 1084 844 Petrum
1092 818 1360 853 philosophantem,
1369 821 1395 845 et
1404 819 1553 845 humiliter
1566 819 1705 846 ferentem
1714 822 1741 846 ct

968 863 1141 898 patientem,
1167 866 1198 890 ut
1223 866 1301 898 patet
1316 865 1344 890 ¹⁷.
1375 865 1507 891 Percussit
1532 873 1650 898 servum,
1673 868 1739 897 etc„

969 909 1121 936 confidens
1146 910 1175 936 in
1199 910 1254 936 hac
1279 918 1350 937 voce
1374 910 1543 944 SaNatoris,
1569 919 1628 946 qua
1648 911 1738 938 dixit:

969 957 1029 983 Nou
1049 956 1160 990 perdidi
1174 965 1206 983 ew
1222 959 1258 984 cis
1277 965 1450 991 ¹luemquam,
1465 960 1496 984 ut
1517 958 1556 984 ait
1571 958 1739 993 Chrysosto-

968 1010 1042 1028 mus.
1059 1004 1093 1028 Et
1116 1003 1231 1029 abscidit
1247 1005 1398 1029 auriculam
1419 1003 1542 1030 deoetram
1556 1012 1565 1030 .·
1583 1013 1675 1031 nomen
1690 1013 1738 1031 au-

969 1051 1020 1074 tem
1035 1050 1174 1075 servierat
1189 1050 1318 1076 Mulchus.
1338 1049 1393 1076 Sed
1416 1057 1507 1084 quare
1530 1051 1669 1085 expressit
1689 1058 1738 1077 no-

967 1102 1035 1121 men
1051 1094 1156 1128 hujus?
1169 1096 1200 1121 Et
1213 1095 1370 1130 respondet
1384 1096 1608 1130 Chrysostomus
1624 1097 1642 1113 ¹⁸
1658 1097 1739 1132 quod

968 1140 1037 1174 quia
1052 1148 1194 1175 magnum
1209 1141 1316 1168 factum
1333 1143 1375 1168 est
1389 1141 1530 1175 futurum,
1548 1150 1583 1169 eo
1595 1142 1677 1177 quod
1691 1150 1735 1169 cu-

966 1186 1041 1212 ravit
1056 1187 1194 1214 Dominus
1209 1195 1310 1214 aurem
1325 1187 1402 1221 ejus3
1422 1190 1448 1214 et
1462 1189 1493 1214 ut
1508 1188 1607 1215 liceret
1621 1189 1665 1215 his
1687 1189 1737 1223 qui

966 1231 1110 1266 legerent,
1127 1233 1235 1259 scilicet
1254 1233 1462 1267 Evangeliuin,
1486 1234 1632 1267 inquirere
1649 1237 1676 1261 et
1691 1234 1736 1261 in-

966 1278 1122 1312 vestigare,
1140 1278 1163 1304 si
1177 1286 1247 1305 vera
1261 1281 1327 1305 sunt
1342 1287 1406 1314 quae
1422 1279 1499 1306 dicta
1518 1282 1593 1306 sunt.

1006 1327 1045 1351 1¹.
1065 1326 1140 1351 Ducit
1168 1333 1227 1359 erqo
1251 1327 1325 1352 Jesus
1345 1327 1420 1352 Petro
1438 1335 1445 1352 .·
1463 1327 1542 1353 Mitte
1563 1327 1685 1360 qladz'um
1708 1328 1737 1352 in

964 1373 1100 1405 vaginam.
1119 1372 1149 1398 Ut
1163 1372 1202 1398 ait
1218 1372 1442 1407 Chrysostomus
1456 1373 1485 1406 ¹¹⁹,
1502 1382 1514 1397 «
1531 1373 1656 1400 Christus
1671 1375 1737 1400 tunc

965 1417 1105 1444 miracula
1124 1417 1207 1449 facit,
1232 1420 1258 1444 et
1279 1418 1431 1451 erudiens,
1457 1419 1598 1453 quoniam
1624 1419 1664 1446 eis
1685 1420 1735 1454 qui

965 1464 1041 1491 male
1058 1464 1191 1497 fecerint,
1216 1464 1291 1491 bene
1307 1465 1402 1491 facere
1418 1468 1543 1500 oportet,
1561 1468 1587 1492 et
1601 1467 1735 1493 virtutem

964 1518 1048 1537 suam
1076 1510 1210 1537 revelans
1236 1510 1291 1537 sibi
1314 1511 1478 1538 auriculam
1501 1511 1569 1538 huic
1592 1512 1734 1547 reddidit,

965 1557 1015 1591 qui
1039 1564 1126 1591 super
1149 1564 1217 1583 eum
1241 1559 1374 1589 venerat,
1395 1559 1422 1583 et
1445 1558 1557 1584 curavit
1579 1557 1735 1585 debentem

964 1602 1033 1629 dare
1050 1602 1167 1637 alapam
1182 1603 1217 1629 ei.
1234 1613 1246 1627 n
1274 1604 1339 1630 Ilaec
1361 1603 1419 1630 ille.
1436 1603 1516 1630 Unde
1533 1605 1560 1630 et
1578 1603 1626 1630 alii
1645 1605 1734 1630 Evan-

963 1649 1072 1682 gelistae
1088 1648 1290 1683 superaddunt
1303 1648 1324 1665 ²0
1339 1658 1344 1675 :
1359 1650 1412 1681 Qui
1428 1649 1573 1684 acceperit
1582 1650 1731 1684 gladium,

964 1694 1063 1727 gladio
1080 1694 1188 1729 peribit
1204 1703 1209 1720 ε
1227 1705 1239 1719 »
1257 1702 1309 1728 per
1327 1694 1421 1721 minas
1443 1698 1603 1729 tumorem,
1627 1696 1656 1722 id
1676 1698 1731 1727 est.

961 1740 1108 1767 fervorem
1124 1740 1292 1774 humilians,
1314 1741 1352 1767 ait
1372 1741 1595 1776 chrysostomus
1609 1742 1639 1769 ²²¹.
1658 1742 1732 1768 Cali-

962 1794 1015 1812 cem
1031 1794 1106 1820 quem
1122 1786 1197 1812 dedit
1213 1787 1279 1812 mz'ltz'
1295 1788 1384 1820 Pater,
1405 1789 1458 1814 etc.
1479 1788 1564 1820 Quod
1586 1790 1627 1814 est
1649 1788 1731 1815 intel-

961 1832 1114 1866 ligendum
1122 1832 1283 1859 secundum
1295 1833 1489 1867 Augustinum
1496 1832 1525 1867 2²,
1534 1834 1607 1861 sicut
1615 1834 1729 1861 illud2³:

964 1889 975 1903 (ι
993 1879 1045 1911 Qui
1061 1879 1182 1914 proprio
1198 1879 1260 1905 filio
1276 1887 1336 1905 non
1351 1879 1496 1914 pepercit:
1514 1890 1527 1904 n
1550 1882 1647 1907 tamen
1662 1888 1730 1907 auc-

961 1927 1005 1953 tor
1020 1926 1118 1953 calicis
1142 1928 1183 1953 est
1202 1926 1252 1961 qui
1272 1926 1346 1953 bibit
1361 1927 1380 1942 ²⁴·
1396 1936 1402 1953 z
1421 1927 1576 1953 «Tradidit
1595 1927 1730 1962 semetip-

960 1981 1025 2000 sum
1040 1981 1093 2008 pro
1109 1972 1205 1999 nobis.
1221 1983 1233 1996 »
1252 1974 1283 1999 Et
1297 1972 1326 1999 in
1344 1973 1400 1999 hoc
1420 1973 1559 2005 ostendit,
1576 1973 1658 2008 quod
1670 1981 1730 2000 non

960 2018 1078 2045 illorum
1093 2018 1205 2045 virtutis
1218 2020 1308 2052 eraut,
1320 2027 1384 2054 quie
1399 2018 1519 2053 fiebant,
1530 2020 1582 2046 sed
1594 2028 1652 2046 sule
1663 2027 1730 2047 con-

960 2066 1107 2093 cessionis.
1123 2066 1288 2101 Mysterium
1304 2068 1400 2093 autem
1416 2066 1501 2101 hujus
1516 2066 1582 2093 facti
1594 2066 1624 2093 in
1639 2066 1730 2093 abcis-

958 2113 1039 2139 sione
1054 2112 1200 2146 auriculae,
1215 2112 1342 2139 insinuat
1357 2112 1533 2146 Augustinus
1543 2113 1564 2128 '2¹⁵
1579 2122 1586 2138 .-
1602 2123 1615 2137 (ι
1631 2114 1659 2139 ln
1675 2121 1728 2140 suo

959 2158 1033 2185 sacto
1060 2158 1108 2185 ille
1128 2158 1290 2193 discipulus
1310 2159 1480 2193 magistrum
1503 2159 1658 2186 defendere
1680 2167 1729 2186 vo-

959 2205 1025 2238 luit,
1041 2213 1100 2231 non
1123 2204 1205 2240 quod
1225 2205 1371 2239 signatum
1396 2206 1438 2231 cst
1459 2205 1608 2240 cogitavit;
1631 2207 1658 2232 ct
1680 2205 1728 2232 ille

958 2252 1046 2286 igitur
1069 2252 1100 2287 (e)
1123 2252 1160 2279 ad
1176 2252 1344 2287 patientiam
1362 2251 1596 2279 commonendus
1615 2251 1686 2285 fuit,
1702 2254 1730 2279 et

959 2299 1015 2325 hoc
1041 2298 1079 2325 ad
1110 2298 1331 2333 intelligentiam
1365 2298 1564 2325 scribendum.
1601 2298 1728 2325 Malchus

959 2374 1013 2395 4.-
1028 2372 1046 2387 ¹⁵
1060 2371 1160 2399 Jercm..
1177 2377 1216 2400 xv,
1228 2373 1282 2393 6.-
1299 2371 1317 2386 ¹⁶
1333 2371 1474 2401 Chrysost,
1489 2371 1532 2394 ubi
1546 2378 1612 2401 sup,
1629 2378 1653 2394 11.
1669 2372 1729 2394 2.—

959 2408 977 2423 ¹'‘
993 2408 1057 2435 Act„
1077 2413 1110 2437 lv,
1130 2409 1153 2431 53.
1167 2420 1196 2424 -
1213 2407 1232 2422 ¹¹²
1253 2406 1394 2437 Chry-gost,
1412 2406 1455 2430 ubi
1470 2414 1523 2437 sup.
1538 2421 1568 2424 —
1582 2407 1601 2423 ¹⁹
1623 2407 1683 2430 lbid.
1702 2420 1726 2422 -

958 2444 977 2459 '³0
988 2442 1088 2470 Matm,
1101 2448 1172 2471 xxvr,
1188 2442 1286 2465 :jz—‘²¹
1306 2442 1447 2472 Chrysost„
1463 2442 1505 2465 uhi
1516 2449 1603 2472 sup.—
1620 2443 1637 2455 ²²
1654 2443 1727 2471 Aug„

960 2478 1000 2501 ubi
1016 2485 1082 2508 sup„
1098 2484 1124 2500 n.
1138 2479 1161 2500 5.
1177 2490 1206 2494 -—
1222 2478 1240 2491 ⁷³
1255 2478 1332 2507 Rom„
1348 2483 1409 2506 vui,
1425 2478 1461 2501 32.
1478 2491 1508 2495 —
1522 2477 1541 2494 ²⁴
1552 2477 1651 2507 Ephes„
1668 2483 1691 2505 V,
1706 2479 1727 2499 1.

960 2526 988 2531 —
1003 2513 1023 2529 ²⁵
1038 2515 1111 2543 Aug„
1127 2514 1199 2537 truci.
1216 2519 1279 2541 «ΧΗ,
1295 2520 1321 2536 n.
1337 2514 1359 2536 53.

993 2557 1024 2585 (a)
1059 2556 1127 2586 Γαίῃ.
1153 2556 1218 2579 deest
1243 2560 1401 2586 retrorsum,
1429 2556 1472 2580 hoc
1496 2556 1583 2580 saltem
1613 2557 1671 2579 loco.
1699 2567 1728 2572 —

961 2592 993 2612 (λῳ
1025 2592 1093 2622 l'uly.
1120 2592 1149 2614 171
1172 2591 1251 2614 mutat.
1273 2604 1302 2608 —-
1326 2592 1353 2620 (c)
1380 2592 1439 2615 Coet.
1459 2592 1518 2615 vdit.
1544 2592 1680 2615 discedere.
1699 2604 1728 2607 -

962 2627 1000 2656 (tl)
1022 2627 1089 2657 I'ur'y.
1108 2627 1256 2650 Anaua-nath
1277 2639 1303 2643 —
1321 2628 1348 2655 (ι’)
1367 2627 1426 2650 Coet.
1444 2627 1502 2651 vdit.
1520 2627 1574 2650 sitii.
