<?xml version="1.0" encoding="UTF-8"?>
<!DOCTYPE html PUBLIC "-//W3C//DTD XHTML 1.0 Transitional//EN"
    "http://www.w3.org/TR/xhtml1/DTD/xhtml1-transitional.dtd">
<html xmlns="http://www.w3.org/1999/xhtml" xml:lang="en" lang="en">
 <head>
  <title>
</title>
<meta http-equiv="Content-Type" content="text/html;charset=utf-8" />
  <meta name='ocr-system' content='tesseract 3.04.00' />
  <meta name='ocr-capabilities' content='ocr_page ocr_carea ocr_par ocr_line ocrx_word'/>
</head>
<body>
  <div class='ocr_page' id='page_1' title='image "./operaomniasixtiv11bonauoft/operaomniasixtiv11bonauoft_0473.png"; bbox 0 0 1987 3032; ppageno 0'>
   <div class='ocr_carea' id='block_1_1' title="bbox 39 675 144 757">
    <p class='ocr_par' dir='ltr' id='par_1_1' title="bbox 39 675 144 757">
     <span class='ocr_line' id='line_1_1' title="bbox 73 675 144 695; baseline -0.014 0"><span class='ocrx_word' id='word_1_1' title='bbox 73 675 144 695; x_wconf 85' lang='lat' dir='ltr'>Conti-</span> 
     </span>
     <span class='ocr_line' id='line_1_2' title="bbox 39 706 120 726; baseline -0.025 0"><span class='ocrx_word' id='word_1_2' title='bbox 39 706 120 726; x_wconf 65' lang='lat' dir='ltr'>nuntio.</span> 
     </span>
     <span class='ocr_line' id='line_1_3' title="bbox 53 737 143 757; baseline -0.011 0"><span class='ocrx_word' id='word_1_3' title='bbox 53 737 143 757; x_wconf 80' lang='lat' dir='ltr'>Divisio.</span> 
     </span>
    </p>
   </div>
   <div class='ocr_carea' id='block_1_2' title="bbox 722 180 1181 213">
    <p class='ocr_par' dir='ltr' id='par_1_2' title="bbox 722 180 1181 213">
     <span class='ocr_line' id='line_1_4' title="bbox 722 180 1181 213; baseline -0.002 0"><span class='ocrx_word' id='word_1_4' title='bbox 722 180 987 213; x_wconf 64' lang='lat' dir='ltr'>EXPOSHssOIN</span> <span class='ocrx_word' id='word_1_5' title='bbox 1009 180 1181 212; x_wconf 88' lang='lat' dir='ltr'>CAP.XV.</span> 
     </span>
    </p>
   </div>
   <div class='ocr_carea' id='block_1_3' title="bbox 159 246 926 329">
    <p class='ocr_par' dir='ltr' id='par_1_3' title="bbox 159 246 926 329">
     <span class='ocr_line' id='line_1_5' title="bbox 161 246 926 283; baseline 0.003 -11"><span class='ocrx_word' id='word_1_6' title='bbox 161 250 166 264; x_wconf 83' lang='lat'><strong>¹</strong></span> <span class='ocrx_word' id='word_1_7' title='bbox 187 257 200 272; x_wconf 86' lang='lat'>«</span> <span class='ocrx_word' id='word_1_8' title='bbox 215 247 342 275; x_wconf 82' lang='lat' dir='ltr'>Christus</span> <span class='ocrx_word' id='word_1_9' title='bbox 366 254 470 283; x_wconf 88' lang='lat' dir='ltr'>passus</span> <span class='ocrx_word' id='word_1_10' title='bbox 491 249 533 274; x_wconf 89' lang='lat' dir='ltr'>est</span> <span class='ocrx_word' id='word_1_11' title='bbox 550 254 606 282; x_wconf 86' lang='lat' dir='ltr'>pro</span> <span class='ocrx_word' id='word_1_12' title='bbox 620 248 723 282; x_wconf 80' lang='lat' dir='ltr'>nohis,</span> <span class='ocrx_word' id='word_1_13' title='bbox 738 247 824 275; x_wconf 87' lang='lat' dir='ltr'>vobis</span> <span class='ocrx_word' id='word_1_14' title='bbox 841 246 926 274; x_wconf 85' lang='lat' dir='ltr'>relin-</span> 
     </span>
     <span class='ocr_line' id='line_1_6' title="bbox 159 293 475 329; baseline -0.006 -9"><span class='ocrx_word' id='word_1_15' title='bbox 159 301 252 328; x_wconf 87' lang='lat' dir='ltr'>quens</span> <span class='ocrx_word' id='word_1_16' title='bbox 267 293 445 329; x_wconf 79' lang='lat' dir='ltr'>exemplum.</span> <span class='ocrx_word' id='word_1_17' title='bbox 461 302 475 318; x_wconf 62' lang='grc' dir='ltr'>ι)</span> 
     </span>
    </p>
   </div>
   <div class='ocr_carea' id='block_1_4' title="bbox 392 394 688 428">
    <p class='ocr_par' dir='ltr' id='par_1_4' title="bbox 392 394 688 428">
     <span class='ocr_line' id='line_1_7' title="bbox 392 394 688 428; baseline 0.003 -2"><span class='ocrx_word' id='word_1_18' title='bbox 392 394 569 427; x_wconf 90' lang='lat' dir='ltr'><strong>CAPUT</strong></span> <span class='ocrx_word' id='word_1_19' title='bbox 605 395 688 428; x_wconf 88' lang='lat' dir='ltr'>XV.</span> 
     </span>
    </p>
   </div>
   <div class='ocr_carea' id='block_1_5' title="bbox 155 477 928 2355">
    <p class='ocr_par' dir='ltr' id='par_1_5' title="bbox 157 477 928 1296">
     <span class='ocr_line' id='line_1_8' title="bbox 193 477 926 513; baseline -0.001 -7"><span class='ocrx_word' id='word_1_20' title='bbox 193 481 219 506; x_wconf 81' lang='lat' dir='ltr'>I.</span> <span class='ocrx_word' id='word_1_21' title='bbox 234 480 290 513; x_wconf 74' lang='lat' dir='ltr'>qu</span> <span class='ocrx_word' id='word_1_22' title='bbox 304 486 361 505; x_wconf 87' lang='lat' dir='ltr'>sum</span> <span class='ocrx_word' id='word_1_23' title='bbox 374 479 439 505; x_wconf 82' lang='lat' dir='ltr'>vitis</span> <span class='ocrx_word' id='word_1_24' title='bbox 451 485 529 510; x_wconf 73' lang='lat' dir='ltr'>vera,</span> <span class='ocrx_word' id='word_1_25' title='bbox 542 480 595 505; x_wconf 82' lang='lat' dir='ltr'>etc.</span> <span class='ocrx_word' id='word_1_26' title='bbox 608 477 745 513; x_wconf 87' lang='lat' dir='ltr'>Superius</span> <span class='ocrx_word' id='word_1_27' title='bbox 759 477 926 505; x_wconf 75' lang='lat' dir='ltr'><strong>exhortatus</strong></span> 
     </span>
     <span class='ocr_line' id='line_1_9' title="bbox 158 523 927 559; baseline -0.003 -7"><span class='ocrx_word' id='word_1_28' title='bbox 158 527 199 552; x_wconf 85' lang='lat' dir='ltr'>est</span> <span class='ocrx_word' id='word_1_29' title='bbox 220 524 380 559; x_wconf 87' lang='lat' dir='ltr'>discipulos</span> <span class='ocrx_word' id='word_1_30' title='bbox 402 525 440 551; x_wconf 91' lang='lat' dir='ltr'>ad</span> <span class='ocrx_word' id='word_1_31' title='bbox 463 523 532 551; x_wconf 87' lang='lat' dir='ltr'>fidei</span> <span class='ocrx_word' id='word_1_32' title='bbox 554 524 746 551; x_wconf 80' lang='lat' dir='ltr'>constantiam</span> <span class='ocrx_word' id='word_1_33' title='bbox 760 525 788 551; x_wconf 81' lang='lat' dir='ltr'>et</span> <span class='ocrx_word' id='word_1_34' title='bbox 805 524 927 551; x_wconf 89' lang='lat' dir='ltr'>firmita-</span> 
     </span>
     <span class='ocr_line' id='line_1_10' title="bbox 158 570 926 606; baseline -0.003 -8"><span class='ocrx_word' id='word_1_35' title='bbox 158 573 233 604; x_wconf 86' lang='lat' dir='ltr'><strong>tem,</strong></span> <span class='ocrx_word' id='word_1_36' title='bbox 249 570 401 606; x_wconf 88' lang='lat' dir='ltr'>loquendo</span> <span class='ocrx_word' id='word_1_37' title='bbox 417 577 470 605; x_wconf 88' lang='lat' dir='ltr'>per</span> <span class='ocrx_word' id='word_1_38' title='bbox 483 570 775 605; x_wconf 74' lang='lat' dir='ltr'>appropriationem,</span> <span class='ocrx_word' id='word_1_39' title='bbox 794 570 841 597; x_wconf 91' lang='lat' dir='ltr'>hic</span> <span class='ocrx_word' id='word_1_40' title='bbox 858 570 926 597; x_wconf 85' lang='lat' dir='ltr'>hor-</span> 
     </span>
     <span class='ocr_line' id='line_1_11' title="bbox 157 616 926 644; baseline -0.001 0"><span class='ocrx_word' id='word_1_41' title='bbox 157 618 233 644; x_wconf 82' lang='lat' dir='ltr'>tatur</span> <span class='ocrx_word' id='word_1_42' title='bbox 256 616 375 644; x_wconf 87' lang='lat' dir='ltr'>eosdem</span> <span class='ocrx_word' id='word_1_43' title='bbox 397 616 435 643; x_wconf 87' lang='lat' dir='ltr'>ad</span> <span class='ocrx_word' id='word_1_44' title='bbox 458 616 622 643; x_wconf 81' lang='lat' dir='ltr'>dilectionis</span> <span class='ocrx_word' id='word_1_45' title='bbox 640 616 802 643; x_wconf 84' lang='lat' dir='ltr'>veritatem.</span> <span class='ocrx_word' id='word_1_46' title='bbox 818 617 849 643; x_wconf 90' lang='lat' dir='ltr'>Et</span> <span class='ocrx_word' id='word_1_47' title='bbox 869 616 926 643; x_wconf 91' lang='lat' dir='ltr'>hoc</span> 
     </span>
     <span class='ocr_line' id='line_1_12' title="bbox 158 662 927 698; baseline -0.001 -8"><span class='ocrx_word' id='word_1_48' title='bbox 158 663 188 690; x_wconf 92' lang='lat' dir='ltr'>in</span> <span class='ocrx_word' id='word_1_49' title='bbox 202 665 258 690; x_wconf 86' lang='lat' dir='ltr'>tres</span> <span class='ocrx_word' id='word_1_50' title='bbox 274 672 279 690; x_wconf 93' lang='lat'>:</span> <span class='ocrx_word' id='word_1_51' title='bbox 293 663 389 698; x_wconf 90' lang='lat' dir='ltr'>primo</span> <span class='ocrx_word' id='word_1_52' title='bbox 404 663 536 690; x_wconf 86' lang='lat' dir='ltr'>hortatur</span> <span class='ocrx_word' id='word_1_53' title='bbox 551 671 601 690; x_wconf 87' lang='lat' dir='ltr'>eos</span> <span class='ocrx_word' id='word_1_54' title='bbox 615 662 653 690; x_wconf 91' lang='lat' dir='ltr'>ad</span> <span class='ocrx_word' id='word_1_55' title='bbox 668 670 766 696; x_wconf 88' lang='lat' dir='ltr'>suam,</span> <span class='ocrx_word' id='word_1_56' title='bbox 780 662 840 689; x_wconf 84' lang='lat' dir='ltr'>sive</span> <span class='ocrx_word' id='word_1_57' title='bbox 855 662 927 689; x_wconf 88' lang='lat' dir='ltr'>divi-</span> 
     </span>
     <span class='ocr_line' id='line_1_13' title="bbox 158 708 927 743; baseline -0.004 -6"><span class='ocrx_word' id='word_1_58' title='bbox 158 717 228 737; x_wconf 90' lang='lat' dir='ltr'>nam</span> <span class='ocrx_word' id='word_1_59' title='bbox 252 709 439 736; x_wconf 82' lang='lat' dir='ltr'>dilectionem</span> <span class='ocrx_word' id='word_1_60' title='bbox 450 718 458 743; x_wconf 79' lang='lat'><em>3</em></span> <span class='ocrx_word' id='word_1_61' title='bbox 474 708 604 735; x_wconf 88' lang='lat' dir='ltr'>secundo</span> <span class='ocrx_word' id='word_1_62' title='bbox 617 729 625 742; x_wconf 86' lang='lat'>,</span> <span class='ocrx_word' id='word_1_63' title='bbox 649 708 688 735; x_wconf 88' lang='lat' dir='ltr'>ad</span> <span class='ocrx_word' id='word_1_64' title='bbox 707 708 864 735; x_wconf 76' lang='lat' dir='ltr'>fraternam</span> <span class='ocrx_word' id='word_1_65' title='bbox 885 708 927 735; x_wconf 92' lang='lat' dir='ltr'>di-</span> 
     </span>
     <span class='ocr_line' id='line_1_14' title="bbox 158 754 925 789; baseline -0.003 -7"><span class='ocrx_word' id='word_1_66' title='bbox 158 755 331 788; x_wconf 88' lang='lat' dir='ltr'>lectionem,</span> <span class='ocrx_word' id='word_1_67' title='bbox 346 755 387 782; x_wconf 89' lang='lat' dir='ltr'>ibi</span> <span class='ocrx_word' id='word_1_68' title='bbox 402 754 411 769; x_wconf 84' lang='lat'><strong>²</strong></span> <span class='ocrx_word' id='word_1_69' title='bbox 427 763 433 782; x_wconf 90' lang='lat'>:</span> <span class='ocrx_word' id='word_1_70' title='bbox 451 755 505 781; x_wconf 89' lang='lat' dir='ltr'>Hoc</span> <span class='ocrx_word' id='word_1_71' title='bbox 520 757 558 781; x_wconf 86' lang='lat' dir='ltr'>est</span> <span class='ocrx_word' id='word_1_72' title='bbox 570 757 730 789; x_wconf 62' lang='lat' dir='ltr'>praeceptum</span> <span class='ocrx_word' id='word_1_73' title='bbox 742 762 827 781; x_wconf 84' lang='lat' dir='ltr'>meum</span> <span class='ocrx_word' id='word_1_74' title='bbox 838 775 845 784; x_wconf 83' lang='lat'><em>‚</em></span> <span class='ocrx_word' id='word_1_75' title='bbox 860 755 925 789; x_wconf 87' lang='lat' dir='ltr'>etc.;</span> 
     </span>
     <span class='ocr_line' id='line_1_15' title="bbox 158 800 927 835; baseline -0.001 -7"><span class='ocrx_word' id='word_1_76' title='bbox 158 801 262 835; x_wconf 85' lang='lat' dir='ltr'>tertio,</span> <span class='ocrx_word' id='word_1_77' title='bbox 285 801 417 828; x_wconf 80' lang='lat' dir='ltr'>hortatur</span> <span class='ocrx_word' id='word_1_78' title='bbox 439 809 489 828; x_wconf 90' lang='lat' dir='ltr'>eos</span> <span class='ocrx_word' id='word_1_79' title='bbox 513 801 551 828; x_wconf 90' lang='lat' dir='ltr'>ad</span> <span class='ocrx_word' id='word_1_80' title='bbox 574 800 757 828; x_wconf 79' lang='lat' dir='ltr'>tolerantiam</span> <span class='ocrx_word' id='word_1_81' title='bbox 783 800 927 827; x_wconf 88' lang='lat' dir='ltr'>mundani</span> 
     </span>
     <span class='ocr_line' id='line_1_16' title="bbox 158 846 926 883; baseline -0.003 -8"><span class='ocrx_word' id='word_1_82' title='bbox 158 848 234 882; x_wconf 85' lang='lat' dir='ltr'>odii,</span> <span class='ocrx_word' id='word_1_83' title='bbox 251 848 350 883; x_wconf 90' lang='lat' dir='ltr'>sicque</span> <span class='ocrx_word' id='word_1_84' title='bbox 366 847 404 874; x_wconf 88' lang='lat' dir='ltr'>ad</span> <span class='ocrx_word' id='word_1_85' title='bbox 420 847 607 875; x_wconf 87' lang='lat' dir='ltr'>dilectionem</span> <span class='ocrx_word' id='word_1_86' title='bbox 621 847 825 880; x_wconf 89' lang='lat' dir='ltr'>inimicorum,</span> <span class='ocrx_word' id='word_1_87' title='bbox 840 846 881 874; x_wconf 92' lang='lat' dir='ltr'>ibi</span> <span class='ocrx_word' id='word_1_88' title='bbox 897 847 926 873; x_wconf 82' lang='lat'>³:</span> 
     </span>
     <span class='ocr_line' id='line_1_17' title="bbox 157 893 926 928; baseline -0.003 -6"><span class='ocrx_word' id='word_1_89' title='bbox 157 896 192 922; x_wconf 79' lang='lat' dir='ltr'>Et</span> <span class='ocrx_word' id='word_1_90' title='bbox 207 896 232 921; x_wconf 84' lang='lat' dir='ltr'>si</span> <span class='ocrx_word' id='word_1_91' title='bbox 245 895 361 920; x_wconf 82' lang='lat' dir='ltr'>mundus</span> <span class='ocrx_word' id='word_1_92' title='bbox 378 901 424 920; x_wconf 74' lang='lat' dir='ltr'>vos</span> <span class='ocrx_word' id='word_1_93' title='bbox 447 894 522 925; x_wconf 79' lang='lat' dir='ltr'>odit,</span> <span class='ocrx_word' id='word_1_94' title='bbox 538 896 591 920; x_wconf 88' lang='lat' dir='ltr'>etc.</span> <span class='ocrx_word' id='word_1_95' title='bbox 615 893 710 921; x_wconf 85' lang='lat' dir='ltr'>Prima</span> <span class='ocrx_word' id='word_1_96' title='bbox 725 893 755 920; x_wconf 89' lang='lat' dir='ltr'>in</span> <span class='ocrx_word' id='word_1_97' title='bbox 777 895 903 928; x_wconf 86' lang='lat' dir='ltr'>quatuor</span> <span class='ocrx_word' id='word_1_98' title='bbox 919 901 926 920; x_wconf 91' lang='lat'>:</span> 
     </span>
     <span class='ocr_line' id='line_1_18' title="bbox 157 939 926 976; baseline -0.003 -8"><span class='ocrx_word' id='word_1_99' title='bbox 157 940 300 976; x_wconf 90' lang='lat' dir='ltr'>quoniam</span> <span class='ocrx_word' id='word_1_100' title='bbox 316 940 412 967; x_wconf 90' lang='lat' dir='ltr'>omnis</span> <span class='ocrx_word' id='word_1_101' title='bbox 432 939 558 974; x_wconf 81' lang='lat' dir='ltr'>diligens</span> <span class='ocrx_word' id='word_1_102' title='bbox 579 941 669 966; x_wconf 89' lang='lat' dir='ltr'>Deum</span> <span class='ocrx_word' id='word_1_103' title='bbox 689 939 720 966; x_wconf 93' lang='lat' dir='ltr'>in</span> <span class='ocrx_word' id='word_1_104' title='bbox 739 940 797 966; x_wconf 93' lang='lat' dir='ltr'>Deo</span> <span class='ocrx_word' id='word_1_105' title='bbox 812 940 926 974; x_wconf 84' lang='lat' dir='ltr'>manet,</span> 
     </span>
     <span class='ocr_line' id='line_1_19' title="bbox 158 985 928 1021; baseline -0.001 -7"><span class='ocrx_word' id='word_1_106' title='bbox 158 987 226 1014; x_wconf 90' lang='lat' dir='ltr'>ideo</span> <span class='ocrx_word' id='word_1_107' title='bbox 247 988 331 1013; x_wconf 85' lang='lat' dir='ltr'>utens</span> <span class='ocrx_word' id='word_1_108' title='bbox 352 985 496 1021; x_wconf 86' lang='lat' dir='ltr'>parabola</span> <span class='ocrx_word' id='word_1_109' title='bbox 516 985 677 1021; x_wconf 80' lang='lat' dir='ltr'>praemittit,</span> <span class='ocrx_word' id='word_1_110' title='bbox 699 985 782 1020; x_wconf 89' lang='lat' dir='ltr'>quod</span> <span class='ocrx_word' id='word_1_111' title='bbox 804 986 865 1020; x_wconf 86' lang='lat' dir='ltr'>ipse</span> <span class='ocrx_word' id='word_1_112' title='bbox 887 988 928 1013; x_wconf 88' lang='lat' dir='ltr'>est</span> 
     </span>
     <span class='ocr_line' id='line_1_20' title="bbox 157 1031 928 1066; baseline -0.003 -6"><span class='ocrx_word' id='word_1_113' title='bbox 157 1033 239 1060; x_wconf 91' lang='lat' dir='ltr'>locus</span> <span class='ocrx_word' id='word_1_114' title='bbox 262 1032 446 1065; x_wconf 88' lang='lat' dir='ltr'>mansionis;</span> <span class='ocrx_word' id='word_1_115' title='bbox 471 1031 601 1059; x_wconf 86' lang='lat' dir='ltr'>secundo</span> <span class='ocrx_word' id='word_1_116' title='bbox 626 1031 798 1066; x_wconf 80' lang='lat' dir='ltr'>exprimitur</span> <span class='ocrx_word' id='word_1_117' title='bbox 818 1031 928 1059; x_wconf 87' lang='lat' dir='ltr'>fructus</span> 
     </span>
     <span class='ocr_line' id='line_1_21' title="bbox 157 1077 927 1114; baseline -0.003 -8"><span class='ocrx_word' id='word_1_118' title='bbox 157 1079 248 1114; x_wconf 88' lang='lat' dir='ltr'>ipsius</span> <span class='ocrx_word' id='word_1_119' title='bbox 262 1078 422 1111; x_wconf 85' lang='lat' dir='ltr'>manentis,</span> <span class='ocrx_word' id='word_1_120' title='bbox 438 1078 479 1105; x_wconf 90' lang='lat' dir='ltr'>ibi</span> <span class='ocrx_word' id='word_1_121' title='bbox 492 1078 501 1093; x_wconf 73' lang='lat'>&#39;⁴</span> <span class='ocrx_word' id='word_1_122' title='bbox 515 1086 521 1104; x_wconf 89' lang='lat'>:</span> <span class='ocrx_word' id='word_1_123' title='bbox 535 1078 610 1104; x_wconf 81' lang='lat' dir='ltr'>Sicut</span> <span class='ocrx_word' id='word_1_124' title='bbox 620 1079 739 1112; x_wconf 81' lang='lat' dir='ltr'>palmes,</span> <span class='ocrx_word' id='word_1_125' title='bbox 761 1080 826 1111; x_wconf 86' lang='lat' dir='ltr'>etc.;</span> <span class='ocrx_word' id='word_1_126' title='bbox 843 1077 927 1105; x_wconf 88' lang='lat' dir='ltr'>tertio</span> 
     </span>
     <span class='ocr_line' id='line_1_22' title="bbox 157 1123 928 1159; baseline -0.004 -7"><span class='ocrx_word' id='word_1_127' title='bbox 157 1124 345 1159; x_wconf 82' lang='lat' dir='ltr'>subjungitur</span> <span class='ocrx_word' id='word_1_128' title='bbox 368 1124 477 1150; x_wconf 91' lang='lat' dir='ltr'>modus</span> <span class='ocrx_word' id='word_1_129' title='bbox 498 1123 674 1156; x_wconf 85' lang='lat' dir='ltr'>mansionis,</span> <span class='ocrx_word' id='word_1_130' title='bbox 690 1123 731 1150; x_wconf 88' lang='lat' dir='ltr'>ibi</span> <span class='ocrx_word' id='word_1_131' title='bbox 744 1124 753 1140; x_wconf 80' lang='lat'>⁵</span> <span class='ocrx_word' id='word_1_132' title='bbox 772 1133 778 1149; x_wconf 78' lang='lat' dir='ltr'>z</span> <span class='ocrx_word' id='word_1_133' title='bbox 796 1124 871 1150; x_wconf 75' lang='lat' dir='ltr'>Sicut</span> <span class='ocrx_word' id='word_1_134' title='bbox 886 1124 928 1150; x_wconf 76' lang='lat' dir='ltr'>di-</span> 
     </span>
     <span class='ocr_line' id='line_1_23' title="bbox 159 1169 927 1205; baseline -0.003 -7"><span class='ocrx_word' id='word_1_135' title='bbox 159 1172 226 1198; x_wconf 75' lang='lat' dir='ltr'>leoeit</span> <span class='ocrx_word' id='word_1_136' title='bbox 246 1179 286 1197; x_wconf 82' lang='lat' dir='ltr'>me</span> <span class='ocrx_word' id='word_1_137' title='bbox 304 1172 401 1203; x_wconf 82' lang='lat' dir='ltr'>Pater,</span> <span class='ocrx_word' id='word_1_138' title='bbox 415 1172 480 1203; x_wconf 90' lang='lat' dir='ltr'>etc.;</span> <span class='ocrx_word' id='word_1_139' title='bbox 498 1171 602 1205; x_wconf 82' lang='lat' dir='ltr'>quarto</span> <span class='ocrx_word' id='word_1_140' title='bbox 618 1169 826 1205; x_wconf 80' lang='lat' dir='ltr'>superadditur</span> <span class='ocrx_word' id='word_1_141' title='bbox 841 1169 927 1196; x_wconf 83' lang='lat' dir='ltr'>effec-</span> 
     </span>
     <span class='ocr_line' id='line_1_24' title="bbox 162 1215 928 1251; baseline -0.003 -7"><span class='ocrx_word' id='word_1_142' title='bbox 162 1220 207 1244; x_wconf 87' lang='lat' dir='ltr'>tus</span> <span class='ocrx_word' id='word_1_143' title='bbox 222 1217 355 1251; x_wconf 86' lang='lat' dir='ltr'>ejusdem</span> <span class='ocrx_word' id='word_1_144' title='bbox 377 1216 552 1249; x_wconf 83' lang='lat' dir='ltr'>mansionis,</span> <span class='ocrx_word' id='word_1_145' title='bbox 566 1216 625 1243; x_wconf 75' lang='lat' dir='ltr'>sive</span> <span class='ocrx_word' id='word_1_146' title='bbox 641 1217 714 1242; x_wconf 77' lang='lat' dir='ltr'>ratio</span> <span class='ocrx_word' id='word_1_147' title='bbox 730 1215 826 1243; x_wconf 90' lang='lat' dir='ltr'>finalis</span> <span class='ocrx_word' id='word_1_148' title='bbox 840 1215 928 1250; x_wconf 88' lang='lat' dir='ltr'>hujus</span> 
     </span>
     <span class='ocr_line' id='line_1_25' title="bbox 159 1262 762 1296; baseline -0.003 -6"><span class='ocrx_word' id='word_1_149' title='bbox 159 1262 368 1290; x_wconf 79' lang='lat' dir='ltr'>admonitionis</span> <span class='ocrx_word' id='word_1_150' title='bbox 382 1263 392 1278; x_wconf 69' lang='grc' dir='ltr'><strong>θ</strong></span> <span class='ocrx_word' id='word_1_151' title='bbox 408 1272 414 1289; x_wconf 82' lang='lat' dir='ltr'>z</span> <span class='ocrx_word' id='word_1_152' title='bbox 428 1263 488 1289; x_wconf 80' lang='lat' dir='ltr'>Hoec</span> <span class='ocrx_word' id='word_1_153' title='bbox 504 1263 606 1289; x_wconf 84' lang='lat' dir='ltr'>locutus</span> <span class='ocrx_word' id='word_1_154' title='bbox 620 1270 696 1296; x_wconf 86' lang='lat' dir='ltr'>sum,</span> <span class='ocrx_word' id='word_1_155' title='bbox 709 1263 762 1289; x_wconf 86' lang='lat' dir='ltr'>etc.</span> 
     </span>
    </p>

    <p class='ocr_par' dir='ltr' id='par_1_6' title="bbox 155 1308 928 2355">
     <span class='ocr_line' id='line_1_26' title="bbox 193 1308 928 1344; baseline -0.001 -8"><span class='ocrx_word' id='word_1_156' title='bbox 193 1309 236 1337; x_wconf 85' lang='lat' dir='ltr'>Ait</span> <span class='ocrx_word' id='word_1_157' title='bbox 251 1317 337 1344; x_wconf 86' lang='lat' dir='ltr'>ergo,</span> <span class='ocrx_word' id='word_1_158' title='bbox 352 1310 437 1336; x_wconf 86' lang='lat' dir='ltr'>utens</span> <span class='ocrx_word' id='word_1_159' title='bbox 450 1308 609 1344; x_wconf 88' lang='lat' dir='ltr'>parabola,</span> <span class='ocrx_word' id='word_1_160' title='bbox 624 1309 685 1336; x_wconf 86' lang='lat' dir='ltr'>sive</span> <span class='ocrx_word' id='word_1_161' title='bbox 701 1308 827 1344; x_wconf 87' lang='lat' dir='ltr'>loquens</span> <span class='ocrx_word' id='word_1_162' title='bbox 841 1316 928 1344; x_wconf 88' lang='lat' dir='ltr'>para-</span> 
     </span>
     <span class='ocr_line' id='line_1_27' title="bbox 157 1354 928 1389; baseline -0.001 -6"><span class='ocrx_word' id='word_1_163' title='bbox 157 1355 268 1388; x_wconf 86' lang='lat' dir='ltr'>bolice,</span> <span class='ocrx_word' id='word_1_164' title='bbox 285 1357 311 1382; x_wconf 88' lang='lat' dir='ltr'>et</span> <span class='ocrx_word' id='word_1_165' title='bbox 331 1355 450 1382; x_wconf 84' lang='lat' dir='ltr'>hortans</span> <span class='ocrx_word' id='word_1_166' title='bbox 472 1354 512 1381; x_wconf 89' lang='lat' dir='ltr'>ad</span> <span class='ocrx_word' id='word_1_167' title='bbox 531 1362 615 1381; x_wconf 88' lang='lat' dir='ltr'>suam</span> <span class='ocrx_word' id='word_1_168' title='bbox 639 1354 827 1382; x_wconf 85' lang='lat' dir='ltr'>dilectionem</span> <span class='ocrx_word' id='word_1_169' title='bbox 849 1364 855 1382; x_wconf 87' lang='lat'><strong>:</strong></span> <span class='ocrx_word' id='word_1_170' title='bbox 872 1355 928 1389; x_wconf 75' lang='lat' dir='ltr'>qu</span> 
     </span>
     <span class='ocr_line' id='line_1_28' title="bbox 157 1400 927 1438; baseline -0.003 -8"><span class='ocrx_word' id='word_1_171' title='bbox 157 1404 293 1438; x_wconf 79' lang='lat' dir='ltr'>sumvitis</span> <span class='ocrx_word' id='word_1_172' title='bbox 316 1410 394 1435; x_wconf 79' lang='lat' dir='ltr'>vera,</span> <span class='ocrx_word' id='word_1_173' title='bbox 409 1401 494 1436; x_wconf 86' lang='lat' dir='ltr'>quasi</span> <span class='ocrx_word' id='word_1_174' title='bbox 520 1400 652 1429; x_wconf 88' lang='lat' dir='ltr'>diceret:</span> <span class='ocrx_word' id='word_1_175' title='bbox 670 1402 727 1428; x_wconf 93' lang='lat' dir='ltr'>Vos</span> <span class='ocrx_word' id='word_1_176' title='bbox 748 1401 860 1428; x_wconf 86' lang='lat' dir='ltr'>debetis</span> <span class='ocrx_word' id='word_1_177' title='bbox 880 1409 927 1428; x_wconf 90' lang='lat' dir='ltr'>me</span> 
     </span>
     <span class='ocr_line' id='line_1_29' title="bbox 157 1446 928 1484; baseline -0.001 -9"><span class='ocrx_word' id='word_1_178' title='bbox 157 1448 252 1484; x_wconf 87' lang='lat' dir='ltr'>sequi,</span> <span class='ocrx_word' id='word_1_179' title='bbox 267 1447 338 1483; x_wconf 85' lang='lat' dir='ltr'>quia</span> <span class='ocrx_word' id='word_1_180' title='bbox 350 1455 405 1482; x_wconf 84' lang='lat' dir='ltr'>ego</span> <span class='ocrx_word' id='word_1_181' title='bbox 418 1455 483 1474; x_wconf 89' lang='lat' dir='ltr'>sum</span> <span class='ocrx_word' id='word_1_182' title='bbox 498 1446 581 1480; x_wconf 88' lang='lat' dir='ltr'>vitis,</span> <span class='ocrx_word' id='word_1_183' title='bbox 597 1448 650 1474; x_wconf 87' lang='lat' dir='ltr'>etc.</span> <span class='ocrx_word' id='word_1_184' title='bbox 667 1447 834 1475; x_wconf 87' lang='lat' dir='ltr'>Secundum</span> <span class='ocrx_word' id='word_1_185' title='bbox 850 1447 928 1475; x_wconf 88' lang='lat' dir='ltr'>enim</span> 
     </span>
     <span class='ocr_line' id='line_1_30' title="bbox 156 1492 927 1528; baseline -0.001 -7"><span class='ocrx_word' id='word_1_186' title='bbox 156 1493 349 1528; x_wconf 85' lang='lat' dir='ltr'>Augustinum</span> <span class='ocrx_word' id='word_1_187' title='bbox 363 1494 374 1510; x_wconf 95' lang='lat'><em>⁷</em></span> <span class='ocrx_word' id='word_1_188' title='bbox 386 1513 395 1527; x_wconf 85' lang='lat'>,</span> <span class='ocrx_word' id='word_1_189' title='bbox 411 1492 493 1528; x_wconf 89' lang='lat' dir='ltr'>quod</span> <span class='ocrx_word' id='word_1_190' title='bbox 508 1502 522 1518; x_wconf 64' lang='grc' dir='ltr'>ι(</span> <span class='ocrx_word' id='word_1_191' title='bbox 542 1493 647 1520; x_wconf 74' lang='lat' dir='ltr'>dicitur</span> <span class='ocrx_word' id='word_1_192' title='bbox 668 1493 734 1520; x_wconf 80' lang='lat' dir='ltr'>vitis</span> <span class='ocrx_word' id='word_1_193' title='bbox 754 1501 807 1528; x_wconf 87' lang='lat' dir='ltr'>per</span> <span class='ocrx_word' id='word_1_194' title='bbox 825 1493 927 1520; x_wconf 89' lang='lat' dir='ltr'>simili-</span> 
     </span>
     <span class='ocr_line' id='line_1_31' title="bbox 157 1538 928 1574; baseline -0.001 -7"><span class='ocrx_word' id='word_1_195' title='bbox 157 1540 289 1567; x_wconf 90' lang='lat' dir='ltr'>tudinem</span> <span class='ocrx_word' id='word_1_196' title='bbox 309 1559 318 1572; x_wconf 85' lang='lat'>,</span> <span class='ocrx_word' id='word_1_197' title='bbox 337 1547 398 1566; x_wconf 90' lang='lat' dir='ltr'>non</span> <span class='ocrx_word' id='word_1_198' title='bbox 425 1547 478 1574; x_wconf 92' lang='lat' dir='ltr'>per</span> <span class='ocrx_word' id='word_1_199' title='bbox 505 1538 724 1574; x_wconf 78' lang='lat' dir='ltr'>proprietatem.</span> <span class='ocrx_word' id='word_1_200' title='bbox 751 1549 765 1564; x_wconf 75' lang='lat' dir='ltr'>n</span> <span class='ocrx_word' id='word_1_201' title='bbox 791 1539 826 1565; x_wconf 81' lang='lat' dir='ltr'>Et</span> <span class='ocrx_word' id='word_1_202' title='bbox 850 1541 928 1573; x_wconf 80' lang='lat' dir='ltr'>pater</span> 
     </span>
     <span class='ocr_line' id='line_1_32' title="bbox 156 1585 927 1621; baseline 0 -8"><span class='ocrx_word' id='word_1_203' title='bbox 156 1594 227 1613; x_wconf 83' lang='lat' dir='ltr'>meus</span> <span class='ocrx_word' id='word_1_204' title='bbox 241 1587 358 1620; x_wconf 65' lang='lat' dir='ltr'>agricola</span> <span class='ocrx_word' id='word_1_205' title='bbox 372 1587 420 1613; x_wconf 81' lang='lat' dir='ltr'>est.</span> <span class='ocrx_word' id='word_1_206' title='bbox 436 1585 491 1613; x_wconf 87' lang='lat' dir='ltr'>Sed</span> <span class='ocrx_word' id='word_1_207' title='bbox 507 1585 660 1620; x_wconf 73' lang='lat' dir='ltr'>quaeritur,</span> <span class='ocrx_word' id='word_1_208' title='bbox 676 1585 800 1621; x_wconf 80' lang='lat' dir='ltr'>qualiter</span> <span class='ocrx_word' id='word_1_209' title='bbox 815 1586 871 1613; x_wconf 89' lang='lat' dir='ltr'>hoc</span> <span class='ocrx_word' id='word_1_210' title='bbox 887 1587 927 1613; x_wconf 85' lang='lat' dir='ltr'>at-</span> 
     </span>
     <span class='ocr_line' id='line_1_33' title="bbox 155 1631 926 1667; baseline -0.001 -7"><span class='ocrx_word' id='word_1_211' title='bbox 155 1633 255 1660; x_wconf 87' lang='lat' dir='ltr'>tribuit</span> <span class='ocrx_word' id='word_1_212' title='bbox 274 1632 363 1665; x_wconf 88' lang='lat' dir='ltr'>Patri,</span> <span class='ocrx_word' id='word_1_213' title='bbox 378 1639 446 1659; x_wconf 89' lang='lat' dir='ltr'>cum</span> <span class='ocrx_word' id='word_1_214' title='bbox 465 1631 527 1667; x_wconf 90' lang='lat' dir='ltr'>ipse</span> <span class='ocrx_word' id='word_1_215' title='bbox 550 1631 585 1658; x_wconf 87' lang='lat' dir='ltr'>sit</span> <span class='ocrx_word' id='word_1_216' title='bbox 604 1631 744 1666; x_wconf 82' lang='lat' dir='ltr'>agricola.</span> <span class='ocrx_word' id='word_1_217' title='bbox 761 1633 791 1659; x_wconf 84' lang='lat' dir='ltr'>Et</span> <span class='ocrx_word' id='word_1_218' title='bbox 805 1639 926 1667; x_wconf 85' lang='lat' dir='ltr'>respon-</span> 
     </span>
     <span class='ocr_line' id='line_1_34' title="bbox 158 1677 927 1713; baseline -0.003 -7"><span class='ocrx_word' id='word_1_219' title='bbox 158 1680 205 1707; x_wconf 85' lang='lat' dir='ltr'>det</span> <span class='ocrx_word' id='word_1_220' title='bbox 219 1678 416 1713; x_wconf 80' lang='lat' dir='ltr'>Augustinus,</span> <span class='ocrx_word' id='word_1_221' title='bbox 432 1677 484 1704; x_wconf 83' lang='lat' dir='ltr'>ubi</span> <span class='ocrx_word' id='word_1_222' title='bbox 505 1685 594 1712; x_wconf 91' lang='lat' dir='ltr'>supra</span> <span class='ocrx_word' id='word_1_223' title='bbox 608 1677 637 1710; x_wconf 76' lang='lat'>⁸,</span> <span class='ocrx_word' id='word_1_224' title='bbox 659 1677 742 1712; x_wconf 88' lang='lat' dir='ltr'>quod</span> <span class='ocrx_word' id='word_1_225' title='bbox 764 1677 927 1704; x_wconf 90' lang='lat' dir='ltr'>secundum</span> 
     </span>
     <span class='ocr_line' id='line_1_35' title="bbox 156 1723 925 1758; baseline -0.004 -5"><span class='ocrx_word' id='word_1_226' title='bbox 156 1726 213 1753; x_wconf 90' lang='lat' dir='ltr'>hoc</span> <span class='ocrx_word' id='word_1_227' title='bbox 228 1724 355 1753; x_wconf 87' lang='lat' dir='ltr'>Christus</span> <span class='ocrx_word' id='word_1_228' title='bbox 370 1723 476 1751; x_wconf 86' lang='lat' dir='ltr'>dicitur</span> <span class='ocrx_word' id='word_1_229' title='bbox 490 1723 572 1757; x_wconf 80' lang='lat' dir='ltr'>vitis,</span> <span class='ocrx_word' id='word_1_230' title='bbox 589 1723 752 1750; x_wconf 88' lang='lat' dir='ltr'>secundum</span> <span class='ocrx_word' id='word_1_231' title='bbox 767 1723 849 1758; x_wconf 84' lang='lat' dir='ltr'>quod</span> <span class='ocrx_word' id='word_1_232' title='bbox 864 1723 903 1750; x_wconf 89' lang='lat' dir='ltr'>ait</span> <span class='ocrx_word' id='word_1_233' title='bbox 918 1732 925 1750; x_wconf 73' lang='grc' dir='ltr'>ι</span> 
     </span>
     <span class='ocr_line' id='line_1_36' title="bbox 156 1769 928 1804; baseline -0.003 -6"><span class='ocrx_word' id='word_1_234' title='bbox 156 1772 236 1798; x_wconf 83' lang='lat' dir='ltr'>Pater</span> <span class='ocrx_word' id='word_1_235' title='bbox 254 1771 341 1804; x_wconf 82' lang='lat' dir='ltr'>maj0r</span> <span class='ocrx_word' id='word_1_236' title='bbox 364 1778 404 1796; x_wconf 84' lang='lat' dir='ltr'>me</span> <span class='ocrx_word' id='word_1_237' title='bbox 426 1772 478 1802; x_wconf 86' lang='lat' dir='ltr'>est,</span> <span class='ocrx_word' id='word_1_238' title='bbox 501 1778 514 1794; x_wconf 70' lang='lat' dir='ltr'>n</span> <span class='ocrx_word' id='word_1_239' title='bbox 532 1776 621 1804; x_wconf 89' lang='lat' dir='ltr'>supra</span> <span class='ocrx_word' id='word_1_240' title='bbox 639 1769 777 1804; x_wconf 79' lang='lat' dir='ltr'>proximo</span> <span class='ocrx_word' id='word_1_241' title='bbox 793 1770 803 1785; x_wconf 83' lang='lat'>⁹</span> <span class='ocrx_word' id='word_1_242' title='bbox 815 1789 823 1802; x_wconf 91' lang='lat'>‚</span> <span class='ocrx_word' id='word_1_243' title='bbox 839 1769 870 1796; x_wconf 89' lang='lat' dir='ltr'>id</span> <span class='ocrx_word' id='word_1_244' title='bbox 887 1770 928 1796; x_wconf 89' lang='lat' dir='ltr'>est</span> 
     </span>
     <span class='ocr_line' id='line_1_37' title="bbox 157 1815 926 1851; baseline -0.003 -7"><span class='ocrx_word' id='word_1_245' title='bbox 157 1816 320 1845; x_wconf 86' lang='lat' dir='ltr'>seeundum</span> <span class='ocrx_word' id='word_1_246' title='bbox 344 1815 427 1851; x_wconf 86' lang='lat' dir='ltr'>quod</span> <span class='ocrx_word' id='word_1_247' title='bbox 450 1815 541 1842; x_wconf 88' lang='lat' dir='ltr'>homo</span> <span class='ocrx_word' id='word_1_248' title='bbox 566 1817 616 1842; x_wconf 87' lang='lat' dir='ltr'>est.</span> <span class='ocrx_word' id='word_1_249' title='bbox 635 1825 649 1840; x_wconf 73' lang='grc' dir='ltr'>(ι</span> <span class='ocrx_word' id='word_1_250' title='bbox 669 1815 836 1843; x_wconf 89' lang='lat' dir='ltr'>Secundum</span> <span class='ocrx_word' id='word_1_251' title='bbox 856 1823 926 1843; x_wconf 92' lang='lat' dir='ltr'>vero</span> 
     </span>
     <span class='ocr_line' id='line_1_38' title="bbox 158 1863 927 1899; baseline 0 -8"><span class='ocrx_word' id='word_1_252' title='bbox 158 1864 239 1899; x_wconf 88' lang='lat' dir='ltr'>quod</span> <span class='ocrx_word' id='word_1_253' title='bbox 255 1864 294 1891; x_wconf 85' lang='lat' dir='ltr'>ait</span> <span class='ocrx_word' id='word_1_254' title='bbox 310 1873 316 1890; x_wconf 88' lang='grc'>;</span> <span class='ocrx_word' id='word_1_255' title='bbox 334 1865 389 1897; x_wconf 69' lang='grc' dir='ltr'>Ερο</span> <span class='ocrx_word' id='word_1_256' title='bbox 405 1866 430 1890; x_wconf 88' lang='lat' dir='ltr'>et</span> <span class='ocrx_word' id='word_1_257' title='bbox 443 1865 522 1898; x_wconf 76' lang='lat' dir='ltr'>pater</span> <span class='ocrx_word' id='word_1_258' title='bbox 535 1871 617 1890; x_wconf 81' lang='lat' dir='ltr'>unum</span> <span class='ocrx_word' id='word_1_259' title='bbox 631 1870 738 1897; x_wconf 82' lang='lat' dir='ltr'>sumus,</span> <span class='ocrx_word' id='word_1_260' title='bbox 754 1873 766 1889; x_wconf 88' lang='lat'>»</span> <span class='ocrx_word' id='word_1_261' title='bbox 782 1871 871 1898; x_wconf 86' lang='lat' dir='ltr'>supra</span> <span class='ocrx_word' id='word_1_262' title='bbox 887 1863 907 1880; x_wconf 88' lang='lat'>¹⁰</span> <span class='ocrx_word' id='word_1_263' title='bbox 917 1884 927 1898; x_wconf 90' lang='lat'><em>‚</em></span> 
     </span>
     <span class='ocr_line' id='line_1_39' title="bbox 162 1909 926 1945; baseline -0.001 -8"><span class='ocrx_word' id='word_1_264' title='bbox 162 1920 175 1935; x_wconf 80' lang='grc' dir='ltr'>(ι</span> <span class='ocrx_word' id='word_1_265' title='bbox 189 1910 250 1945; x_wconf 90' lang='lat' dir='ltr'>ipse</span> <span class='ocrx_word' id='word_1_266' title='bbox 265 1909 396 1945; x_wconf 85' lang='lat' dir='ltr'>agricola</span> <span class='ocrx_word' id='word_1_267' title='bbox 416 1911 473 1943; x_wconf 88' lang='lat' dir='ltr'>est,</span> <span class='ocrx_word' id='word_1_268' title='bbox 487 1916 549 1937; x_wconf 89' lang='lat' dir='ltr'>non</span> <span class='ocrx_word' id='word_1_269' title='bbox 563 1909 627 1937; x_wconf 86' lang='lat' dir='ltr'>talis</span> <span class='ocrx_word' id='word_1_270' title='bbox 643 1911 675 1936; x_wconf 92' lang='lat' dir='ltr'>ut</span> <span class='ocrx_word' id='word_1_271' title='bbox 688 1909 738 1937; x_wconf 88' lang='lat' dir='ltr'>ille</span> <span class='ocrx_word' id='word_1_272' title='bbox 753 1910 804 1945; x_wconf 92' lang='lat' dir='ltr'>qui</span> <span class='ocrx_word' id='word_1_273' title='bbox 819 1909 926 1937; x_wconf 78' lang='lat' dir='ltr'>extrin-</span> 
     </span>
     <span class='ocr_line' id='line_1_40' title="bbox 158 1955 928 1991; baseline 0 -8"><span class='ocrx_word' id='word_1_274' title='bbox 158 1964 240 1984; x_wconf 88' lang='lat' dir='ltr'>secus</span> <span class='ocrx_word' id='word_1_275' title='bbox 256 1956 307 1983; x_wconf 79' lang='lat' dir='ltr'>dat</span> <span class='ocrx_word' id='word_1_276' title='bbox 325 1955 533 1989; x_wconf 82' lang='lat' dir='ltr'>ministerium,</span> <span class='ocrx_word' id='word_1_277' title='bbox 549 1956 600 1984; x_wconf 91' lang='lat' dir='ltr'>sed</span> <span class='ocrx_word' id='word_1_278' title='bbox 619 1956 671 1991; x_wconf 86' lang='lat' dir='ltr'>qui</span> <span class='ocrx_word' id='word_1_279' title='bbox 691 1956 863 1983; x_wconf 87' lang='lat' dir='ltr'>intrinsecus</span> <span class='ocrx_word' id='word_1_280' title='bbox 878 1956 928 1983; x_wconf 87' lang='lat' dir='ltr'>dat</span> 
     </span>
     <span class='ocr_line' id='line_1_41' title="bbox 158 2002 925 2035; baseline -0.001 -6"><span class='ocrx_word' id='word_1_281' title='bbox 158 2003 380 2030; x_wconf 86' lang='lat' dir='ltr'>incrementum.</span> <span class='ocrx_word' id='word_1_282' title='bbox 392 2012 405 2028; x_wconf 67' lang='lat' dir='ltr'>&gt;i</span> <span class='ocrx_word' id='word_1_283' title='bbox 415 2004 430 2022; x_wconf 80' lang='lat'>¹·</span> <span class='ocrx_word' id='word_1_284' title='bbox 444 2002 521 2035; x_wconf 88' lang='lat' dir='ltr'>«Qui</span> <span class='ocrx_word' id='word_1_285' title='bbox 536 2003 746 2030; x_wconf 88' lang='lat' dir='ltr'>incrementum</span> <span class='ocrx_word' id='word_1_286' title='bbox 757 2003 806 2030; x_wconf 89' lang='lat' dir='ltr'>dat</span> <span class='ocrx_word' id='word_1_287' title='bbox 818 2004 900 2030; x_wconf 82' lang='lat' dir='ltr'>Deus.</span> <span class='ocrx_word' id='word_1_288' title='bbox 911 2013 925 2028; x_wconf 84' lang='grc'>»</span> 
     </span>
     <span class='ocr_line' id='line_1_42' title="bbox 158 2048 926 2083; baseline 0 -7"><span class='ocrx_word' id='word_1_289' title='bbox 158 2050 190 2076; x_wconf 84' lang='lat' dir='ltr'>Et</span> <span class='ocrx_word' id='word_1_290' title='bbox 205 2049 244 2076; x_wconf 88' lang='lat' dir='ltr'>ad</span> <span class='ocrx_word' id='word_1_291' title='bbox 266 2048 390 2076; x_wconf 90' lang='lat' dir='ltr'>modum</span> <span class='ocrx_word' id='word_1_292' title='bbox 411 2048 548 2083; x_wconf 58' lang='lat' dir='ltr'>agricolae</span> <span class='ocrx_word' id='word_1_293' title='bbox 570 2050 577 2083; x_wconf 91' lang='lat'>(</span> <span class='ocrx_word' id='word_1_294' title='bbox 596 2057 622 2075; x_wconf 93' lang='lat' dir='ltr'>v.</span> <span class='ocrx_word' id='word_1_295' title='bbox 639 2049 679 2083; x_wconf 75' lang='lat'>2)</span> <span class='ocrx_word' id='word_1_296' title='bbox 707 2057 807 2076; x_wconf 79' lang='lat' dir='ltr'>omnem</span> <span class='ocrx_word' id='word_1_297' title='bbox 827 2051 926 2083; x_wconf 82' lang='lat' dir='ltr'>palmi-</span> 
     </span>
     <span class='ocr_line' id='line_1_43' title="bbox 159 2095 927 2131; baseline 0.001 -9"><span class='ocrx_word' id='word_1_298' title='bbox 159 2098 223 2129; x_wconf 84' lang='lat' dir='ltr'>tem,</span> <span class='ocrx_word' id='word_1_299' title='bbox 241 2097 306 2129; x_wconf 91' lang='lat' dir='ltr'>etc.,</span> <span class='ocrx_word' id='word_1_300' title='bbox 322 2095 353 2122; x_wconf 92' lang='lat' dir='ltr'>id</span> <span class='ocrx_word' id='word_1_301' title='bbox 366 2097 424 2128; x_wconf 81' lang='lat' dir='ltr'>est,</span> <span class='ocrx_word' id='word_1_302' title='bbox 437 2102 557 2122; x_wconf 89' lang='lat' dir='ltr'>omnem</span> <span class='ocrx_word' id='word_1_303' title='bbox 571 2095 723 2122; x_wconf 90' lang='lat' dir='ltr'>hominem</span> <span class='ocrx_word' id='word_1_304' title='bbox 733 2116 740 2129; x_wconf 87' lang='lat'>,</span> <span class='ocrx_word' id='word_1_305' title='bbox 757 2095 864 2123; x_wconf 88' lang='lat' dir='ltr'>scilicet</span> <span class='ocrx_word' id='word_1_306' title='bbox 878 2103 927 2131; x_wconf 91' lang='lat' dir='ltr'>ap-</span> 
     </span>
     <span class='ocr_line' id='line_1_44' title="bbox 157 2141 927 2177; baseline 0 -8"><span class='ocrx_word' id='word_1_307' title='bbox 157 2144 292 2177; x_wconf 89' lang='lat' dir='ltr'>parenter</span> <span class='ocrx_word' id='word_1_308' title='bbox 311 2141 341 2168; x_wconf 93' lang='lat' dir='ltr'>in</span> <span class='ocrx_word' id='word_1_309' title='bbox 360 2149 407 2168; x_wconf 90' lang='lat' dir='ltr'>me</span> <span class='ocrx_word' id='word_1_310' title='bbox 427 2141 596 2168; x_wconf 77' lang='lat' dir='ltr'>existentem</span> <span class='ocrx_word' id='word_1_311' title='bbox 611 2141 774 2168; x_wconf 89' lang='lat' dir='ltr'>secundum</span> <span class='ocrx_word' id='word_1_312' title='bbox 796 2149 927 2169; x_wconf 91' lang='lat' dir='ltr'>commu-</span> 
     </span>
     <span class='ocr_line' id='line_1_45' title="bbox 157 2187 926 2221; baseline 0.001 -6"><span class='ocrx_word' id='word_1_313' title='bbox 157 2188 276 2216; x_wconf 90' lang='lat' dir='ltr'>nionem</span> <span class='ocrx_word' id='word_1_314' title='bbox 297 2187 486 2221; x_wconf 83' lang='lat' dir='ltr'>sacramenti,</span> <span class='ocrx_word' id='word_1_315' title='bbox 503 2188 574 2214; x_wconf 80' lang='lat' dir='ltr'>tollet</span> <span class='ocrx_word' id='word_1_316' title='bbox 589 2187 773 2215; x_wconf 81' lang='lat' dir='ltr'>excludendo</span> <span class='ocrx_word' id='word_1_317' title='bbox 787 2187 807 2203; x_wconf 71' lang='lat'>¹2</span> <span class='ocrx_word' id='word_1_318' title='bbox 818 2198 844 2214; x_wconf 69' lang='lat' dir='ltr'>:a</span> <span class='ocrx_word' id='word_1_319' title='bbox 859 2189 926 2215; x_wconf 88' lang='lat' dir='ltr'>Om-</span> 
     </span>
     <span class='ocr_line' id='line_1_46' title="bbox 158 2233 924 2269; baseline -0.003 -8"><span class='ocrx_word' id='word_1_320' title='bbox 158 2234 201 2261; x_wconf 89' lang='lat' dir='ltr'>nis</span> <span class='ocrx_word' id='word_1_321' title='bbox 217 2234 316 2267; x_wconf 77' lang='lat' dir='ltr'>arbor,</span> <span class='ocrx_word' id='word_1_322' title='bbox 333 2241 398 2269; x_wconf 86' lang='lat' dir='ltr'>quae</span> <span class='ocrx_word' id='word_1_323' title='bbox 416 2241 476 2261; x_wconf 90' lang='lat' dir='ltr'>non</span> <span class='ocrx_word' id='word_1_324' title='bbox 495 2233 562 2261; x_wconf 85' lang='lat' dir='ltr'>facit</span> <span class='ocrx_word' id='word_1_325' title='bbox 584 2234 720 2267; x_wconf 80' lang='lat' dir='ltr'>fructum,</span> <span class='ocrx_word' id='word_1_326' title='bbox 737 2234 895 2261; x_wconf 83' lang='lat' dir='ltr'>excidetur.</span> <span class='ocrx_word' id='word_1_327' title='bbox 911 2245 924 2259; x_wconf 73' lang='grc' dir='ltr'><strong>υ</strong></span> 
     </span>
     <span class='ocr_line' id='line_1_47' title="bbox 159 2279 926 2314; baseline 0.001 -7"><span class='ocrx_word' id='word_1_328' title='bbox 159 2281 196 2307; x_wconf 90' lang='lat' dir='ltr'>De</span> <span class='ocrx_word' id='word_1_329' title='bbox 210 2279 311 2307; x_wconf 91' lang='lat' dir='ltr'>hocin</span> <span class='ocrx_word' id='word_1_330' title='bbox 327 2279 436 2307; x_wconf 87' lang='lat' dir='ltr'>Glossa.</span> <span class='ocrx_word' id='word_1_331' title='bbox 460 2281 495 2306; x_wconf 84' lang='lat' dir='ltr'>Et</span> <span class='ocrx_word' id='word_1_332' title='bbox 519 2288 619 2307; x_wconf 78' lang='lat' dir='ltr'>omnem</span> <span class='ocrx_word' id='word_1_333' title='bbox 647 2282 695 2314; x_wconf 80' lang='lat' dir='ltr'>qui</span> <span class='ocrx_word' id='word_1_334' title='bbox 716 2281 769 2313; x_wconf 80' lang='lat' dir='ltr'>fert</span> <span class='ocrx_word' id='word_1_335' title='bbox 792 2282 926 2313; x_wconf 76' lang='lat' dir='ltr'>fructum,</span> 
     </span>
     <span class='ocr_line' id='line_1_48' title="bbox 157 2325 928 2355; baseline 0.003 -2"><span class='ocrx_word' id='word_1_336' title='bbox 157 2325 231 2353; x_wconf 87' lang='lat' dir='ltr'>sicut</span> <span class='ocrx_word' id='word_1_337' title='bbox 258 2325 427 2353; x_wconf 86' lang='lat' dir='ltr'>membrum</span> <span class='ocrx_word' id='word_1_338' title='bbox 453 2326 555 2353; x_wconf 87' lang='lat' dir='ltr'>vivum</span> <span class='ocrx_word' id='word_1_339' title='bbox 583 2328 610 2353; x_wconf 86' lang='lat' dir='ltr'>et</span> <span class='ocrx_word' id='word_1_340' title='bbox 637 2326 730 2354; x_wconf 84' lang='lat' dir='ltr'>viride</span> <span class='ocrx_word' id='word_1_341' title='bbox 758 2335 765 2353; x_wconf 90' lang='lat'>:</span> <span class='ocrx_word' id='word_1_342' title='bbox 797 2336 812 2352; x_wconf 84' lang='lat'>«</span> <span class='ocrx_word' id='word_1_343' title='bbox 834 2327 928 2355; x_wconf 88' lang='lat' dir='ltr'>Arbor</span> 
     </span>
    </p>
   </div>
   <div class='ocr_carea' id='block_1_6' title="bbox 158 2396 928 2644">
    <p class='ocr_par' dir='ltr' id='par_1_7' title="bbox 158 2396 928 2644">
     <span class='ocr_line' id='line_1_49' title="bbox 188 2396 927 2427; baseline 0.001 -7"><span class='ocrx_word' id='word_1_344' title='bbox 188 2397 195 2413; x_wconf 91' lang='lat'>¹</span> <span class='ocrx_word' id='word_1_345' title='bbox 223 2397 231 2420; x_wconf 91' lang='grc' dir='ltr'>Ι</span> <span class='ocrx_word' id='word_1_346' title='bbox 254 2397 335 2423; x_wconf 78' lang='lat' dir='ltr'>Petr..</span> <span class='ocrx_word' id='word_1_347' title='bbox 355 2402 388 2426; x_wconf 85' lang='lat'>11,</span> <span class='ocrx_word' id='word_1_348' title='bbox 411 2397 448 2420; x_wconf 81' lang='lat'>21.</span> <span class='ocrx_word' id='word_1_349' title='bbox 469 2408 499 2413; x_wconf 94' lang='lat'><strong>—</strong></span> <span class='ocrx_word' id='word_1_350' title='bbox 518 2397 526 2410; x_wconf 80' lang='lat'>²</span> <span class='ocrx_word' id='word_1_351' title='bbox 546 2396 604 2427; x_wconf 62' lang='lat' dir='ltr'>Ins„</span> <span class='ocrx_word' id='word_1_352' title='bbox 630 2398 667 2421; x_wconf 71' lang='lat'>12.</span> <span class='ocrx_word' id='word_1_353' title='bbox 688 2409 717 2414; x_wconf 90' lang='lat'><strong>—</strong></span> <span class='ocrx_word' id='word_1_354' title='bbox 738 2397 748 2413; x_wconf 83' lang='lat'>³</span> <span class='ocrx_word' id='word_1_355' title='bbox 764 2397 820 2425; x_wconf 59' lang='lat' dir='ltr'>Ins„</span> <span class='ocrx_word' id='word_1_356' title='bbox 841 2399 877 2421; x_wconf 81' lang='lat'>18.</span> <span class='ocrx_word' id='word_1_357' title='bbox 897 2412 927 2416; x_wconf 97' lang='lat'><strong>—</strong></span> 
     </span>
     <span class='ocr_line' id='line_1_50' title="bbox 158 2432 928 2463; baseline 0.003 -8"><span class='ocrx_word' id='word_1_358' title='bbox 158 2433 168 2449; x_wconf 70' lang='lat'>⁶</span> <span class='ocrx_word' id='word_1_359' title='bbox 184 2433 238 2463; x_wconf 62' lang='lat' dir='ltr'>Ins„</span> <span class='ocrx_word' id='word_1_360' title='bbox 254 2433 278 2456; x_wconf 84' lang='lat'>2.</span> <span class='ocrx_word' id='word_1_361' title='bbox 292 2445 323 2450; x_wconf 92' lang='lat'><em>-</em></span> <span class='ocrx_word' id='word_1_362' title='bbox 335 2433 345 2449; x_wconf 76' lang='lat'>⁸</span> <span class='ocrx_word' id='word_1_363' title='bbox 358 2432 414 2462; x_wconf 59' lang='lat' dir='ltr'>Ins„</span> <span class='ocrx_word' id='word_1_364' title='bbox 431 2433 453 2455; x_wconf 84' lang='lat'>9.</span> <span class='ocrx_word' id='word_1_365' title='bbox 467 2444 495 2449; x_wconf 92' lang='lat'>--</span> <span class='ocrx_word' id='word_1_366' title='bbox 511 2432 833 2463; x_wconf 69' lang='lat' dir='ltr'>⁰Inf.‚11.—⁷Aug.,in</span> <span class='ocrx_word' id='word_1_367' title='bbox 847 2434 928 2463; x_wconf 63' lang='lat' dir='ltr'>joan„</span> 
     </span>
     <span class='ocr_line' id='line_1_51' title="bbox 158 2467 927 2499; baseline 0.003 -8"><span class='ocrx_word' id='word_1_368' title='bbox 158 2469 231 2491; x_wconf 84' lang='lat' dir='ltr'>tract.</span> <span class='ocrx_word' id='word_1_369' title='bbox 249 2473 332 2497; x_wconf 80' lang='lat' dir='ltr'>Lxxx,</span> <span class='ocrx_word' id='word_1_370' title='bbox 352 2474 377 2491; x_wconf 92' lang='lat' dir='ltr'>n.</span> <span class='ocrx_word' id='word_1_371' title='bbox 401 2470 422 2491; x_wconf 78' lang='lat' dir='ltr'>I.</span> <span class='ocrx_word' id='word_1_372' title='bbox 443 2481 473 2486; x_wconf 91' lang='lat'>-—-</span> <span class='ocrx_word' id='word_1_373' title='bbox 494 2468 502 2481; x_wconf 76' lang='lat'>⁸</span> <span class='ocrx_word' id='word_1_374' title='bbox 526 2467 598 2495; x_wconf 69' lang='lat' dir='ltr'>thid„</span> <span class='ocrx_word' id='word_1_375' title='bbox 619 2474 644 2491; x_wconf 91' lang='lat' dir='ltr'>n.</span> <span class='ocrx_word' id='word_1_376' title='bbox 666 2469 689 2492; x_wconf 83' lang='lat'>2.</span> <span class='ocrx_word' id='word_1_377' title='bbox 706 2480 735 2485; x_wconf 90' lang='lat'><em>—</em></span> <span class='ocrx_word' id='word_1_378' title='bbox 756 2469 765 2483; x_wconf 74' lang='lat'>⁹</span> <span class='ocrx_word' id='word_1_379' title='bbox 784 2470 855 2499; x_wconf 74' lang='lat' dir='ltr'>sup.,</span> <span class='ocrx_word' id='word_1_380' title='bbox 875 2475 927 2499; x_wconf 73' lang='lat' dir='ltr'>xw,</span> 
     </span>
     <span class='ocr_line' id='line_1_52' title="bbox 158 2503 927 2535; baseline 0.003 -9"><span class='ocrx_word' id='word_1_381' title='bbox 158 2503 197 2526; x_wconf 81' lang='lat'>28.</span> <span class='ocrx_word' id='word_1_382' title='bbox 212 2515 240 2520; x_wconf 91' lang='lat'><em>—</em></span> <span class='ocrx_word' id='word_1_383' title='bbox 254 2503 273 2518; x_wconf 82' lang='lat'>¹⁰</span> <span class='ocrx_word' id='word_1_384' title='bbox 285 2503 356 2533; x_wconf 85' lang='lat' dir='ltr'>Sup.‚</span> <span class='ocrx_word' id='word_1_385' title='bbox 372 2509 397 2532; x_wconf 78' lang='lat' dir='ltr'>x,</span> <span class='ocrx_word' id='word_1_386' title='bbox 411 2504 449 2526; x_wconf 82' lang='lat'>30.</span> <span class='ocrx_word' id='word_1_387' title='bbox 464 2516 494 2520; x_wconf 97' lang='lat'><strong>—</strong></span> <span class='ocrx_word' id='word_1_388' title='bbox 510 2503 528 2519; x_wconf 84' lang='lat'>¹²</span> <span class='ocrx_word' id='word_1_389' title='bbox 546 2504 551 2525; x_wconf 89' lang='grc' dir='ltr'>Ι</span> <span class='ocrx_word' id='word_1_390' title='bbox 569 2503 638 2532; x_wconf 57' lang='lat' dir='ltr'>Corn,</span> <span class='ocrx_word' id='word_1_391' title='bbox 654 2509 693 2533; x_wconf 86' lang='grc' dir='ltr'>ιιι,</span> <span class='ocrx_word' id='word_1_392' title='bbox 709 2505 731 2526; x_wconf 89' lang='lat'>7.</span> <span class='ocrx_word' id='word_1_393' title='bbox 747 2517 777 2521; x_wconf 98' lang='lat'><strong>—</strong></span> <span class='ocrx_word' id='word_1_394' title='bbox 794 2504 812 2520; x_wconf 78' lang='lat'>¹⁷</span> <span class='ocrx_word' id='word_1_395' title='bbox 827 2505 927 2535; x_wconf 58' lang='lat' dir='ltr'>Mami„</span> 
     </span>
     <span class='ocr_line' id='line_1_53' title="bbox 162 2538 927 2570; baseline 0.005 -10"><span class='ocrx_word' id='word_1_396' title='bbox 162 2543 200 2567; x_wconf 71' lang='grc' dir='ltr'>ιιι,</span> <span class='ocrx_word' id='word_1_397' title='bbox 222 2539 260 2561; x_wconf 83' lang='grc'>10.</span> <span class='ocrx_word' id='word_1_398' title='bbox 280 2550 310 2556; x_wconf 86' lang='grc'>-</span> <span class='ocrx_word' id='word_1_399' title='bbox 332 2538 348 2552; x_wconf 79' lang='lat'>&#39;³</span> <span class='ocrx_word' id='word_1_400' title='bbox 368 2538 440 2567; x_wconf 88' lang='lat' dir='ltr'>Ibid.‚</span> <span class='ocrx_word' id='word_1_401' title='bbox 459 2543 509 2568; x_wconf 83' lang='grc' dir='ltr'>νιι,</span> <span class='ocrx_word' id='word_1_402' title='bbox 532 2539 567 2561; x_wconf 77' lang='grc' dir='ltr'>Π.</span> <span class='ocrx_word' id='word_1_403' title='bbox 586 2550 617 2555; x_wconf 91' lang='grc'>-</span> <span class='ocrx_word' id='word_1_404' title='bbox 636 2539 656 2555; x_wconf 72' lang='lat'>¹⁵</span> <span class='ocrx_word' id='word_1_405' title='bbox 675 2540 760 2569; x_wconf 69' lang='lat' dir='ltr'>Prou,</span> <span class='ocrx_word' id='word_1_406' title='bbox 781 2545 822 2570; x_wconf 68' lang='grc' dir='ltr'>κν,</span> <span class='ocrx_word' id='word_1_407' title='bbox 841 2541 880 2564; x_wconf 78' lang='lat'>27.</span> <span class='ocrx_word' id='word_1_408' title='bbox 899 2552 927 2557; x_wconf 88' lang='lat'>—</span> 
     </span>
     <span class='ocr_line' id='line_1_54' title="bbox 162 2575 928 2608; baseline 0.004 -10"><span class='ocrx_word' id='word_1_409' title='bbox 162 2575 181 2590; x_wconf 78' lang='lat'>¹⁵</span> <span class='ocrx_word' id='word_1_410' title='bbox 199 2576 272 2605; x_wconf 57' lang='lat' dir='ltr'>Aug„</span> <span class='ocrx_word' id='word_1_411' title='bbox 287 2575 340 2599; x_wconf 84' lang='lat' dir='ltr'>ubi.</span> <span class='ocrx_word' id='word_1_412' title='bbox 353 2583 419 2606; x_wconf 84' lang='lat' dir='ltr'>sup.,</span> <span class='ocrx_word' id='word_1_413' title='bbox 433 2582 458 2599; x_wconf 89' lang='lat' dir='ltr'>u.</span> <span class='ocrx_word' id='word_1_414' title='bbox 474 2576 496 2599; x_wconf 80' lang='lat'>3.</span> <span class='ocrx_word' id='word_1_415' title='bbox 509 2588 540 2593; x_wconf 93' lang='lat'>--</span> <span class='ocrx_word' id='word_1_416' title='bbox 556 2576 574 2591; x_wconf 63' lang='grc' dir='ltr'>’Β</span> <span class='ocrx_word' id='word_1_417' title='bbox 588 2576 664 2605; x_wconf 67' lang='lat' dir='ltr'>Rom,</span> <span class='ocrx_word' id='word_1_418' title='bbox 680 2583 705 2605; x_wconf 84' lang='lat' dir='ltr'>x,</span> <span class='ocrx_word' id='word_1_419' title='bbox 722 2578 759 2600; x_wconf 78' lang='lat'>¹0.</span> <span class='ocrx_word' id='word_1_420' title='bbox 774 2589 804 2594; x_wconf 92' lang='lat'>—</span> <span class='ocrx_word' id='word_1_421' title='bbox 821 2577 839 2593; x_wconf 88' lang='lat'>¹⁷</span> <span class='ocrx_word' id='word_1_422' title='bbox 853 2578 928 2608; x_wconf 66' lang='lat' dir='ltr'>Aug„</span> 
     </span>
     <span class='ocr_line' id='line_1_55' title="bbox 161 2610 928 2644; baseline 0.005 -11"><span class='ocrx_word' id='word_1_423' title='bbox 161 2611 224 2634; x_wconf 76' lang='lat' dir='ltr'>com.</span> <span class='ocrx_word' id='word_1_424' title='bbox 241 2610 352 2635; x_wconf 78' lang='lat' dir='ltr'>crescon.</span> <span class='ocrx_word' id='word_1_425' title='bbox 368 2611 517 2641; x_wconf 61' lang='lat' dir='ltr'>Gramma„</span> <span class='ocrx_word' id='word_1_426' title='bbox 533 2610 577 2636; x_wconf 87' lang='lat' dir='ltr'>lib.</span> <span class='ocrx_word' id='word_1_427' title='bbox 593 2611 630 2642; x_wconf 89' lang='grc' dir='ltr'>ΙΙ,</span> <span class='ocrx_word' id='word_1_428' title='bbox 645 2617 668 2635; x_wconf 87' lang='lat' dir='ltr'>c.</span> <span class='ocrx_word' id='word_1_429' title='bbox 683 2617 732 2642; x_wconf 70' lang='grc' dir='ltr'>ΧΗ,</span> <span class='ocrx_word' id='word_1_430' title='bbox 746 2618 772 2637; x_wconf 90' lang='lat' dir='ltr'>n.</span> <span class='ocrx_word' id='word_1_431' title='bbox 792 2613 829 2643; x_wconf 76' lang='lat'>¹5,</span> <span class='ocrx_word' id='word_1_432' title='bbox 844 2613 928 2644; x_wconf 87' lang='lat' dir='ltr'>quoad</span> 
     </span>
    </p>
   </div>
   <div class='ocr_carea' id='block_1_7' title="bbox 1692 187 1749 215">
    <p class='ocr_par' dir='ltr' id='par_1_8' title="bbox 1692 187 1749 215">
     <span class='ocr_line' id='line_1_56' title="bbox 1692 187 1749 215; baseline 0.018 -1"><span class='ocrx_word' id='word_1_433' title='bbox 1692 187 1749 215; x_wconf 79' lang='lat'>455</span> 
     </span>
    </p>
   </div>
   <div class='ocr_carea' id='block_1_8' title="bbox 981 247 1755 2362">
    <p class='ocr_par' dir='ltr' id='par_1_9' title="bbox 981 247 1755 2362">
     <span class='ocr_line' id='line_1_57' title="bbox 982 247 1752 283; baseline 0.004 -9"><span class='ocrx_word' id='word_1_434' title='bbox 982 247 1060 274; x_wconf 89' lang='lat' dir='ltr'>enim</span> <span class='ocrx_word' id='word_1_435' title='bbox 1080 247 1090 263; x_wconf 79' lang='lat'>⁸</span> <span class='ocrx_word' id='word_1_436' title='bbox 1109 247 1189 274; x_wconf 89' lang='lat' dir='ltr'>bona</span> <span class='ocrx_word' id='word_1_437' title='bbox 1216 247 1325 274; x_wconf 86' lang='lat' dir='ltr'>fructus</span> <span class='ocrx_word' id='word_1_438' title='bbox 1350 248 1447 274; x_wconf 87' lang='lat' dir='ltr'>bonos</span> <span class='ocrx_word' id='word_1_439' title='bbox 1472 247 1562 274; x_wconf 85' lang='lat' dir='ltr'>facit:</span> <span class='ocrx_word' id='word_1_440' title='bbox 1585 259 1599 273; x_wconf 60' lang='grc' dir='ltr'>ι)</span> <span class='ocrx_word' id='word_1_441' title='bbox 1622 250 1752 283; x_wconf 73' lang='lat' dir='ltr'>Purqabit</span> 
     </span>
     <span class='ocr_line' id='line_1_58' title="bbox 983 293 1751 328; baseline 0.004 -8"><span class='ocrx_word' id='word_1_442' title='bbox 983 301 1055 327; x_wconf 87' lang='lat' dir='ltr'>eum,</span> <span class='ocrx_word' id='word_1_443' title='bbox 1071 300 1123 328; x_wconf 90' lang='lat' dir='ltr'>per</span> <span class='ocrx_word' id='word_1_444' title='bbox 1136 293 1311 328; x_wconf 85' lang='lat' dir='ltr'>ampliorem</span> <span class='ocrx_word' id='word_1_445' title='bbox 1327 293 1451 328; x_wconf 85' lang='lat' dir='ltr'>gratiam</span> <span class='ocrx_word' id='word_1_446' title='bbox 1464 293 1533 321; x_wconf 89' lang='lat' dir='ltr'>fidei</span> <span class='ocrx_word' id='word_1_447' title='bbox 1550 294 1570 311; x_wconf 64' lang='lat'>¹⁵</span> <span class='ocrx_word' id='word_1_448' title='bbox 1586 303 1613 321; x_wconf 77' lang='lat' dir='ltr'>z«</span> <span class='ocrx_word' id='word_1_449' title='bbox 1631 297 1682 322; x_wconf 91' lang='lat' dir='ltr'>Per</span> <span class='ocrx_word' id='word_1_450' title='bbox 1697 296 1751 323; x_wconf 85' lang='lat' dir='ltr'>mi-</span> 
     </span>
     <span class='ocr_line' id='line_1_59' title="bbox 983 339 1751 375; baseline 0.004 -9"><span class='ocrx_word' id='word_1_451' title='bbox 983 339 1188 374; x_wconf 83' lang='lat' dir='ltr'>sericordiam,</span> <span class='ocrx_word' id='word_1_452' title='bbox 1204 342 1231 367; x_wconf 92' lang='lat' dir='ltr'>et</span> <span class='ocrx_word' id='word_1_453' title='bbox 1250 339 1342 366; x_wconf 89' lang='lat' dir='ltr'>fidem</span> <span class='ocrx_word' id='word_1_454' title='bbox 1363 341 1527 375; x_wconf 84' lang='lat' dir='ltr'>purgantur</span> <span class='ocrx_word' id='word_1_455' title='bbox 1545 343 1673 375; x_wconf 86' lang='lat' dir='ltr'>peccata.</span> <span class='ocrx_word' id='word_1_456' title='bbox 1688 351 1702 367; x_wconf 59' lang='grc' dir='ltr'>ι)</span> <span class='ocrx_word' id='word_1_457' title='bbox 1719 343 1751 369; x_wconf 84' lang='lat' dir='ltr'>Et</span> 
     </span>
     <span class='ocr_line' id='line_1_60' title="bbox 983 384 1750 421; baseline 0.003 -9"><span class='ocrx_word' id='word_1_458' title='bbox 983 385 1125 420; x_wconf 87' lang='lat' dir='ltr'>adaptans</span> <span class='ocrx_word' id='word_1_459' title='bbox 1140 385 1332 421; x_wconf 84' lang='lat' dir='ltr'>parabolam,</span> <span class='ocrx_word' id='word_1_460' title='bbox 1348 385 1388 412; x_wconf 90' lang='lat' dir='ltr'>ait</span> <span class='ocrx_word' id='word_1_461' title='bbox 1404 386 1450 420; x_wconf 88' lang='lat' dir='ltr'>(v.</span> <span class='ocrx_word' id='word_1_462' title='bbox 1468 384 1502 420; x_wconf 90' lang='grc'>3)</span> <span class='ocrx_word' id='word_1_463' title='bbox 1515 395 1520 412; x_wconf 94' lang='lat'>:</span> <span class='ocrx_word' id='word_1_464' title='bbox 1540 387 1591 413; x_wconf 86' lang='lat' dir='ltr'>Vos</span> <span class='ocrx_word' id='word_1_465' title='bbox 1607 388 1700 414; x_wconf 74' lang='lat' dir='ltr'>mundi</span> <span class='ocrx_word' id='word_1_466' title='bbox 1711 395 1750 415; x_wconf 89' lang='lat' dir='ltr'>es-</span> 
     </span>
     <span class='ocr_line' id='line_1_61' title="bbox 983 431 1750 468; baseline 0.003 -10"><span class='ocrx_word' id='word_1_467' title='bbox 983 433 1017 457; x_wconf 76' lang='lat' dir='ltr'>tis</span> <span class='ocrx_word' id='word_1_468' title='bbox 1030 435 1142 465; x_wconf 81' lang='lat' dir='ltr'>propter</span> <span class='ocrx_word' id='word_1_469' title='bbox 1151 439 1304 459; x_wconf 81' lang='lat' dir='ltr'>sermonem.</span> <span class='ocrx_word' id='word_1_470' title='bbox 1318 431 1424 465; x_wconf 69' lang='lat' dir='ltr'>Quaerit</span> <span class='ocrx_word' id='word_1_471' title='bbox 1431 432 1607 466; x_wconf 84' lang='lat' dir='ltr'>Augustinus</span> <span class='ocrx_word' id='word_1_472' title='bbox 1617 433 1646 467; x_wconf 70' lang='lat'>¹⁵,</span> <span class='ocrx_word' id='word_1_473' title='bbox 1659 441 1750 468; x_wconf 89' lang='lat' dir='ltr'>quare</span> 
     </span>
     <span class='ocr_line' id='line_1_62' title="bbox 982 477 1750 514; baseline 0.005 -11"><span class='ocrx_word' id='word_1_474' title='bbox 982 485 1043 504; x_wconf 93' lang='lat' dir='ltr'>non</span> <span class='ocrx_word' id='word_1_475' title='bbox 1062 477 1101 504; x_wconf 91' lang='lat' dir='ltr'>ait</span> <span class='ocrx_word' id='word_1_476' title='bbox 1119 486 1125 504; x_wconf 79' lang='lat'>1</span> <span class='ocrx_word' id='word_1_477' title='bbox 1142 478 1241 505; x_wconf 87' lang='lat' dir='ltr'>Mundi</span> <span class='ocrx_word' id='word_1_478' title='bbox 1267 478 1332 505; x_wconf 86' lang='lat' dir='ltr'>estis</span> <span class='ocrx_word' id='word_1_479' title='bbox 1353 480 1472 513; x_wconf 86' lang='lat' dir='ltr'>propter</span> <span class='ocrx_word' id='word_1_480' title='bbox 1491 478 1672 513; x_wconf 87' lang='lat' dir='ltr'>baptismum</span> <span class='ocrx_word' id='word_1_481' title='bbox 1690 487 1750 514; x_wconf 87' lang='lat' dir='ltr'>quo</span> 
     </span>
     <span class='ocr_line' id='line_1_63' title="bbox 982 522 1751 560; baseline 0.005 -11"><span class='ocrx_word' id='word_1_482' title='bbox 982 522 1034 550; x_wconf 91' lang='lat' dir='ltr'>loti</span> <span class='ocrx_word' id='word_1_483' title='bbox 1064 525 1154 550; x_wconf 87' lang='lat' dir='ltr'>erant.</span> <span class='ocrx_word' id='word_1_484' title='bbox 1182 525 1213 550; x_wconf 86' lang='lat' dir='ltr'>Et</span> <span class='ocrx_word' id='word_1_485' title='bbox 1241 523 1279 550; x_wconf 91' lang='lat' dir='ltr'>ad</span> <span class='ocrx_word' id='word_1_486' title='bbox 1304 523 1378 550; x_wconf 86' lang='lat' dir='ltr'>illud</span> <span class='ocrx_word' id='word_1_487' title='bbox 1401 524 1571 558; x_wconf 86' lang='lat' dir='ltr'>respondet,</span> <span class='ocrx_word' id='word_1_488' title='bbox 1593 525 1675 560; x_wconf 89' lang='lat' dir='ltr'>quod</span> <span class='ocrx_word' id='word_1_489' title='bbox 1692 534 1706 551; x_wconf 85' lang='lat'>«</span> <span class='ocrx_word' id='word_1_490' title='bbox 1721 525 1751 553; x_wconf 86' lang='lat' dir='ltr'>in</span> 
     </span>
     <span class='ocr_line' id='line_1_64' title="bbox 983 569 1752 605; baseline 0.005 -10"><span class='ocrx_word' id='word_1_491' title='bbox 983 576 1062 604; x_wconf 84' lang='lat' dir='ltr'>aqua</span> <span class='ocrx_word' id='word_1_492' title='bbox 1088 569 1212 596; x_wconf 79' lang='lat' dir='ltr'>verbum</span> <span class='ocrx_word' id='word_1_493' title='bbox 1240 569 1373 596; x_wconf 89' lang='lat' dir='ltr'>mundat.</span> <span class='ocrx_word' id='word_1_494' title='bbox 1403 570 1524 598; x_wconf 84' lang='lat' dir='ltr'>Detrahe</span> <span class='ocrx_word' id='word_1_495' title='bbox 1552 570 1698 605; x_wconf 89' lang='lat' dir='ltr'>verbum,</span> <span class='ocrx_word' id='word_1_496' title='bbox 1724 573 1752 599; x_wconf 93' lang='lat' dir='ltr'>et</span> 
     </span>
     <span class='ocr_line' id='line_1_65' title="bbox 984 615 1753 651; baseline 0.007 -10"><span class='ocrx_word' id='word_1_497' title='bbox 984 615 1056 650; x_wconf 88' lang='lat' dir='ltr'>quid</span> <span class='ocrx_word' id='word_1_498' title='bbox 1075 617 1117 642; x_wconf 86' lang='lat' dir='ltr'>est</span> <span class='ocrx_word' id='word_1_499' title='bbox 1131 623 1224 650; x_wconf 85' lang='lat' dir='ltr'>aqua,</span> <span class='ocrx_word' id='word_1_500' title='bbox 1240 615 1294 642; x_wconf 87' lang='lat' dir='ltr'>nisi</span> <span class='ocrx_word' id='word_1_501' title='bbox 1316 617 1413 651; x_wconf 72' lang='lat' dir='ltr'>aqua?</span> <span class='ocrx_word' id='word_1_502' title='bbox 1428 617 1544 644; x_wconf 79' lang='lat' dir='ltr'>Accedit</span> <span class='ocrx_word' id='word_1_503' title='bbox 1565 617 1691 645; x_wconf 84' lang='lat' dir='ltr'>verbum</span> <span class='ocrx_word' id='word_1_504' title='bbox 1713 618 1753 646; x_wconf 87' lang='lat' dir='ltr'>ad</span> 
     </span>
     <span class='ocr_line' id='line_1_66' title="bbox 984 661 1750 699; baseline 0.005 -11"><span class='ocrx_word' id='word_1_505' title='bbox 984 661 1176 695; x_wconf 89' lang='lat' dir='ltr'>elementum,</span> <span class='ocrx_word' id='word_1_506' title='bbox 1193 663 1220 689; x_wconf 90' lang='lat' dir='ltr'>et</span> <span class='ocrx_word' id='word_1_507' title='bbox 1234 661 1266 688; x_wconf 87' lang='lat' dir='ltr'>fit</span> <span class='ocrx_word' id='word_1_508' title='bbox 1283 664 1507 689; x_wconf 82' lang='lat' dir='ltr'>sacramentum.</span> <span class='ocrx_word' id='word_1_509' title='bbox 1524 673 1537 688; x_wconf 74' lang='lat'>»</span> <span class='ocrx_word' id='word_1_510' title='bbox 1556 665 1588 690; x_wconf 90' lang='lat' dir='ltr'>Et</span> <span class='ocrx_word' id='word_1_511' title='bbox 1600 664 1750 699; x_wconf 86' lang='lat' dir='ltr'>sequitur:</span> 
     </span>
     <span class='ocr_line' id='line_1_67' title="bbox 987 708 1752 744; baseline 0.001 -8"><span class='ocrx_word' id='word_1_512' title='bbox 987 718 1000 733; x_wconf 87' lang='lat'>«</span> <span class='ocrx_word' id='word_1_513' title='bbox 1016 711 1046 736; x_wconf 84' lang='lat' dir='ltr'>Et</span> <span class='ocrx_word' id='word_1_514' title='bbox 1065 709 1095 736; x_wconf 94' lang='lat' dir='ltr'>in</span> <span class='ocrx_word' id='word_1_515' title='bbox 1116 709 1180 744; x_wconf 90' lang='lat' dir='ltr'>ipso</span> <span class='ocrx_word' id='word_1_516' title='bbox 1199 709 1291 736; x_wconf 89' lang='lat' dir='ltr'>verbo</span> <span class='ocrx_word' id='word_1_517' title='bbox 1313 708 1394 736; x_wconf 81' lang='lat' dir='ltr'>aliud</span> <span class='ocrx_word' id='word_1_518' title='bbox 1415 711 1457 736; x_wconf 87' lang='lat' dir='ltr'>est</span> <span class='ocrx_word' id='word_1_519' title='bbox 1483 717 1573 736; x_wconf 85' lang='lat' dir='ltr'>sonus</span> <span class='ocrx_word' id='word_1_520' title='bbox 1593 711 1752 743; x_wconf 83' lang='lat' dir='ltr'>transiens,</span> 
     </span>
     <span class='ocr_line' id='line_1_68' title="bbox 983 755 1753 790; baseline 0.004 -9"><span class='ocrx_word' id='word_1_521' title='bbox 983 755 1063 782; x_wconf 88' lang='lat' dir='ltr'>aliud</span> <span class='ocrx_word' id='word_1_522' title='bbox 1093 755 1183 782; x_wconf 87' lang='lat' dir='ltr'>virtus</span> <span class='ocrx_word' id='word_1_523' title='bbox 1203 763 1339 789; x_wconf 85' lang='lat' dir='ltr'>manens,</span> <span class='ocrx_word' id='word_1_524' title='bbox 1355 755 1437 790; x_wconf 84' lang='lat' dir='ltr'>quod</span> <span class='ocrx_word' id='word_1_525' title='bbox 1461 757 1503 782; x_wconf 80' lang='lat' dir='ltr'>est</span> <span class='ocrx_word' id='word_1_526' title='bbox 1530 755 1655 783; x_wconf 86' lang='lat' dir='ltr'>verbum</span> <span class='ocrx_word' id='word_1_527' title='bbox 1682 757 1753 784; x_wconf 90' lang='lat' dir='ltr'>fidei</span> 
     </span>
     <span class='ocr_line' id='line_1_69' title="bbox 984 801 1752 836; baseline 0.001 -8"><span class='ocrx_word' id='word_1_528' title='bbox 984 808 1044 836; x_wconf 91' lang='lat' dir='ltr'>quo</span> <span class='ocrx_word' id='word_1_529' title='bbox 1061 801 1079 817; x_wconf 78' lang='lat'>¹⁶</span> <span class='ocrx_word' id='word_1_530' title='bbox 1093 802 1212 827; x_wconf 78' lang='lat' dir='ltr'>creditur</span> <span class='ocrx_word' id='word_1_531' title='bbox 1229 801 1265 827; x_wconf 84' lang='lat' dir='ltr'>ad</span> <span class='ocrx_word' id='word_1_532' title='bbox 1275 801 1416 834; x_wconf 77' lang='lat' dir='ltr'>justitiam</span> <span class='ocrx_word' id='word_1_533' title='bbox 1434 809 1441 828; x_wconf 89' lang='lat'>:</span> <span class='ocrx_word' id='word_1_534' title='bbox 1457 803 1577 836; x_wconf 88' lang='lat' dir='ltr'>propter</span> <span class='ocrx_word' id='word_1_535' title='bbox 1592 802 1673 836; x_wconf 90' lang='lat' dir='ltr'>quod</span> <span class='ocrx_word' id='word_1_536' title='bbox 1688 810 1752 830; x_wconf 89' lang='lat' dir='ltr'>ver-</span> 
     </span>
     <span class='ocr_line' id='line_1_70' title="bbox 983 847 1752 876; baseline 0.004 -3"><span class='ocrx_word' id='word_1_537' title='bbox 983 847 1055 874; x_wconf 58' lang='lat' dir='ltr'>]Jum</span> <span class='ocrx_word' id='word_1_538' title='bbox 1071 854 1171 873; x_wconf 91' lang='lat' dir='ltr'>sumus</span> <span class='ocrx_word' id='word_1_539' title='bbox 1188 847 1302 874; x_wconf 91' lang='lat' dir='ltr'>mundi.</span> <span class='ocrx_word' id='word_1_540' title='bbox 1319 857 1332 873; x_wconf 70' lang='grc' dir='ltr'>ι)</span> <span class='ocrx_word' id='word_1_541' title='bbox 1351 848 1414 873; x_wconf 78' lang='lat' dir='ltr'>Haec</span> <span class='ocrx_word' id='word_1_542' title='bbox 1434 847 1494 874; x_wconf 88' lang='lat' dir='ltr'>ille.</span> <span class='ocrx_word' id='word_1_543' title='bbox 1510 849 1541 874; x_wconf 88' lang='lat' dir='ltr'>Et</span> <span class='ocrx_word' id='word_1_544' title='bbox 1563 847 1604 875; x_wconf 90' lang='lat' dir='ltr'>ibi</span> <span class='ocrx_word' id='word_1_545' title='bbox 1625 848 1700 876; x_wconf 86' lang='lat' dir='ltr'>bene</span> <span class='ocrx_word' id='word_1_546' title='bbox 1715 848 1752 876; x_wconf 90' lang='lat' dir='ltr'>de</span> 
     </span>
     <span class='ocr_line' id='line_1_71' title="bbox 983 893 1754 928; baseline 0.004 -9"><span class='ocrx_word' id='word_1_547' title='bbox 983 893 1049 920; x_wconf 88' lang='lat' dir='ltr'>hoc.</span> <span class='ocrx_word' id='word_1_548' title='bbox 1063 894 1096 919; x_wconf 89' lang='lat' dir='ltr'>Ut</span> <span class='ocrx_word' id='word_1_549' title='bbox 1110 893 1189 920; x_wconf 91' lang='lat' dir='ltr'>enim</span> <span class='ocrx_word' id='word_1_550' title='bbox 1203 893 1242 920; x_wconf 86' lang='lat' dir='ltr'>ait</span> <span class='ocrx_word' id='word_1_551' title='bbox 1256 893 1335 920; x_wconf 88' lang='lat' dir='ltr'>idem</span> <span class='ocrx_word' id='word_1_552' title='bbox 1350 894 1527 928; x_wconf 85' lang='lat' dir='ltr'>Augustinus</span> <span class='ocrx_word' id='word_1_553' title='bbox 1545 893 1563 909; x_wconf 86' lang='lat'>&#39;¹⁷</span> <span class='ocrx_word' id='word_1_554' title='bbox 1579 903 1606 921; x_wconf 88' lang='lat'>:«</span> <span class='ocrx_word' id='word_1_555' title='bbox 1617 894 1754 922; x_wconf 85' lang='lat' dir='ltr'>Homines</span> 
     </span>
     <span class='ocr_line' id='line_1_72' title="bbox 983 939 1754 975; baseline 0.003 -9"><span class='ocrx_word' id='word_1_556' title='bbox 983 939 1164 966; x_wconf 83' lang='lat' dir='ltr'>mundantur</span> <span class='ocrx_word' id='word_1_557' title='bbox 1178 939 1411 974; x_wconf 82' lang='lat' dir='ltr'>quadrupliciter</span> <span class='ocrx_word' id='word_1_558' title='bbox 1433 949 1439 966; x_wconf 88' lang='lat'><strong>:</strong></span> <span class='ocrx_word' id='word_1_559' title='bbox 1459 947 1512 975; x_wconf 89' lang='lat' dir='ltr'>per</span> <span class='ocrx_word' id='word_1_560' title='bbox 1532 940 1659 967; x_wconf 81' lang='lat' dir='ltr'>verbum</span> <span class='ocrx_word' id='word_1_561' title='bbox 1680 941 1754 968; x_wconf 88' lang='lat' dir='ltr'>veri-</span> 
     </span>
     <span class='ocr_line' id='line_1_73' title="bbox 983 984 1752 1021; baseline 0.003 -9"><span class='ocrx_word' id='word_1_562' title='bbox 983 986 1061 1018; x_wconf 84' lang='lat' dir='ltr'>tatis,</span> <span class='ocrx_word' id='word_1_563' title='bbox 1074 995 1087 1010; x_wconf 75' lang='grc'>»</span> <span class='ocrx_word' id='word_1_564' title='bbox 1105 987 1137 1012; x_wconf 87' lang='lat' dir='ltr'>ut</span> <span class='ocrx_word' id='word_1_565' title='bbox 1151 984 1207 1012; x_wconf 85' lang='lat' dir='ltr'>hic.</span> <span class='ocrx_word' id='word_1_566' title='bbox 1227 994 1241 1010; x_wconf 69' lang='lat' dir='ltr'>a</span> <span class='ocrx_word' id='word_1_567' title='bbox 1257 987 1327 1013; x_wconf 83' lang='lat' dir='ltr'>Item</span> <span class='ocrx_word' id='word_1_568' title='bbox 1342 985 1485 1013; x_wconf 82' lang='lat' dir='ltr'>sacrificio</span> <span class='ocrx_word' id='word_1_569' title='bbox 1501 986 1614 1014; x_wconf 84' lang='lat' dir='ltr'>contriti</span> <span class='ocrx_word' id='word_1_570' title='bbox 1637 987 1752 1021; x_wconf 78' lang='lat' dir='ltr'>cordis,</span> 
     </span>
     <span class='ocr_line' id='line_1_74' title="bbox 984 1031 1752 1066; baseline 0.004 -9"><span class='ocrx_word' id='word_1_571' title='bbox 984 1031 1013 1058; x_wconf 90' lang='lat' dir='ltr'>in</span> <span class='ocrx_word' id='word_1_572' title='bbox 1022 1033 1125 1058; x_wconf 80' lang='lat' dir='ltr'>Psalmo</span> <span class='ocrx_word' id='word_1_573' title='bbox 1138 1032 1172 1058; x_wconf 70' lang='lat'>¹⁸:</span> <span class='ocrx_word' id='word_1_574' title='bbox 1185 1032 1353 1065; x_wconf 75' lang='lat' dir='ltr'>Sacrificium</span> <span class='ocrx_word' id='word_1_575' title='bbox 1365 1033 1416 1058; x_wconf 86' lang='lat' dir='ltr'>Deo</span> <span class='ocrx_word' id='word_1_576' title='bbox 1424 1033 1539 1066; x_wconf 77' lang='lat' dir='ltr'>spiritus</span> <span class='ocrx_word' id='word_1_577' title='bbox 1547 1033 1752 1060; x_wconf 77' lang='lat' dir='ltr'>contribulatus.</span> 
     </span>
     <span class='ocr_line' id='line_1_75' title="bbox 983 1078 1755 1113; baseline 0.001 -8"><span class='ocrx_word' id='word_1_578' title='bbox 983 1079 1052 1105; x_wconf 89' lang='lat' dir='ltr'>Item</span> <span class='ocrx_word' id='word_1_579' title='bbox 1068 1078 1261 1113; x_wconf 84' lang='lat' dir='ltr'>eleemosynis</span> <span class='ocrx_word' id='word_1_580' title='bbox 1273 1078 1293 1095; x_wconf 73' lang='lat'>¹⁹</span> <span class='ocrx_word' id='word_1_581' title='bbox 1309 1087 1316 1105; x_wconf 90' lang='lat'>:</span> <span class='ocrx_word' id='word_1_582' title='bbox 1333 1080 1402 1105; x_wconf 86' lang='lat' dir='ltr'>Date</span> <span class='ocrx_word' id='word_1_583' title='bbox 1412 1080 1610 1112; x_wconf 80' lang='lat' dir='ltr'>eleemosynam,</span> <span class='ocrx_word' id='word_1_584' title='bbox 1626 1081 1650 1106; x_wconf 79' lang='lat' dir='ltr'>et</span> <span class='ocrx_word' id='word_1_585' title='bbox 1665 1081 1755 1107; x_wconf 85' lang='lat' dir='ltr'>omm&#39;a</span> 
     </span>
     <span class='ocr_line' id='line_1_76' title="bbox 983 1124 1754 1160; baseline 0.003 -10"><span class='ocrx_word' id='word_1_586' title='bbox 983 1124 1084 1151; x_wconf 79' lang='lat' dir='ltr'>munda</span> <span class='ocrx_word' id='word_1_587' title='bbox 1103 1126 1164 1151; x_wconf 76' lang='lat' dir='ltr'>sunt</span> <span class='ocrx_word' id='word_1_588' title='bbox 1178 1125 1262 1151; x_wconf 75' lang='lat' dir='ltr'>vobis.</span> <span class='ocrx_word' id='word_1_589' title='bbox 1278 1126 1348 1152; x_wconf 89' lang='lat' dir='ltr'>Item</span> <span class='ocrx_word' id='word_1_590' title='bbox 1370 1124 1520 1158; x_wconf 84' lang='lat' dir='ltr'>charitate,</span> <span class='ocrx_word' id='word_1_591' title='bbox 1545 1133 1611 1160; x_wconf 78' lang='lat' dir='ltr'>quae</span> <span class='ocrx_word' id='word_1_592' title='bbox 1629 1124 1650 1141; x_wconf 75' lang='lat'>²⁰</span> <span class='ocrx_word' id='word_1_593' title='bbox 1664 1133 1754 1160; x_wconf 80' lang='lat' dir='ltr'>coope-</span> 
     </span>
     <span class='ocr_line' id='line_1_77' title="bbox 982 1170 1754 1206; baseline 0.004 -10"><span class='ocrx_word' id='word_1_594' title='bbox 982 1171 1021 1196; x_wconf 70' lang='lat' dir='ltr'>rit</span> <span class='ocrx_word' id='word_1_595' title='bbox 1044 1170 1080 1205; x_wconf 83' lang='lat' dir='ltr'>(a.)</span> <span class='ocrx_word' id='word_1_596' title='bbox 1101 1171 1304 1198; x_wconf 73' lang='lat' dir='ltr'>multitudinem</span> <span class='ocrx_word' id='word_1_597' title='bbox 1332 1173 1510 1205; x_wconf 81' lang='lat' dir='ltr'>peccatorum.</span> <span class='ocrx_word' id='word_1_598' title='bbox 1540 1172 1572 1197; x_wconf 86' lang='lat' dir='ltr'>Et</span> <span class='ocrx_word' id='word_1_599' title='bbox 1599 1171 1670 1206; x_wconf 89' lang='lat' dir='ltr'>quia</span> <span class='ocrx_word' id='word_1_600' title='bbox 1692 1171 1754 1206; x_wconf 92' lang='lat' dir='ltr'>ipse</span> 
     </span>
     <span class='ocr_line' id='line_1_78' title="bbox 982 1216 1755 1252; baseline 0.001 -9"><span class='ocrx_word' id='word_1_601' title='bbox 982 1216 1064 1250; x_wconf 86' lang='lat' dir='ltr'>vitis,</span> <span class='ocrx_word' id='word_1_602' title='bbox 1081 1219 1108 1244; x_wconf 86' lang='lat' dir='ltr'>et</span> <span class='ocrx_word' id='word_1_603' title='bbox 1122 1217 1176 1251; x_wconf 88' lang='lat' dir='ltr'>ipsi</span> <span class='ocrx_word' id='word_1_604' title='bbox 1190 1216 1343 1251; x_wconf 58' lang='lat' dir='ltr'>palmites.</span> <span class='ocrx_word' id='word_1_605' title='bbox 1358 1217 1426 1244; x_wconf 68' lang='lat' dir='ltr'>ideo</span> <span class='ocrx_word' id='word_1_606' title='bbox 1440 1216 1540 1244; x_wconf 86' lang='lat' dir='ltr'>subdit</span> <span class='ocrx_word' id='word_1_607' title='bbox 1554 1217 1600 1252; x_wconf 84' lang='lat' dir='ltr'>(v.</span> <span class='ocrx_word' id='word_1_608' title='bbox 1617 1217 1652 1252; x_wconf 77' lang='lat'>4)</span> <span class='ocrx_word' id='word_1_609' title='bbox 1668 1226 1676 1243; x_wconf 88' lang='lat'><strong>:</strong></span> <span class='ocrx_word' id='word_1_610' title='bbox 1693 1218 1755 1244; x_wconf 84' lang='lat' dir='ltr'>Ma-</span> 
     </span>
     <span class='ocr_line' id='line_1_79' title="bbox 982 1262 1754 1298; baseline 0.003 -10"><span class='ocrx_word' id='word_1_611' title='bbox 982 1265 1040 1289; x_wconf 79' lang='lat' dir='ltr'>uete</span> <span class='ocrx_word' id='word_1_612' title='bbox 1052 1265 1081 1289; x_wconf 76' lang='lat' dir='ltr'>tn</span> <span class='ocrx_word' id='word_1_613' title='bbox 1096 1271 1135 1289; x_wconf 83' lang='lat' dir='ltr'>me</span> <span class='ocrx_word' id='word_1_614' title='bbox 1148 1283 1156 1296; x_wconf 85' lang='lat'>,</span> <span class='ocrx_word' id='word_1_615' title='bbox 1174 1263 1248 1290; x_wconf 89' lang='lat' dir='ltr'>sicut</span> <span class='ocrx_word' id='word_1_616' title='bbox 1268 1263 1298 1290; x_wconf 92' lang='lat' dir='ltr'>in</span> <span class='ocrx_word' id='word_1_617' title='bbox 1319 1262 1376 1290; x_wconf 88' lang='lat' dir='ltr'>vite</span> <span class='ocrx_word' id='word_1_618' title='bbox 1399 1262 1566 1290; x_wconf 86' lang='lat' dir='ltr'>vivificante</span> <span class='ocrx_word' id='word_1_619' title='bbox 1581 1271 1588 1290; x_wconf 76' lang='grc' dir='ltr'>ε</span> <span class='ocrx_word' id='word_1_620' title='bbox 1604 1264 1640 1290; x_wconf 78' lang='lat' dir='ltr'>Ec</span> <span class='ocrx_word' id='word_1_621' title='bbox 1659 1271 1705 1298; x_wconf 73' lang='lat' dir='ltr'>eqo</span> <span class='ocrx_word' id='word_1_622' title='bbox 1724 1265 1754 1291; x_wconf 79' lang='lat' dir='ltr'>in</span> 
     </span>
     <span class='ocr_line' id='line_1_80' title="bbox 982 1308 1755 1345; baseline 0.003 -11"><span class='ocrx_word' id='word_1_623' title='bbox 982 1309 1057 1335; x_wconf 75' lang='lat' dir='ltr'>uobis</span> <span class='ocrx_word' id='word_1_624' title='bbox 1065 1328 1074 1342; x_wconf 89' lang='lat'>,</span> <span class='ocrx_word' id='word_1_625' title='bbox 1090 1308 1198 1335; x_wconf 87' lang='lat' dir='ltr'>scilicet</span> <span class='ocrx_word' id='word_1_626' title='bbox 1210 1311 1241 1336; x_wconf 90' lang='lat' dir='ltr'>ut</span> <span class='ocrx_word' id='word_1_627' title='bbox 1252 1309 1312 1337; x_wconf 87' lang='lat' dir='ltr'>vita</span> <span class='ocrx_word' id='word_1_628' title='bbox 1322 1309 1359 1345; x_wconf 85' lang='lat' dir='ltr'>(b)</span> <span class='ocrx_word' id='word_1_629' title='bbox 1371 1309 1533 1336; x_wconf 80' lang='lat' dir='ltr'>vivificans.</span> <span class='ocrx_word' id='word_1_630' title='bbox 1549 1310 1642 1345; x_wconf 85' lang='lat' dir='ltr'>Supra</span> <span class='ocrx_word' id='word_1_631' title='bbox 1656 1309 1755 1345; x_wconf 83' lang='lat' dir='ltr'>proxi-</span> 
     </span>
     <span class='ocr_line' id='line_1_81' title="bbox 983 1355 1754 1390; baseline 0.003 -8"><span class='ocrx_word' id='word_1_632' title='bbox 983 1363 1032 1382; x_wconf 90' lang='lat' dir='ltr'>mo</span> <span class='ocrx_word' id='word_1_633' title='bbox 1048 1356 1065 1373; x_wconf 64' lang='lat'>”²¹</span> <span class='ocrx_word' id='word_1_634' title='bbox 1085 1363 1091 1381; x_wconf 75' lang='grc' dir='ltr'>ι</span> <span class='ocrx_word' id='word_1_635' title='bbox 1111 1365 1123 1380; x_wconf 71' lang='grc' dir='ltr'>α</span> <span class='ocrx_word' id='word_1_636' title='bbox 1139 1357 1200 1390; x_wconf 83' lang='lat' dir='ltr'>Ego</span> <span class='ocrx_word' id='word_1_637' title='bbox 1214 1355 1294 1386; x_wconf 83' lang='lat' dir='ltr'>vivo,</span> <span class='ocrx_word' id='word_1_638' title='bbox 1315 1356 1344 1382; x_wconf 84' lang='lat' dir='ltr'>et</span> <span class='ocrx_word' id='word_1_639' title='bbox 1363 1363 1418 1382; x_wconf 88' lang='lat' dir='ltr'>vos</span> <span class='ocrx_word' id='word_1_640' title='bbox 1437 1355 1549 1383; x_wconf 82' lang='lat' dir='ltr'>vivetis.</span> <span class='ocrx_word' id='word_1_641' title='bbox 1567 1366 1579 1380; x_wconf 75' lang='lat' dir='ltr'><em>n</em></span> <span class='ocrx_word' id='word_1_642' title='bbox 1597 1357 1630 1383; x_wconf 66' lang='lat' dir='ltr'>Et</span> <span class='ocrx_word' id='word_1_643' title='bbox 1649 1355 1686 1383; x_wconf 87' lang='lat' dir='ltr'>de</span> <span class='ocrx_word' id='word_1_644' title='bbox 1701 1356 1754 1384; x_wconf 89' lang='lat' dir='ltr'>ista</span> 
     </span>
     <span class='ocr_line' id='line_1_82' title="bbox 982 1401 1753 1438; baseline 0.003 -10"><span class='ocrx_word' id='word_1_645' title='bbox 982 1401 1138 1429; x_wconf 85' lang='lat' dir='ltr'>benedicta</span> <span class='ocrx_word' id='word_1_646' title='bbox 1151 1401 1211 1429; x_wconf 85' lang='lat' dir='ltr'>vita</span> <span class='ocrx_word' id='word_1_647' title='bbox 1231 1401 1275 1437; x_wconf 75' lang='lat' dir='ltr'>(c),</span> <span class='ocrx_word' id='word_1_648' title='bbox 1295 1402 1325 1429; x_wconf 92' lang='lat' dir='ltr'>in</span> <span class='ocrx_word' id='word_1_649' title='bbox 1343 1402 1504 1430; x_wconf 86' lang='lat' dir='ltr'>Collatione</span> <span class='ocrx_word' id='word_1_650' title='bbox 1525 1402 1558 1430; x_wconf 69' lang='lat'>²².</span> <span class='ocrx_word' id='word_1_651' title='bbox 1574 1402 1631 1430; x_wconf 88' lang='lat' dir='ltr'>Sed</span> <span class='ocrx_word' id='word_1_652' title='bbox 1650 1403 1753 1438; x_wconf 64' lang='lat' dir='ltr'>quaeri-</span> 
     </span>
     <span class='ocr_line' id='line_1_83' title="bbox 983 1448 1754 1483; baseline 0.003 -8"><span class='ocrx_word' id='word_1_653' title='bbox 983 1450 1028 1475; x_wconf 90' lang='lat' dir='ltr'>tur</span> <span class='ocrx_word' id='word_1_654' title='bbox 1046 1448 1171 1483; x_wconf 83' lang='lat' dir='ltr'>qualiter</span> <span class='ocrx_word' id='word_1_655' title='bbox 1192 1448 1231 1475; x_wconf 86' lang='lat' dir='ltr'>ait</span> <span class='ocrx_word' id='word_1_656' title='bbox 1247 1457 1254 1475; x_wconf 86' lang='lat'>:</span> <span class='ocrx_word' id='word_1_657' title='bbox 1275 1450 1330 1483; x_wconf 70' lang='lat' dir='ltr'>Eyo</span> <span class='ocrx_word' id='word_1_658' title='bbox 1349 1456 1406 1475; x_wconf 82' lang='lat' dir='ltr'>sum</span> <span class='ocrx_word' id='word_1_659' title='bbox 1423 1450 1491 1475; x_wconf 83' lang='lat' dir='ltr'>vitis</span> <span class='ocrx_word' id='word_1_660' title='bbox 1509 1457 1589 1483; x_wconf 81' lang='lat' dir='ltr'>vera,</span> <span class='ocrx_word' id='word_1_661' title='bbox 1608 1456 1676 1476; x_wconf 91' lang='lat' dir='ltr'>cum</span> <span class='ocrx_word' id='word_1_662' title='bbox 1692 1449 1754 1477; x_wconf 85' lang='lat' dir='ltr'>haec</span> 
     </span>
     <span class='ocr_line' id='line_1_84' title="bbox 982 1494 1754 1530; baseline 0.003 -9"><span class='ocrx_word' id='word_1_663' title='bbox 982 1494 1121 1528; x_wconf 84' lang='lat' dir='ltr'>nomina,</span> <span class='ocrx_word' id='word_1_664' title='bbox 1138 1494 1245 1522; x_wconf 87' lang='lat' dir='ltr'>scilicet</span> <span class='ocrx_word' id='word_1_665' title='bbox 1259 1494 1328 1522; x_wconf 88' lang='lat' dir='ltr'>Vitis</span> <span class='ocrx_word' id='word_1_666' title='bbox 1342 1515 1350 1527; x_wconf 93' lang='lat'>,</span> <span class='ocrx_word' id='word_1_667' title='bbox 1372 1495 1428 1522; x_wconf 92' lang='lat' dir='ltr'>Leo</span> <span class='ocrx_word' id='word_1_668' title='bbox 1440 1515 1448 1528; x_wconf 89' lang='lat'>,</span> <span class='ocrx_word' id='word_1_669' title='bbox 1468 1496 1495 1521; x_wconf 88' lang='lat' dir='ltr'>et</span> <span class='ocrx_word' id='word_1_670' title='bbox 1518 1495 1601 1530; x_wconf 87' lang='lat' dir='ltr'>Lapis</span> <span class='ocrx_word' id='word_1_671' title='bbox 1619 1495 1754 1523; x_wconf 88' lang='lat' dir='ltr'>dicantur</span> 
     </span>
     <span class='ocr_line' id='line_1_85' title="bbox 983 1540 1753 1576; baseline 0.003 -9"><span class='ocrx_word' id='word_1_672' title='bbox 983 1540 1020 1567; x_wconf 93' lang='lat' dir='ltr'>de</span> <span class='ocrx_word' id='word_1_673' title='bbox 1035 1540 1146 1568; x_wconf 74' lang='lat' dir='ltr'>Christo</span> <span class='ocrx_word' id='word_1_674' title='bbox 1162 1548 1216 1576; x_wconf 88' lang='lat' dir='ltr'>per</span> <span class='ocrx_word' id='word_1_675' title='bbox 1230 1540 1461 1575; x_wconf 85' lang='lat' dir='ltr'>similitudinem,</span> <span class='ocrx_word' id='word_1_676' title='bbox 1478 1548 1538 1568; x_wconf 88' lang='lat' dir='ltr'>non</span> <span class='ocrx_word' id='word_1_677' title='bbox 1553 1548 1606 1576; x_wconf 87' lang='lat' dir='ltr'>per</span> <span class='ocrx_word' id='word_1_678' title='bbox 1620 1542 1753 1576; x_wconf 87' lang='lat' dir='ltr'>proprie-</span> 
     </span>
     <span class='ocr_line' id='line_1_86' title="bbox 983 1587 1755 1621; baseline 0.001 -7"><span class='ocrx_word' id='word_1_679' title='bbox 983 1588 1070 1614; x_wconf 84' lang='lat' dir='ltr'>tatem</span> <span class='ocrx_word' id='word_1_680' title='bbox 1087 1595 1093 1614; x_wconf 92' lang='lat'>:</span> <span class='ocrx_word' id='word_1_681' title='bbox 1110 1594 1181 1621; x_wconf 79' lang='lat' dir='ltr'>ergo</span> <span class='ocrx_word' id='word_1_682' title='bbox 1202 1594 1256 1613; x_wconf 89' lang='lat' dir='ltr'>nec</span> <span class='ocrx_word' id='word_1_683' title='bbox 1286 1587 1449 1614; x_wconf 90' lang='lat' dir='ltr'>secundum</span> <span class='ocrx_word' id='word_1_684' title='bbox 1472 1587 1634 1615; x_wconf 86' lang='lat' dir='ltr'>veritatem.</span> <span class='ocrx_word' id='word_1_685' title='bbox 1659 1589 1691 1615; x_wconf 87' lang='lat' dir='ltr'>Et</span> <span class='ocrx_word' id='word_1_686' title='bbox 1715 1588 1755 1615; x_wconf 88' lang='lat' dir='ltr'>ad</span> 
     </span>
     <span class='ocr_line' id='line_1_87' title="bbox 982 1632 1755 1668; baseline 0.003 -9"><span class='ocrx_word' id='word_1_687' title='bbox 982 1632 1060 1660; x_wconf 86' lang='lat' dir='ltr'>istud</span> <span class='ocrx_word' id='word_1_688' title='bbox 1082 1633 1242 1668; x_wconf 83' lang='lat' dir='ltr'>respondet</span> <span class='ocrx_word' id='word_1_689' title='bbox 1256 1633 1435 1668; x_wconf 80' lang='lat' dir='ltr'>Augustinus</span> <span class='ocrx_word' id='word_1_690' title='bbox 1450 1633 1482 1667; x_wconf 71' lang='lat'>⁵2³,</span> <span class='ocrx_word' id='word_1_691' title='bbox 1508 1633 1591 1668; x_wconf 87' lang='lat' dir='ltr'>quod</span> <span class='ocrx_word' id='word_1_692' title='bbox 1617 1644 1630 1658; x_wconf 74' lang='grc' dir='ltr'><strong>κ</strong></span> <span class='ocrx_word' id='word_1_693' title='bbox 1649 1633 1755 1661; x_wconf 86' lang='lat' dir='ltr'>dicitur</span> 
     </span>
     <span class='ocr_line' id='line_1_88' title="bbox 982 1678 1751 1713; baseline 0.003 -8"><span class='ocrx_word' id='word_1_694' title='bbox 982 1678 1048 1705; x_wconf 89' lang='lat' dir='ltr'>vitis</span> <span class='ocrx_word' id='word_1_695' title='bbox 1059 1686 1130 1706; x_wconf 86' lang='lat' dir='ltr'>vera</span> <span class='ocrx_word' id='word_1_696' title='bbox 1137 1678 1175 1706; x_wconf 91' lang='lat' dir='ltr'>ad</span> <span class='ocrx_word' id='word_1_697' title='bbox 1185 1679 1413 1706; x_wconf 88' lang='lat' dir='ltr'>discernendum</span> <span class='ocrx_word' id='word_1_698' title='bbox 1423 1679 1472 1713; x_wconf 86' lang='lat' dir='ltr'>(d),</span> <span class='ocrx_word' id='word_1_699' title='bbox 1484 1679 1529 1706; x_wconf 90' lang='lat' dir='ltr'>cui</span> <span class='ocrx_word' id='word_1_700' title='bbox 1541 1679 1651 1706; x_wconf 89' lang='lat' dir='ltr'>dictum</span> <span class='ocrx_word' id='word_1_701' title='bbox 1661 1681 1703 1707; x_wconf 90' lang='lat' dir='ltr'>est</span> <span class='ocrx_word' id='word_1_702' title='bbox 1712 1679 1751 1707; x_wconf 69' lang='lat'>2⁶:</span> 
     </span>
     <span class='ocr_line' id='line_1_89' title="bbox 982 1725 1753 1759; baseline 0.003 -8"><span class='ocrx_word' id='word_1_703' title='bbox 982 1725 1115 1758; x_wconf 83' lang='lat' dir='ltr'>Quomodo</span> <span class='ocrx_word' id='word_1_704' title='bbox 1134 1733 1257 1752; x_wconf 80' lang='lat' dir='ltr'>conversa</span> <span class='ocrx_word' id='word_1_705' title='bbox 1272 1733 1297 1752; x_wconf 83' lang='lat' dir='ltr'>es</span> <span class='ocrx_word' id='word_1_706' title='bbox 1315 1727 1345 1751; x_wconf 85' lang='lat' dir='ltr'>in</span> <span class='ocrx_word' id='word_1_707' title='bbox 1365 1725 1591 1759; x_wconf 78' lang='lat' dir='ltr'>amaritudinem,</span> <span class='ocrx_word' id='word_1_708' title='bbox 1605 1726 1670 1752; x_wconf 79' lang='lat' dir='ltr'>vitis</span> <span class='ocrx_word' id='word_1_709' title='bbox 1689 1727 1753 1753; x_wconf 80' lang='lat' dir='ltr'>alie-</span> 
     </span>
     <span class='ocr_line' id='line_1_90' title="bbox 982 1771 1750 1808; baseline 0.001 -9"><span class='ocrx_word' id='word_1_710' title='bbox 982 1774 1038 1799; x_wconf 78' lang='lat' dir='ltr'>na?</span> <span class='ocrx_word' id='word_1_711' title='bbox 1050 1782 1063 1797; x_wconf 75' lang='lat' dir='ltr'>n</span> <span class='ocrx_word' id='word_1_712' title='bbox 1080 1773 1153 1799; x_wconf 88' lang='lat' dir='ltr'>Vera</span> <span class='ocrx_word' id='word_1_713' title='bbox 1168 1779 1239 1806; x_wconf 77' lang='lat' dir='ltr'>ergo</span> <span class='ocrx_word' id='word_1_714' title='bbox 1256 1771 1363 1799; x_wconf 87' lang='lat' dir='ltr'>dicitur</span> <span class='ocrx_word' id='word_1_715' title='bbox 1376 1771 1455 1806; x_wconf 82' lang='lat' dir='ltr'>vitis,</span> <span class='ocrx_word' id='word_1_716' title='bbox 1472 1772 1542 1807; x_wconf 89' lang='lat' dir='ltr'>quia</span> <span class='ocrx_word' id='word_1_717' title='bbox 1561 1780 1622 1799; x_wconf 88' lang='lat' dir='ltr'>non</span> <span class='ocrx_word' id='word_1_718' title='bbox 1636 1772 1731 1800; x_wconf 86' lang='lat' dir='ltr'>aliena</span> <span class='ocrx_word' id='word_1_719' title='bbox 1742 1794 1750 1808; x_wconf 92' lang='lat'><em>‚</em></span> 
     </span>
     <span class='ocr_line' id='line_1_91' title="bbox 983 1817 1752 1853; baseline 0.001 -8"><span class='ocrx_word' id='word_1_720' title='bbox 983 1820 1010 1846; x_wconf 90' lang='lat' dir='ltr'>et</span> <span class='ocrx_word' id='word_1_721' title='bbox 1032 1818 1102 1853; x_wconf 86' lang='lat' dir='ltr'>quia</span> <span class='ocrx_word' id='word_1_722' title='bbox 1122 1817 1269 1845; x_wconf 86' lang='lat' dir='ltr'>fructifera</span> <span class='ocrx_word' id='word_1_723' title='bbox 1290 1817 1365 1845; x_wconf 84' lang='lat' dir='ltr'>vitis.</span> <span class='ocrx_word' id='word_1_724' title='bbox 1390 1819 1460 1845; x_wconf 88' lang='lat' dir='ltr'>Item</span> <span class='ocrx_word' id='word_1_725' title='bbox 1483 1818 1633 1853; x_wconf 81' lang='lat' dir='ltr'>quaeritur,</span> <span class='ocrx_word' id='word_1_726' title='bbox 1647 1826 1752 1846; x_wconf 85' lang='lat' dir='ltr'>secuu-</span> 
     </span>
     <span class='ocr_line' id='line_1_92' title="bbox 983 1864 1752 1900; baseline 0.001 -8"><span class='ocrx_word' id='word_1_727' title='bbox 983 1865 1055 1892; x_wconf 91' lang='lat' dir='ltr'>dum</span> <span class='ocrx_word' id='word_1_728' title='bbox 1069 1872 1160 1900; x_wconf 85' lang='lat' dir='ltr'>quam</span> <span class='ocrx_word' id='word_1_729' title='bbox 1174 1865 1311 1892; x_wconf 87' lang='lat' dir='ltr'>naturam</span> <span class='ocrx_word' id='word_1_730' title='bbox 1326 1864 1432 1891; x_wconf 88' lang='lat' dir='ltr'>dicitur</span> <span class='ocrx_word' id='word_1_731' title='bbox 1446 1864 1512 1891; x_wconf 91' lang='lat' dir='ltr'>vitis</span> <span class='ocrx_word' id='word_1_732' title='bbox 1524 1873 1530 1891; x_wconf 74' lang='grc' dir='ltr'>ε</span> <span class='ocrx_word' id='word_1_733' title='bbox 1542 1864 1658 1892; x_wconf 88' lang='lat' dir='ltr'>videtur</span> <span class='ocrx_word' id='word_1_734' title='bbox 1670 1865 1752 1900; x_wconf 87' lang='lat' dir='ltr'>quod</span> 
     </span>
     <span class='ocr_line' id='line_1_93' title="bbox 983 1910 1752 1946; baseline 0.001 -8"><span class='ocrx_word' id='word_1_735' title='bbox 983 1910 1146 1938; x_wconf 87' lang='lat' dir='ltr'>secundum</span> <span class='ocrx_word' id='word_1_736' title='bbox 1171 1911 1332 1938; x_wconf 82' lang='lat' dir='ltr'>humanam</span> <span class='ocrx_word' id='word_1_737' title='bbox 1347 1930 1356 1944; x_wconf 93' lang='lat'>,</span> <span class='ocrx_word' id='word_1_738' title='bbox 1379 1910 1449 1945; x_wconf 88' lang='lat' dir='ltr'>quia</span> <span class='ocrx_word' id='word_1_739' title='bbox 1471 1910 1544 1938; x_wconf 86' lang='lat' dir='ltr'>vites</span> <span class='ocrx_word' id='word_1_740' title='bbox 1567 1912 1595 1938; x_wconf 90' lang='lat' dir='ltr'>et</span> <span class='ocrx_word' id='word_1_741' title='bbox 1617 1911 1752 1946; x_wconf 87' lang='lat' dir='ltr'>palmites</span> 
     </span>
     <span class='ocr_line' id='line_1_94' title="bbox 982 1957 1750 1992; baseline 0 -8"><span class='ocrx_word' id='word_1_742' title='bbox 982 1958 1049 1985; x_wconf 90' lang='lat' dir='ltr'>sunt</span> <span class='ocrx_word' id='word_1_743' title='bbox 1072 1957 1158 1984; x_wconf 87' lang='lat' dir='ltr'>unius</span> <span class='ocrx_word' id='word_1_744' title='bbox 1173 1959 1298 1990; x_wconf 82' lang='lat' dir='ltr'>naturae,</span> <span class='ocrx_word' id='word_1_745' title='bbox 1322 1957 1485 1984; x_wconf 85' lang='lat' dir='ltr'>secundum</span> <span class='ocrx_word' id='word_1_746' title='bbox 1512 1957 1705 1992; x_wconf 82' lang='lat' dir='ltr'>Augustinum</span> <span class='ocrx_word' id='word_1_747' title='bbox 1719 1958 1750 1984; x_wconf 72' lang='lat'>²⁵.</span> 
     </span>
     <span class='ocr_line' id='line_1_95' title="bbox 982 2003 1752 2038; baseline -0.001 -7"><span class='ocrx_word' id='word_1_748' title='bbox 982 2003 1026 2031; x_wconf 85' lang='lat' dir='ltr'>Ad</span> <span class='ocrx_word' id='word_1_749' title='bbox 1049 2003 1228 2031; x_wconf 89' lang='lat' dir='ltr'>contrarium</span> <span class='ocrx_word' id='word_1_750' title='bbox 1244 2003 1389 2037; x_wconf 86' lang='lat' dir='ltr'>arguitur,</span> <span class='ocrx_word' id='word_1_751' title='bbox 1405 2003 1487 2038; x_wconf 86' lang='lat' dir='ltr'>quod</span> <span class='ocrx_word' id='word_1_752' title='bbox 1506 2003 1571 2030; x_wconf 90' lang='lat' dir='ltr'>vitis</span> <span class='ocrx_word' id='word_1_753' title='bbox 1588 2003 1694 2030; x_wconf 90' lang='lat' dir='ltr'>dicitur</span> <span class='ocrx_word' id='word_1_754' title='bbox 1710 2012 1752 2030; x_wconf 88' lang='lat' dir='ltr'>se-</span> 
     </span>
     <span class='ocr_line' id='line_1_96' title="bbox 983 2049 1752 2085; baseline -0.003 -7"><span class='ocrx_word' id='word_1_755' title='bbox 983 2049 1113 2078; x_wconf 85' lang='lat' dir='ltr'>cundum</span> <span class='ocrx_word' id='word_1_756' title='bbox 1143 2049 1224 2085; x_wconf 91' lang='lat' dir='ltr'>quod</span> <span class='ocrx_word' id='word_1_757' title='bbox 1250 2049 1345 2076; x_wconf 89' lang='lat' dir='ltr'>influit</span> <span class='ocrx_word' id='word_1_758' title='bbox 1374 2049 1404 2076; x_wconf 90' lang='lat' dir='ltr'>in</span> <span class='ocrx_word' id='word_1_759' title='bbox 1429 2049 1564 2085; x_wconf 84' lang='lat' dir='ltr'>palmites</span> <span class='ocrx_word' id='word_1_760' title='bbox 1589 2049 1752 2084; x_wconf 82' lang='lat' dir='ltr'>spirituales</span> 
     </span>
     <span class='ocr_line' id='line_1_97' title="bbox 981 2095 1751 2130; baseline -0.003 -6"><span class='ocrx_word' id='word_1_761' title='bbox 981 2097 1126 2124; x_wconf 88' lang='lat' dir='ltr'>honorem</span> <span class='ocrx_word' id='word_1_762' title='bbox 1140 2095 1290 2123; x_wconf 81' lang='lat' dir='ltr'>vivificum</span> <span class='ocrx_word' id='word_1_763' title='bbox 1305 2095 1403 2130; x_wconf 84' lang='lat' dir='ltr'>gratiae</span> <span class='ocrx_word' id='word_1_764' title='bbox 1426 2104 1432 2122; x_wconf 90' lang='lat'>:</span> <span class='ocrx_word' id='word_1_765' title='bbox 1457 2095 1509 2122; x_wconf 89' lang='lat' dir='ltr'>sed</span> <span class='ocrx_word' id='word_1_766' title='bbox 1529 2095 1570 2122; x_wconf 90' lang='lat' dir='ltr'>sic</span> <span class='ocrx_word' id='word_1_767' title='bbox 1591 2095 1686 2123; x_wconf 88' lang='lat' dir='ltr'>influit</span> <span class='ocrx_word' id='word_1_768' title='bbox 1705 2103 1751 2123; x_wconf 92' lang='lat' dir='ltr'>se-</span> 
     </span>
     <span class='ocr_line' id='line_1_98' title="bbox 982 2138 1752 2178; baseline -0.001 -8"><span class='ocrx_word' id='word_1_769' title='bbox 982 2138 1121 2170; x_wconf 69' lang='lat' dir='ltr'>cundum&#39;</span> <span class='ocrx_word' id='word_1_770' title='bbox 1133 2142 1215 2178; x_wconf 88' lang='lat' dir='ltr'>quod</span> <span class='ocrx_word' id='word_1_771' title='bbox 1235 2143 1308 2169; x_wconf 79' lang='lat' dir='ltr'>Deus</span> <span class='ocrx_word' id='word_1_772' title='bbox 1324 2151 1330 2169; x_wconf 94' lang='lat'><strong>:</strong></span> <span class='ocrx_word' id='word_1_773' title='bbox 1348 2149 1419 2177; x_wconf 82' lang='lat' dir='ltr'>ergo</span> <span class='ocrx_word' id='word_1_774' title='bbox 1438 2141 1505 2169; x_wconf 86' lang='lat' dir='ltr'>vitis</span> <span class='ocrx_word' id='word_1_775' title='bbox 1528 2143 1570 2169; x_wconf 92' lang='lat' dir='ltr'>est</span> <span class='ocrx_word' id='word_1_776' title='bbox 1589 2141 1752 2169; x_wconf 88' lang='lat' dir='ltr'>secundum</span> 
     </span>
     <span class='ocr_line' id='line_1_99' title="bbox 982 2188 1750 2223; baseline 0 -7"><span class='ocrx_word' id='word_1_777' title='bbox 982 2189 1113 2217; x_wconf 88' lang='lat' dir='ltr'>divinam</span> <span class='ocrx_word' id='word_1_778' title='bbox 1127 2190 1274 2216; x_wconf 87' lang='lat' dir='ltr'>naturam.</span> <span class='ocrx_word' id='word_1_779' title='bbox 1290 2190 1321 2216; x_wconf 91' lang='lat' dir='ltr'>Et</span> <span class='ocrx_word' id='word_1_780' title='bbox 1341 2188 1379 2215; x_wconf 90' lang='lat' dir='ltr'>ad</span> <span class='ocrx_word' id='word_1_781' title='bbox 1397 2188 1475 2215; x_wconf 90' lang='lat' dir='ltr'>istud</span> <span class='ocrx_word' id='word_1_782' title='bbox 1490 2188 1732 2223; x_wconf 87' lang='lat' dir='ltr'>respondendum</span> <span class='ocrx_word' id='word_1_783' title='bbox 1742 2210 1750 2223; x_wconf 90' lang='lat'>,</span> 
     </span>
     <span class='ocr_line' id='line_1_100' title="bbox 982 2234 1753 2271; baseline 0 -9"><span class='ocrx_word' id='word_1_784' title='bbox 982 2235 1065 2271; x_wconf 89' lang='lat' dir='ltr'>quod</span> <span class='ocrx_word' id='word_1_785' title='bbox 1085 2235 1220 2270; x_wconf 61' lang='lat' dir='ltr'>quaedam</span> <span class='ocrx_word' id='word_1_786' title='bbox 1239 2234 1376 2262; x_wconf 89' lang='lat' dir='ltr'>dicuntur</span> <span class='ocrx_word' id='word_1_787' title='bbox 1395 2234 1431 2261; x_wconf 90' lang='lat' dir='ltr'>de</span> <span class='ocrx_word' id='word_1_788' title='bbox 1456 2234 1566 2262; x_wconf 85' lang='lat' dir='ltr'>Christo</span> <span class='ocrx_word' id='word_1_789' title='bbox 1590 2234 1753 2262; x_wconf 89' lang='lat' dir='ltr'>secundum</span> 
     </span>
     <span class='ocr_line' id='line_1_101' title="bbox 983 2280 1752 2316; baseline -0.003 -6"><span class='ocrx_word' id='word_1_790' title='bbox 983 2284 1118 2310; x_wconf 88' lang='lat' dir='ltr'>naturam</span> <span class='ocrx_word' id='word_1_791' title='bbox 1133 2281 1280 2313; x_wconf 84' lang='lat' dir='ltr'>divinam,</span> <span class='ocrx_word' id='word_1_792' title='bbox 1298 2281 1437 2316; x_wconf 81' lang='lat' dir='ltr'>quaedam</span> <span class='ocrx_word' id='word_1_793' title='bbox 1460 2280 1623 2308; x_wconf 83' lang='lat' dir='ltr'>secundum</span> <span class='ocrx_word' id='word_1_794' title='bbox 1645 2281 1752 2308; x_wconf 87' lang='lat' dir='ltr'>huma-</span> 
     </span>
     <span class='ocr_line' id='line_1_102' title="bbox 982 2326 1753 2362; baseline -0.003 -6"><span class='ocrx_word' id='word_1_795' title='bbox 982 2335 1052 2356; x_wconf 87' lang='lat' dir='ltr'>nam</span> <span class='ocrx_word' id='word_1_796' title='bbox 1065 2330 1097 2356; x_wconf 82' lang='lat' dir='ltr'>ut</span> <span class='ocrx_word' id='word_1_797' title='bbox 1110 2328 1223 2355; x_wconf 89' lang='lat' dir='ltr'>unitam</span> <span class='ocrx_word' id='word_1_798' title='bbox 1237 2327 1344 2355; x_wconf 80' lang='lat' dir='ltr'>divinae</span> <span class='ocrx_word' id='word_1_799' title='bbox 1359 2328 1484 2360; x_wconf 77' lang='lat' dir='ltr'>naturae,</span> <span class='ocrx_word' id='word_1_800' title='bbox 1500 2326 1573 2354; x_wconf 85' lang='lat' dir='ltr'>sicut</span> <span class='ocrx_word' id='word_1_801' title='bbox 1587 2327 1669 2362; x_wconf 91' lang='lat' dir='ltr'>quod</span> <span class='ocrx_word' id='word_1_802' title='bbox 1684 2327 1753 2354; x_wconf 68' lang='lat' dir='ltr'>est²⁶</span> 
     </span>
    </p>
   </div>
   <div class='ocr_carea' id='block_1_9' title="bbox 983 2416 1753 2554">
    <p class='ocr_par' dir='ltr' id='par_1_10' title="bbox 983 2416 1753 2554">
     <span class='ocr_line' id='line_1_103' title="bbox 984 2416 1753 2446; baseline -0.001 -5"><span class='ocrx_word' id='word_1_803' title='bbox 984 2424 1094 2441; x_wconf 87' lang='lat' dir='ltr'>sensum.</span> <span class='ocrx_word' id='word_1_804' title='bbox 1118 2430 1148 2434; x_wconf 97' lang='lat'><strong>—</strong></span> <span class='ocrx_word' id='word_1_805' title='bbox 1171 2417 1188 2430; x_wconf 73' lang='lat'>¹³</span> <span class='ocrx_word' id='word_1_806' title='bbox 1209 2416 1276 2440; x_wconf 83' lang='lat' dir='ltr'>Psal.</span> <span class='ocrx_word' id='word_1_807' title='bbox 1302 2422 1331 2445; x_wconf 85' lang='lat' dir='ltr'>L,</span> <span class='ocrx_word' id='word_1_808' title='bbox 1353 2418 1391 2440; x_wconf 78' lang='lat'>19.</span> <span class='ocrx_word' id='word_1_809' title='bbox 1415 2428 1445 2434; x_wconf 92' lang='lat'><em>-</em></span> <span class='ocrx_word' id='word_1_810' title='bbox 1467 2416 1487 2432; x_wconf 78' lang='lat'>¹⁹</span> <span class='ocrx_word' id='word_1_811' title='bbox 1509 2416 1577 2445; x_wconf 76' lang='lat' dir='ltr'>Luc..</span> <span class='ocrx_word' id='word_1_812' title='bbox 1598 2422 1638 2446; x_wconf 75' lang='lat' dir='ltr'>xi,</span> <span class='ocrx_word' id='word_1_813' title='bbox 1663 2418 1701 2440; x_wconf 77' lang='lat'>41.</span> <span class='ocrx_word' id='word_1_814' title='bbox 1723 2429 1753 2434; x_wconf 92' lang='lat'>—</span> 
     </span>
     <span class='ocr_line' id='line_1_104' title="bbox 983 2451 1751 2482; baseline -0.001 -6"><span class='ocrx_word' id='word_1_815' title='bbox 983 2453 1022 2476; x_wconf 80' lang='lat'>&#39;¹⁰1</span> <span class='ocrx_word' id='word_1_816' title='bbox 1040 2453 1118 2480; x_wconf 52' lang='lat' dir='ltr'>Petu,</span> <span class='ocrx_word' id='word_1_817' title='bbox 1135 2457 1170 2482; x_wconf 85' lang='lat' dir='ltr'>lv,</span> <span class='ocrx_word' id='word_1_818' title='bbox 1183 2453 1207 2475; x_wconf 82' lang='lat'>8.</span> <span class='ocrx_word' id='word_1_819' title='bbox 1219 2464 1249 2469; x_wconf 96' lang='lat'><strong>—</strong></span> <span class='ocrx_word' id='word_1_820' title='bbox 1263 2452 1279 2467; x_wconf 60' lang='grc' dir='ltr'>Ἦ</span> <span class='ocrx_word' id='word_1_821' title='bbox 1297 2453 1369 2481; x_wconf 67' lang='lat' dir='ltr'>Sup„</span> <span class='ocrx_word' id='word_1_822' title='bbox 1385 2457 1438 2481; x_wconf 78' lang='lat' dir='ltr'>xw,</span> <span class='ocrx_word' id='word_1_823' title='bbox 1455 2453 1492 2475; x_wconf 82' lang='lat'>19.</span> <span class='ocrx_word' id='word_1_824' title='bbox 1502 2464 1533 2469; x_wconf 98' lang='lat'>—</span> <span class='ocrx_word' id='word_1_825' title='bbox 1545 2452 1566 2467; x_wconf 66' lang='grc' dir='ltr'>Ἡ</span> <span class='ocrx_word' id='word_1_826' title='bbox 1577 2451 1632 2476; x_wconf 90' lang='lat' dir='ltr'>Vid.</span> <span class='ocrx_word' id='word_1_827' title='bbox 1649 2451 1751 2480; x_wconf 75' lang='lat' dir='ltr'>Cenat..</span> 
     </span>
     <span class='ocr_line' id='line_1_105' title="bbox 985 2487 1752 2518; baseline -0.003 -6"><span class='ocrx_word' id='word_1_828' title='bbox 985 2494 1063 2512; x_wconf 40' lang='lat' dir='ltr'>mvn,</span> <span class='ocrx_word' id='word_1_829' title='bbox 1080 2500 1109 2504; x_wconf 98' lang='lat'><strong>—</strong></span> <span class='ocrx_word' id='word_1_830' title='bbox 1124 2488 1142 2503; x_wconf 77' lang='lat'>2³</span> <span class='ocrx_word' id='word_1_831' title='bbox 1159 2489 1233 2518; x_wconf 64' lang='lat' dir='ltr'>Aug„</span> <span class='ocrx_word' id='word_1_832' title='bbox 1251 2487 1294 2511; x_wconf 83' lang='lat' dir='ltr'>uhi</span> <span class='ocrx_word' id='word_1_833' title='bbox 1314 2494 1381 2518; x_wconf 89' lang='lat' dir='ltr'>sup.,</span> <span class='ocrx_word' id='word_1_834' title='bbox 1395 2494 1420 2511; x_wconf 87' lang='lat' dir='ltr'>u.</span> <span class='ocrx_word' id='word_1_835' title='bbox 1440 2489 1459 2510; x_wconf 75' lang='grc' dir='ltr'>ι.</span> <span class='ocrx_word' id='word_1_836' title='bbox 1474 2499 1505 2504; x_wconf 91' lang='lat'>-—</span> <span class='ocrx_word' id='word_1_837' title='bbox 1519 2487 1538 2502; x_wconf 76' lang='lat'>2⁴</span> <span class='ocrx_word' id='word_1_838' title='bbox 1552 2487 1653 2517; x_wconf 60' lang='lat' dir='ltr'>Jerem„</span> <span class='ocrx_word' id='word_1_839' title='bbox 1668 2492 1696 2516; x_wconf 85' lang='lat'>11,</span> <span class='ocrx_word' id='word_1_840' title='bbox 1712 2488 1752 2510; x_wconf 80' lang='lat'>21.</span> 
     </span>
     <span class='ocr_line' id='line_1_106' title="bbox 983 2522 1497 2554; baseline -0.002 -7"><span class='ocrx_word' id='word_1_841' title='bbox 983 2536 1013 2542; x_wconf 91' lang='lat'>—-</span> <span class='ocrx_word' id='word_1_842' title='bbox 1029 2524 1048 2540; x_wconf 73' lang='lat'>²⁵</span> <span class='ocrx_word' id='word_1_843' title='bbox 1063 2525 1139 2554; x_wconf 61' lang='lat' dir='ltr'>Aug,</span> <span class='ocrx_word' id='word_1_844' title='bbox 1155 2523 1215 2547; x_wconf 86' lang='lat' dir='ltr'>ibid.</span> <span class='ocrx_word' id='word_1_845' title='bbox 1230 2535 1258 2540; x_wconf 94' lang='lat'>—</span> <span class='ocrx_word' id='word_1_846' title='bbox 1273 2523 1292 2538; x_wconf 74' lang='lat'>2³</span> <span class='ocrx_word' id='word_1_847' title='bbox 1305 2522 1404 2553; x_wconf 78' lang='lat' dir='ltr'>Ephes.,</span> <span class='ocrx_word' id='word_1_848' title='bbox 1421 2527 1444 2552; x_wconf 88' lang='lat' dir='ltr'>v,</span> <span class='ocrx_word' id='word_1_849' title='bbox 1458 2523 1497 2547; x_wconf 85' lang='lat'>20.</span> 
     </span>
    </p>
   </div>
   <div class='ocr_carea' id='block_1_10' title="bbox 984 2574 1752 2643">
    <p class='ocr_par' dir='ltr' id='par_1_11' title="bbox 984 2574 1752 2643">
     <span class='ocr_line' id='line_1_107' title="bbox 1016 2574 1752 2607; baseline -0.001 -8"><span class='ocrx_word' id='word_1_850' title='bbox 1016 2577 1048 2607; x_wconf 84' lang='grc' dir='ltr'>(ιι)</span> <span class='ocrx_word' id='word_1_851' title='bbox 1067 2577 1140 2607; x_wconf 71' lang='lat' dir='ltr'>Vulg.</span> <span class='ocrx_word' id='word_1_852' title='bbox 1160 2576 1248 2606; x_wconf 70' lang='lat' dir='ltr'>operit.</span> <span class='ocrx_word' id='word_1_853' title='bbox 1263 2588 1292 2594; x_wconf 91' lang='lat'>—</span> <span class='ocrx_word' id='word_1_854' title='bbox 1311 2577 1341 2606; x_wconf 78' lang='lat' dir='ltr'>(b)</span> <span class='ocrx_word' id='word_1_855' title='bbox 1368 2576 1482 2600; x_wconf 75' lang='lat' dir='ltr'>Fortasse</span> <span class='ocrx_word' id='word_1_856' title='bbox 1499 2575 1627 2606; x_wconf 73' lang='lat' dir='ltr'>leyendum</span> <span class='ocrx_word' id='word_1_857' title='bbox 1642 2574 1707 2598; x_wconf 82' lang='lat' dir='ltr'>vitis.</span> <span class='ocrx_word' id='word_1_858' title='bbox 1722 2588 1752 2592; x_wconf 91' lang='lat'>-—</span> 
     </span>
     <span class='ocr_line' id='line_1_108' title="bbox 984 2610 1514 2643; baseline 0 -7"><span class='ocrx_word' id='word_1_859' title='bbox 984 2612 1015 2643; x_wconf 84' lang='lat' dir='ltr'>(c)</span> <span class='ocrx_word' id='word_1_860' title='bbox 1029 2612 1085 2643; x_wconf 74' lang='lat' dir='ltr'>Leq.</span> <span class='ocrx_word' id='word_1_861' title='bbox 1101 2612 1161 2636; x_wconf 82' lang='lat' dir='ltr'>vite.</span> <span class='ocrx_word' id='word_1_862' title='bbox 1174 2624 1204 2630; x_wconf 94' lang='lat'>—</span> <span class='ocrx_word' id='word_1_863' title='bbox 1219 2611 1258 2642; x_wconf 82' lang='lat' dir='ltr'>(d)</span> <span class='ocrx_word' id='word_1_864' title='bbox 1276 2611 1362 2643; x_wconf 81' lang='lat' dir='ltr'>suppl.</span> <span class='ocrx_word' id='word_1_865' title='bbox 1377 2618 1405 2635; x_wconf 84' lang='lat' dir='ltr'>se</span> <span class='ocrx_word' id='word_1_866' title='bbox 1419 2611 1451 2636; x_wconf 73' lang='lat' dir='ltr'>ab</span> <span class='ocrx_word' id='word_1_867' title='bbox 1465 2610 1514 2636; x_wconf 82' lang='lat' dir='ltr'>illa.</span> 
     </span>
    </p>
   </div>
  </div>
 </body>
</html>
