1987 3032
748 200 951 232 EXPOSITIO
975 201 1013 231 IN
1036 200 1120 231 CAP.
1147 201 1196 231 IX.
1711 201 1768 231 393

178 281 191 297 «
205 271 262 298 hoc
276 270 331 305 ait,
346 270 448 297 volens
459 277 476 296 a
485 269 528 296 rei
542 268 650 295 scilicet
665 267 745 295 factae
759 266 943 300 testimonio,

175 325 236 345 non
248 325 265 344 a
281 324 334 343 sua
348 323 420 343 voce
435 315 545 350 eripere
561 322 629 342 eum
644 313 682 341 ab
698 313 941 346 incusationibus,

175 366 203 390 et
228 363 350 397 dignum
373 361 432 388 fide
454 360 560 387 facere.
580 370 593 385 »
612 359 692 387 Unde
708 359 809 386 Glossa
828 368 834 385 ;
859 360 943 386 «Nec

174 411 257 444 paret
273 407 439 440 calumniae,
455 414 509 433 nec
529 406 680 433 veritatem
694 405 776 432 celat.
791 415 803 430 »
818 407 840 432 Α
858 405 944 431 mira-

175 454 242 481 culo
257 461 346 488 ergo,
362 455 389 480 et
402 460 463 480 non
479 460 496 479 a
511 459 564 479 suo
580 451 756 485 testimonio,
768 450 861 478 voluit
874 458 942 477 eum

176 499 327 528 ostendere
342 498 402 525 fide
418 498 554 532 dignum.

207 547 251 572 ΞΘ.
269 546 300 572 Ε1
313 544 444 579 sequitur
458 544 588 572 secunda
602 543 759 580 particula,
776 543 806 570 in
821 551 881 578 qua
897 551 943 570 00-

172 593 278 618 nantur
288 591 424 618 inducere
436 598 504 617 eum
519 590 557 617 ad
572 590 742 625 negandum
756 589 941 622 miraculum,

175 646 188 662 «
203 637 313 664 astutiis
330 636 454 663 modum
474 636 631 663 curationis
654 636 942 668 circumscrutantes,

173 682 427 718 quemadmodum
448 689 534 708 canes
548 681 579 708 in
596 681 752 708 venatione
768 681 942 715 investigan-

173 732 224 756 tes.
241 731 272 756 Et
294 736 372 756 nunc
394 727 516 763 quidem
530 728 605 760 huc,
626 735 705 754 nunc
726 727 796 754 illuc
818 727 942 754 circum-

173 777 338 808 currentes,
354 774 392 801 ad
406 774 519 808 priores
531 775 674 800 venerunt
693 781 858 806 sermones,
875 783 888 796 n
904 772 943 800 ait

172 821 395 856 Chrysostomus
410 821 430 845 ¹.
457 821 590 846 Diaeerwzt
615 827 673 853 erqo
695 820 765 846 illi:
785 818 856 851 Quid
879 820 943 851 ferit

173 868 245 894 tibi?
257 868 310 893 etc.
320 868 352 893 Et
361 865 497 892 subditur
507 865 586 892 illius
596 864 749 900 responsio
759 865 797 900 (v.
808 865 852 899 ⁶27)
865 873 870 890 :
882 866 942 891 Res-

170 913 269 947 pondit
288 913 325 939 ez's
340 922 347 938 :
364 913 431 938 Diaei
449 912 520 938 vobis
531 912 600 945 jam.
618 912 650 938 Ut
665 911 742 938 enim
758 911 798 937 ait
811 910 943 945 Augusti-

172 966 228 985 nus
243 960 265 991 2,
281 967 293 983 (ι
309 957 358 985 1110
372 957 434 991 jam
450 957 636 984 stomachans
651 957 791 983 adversus
805 956 942 984 duritiem

171 1004 355 1037 Judaeorum,
369 1003 409 1030 ait
421 1012 427 1029 :
445 1003 517 1034 Quid
533 1004 628 1030 iterum
643 1004 724 1030 vultis
736 1003 943 1030 auclz'rePNum-

171 1051 238 1085 quid
251 1054 275 1077 et
290 1058 334 1077 vos
350 1052 433 1077 vultis
449 1050 578 1084 discipuli
597 1050 651 1083 ejus
664 1051 745 1083 fieri?
761 1049 844 1084 quasi
860 1049 940 1076 dice-

170 1098 213 1123 ret
228 1105 234 1123 :
252 1098 312 1130 Ego
323 1096 386 1129 jam
401 1104 467 1122 sum
482 1095 643 1130 discipulus
659 1096 737 1130 ejus,
751 1096 813 1129 jam
832 1095 918 1122 video
931 1117 939 1130 ,

170 1142 223 1169 sed
237 1149 297 1168 non
311 1141 429 1168 invideo
447 1150 453 1168 ;
468 1151 481 1166 n
503 1141 650 1176 numquid
666 1144 693 1169 et
706 1150 759 1168 vos
775 1141 864 1168 vultis
879 1149 940 1169 esse

171 1187 306 1223 discipuli
327 1188 389 1222 ejus
401 1189 414 1214 ἰ)
436 1187 517 1215 Idem
541 1187 763 1223 Chrysostomus
778 1189 788 1204 ³
805 1197 811 1215 ε
832 1198 844 1212 «
860 1188 940 1223 Seip-

170 1242 235 1261 sum
243 1234 273 1260 in
282 1233 495 1268 discipulorum
506 1233 623 1260 ordinat
632 1236 749 1266 coetum,
759 1234 939 1261 conviciatus

171 1282 212 1307 est
227 1288 287 1307 eos.
303 1290 316 1305 »
330 1281 362 1306 Et
373 1280 452 1314 patet
466 1279 558 1306 libera
573 1279 737 1307 constantia
753 1280 820 1306 caeci
833 1280 940 1307 illumi-

170 1326 231 1354 nati
250 1326 288 1353 ad
310 1325 527 1359 confitendum,
545 1326 625 1353 etad
643 1326 830 1360 arguendum
847 1326 937 1361 ipsos.

204 1374 248 1399 28.
266 1374 297 1399 Et
315 1371 445 1406 sequitur
460 1371 540 1398 tertia
556 1371 712 1406 particula,
730 1373 759 1398 in
773 1380 831 1407 qua
851 1380 939 1399 cona-

168 1419 276 1446 bantur
290 1418 429 1445 inducere
450 1425 517 1444 eum
540 1418 578 1444 ad
593 1418 765 1452 negandum
787 1418 936 1445 conviciis.

168 1465 369 1491 Maledioeeruut
385 1472 443 1497 erqo
460 1465 503 1495 ei,
525 1466 549 1490 et
566 1463 714 1490 dixerunt:
732 1465 770 1490 Τιι
788 1464 939 1498 discipulus

168 1511 243 1536 illius
258 1511 305 1537 sis.
332 1511 363 1536 Ut
386 1509 424 1536 ait
447 1509 624 1543 Augustinus
640 1511 649 1525 t
665 1518 671 1536 ε
690 1519 703 1534 «
720 1510 785 1537 Tale
800 1510 938 1537 maledic-

168 1558 229 1583 tum
247 1555 283 1582 sit
307 1563 395 1590 super
417 1563 489 1589 1105,
504 1556 531 1582 01
546 1563 634 1590 super
647 1555 724 1583 filios
739 1558 864 1583 nostros.
882 1558 938 1584 Ma-

166 1599 309 1627 ledictum
324 1599 402 1626 enim
418 1601 474 1632 est,
488 1599 511 1626 si
527 1608 577 1626 cor
593 1607 697 1627 eorum
713 1600 864 1635 discutias3
876 1608 936 1628 non

167 1648 208 1673 est
223 1648 337 1679 autem,
356 1646 379 1672 si
393 1646 485 1673 verba
499 1646 666 1681 perpendas
683 1655 688 1672 :
705 1656 717 1671 »
735 1654 844 1680 magna
858 1647 936 1673 enim

167 1691 334 1719 benedictio
348 1693 403 1725 est,
420 1692 502 1727 quod
516 1692 606 1719 homo
625 1692 661 1719 sit
679 1692 839 1727 discipulus
859 1693 937 1719 Chri-

168 1735 213 1762 sti.
229 1736 283 1763 Nos
299 1738 386 1762 autem
401 1737 489 1770 Moysi
503 1736 634 1770 discipuli
648 1743 747 1762 samus.
765 1737 797 1762 L't
807 1736 885 1762 enim
898 1737 937 1764 ait

166 1781 389 1816 Chrysostomus
404 1782 413 1797 ⁵
431 1790 437 1808 ε
459 1790 472 1806 «
492 1783 550 1808 Hoc
573 1789 634 1808 non
658 1781 747 1809 habet
767 1782 910 1809 rationem
928 1792 934 1809 ε

166 1827 190 1854 51
212 1828 291 1854 enim
313 1829 407 1854 essent
425 1827 559 1863 discipuli
574 1828 683 1863 Moysi,
701 1829 727 1855 et
741 1828 852 1855 Christi.
869 1840 882 1853 n
906 1830 937 1856 Et

166 1873 205 1900 ita
220 1873 297 1900 male
313 1873 459 1901 dividunt.

201 1920 245 1946 29.
268 1920 345 1946 Hunc
367 1923 455 1946 autem
480 1921 618 1947 nescimus.
641 1920 696 1947 Sed
720 1920 845 1956 qualiter
867 1921 935 1955 1100,

165 1964 236 1999 quia
257 1972 347 2000 supra
369 1965 528 1993 dixerunt⁶
551 1974 557 1992 ε
581 1975 594 1992 «
614 1967 693 1993 110110
715 1968 812 1993 autem
829 1967 936 1995 scimus

165 2010 243 2037 unde
259 2010 303 2037 sit.
320 2021 333 2036 »
351 2012 382 2037 Et
403 2011 441 2038 ad
456 2011 533 2038 istud
552 2012 709 2047 respondet
726 2013 836 2047 Glossa,
852 2013 936 2048 quod

164 2056 276 2083 nescire
297 2056 421 2083 dicimus
444 2057 529 2091 illud,
550 2058 632 2092 quod
655 2058 809 2092 abjicimus
832 2067 838 2085 ε
863 2059 935 2086 51001

164 2101 243 2128 enim
257 2101 362 2129 dicitur
374 2102 536 2137 aliquando
548 2103 620 2130 scire
630 2103 721 2137 idem,
733 2104 816 2139 quod
829 2112 935 2140 appro-

162 2148 252 2181 bare,
274 2150 306 2175 ut
328 2148 367 2175 ait
390 2149 560 2183 Gregorius,
583 2149 624 2176 sic
647 2151 675 2177 et
697 2150 805 2177 nescire
830 2151 935 2178 dicitur

163 2193 253 2227 idem,
274 2193 357 2229 quod
382 2194 509 2229 abjicere
533 2195 580 2222 vel
603 2195 761 2230 reprobare
780 2197 790 2212 ⁷
807 2205 813 2223 :
838 2206 851 2222 «
872 2198 934 2224 Non

162 2239 233 2266 novi
248 2247 310 2267 vos.
326 2249 340 2265 n
361 2241 393 2267 Et
410 2240 441 2267 in
461 2240 517 2268 hoc
536 2243 614 2276 patet
641 2249 745 2269 eorum
768 2242 932 2278 duplicitas.

165 2294 178 2309 «
194 2285 220 2312 Si
241 2285 319 2312 enim
339 2285 443 2313 scirent
458 2287 528 2322 quia
548 2287 638 2322 Moysi
653 2287 767 2315 locutus
787 2290 828 2316 cst
850 2291 932 2324 Deus,

163 2330 268 2358 scirent
288 2330 358 2366 quia
373 2339 425 2366 per
444 2332 562 2367 Moysen
584 2333 759 2368 praedicatus
780 2336 822 2362 cst
844 2335 933 2364 Filius

162 2377 222 2411 Dei,
238 2386 251 2402 »
269 2378 300 2403 ut
315 2376 353 2404 ait
367 2377 543 2411 Augustinus
557 2379 576 2405 ⁸.

198 2424 241 2450 30.
258 2424 290 2450 Et
303 2422 438 2450 subditur
452 2424 605 2459 responsio
619 2424 697 2452 illius
710 2434 718 2453 :
734 2427 815 2454 Discit
829 2429 866 2455 eis
877 2436 887 2455 .·
900 2429 932 2456 In

195 2507 201 2521 ¹
217 2506 357 2537 Chrysost.,
376 2507 418 2530 uhi
433 2514 499 2537 sup,
518 2514 543 2531 n.
559 2510 582 2532 2.
610 2521 640 2526 -
652 2509 662 2524 2
678 2510 753 2540 Augu,
771 2510 813 2534 ubi
829 2519 884 2542 sup,
902 2526 931 2531 —

164 2542 171 2553 ³
189 2541 328 2571 Chrysost„
350 2541 392 2564 ubi
412 2549 467 2572 sup.
486 2555 516 2560 —
536 2542 544 2558 '-
565 2545 641 2574 Aug.,
662 2545 704 2567 0111
724 2552 790 2576 sup.,
806 2554 830 2570 n.
847 2549 885 2571 12.
901 2561 931 2565 —

165 2575 175 2590 ⁵
189 2575 327 2605 chrysost„
348 2576 388 2598 ubi
411 2584 465 2606 sup.
483 2591 510 2594 -
532 2578 540 2590 r.
556 2579 627 2608 Sup„
644 2585 693 2608 vu,
710 2582 748 2604 27.
764 2594 794 2598 —
809 2582 816 2596 ⁷
831 2582 929 2612 Mateta,

165 2617 208 2638 111,
225 2613 263 2633 :lh
281 2623 310 2628 —
330 2611 340 2627 ⁸
355 2613 429 2642 Aug„
446 2613 487 2635 ubi
505 2621 560 2643 sup.
581 2628 606 2631 —
626 2617 634 2629 ³¹
650 2616 791 2647 Chrysost„
811 2617 851 2641 ubi
872 2626 928 2648 sup.

998 267 1043 294 hoc
1057 268 1127 294 em‘m
1141 268 1264 294 mirabile
1276 268 1324 301 est,
1335 268 1401 301 quia
1414 275 1459 294 vos
1472 269 1589 301 nescitis,
1602 270 1667 302 etc.;
1684 269 1768 304 quasi

998 313 1118 347 diceret,
1134 313 1172 340 ait
1192 313 1411 348 chrysostomus
1425 314 1435 330 ⁹
1455 322 1461 340 ε
1486 322 1500 339 «
1515 315 1556 341 Ex
1571 322 1630 349 quo
1645 314 1714 341 talia
1727 314 1768 341 si—

998 367 1057 393 gna
1074 359 1151 393 facit,
1166 361 1193 386 et
1213 359 1283 386 talia
1304 361 1399 394 potest
1422 367 1483 387 non
1505 360 1635 387 humano
1657 360 1767 387 auxilio

997 405 1143 440 indigens,
1164 407 1195 432 ut
1214 405 1249 432 sit
1269 406 1402 441 undique
1423 406 1610 433 manifestum
1629 406 1768 441 quoniam

998 452 1071 478 Deus
1086 453 1136 485 est,
1153 451 1287 479 mirabile
1303 453 1355 484 est,
1372 452 1455 487 quod
1468 460 1521 479 vos
1536 451 1661 479 nescitis.
1678 453 1709 478 Et
1723 459 1768 478 ar-

997 491 1059 531 guit
1073 505 1107 524 ex
1122 498 1219 524 verbis
1239 506 1352 532 eorum,
1368 507 1434 534 quae
1447 499 1736 534 praeassumpserant,
1753 508 1766 524 »

996 545 1029 570 ut
1040 544 1080 570 ait
1093 544 1328 579 ChrysostomuS.

1032 591 1076 617 31.
1092 590 1193 617 Scimus
1208 594 1308 624 autem,
1325 592 1389 624 quia
1405 593 1553 626 peccatores
1570 591 1638 618 Deus
1653 599 1705 618 non
1719 599 1768 617 au-

997 637 1047 663 dit.
1063 637 1096 663 Ut
1111 636 1189 663 enim
1213 636 1252 664 ait
1275 637 1499 672 Chrysostomus
1514 637 1544 671 ¹0,
1564 637 1684 664 assumit
1702 637 1767 664 1110-

996 690 1063 709 1001
1080 682 1235 717 judicium,
1253 683 1442 710 reminiscens
1461 683 1623 710 verborum
1637 683 1767 717 illorum,

997 728 1068 763 quia
1087 728 1221 755 dixerant
1237 738 1243 755 :
1268 729 1337 761 Quia
1355 729 1397 755 hic
1417 729 1492 755 homo
1504 731 1626 763 peccator
1643 731 1690 755 cst.
1710 739 1723 754 «
1741 729 1769 756 Si

996 782 1077 808 ergo,
1094 774 1199 810 inquit,
1215 774 1254 802 ita
1273 776 1324 807 est,
1339 776 1371 801 ut
1389 775 1580 809 confitemini,
1596 775 1678 810 quod
1698 783 1768 810 pec-

997 822 1109 847 catores
1125 822 1198 847 Deus
1213 828 1274 848 non
1287 820 1379 853 audit,
1394 823 1421 848 et
1434 821 1481 848 hic
1496 821 1587 847 homo
1602 821 1668 848 fecit
1682 821 1769 848 mira-

996 866 1107 900 culum,
1122 868 1149 893 et
1159 866 1225 901 tale,
1240 866 1327 902 quale
1339 866 1437 893 nullus
1452 866 1607 893 hominum
1617 866 1697 900 fecit3
1709 875 1769 894 ma—

996 912 1133 939 nifestum
1148 914 1200 946 est,
1217 912 1299 948 quod
1313 913 1409 947 major
1424 914 1466 940 est
1479 913 1571 939 virtus
1589 913 1662 947 ejus,
1678 921 1768 948 quam

996 959 1160 986 secundum
1180 959 1342 986 hominem.
1363 969 1376 984 n
1402 960 1464 986 Haec
1485 959 1719 993 Chrysostomus.
1738 961 1770 986 Et

996 1004 1063 1031 ideo
1083 1013 1089 1031 :
1115 1005 1176 1032 Nisi
1192 1007 1257 1031 esset
1271 1013 1287 1031 a
1307 1006 1367 1037 De0,
1385 1013 1437 1031 ηοη
1453 1006 1542 1039 posset
1561 1005 1708 1039 quidquam
1725 1007 1769 1037 fa-

996 1058 1061 1077 cere.
1085 1052 1117 1077 Ut
1141 1050 1181 1077 ait
1199 1050 1375 1085 Augustinus
1396 1050 1429 1084 1¹,
1444 1059 1457 1075 α
1472 1050 1576 1083 libere,
1593 1052 1768 1085 constanter,

996 1096 1137 1124 veraciter
1159 1096 1300 1131 loquitur.
1325 1106 1338 1122 n
1365 1096 1421 1124 Sed
1447 1096 1570 1131 opponit
1592 1097 1769 1130 Augustinus

994 1141 1051 1169 hoc
1064 1163 1073 1176 ,
1104 1142 1186 1177 quod
1215 1142 1254 1169 ait
1288 1151 1294 1168 :
1329 1143 1479 1168 Peccatores
1517 1150 1569 1169 non
1591 1142 1669 1169 audit
1702 1153 1710 1169 .·
1741 1143 1769 1170 Si

995 1188 1074 1215 enim
1095 1188 1134 1215 ita
1154 1190 1238 1221 essct,
1258 1188 1364 1215 frustra
1383 1188 1560 1215 Publicanus
1581 1190 1700 1222 orasset,
1724 1189 1768 1215 di-

995 1241 1062 1261 cens
1077 1234 1097 1250 ¹²2
1111 1243 1116 1261 :
1135 1244 1147 1259 (ι
1163 1235 1306 1270 Propitius
1319 1236 1379 1261 esto
1395 1234 1466 1261 mihi
1480 1236 1638 1269 peccatori.
1654 1244 1667 1260 >³
1683 1236 1715 1262 Et
1729 1235 1767 1262 ad

994 1279 1072 1307 istud
1085 1280 1244 1315 respondet
1258 1280 1446 1314 Augustinus,
1459 1280 1541 1315 quod
1554 1290 1566 1305 «
1580 1280 1653 1307 sicut
1667 1281 1768 1308 inunc-

994 1327 1039 1352 tus
1053 1325 1194 1361 loquitur,
1215 1334 1276 1353 non
1296 1326 1369 1353 sicut
1386 1326 1472 1361 plene
1492 1326 1605 1353 videns.
1625 1336 1638 1352 1)
1660 1327 1767 1354 Intelli-

994 1371 1134 1406 gendum,
1151 1372 1234 1407 quod
1248 1373 1417 1407 peccatores
1432 1371 1570 1399 dicuntur
1587 1372 1740 1408 dupliciter
1758 1383 1764 1400 :
1812 1372 1887 1392 Pecua-

993 1418 1040 1445 vel
1054 1418 1084 1445 in
1098 1420 1218 1453 peccato
1233 1418 1387 1445 existentes
1403 1418 1507 1445 affectu
1521 1420 1549 1445 et
1563 1421 1639 1453 actu,
1652 1420 1680 1446 01
1694 1419 1765 1446 tales
1779 1402 1886 1459 ἑῗῖἓίῗεῖυ

993 1471 1054 1491 non
1069 1464 1151 1491 audit
1161 1466 1245 1497 Deus,
1259 1464 1289 1491 in
1304 1466 1447 1499 quantum
1458 1464 1529 1491 tales
1541 1474 1566 1492 :a
1578 1467 1640 1492 Non
1655 1466 1734 1492 enim
1744 1466 1766 1482 ¹⁸

993 1512 1035 1537 est
1049 1510 1181 1545 speciosa
1196 1510 1259 1537 laus
1269 1510 1299 1537 in
1315 1518 1365 1537 ore
1376 1511 1553 1545 peccatoris3
1570 1521 1583 1537 >›
1600 1511 1648 1538 vel
1664 1511 1765 1539 dicun-

992 1559 1038 1584 tur
1052 1559 1220 1592 peccatores
1234 1559 1355 1592 peccata
1369 1559 1622 1591 recognoscentes,
1634 1559 1661 1585 et
1677 1566 1765 1593 repu-

992 1604 1084 1630 tantes
1099 1612 1129 1631 se
1143 1605 1310 1639 peccatores
1328 1604 1349 1621 Ἠ*
1366 1613 1372 1631 :
1392 1614 1405 1629 «
1421 1606 1484 1631 Non
1498 1604 1565 1631 veni
1578 1612 1685 1632 vocare
1702 1605 1764 1639 jus-

992 1652 1046 1681 tos,
1070 1650 1122 1677 sed
1145 1652 1312 1685 peccatores
1334 1659 1340 1677 ε
1361 1660 1374 1675 >i
1400 1652 1427 1677 01
1443 1650 1515 1677 tales
1538 1650 1667 1685 exaudit,
1693 1651 1766 1678 sicut

992 1695 1193 1722 Publicanum.
1217 1696 1297 1723 Unde
1321 1696 1497 1730 Augustinus
1518 1696 1549 1730 ¹5,
1575 1697 1701 1731 loquens
1727 1697 1764 1724 de

991 1741 1053 1775 illo,
1067 1741 1106 1768 ait
1122 1751 1128 1768 :
1144 1751 1158 1767 «
1172 1742 1226 1769 Ista
1241 1742 1385 1769 confessio
1398 1742 1505 1769 meruit
1515 1743 1763 1777 justificationem,

992 1787 1145 1822 quomodo
1170 1788 1222 1815 iste
1250 1796 1342 1815 caecus
1370 1789 1626 1816 illuminationem.
1650 1799 1664 1815 n
1694 1791 1764 1817 ltem

992 1834 1131 1869 quaeritur
1143 1834 1179 1861 de
1194 1834 1251 1862 hoc
1267 1835 1349 1870 quod
1364 1835 1404 1862 ait
1417 1844 1423 1862 :
1438 1836 1468 1862 δι’
1483 1837 1543 1870 quis
1557 1837 1606 1863 Dei
1620 1838 1705 1863 cultor
1714 1839 1763 1872 est,

991 1880 1059 1907 hunc
1074 1881 1196 1907 eoeaudi‘c.
1213 1880 1341 1913 Qualiter
1355 1881 1422 1916 hoc,
1438 1881 1508 1916 quia
1528 1882 1683 1917 Apostolus
1704 1886 1764 1911 erat

992 1926 1086 1953 cultor
1101 1926 1174 1960 ejus,
1191 1928 1218 1953 et
1230 1928 1330 1954 tamen
1342 1934 1404 1954 11011
1419 1927 1473 1954 fuit
1488 1928 1642 1955 exauditus
1656 1929 1686 1956 in
1700 1937 1764 1957 ora-

990 1971 1069 1998 tione
1084 1971 1122 1998 167
1139 1974 1170 1999 Et
1186 1972 1224 1999 ad
1239 1973 1317 2000 istud
1331 1973 1584 2008 respondendum,
1599 1975 1763 2002 secundum

990 2018 1183 2052 Augustinum
1200 2018 1229 2052 ¹⁷,
1252 2019 1335 2054 quod
1354 2020 1427 2046 Deus
1454 2019 1616 2055 aliquando
1645 2021 1763 2049 exaudit

989 2063 1144 2098 propitius,
1168 2072 1228 2091 non
1252 2065 1357 2099 iratus3
1376 2065 1538 2100 aliquando
1565 2075 1580 2093 0
1604 2067 1759 2094 contrario.

992 2109 1070 2137 Unde
1085 2111 1251 2145 Apostolus,
1268 2111 1319 2138 etsi
1338 2119 1399 2138 non
1413 2111 1467 2138 fuit
1483 2112 1636 2140 exauditus
1658 2113 1696 2140 ad
1710 2121 1762 2140 vo-

989 2157 1061 2189 tum,
1084 2155 1137 2183 fuit
1164 2158 1261 2184 tamen
1289 2157 1442 2184 exauditus
1469 2158 1508 2185 ad
1536 2158 1688 2186 utilitatem
1714 2160 1761 2186 vel

989 2202 1191 2229 commodum.
1206 2202 1285 2229 Unde
1301 2205 1381 2237 nota,
1398 2203 1480 2238 quod
1496 2205 1568 2231 Deus
1582 2206 1758 2239 peccatores,

989 2249 1141 2274 manentes
1155 2248 1184 2274 in
1200 2250 1331 2283 peccato,
1348 2250 1376 2276 et
1388 2257 1474 2276 suum
1488 2252 1641 2284 peccatum
1656 2257 1759 2278 aman-

989 2293 1041 2326 tes,
1059 2301 1119 2320 non
1142 2294 1269 2321 exaudit.
1286 2297 1318 2322 Et
1335 2295 1391 2322 hoc
1410 2295 1525 2328 merito,
1543 2295 1656 2323 ratione
1678 2296 1760 2324 elon-

988 2338 1113 2373 gationis
1135 2347 1238 2367 eorum
1262 2340 1299 2367 ab
1324 2348 1371 2374 eo,
1394 2342 1421 2368 ct
1443 2341 1671 2376 interpositionis
1691 2351 1759 2370 500-

987 2392 1053 2412 rum
1074 2387 1262 2420 peccatorum
1276 2386 1350 2414 inter
1364 2395 1394 2414 50
1414 2388 1441 2414 01
1455 2388 1546 2415 1)00111
1560 2387 1580 2404 ¹³
1596 2397 1602 2416 :
1621 2397 1635 2414 «
1650 2388 1759 2424 Iniqui-

990 2495 1015 2497 —
1032 2481 1052 2496 ¹⁰
1067 2480 1168 2503 11111-
1184 2482 1201 2497 ¹¹
1218 2483 1291 2511 Aug„
1305 2482 1347 2505 ubi
1360 2489 1425 2513 sup„
1438 2490 1462 2507 n.
1479 2485 1515 2507 13.
1527 2497 1557 2501 —
1574 2484 1592 2500 ¹²
1603 2485 1671 2516 Luc„
1684 2491 1757 2517 xvm,

966 2511 969 2513 ’
989 2518 1065 2538 1.·1.-
1084 2516 1101 2531 '³
1117 2516 1205 2543 Ecclzss,
1220 2523 1262 2545 XV,
1277 2519 1299 2540 9.
1315 2529 1345 2534 —
1360 2518 1379 2533 ¹'·
1393 2518 1494 2546 Matelz„
1513 2525 1546 2549 tx,
1561 2521 1598 2543 13.
1609 2533 1639 2538 —-
1651 2521 1669 2536 ¹³
1682 2522 1755 2552 Aug.,

989 2550 1029 2573 ubi
1046 2558 1100 2580 sup.
1118 2563 1146 2567 —
1164 2554 1181 2565 ¹⁴¹
1201 2552 1218 2574 11
1236 2552 1303 2580 σωκ,
1319 2558 1367 2581 xii,
1384 2555 1406 2583 8,
1425 2556 1447 2578 9,
1464 2567 1493 2571 -
1510 2555 1528 2570 ¹⁷
1546 2556 1619 2585 Aug„
1634 2557 1659 2579 in
1673 2557 1756 2585 Jncm„

988 2588 1060 2609 tract.
1076 2592 1172 2616 Lxxui,
1189 2594 1215 2610 n.
1236 2590 1262 2617 ἒς
1282 2587 1311 2611 cle
1334 2589 1399 2612 Unit.
1424 2589 1501 2620 Eccl„
1518 2597 1541 2614 0.
1561 2597 1618 2621 xix,
1631 2598 1655 2616 u.
1672 2593 1710 2616 49.
1728 2605 1753 2609 —

988 2621 1005 2635 ¹*
1021 2621 1151 2651 Isa.,1.1:‹,
1166 2624 1189 2644 ‘.¹.
