1987 3032
706 217 911 249 EXPOSITIO
934 218 974 248 ΙΝ
997 218 1081 250 CAP.
1105 219 1182 250 XIX.

152 284 235 318 quod
249 286 357 311 venerat
377 286 408 311 in
425 287 498 311 nocte
515 286 654 319 primum.
678 294 691 310 >2
717 284 761 312 Ait
787 284 917 319 Augusti-

151 338 206 357 nus
221 331 229 346 ¹
244 330 326 365 quod
341 333 425 358 nocte
440 330 568 365 primum
583 330 622 358 ad
638 339 705 358 eum
716 331 806 364 venit,
816 332 918 365 postea

152 378 248 403 autem
276 376 500 410 intelligendum
527 377 640 404 venisse
665 385 751 412 saepe,
777 378 809 403 ut
835 376 917 404 fieret

152 421 322 457 discipulus.
337 423 432 449 Ferens
452 424 599 449 miccturam
619 424 733 457 myrrhoe
747 425 772 449 et
784 423 863 450 aloes.
884 423 918 449 Ut

151 467 190 494 ait
203 468 425 502 Chrysostomus
435 467 455 501 ²,
467 480 479 492 »
493 469 590 496 adhuc
603 471 634 496 ut
649 469 686 495 de
700 468 818 495 homine
833 468 916 495 nudo

150 513 363 548 disponebant;
379 515 406 541 et
429 514 536 541 deinde
560 514 656 541 ferunt
673 514 834 550 pigmenta,
851 522 916 549 quae

149 559 277 586 maxime
299 562 366 586 sunt
388 562 455 594 apta
479 568 585 596 corpus
610 568 794 594 conservare,
810 562 837 587 et
856 568 916 587 non

149 605 311 632 concedere
326 606 431 640 subjici
451 606 630 641 corruptioni
648 615 654 632 :
671 607 753 642 quod
768 606 840 633 nihil
856 614 917 633 ma-

149 659 241 686 gnum
256 651 292 679 de
306 653 372 679 Jesu
386 652 465 689 ipsos
481 653 645 680 existimare
661 653 803 687 arguebat
819 661 825 679 :
840 653 917 679 mul-

148 699 207 724 tam
222 700 319 725 tamen
343 690 585 726 demonstrabant
607 699 804 726 dilectionem.
821 709 834 724 »
855 700 916 726 Haec

148 743 207 770 ille.

184 791 228 817 40.
247 791 412 825 Acreperunt
434 799 493 825 erqo
513 799 618 826 carpztS,
640 793 665 818 et
687 792 838 825 ligaverunt
862 793 915 818 Iin-

149 837 208 870 tez's,
223 836 254 863 id
269 838 320 869 est,
335 837 440 871 pannis
456 837 491 864 de
507 837 567 863 lino
588 837 705 864 mundis
719 838 729 853 ²³
747 847 752 864 :
773 848 785 861 «
805 838 917 872 Corpus

148 882 314 910 involutum
336 883 460 910 sindone
482 883 606 910 mundo.
624 894 637 908 »
658 883 722 910 Cum
741 885 914 918 aromatibus,

148 929 241 956 dictis.
257 931 393 956 Aromata
405 929 483 956 enim
495 937 598 964 graece,
612 929 696 964 quasi
711 929 914 964 odoramenta,

149 974 226 1002 dicta
247 975 285 1002 ab
300 983 369 1009 aere,
386 975 432 1002 vel
455 975 537 1011 quod
561 975 591 1002 in
615 977 670 1002 aris
696 977 853 1010 ponantur,
878 976 918 1003 ait

147 1021 259 1056 Papias.
276 1022 350 1048 Sicut
365 1029 418 1048 mos
433 1024 470 1048 est
482 1022 584 1048 Jucloez‘s
599 1022 720 1055 sepetire,
735 1022 841 1049 scilicet
860 1022 915 1049 ho—

146 1067 279 1100 norifice,
289 1075 349 1094 non
364 1069 396 1094 ut
411 1067 650 1099 condemnatum,
662 1067 714 1094 sed
728 1069 760 1094 ut
773 1075 916 1102 magnum

147 1113 309 1148 quemdam
331 1121 365 1140 ac
379 1113 556 1147 mirabilem,
581 1113 620 1140 ait
645 1113 870 1147 Chrysostomus
895 1115 914 1141 ⁶.

145 1160 215 1186 Item
244 1159 347 1194 quterit
375 1158 454 1186 idem
490 1159 714 1195 ehi-ysostomus
740 1160 765 1193 ⁵,
793 1160 917 1194 qualiter

144 1203 243 1230 nullus
257 1212 293 1230 ex
307 1203 465 1231 duodecim
485 1203 614 1237 accessit,
630 1203 738 1230 scilicet
753 1203 790 1230 ad
812 1206 915 1239 peten-

145 1249 218 1276 dum
239 1258 356 1285 eorpuS,
378 1258 433 1277 nec
455 1251 591 1281 Joannes,
617 1257 671 1276 nec
695 1251 815 1277 Petrus?
838 1252 870 1277 Et
894 1250 917 1277 si

144 1295 367 1330 respondeatur,
390 1296 473 1331 quod
500 1297 619 1331 propter
640 1295 809 1323 Judzeorum
833 1296 917 1323 timo-

145 1349 207 1368 rem
232 1341 416 1375 dimiserunt,
442 1342 480 1369 ita
494 1345 593 1377 posset
608 1342 665 1369 dici
686 1342 722 1368 de
752 1342 819 1376 isto,
835 1342 918 1377 quod

146 1387 249 1414 timore
263 1387 368 1414 codem
385 1388 579 1419 detinebatur,
604 1390 632 1414 et
655 1390 752 1415 tamen
772 1388 860 1415 venit.
887 1390 919 1415 Et

147 1435 185 1462 ad
198 1435 254 1462 hoc
269 1435 427 1470 respondet
443 1444 449 1461 :
468 1444 482 1461 «
495 1435 686 1462 Mihividctur
700 1435 918 1463 nobilissimum

146 1481 233 1509 fuisse
247 1482 364 1516 Joseph,
383 1481 466 1517 quod
488 1489 523 1508 ex
547 1481 704 1516 sepulchro
729 1483 862 1515 consta,
893 1484 919 1509 et

148 1528 238 1555 Pilato
254 1530 314 1555 crat
336 1529 423 1554 notus
439 1536 445 1553 ι
463 1535 554 1562 quare
579 1527 753 1561 impetravit.
778 1538 790 1551 »
810 1527 865 1555 Sed
880 1528 920 1555 ait

148 1574 324 1608 Augustinus
338 1574 348 1589 ⁶
365 1582 371 1600 ε
391 1583 404 1598 κ
418 1575 481 1600 Non
504 1572 610 1599 trustra
625 1572 665 1599 ait
680 1581 686 1599 :
708 1573 783 1599 Sicut
808 1581 863 1600 mos
879 1576 918 1600 est

148 1621 250 1647 Jurloez‘s
262 1621 391 1654 sepelz'rc‚·
406 1619 458 1646 sed
474 1619 614 1646 admonet
636 1618 667 1645 in
680 1619 851 1652 hujusmodi
876 1619 919 1646 os-

149 1666 231 1696 ficiis,
248 1674 314 1701 quae
336 1665 458 1692 mortuis
482 1664 667 1698 exhibentur,
689 1672 804 1692 morem
827 1666 921 1699 cujus-

150 1720 208 1747 que
237 1712 328 1746 gentis
360 1711 591 1739 observandum.
618 1721 631 1735 n
670 1710 837 1738 Secundum
863 1711 920 1739 hoc

150 1766 231 1793 ergo,
246 1757 362 1785 videtur
386 1757 467 1792 quod
492 1764 618 1792 corpora
640 1758 826 1784 mortuorum
853 1760 921 1785 sunt

151 1812 218 1831 cum
233 1804 367 1839 pretiosis
381 1802 562 1830 aromatibus
584 1802 767 1836 condienda,
791 1805 817 1830 et
838 1804 921 1839 quod

150 1857 261 1885 pompa
276 1849 468 1884 exequiarum
483 1848 628 1881 facienda,
645 1848 696 1875 ubi
719 1850 761 1875 est
775 1849 839 1875 talis
854 1857 921 1876 con-

152 1896 285 1923 suetudo.
312 1896 399 1930 Cujus
422 1895 601 1922 contrarium
619 1894 743 1928 videtur,
762 1895 832 1930 quia
851 1903 922 1924 cura

152 1942 284 1969 fidelium
300 1941 388 1969 debet
403 1949 464 1968 esse
480 1941 517 1968 de
534 1941 643 1974 anima,
657 1942 685 1968 et
703 1949 763 1968 non
786 1942 822 1968 de
844 1950 922 1969 mor-

152 1991 202 2016 tuo
218 1996 350 2023 corpore.
367 1989 377 2004 ⁷
394 1997 407 2013 «
423 1987 515 2014 Nolite
530 1987 631 2014 timere
647 1995 707 2021 eos,
719 1987 770 2022 qui
785 1987 923 2015 occidunt

153 2042 279 2069 corpus:
302 2044 314 2059 ι)
336 2034 428 2061 multo
443 2033 540 2060 minus
556 2035 597 2060 est
618 2033 781 2060 timendum
800 2033 836 2060 de
860 2042 922 2061 cor-

153 2089 225 2116 pore
250 2082 316 2115 post
341 2081 474 2112 mortem,
491 2080 544 2106 cte.
564 2079 574 2095 Β
597 2089 610 2102 «
634 2078 769 2106 Dimittite
790 2081 922 2107 mortuos

153 2126 275 2162 sepelire
296 2127 427 2153 mortuos
451 2133 529 2152 SUOS.
551 2136 562 2149 »ι
587 2126 617 2151 Et
639 2124 677 2151 ad
704 2124 781 2152 istud
802 2133 922 2160 respon-

154 2172 286 2200 dendum
313 2171 476 2198 secundum
505 2170 697 2204 Augustinum
712 2171 739 2204 ⁹,
767 2171 818 2198 ubi
847 2172 886 2198 ait
914 2181 920 2199 :

157 2229 170 2244 «
186 2219 300 2246 Curatio
315 2217 433 2251 funeris,
447 2228 459 2241 »
478 2218 505 2244 ct
519 2217 559 2244 sic
574 2217 610 2243 de
629 2217 702 2250 aliis,
716 2225 781 2252 (μω)
795 2217 835 2244 ibi
852 2225 923 2246 euu-

155 2266 258 2297 merat,
281 2274 294 2289 «
321 2264 415 2297 magis
438 2265 505 2290 sunt
532 2262 635 2290 solatia
663 2262 808 2297 vivorum,
832 2272 923 2299 quam

155 2310 285 2338 subsidia
307 2311 500 2336 mortuorum.
518 2319 530 2334 ι)
548 2310 618 2336 ltem
644 2309 821 2343 Augustinus
841 2311 871 2344 ¹⁰,
887 2313 923 2338 De

156 2364 219 2383 cura
230 2363 280 2390 pro
295 2357 408 2382 mortuis
423 2355 536 2389 aqenda.
554 2356 586 2381 Et
604 2354 745 2390 quoniam
761 2355 866 2383 dicitur
880 2358 899 2374 ¹¹
915 2366 920 2383 z

159 2412 171 2426 «
184 2402 211 2429 Si
222 2401 348 2429 Christus
362 2408 422 2427 non
436 2400 605 2434 resurrexit,
620 2408 698 2428 vana
714 2402 755 2428 cst
767 2401 840 2429 sides
855 2410 922 2430 nos-

188 2497 194 2512 ¹
211 2498 283 2525 Aug„
298 2497 370 2519 tract.
384 2502 442 2524 cxx,
461 2502 488 2517 11.
504 2496 525 2518 4.
536 2508 566 2512 -
585 2496 593 2508 '·'
610 2495 750 2526 Chrysost„
767 2496 808 2520 ubi
823 2504 878 2527 sup.
895 2511 923 2515 -

157 2532 164 2544 ²
179 2531 280 2560 Maeui„
296 2532 428 2560 xxv11,.';9.
445 2543 474 2546 —
490 2530 499 2546 Β
513 2530 634 2559 Chrysost
647 2548 654 2559 ,
672 2530 731 2554 ibid.
749 2544 776 2548 —
792 2532 878 2556 ι’11)1ε1.
893 2546 924 2551 —

157 2567 165 2579 ⁶
182 2568 254 2595 Aug„
275 2567 318 2590 ubi
337 2574 392 2597 sup.
410 2580 438 2583 —
456 2566 461 2579 ⁷
478 2566 581 2593 Mami„
602 2572 630 2596 x,
649 2567 686 2589 28.
706 2579 734 2584 ——
753 2568 761 2580 ‘⁵
779 2567 851 2597 ibid„
867 2574 924 2599 vlit,

157 2602 194 2624 22.
211 2614 240 2618 —
255 2602 264 2615 ⁹
280 2603 353 2631 Aug„
368 2602 397 2624 dv
414 2602 491 2624 r‘fm't.
512 2600 572 2629 Dei,
588 2601 630 2624 lib.
653 2602 675 2628 Ι,
696 2610 707 2624 ιτ
738 2608 787 2632 xit,
808 2610 833 2626 n.
855 2607 876 2627 1.
895 2617 924 2621 —

157 2637 235 2666 1·1ι1.,
251 2637 279 2659 (le
296 2638 353 2660 Cur.
372 2643 417 2667 pro
430 2638 513 2664 »κω-1.,
529 2644 550 2659 c.
568 2641 594 2665 Η,
616 2643 641 2660 n.
660 2639 681 2660 4.
698 2650 727 2655 —
743 2638 760 2654 ¹¹
776 2639 782 2661 1
800 2639 847 2662 Coi·
860 2657 866 2669 ‚
881 2644 923 2669 xv,

1684 223 1741 252 507

973 285 1018 312 tra
1034 293 1040 311 ε
1056 296 1069 310 »
1087 288 1118 313 ut
1132 288 1209 314 certa
1231 295 1301 322 ergo
1321 288 1394 314 esset
1416 294 1469 313 sua
1490 287 1674 321 resurrectio,
1691 287 1742 314 de-

974 339 1042 358 cens
1055 331 1108 359 fuit
1130 340 1197 359 eum
1213 333 1242 360 in
1256 333 1323 360 loco
1337 332 1447 367 patenti
1463 334 1490 359 et
1512 332 1676 360 honorifico
1699 341 1742 360 se-

973 377 1067 412 peliri,
1083 380 1110 404 et
1124 378 1162 405 ab
1178 379 1310 406 hostibus
1327 378 1473 412 custodiri,
1498 386 1533 405 ne
1552 380 1625 406 esset
1647 379 1741 414 suspi-

974 423 1019 449 cio
1035 423 1071 450 de
1085 425 1311 459 resurreetione3
1332 427 1359 451 et
1377 424 1416 451 sic
1432 424 1533 451 debuit
1552 424 1622 451 dare
1642 433 1741 451 exem-

973 468 1055 503 plum
1076 469 1262 504 humilitatis,
1287 473 1316 497 ut
1333 472 1431 497 tamen
1451 470 1557 497 veritas
1579 470 1647 497 fidei
1671 478 1742 497 con-

972 513 1139 542 firmaretur
1153 516 1181 542 in
1204 516 1399 543 credentibus.
1420 518 1452 543 Et
1465 518 1544 552 patet
1563 516 1611 543 hic
1635 518 1743 551 myste-

972 560 1049 587 rium
1063 570 1069 587 :
1085 569 1138 596 per
1149 561 1202 588 ista
1217 564 1348 589 aromata
1359 564 1482 597 possunt.
1494 562 1602 596 signari
1613 562 1742 595 virtutes,

974 614 1041 633 cum
1067 607 1175 642 (suibus
1208 608 1290 635 electi
1324 609 1434 635 debent
1461 608 1582 636 transire
1615 609 1651 636 de
1686 609 1743 636 hoc

972 653 1097 686 mundo,
1119 656 1145 680 et
1172 654 1285 680 condiri
1312 654 1342 681 in
1364 655 1484 681 homine
1513 655 1660 682 interiore.
1691 657 1742 682 Per

973 699 1125 734 myrrham
1139 700 1228 733 enim,
1246 708 1305 735 qua
1319 709 1444 736 corpora
1459 702 1575 728 mortua
1598 701 1742 728 condiun-

973 747 1028 778 tur,
1045 753 1081 772 ne
1106 753 1123 772 a
1137 746 1286 773 vermibus
1312 750 1554 782 corrumpantur,
1577 747 1740 774 secundum

973 791 1144 826 Gregorium
1159 792 1189 824 ¹²,
1209 792 1303 819 carnis
1325 793 1508 820 mortificatio
1528 793 1666 828 signatur.
1690 796 1742 821 Per

973 836 1080 870 aloem,
1101 845 1161 872 qua
1177 838 1344 865 stomachus
1357 838 1463 866 dicitur
1476 840 1607 874 purgari,
1625 840 1743 867 interio-

971 882 1010 909 ris
1025 883 1152 910 hominis
1167 884 1331 919 purificatio
1348 884 1516 919 designatur
1527 887 1548 905 ¹³
1565 894 1572 912 :
1593 886 1741 921 «Myrrha,

972 931 999 956 et
1011 929 1106 963 aloes,
1122 940 1134 955 n
1152 932 1204 957 etc.
1219 931 1271 957 Per
1286 932 1403 957 centum
1419 931 1520 965 libras,
1535 932 1652 967 justitiae
1679 941 1741 960 rec-

972 975 1077 1009 titudo,
1103 984 1192 1011 supra
1207 975 1226 991 ¹4
1242 985 1248 1003 z
1268 986 1281 1001 «
1296 977 1412 1012 Accepit
1426 977 1533 1004 libram
1553 978 1709 1013 unguenti,
1726 989 1739 1005 »

975 1021 991 1036 ¹⁵
1005 1029 1082 1056 «per
1103 1030 1193 1056 quam
1213 1022 1344 1056 signatur
1362 1023 1478 1057 justitize
1496 1023 1651 1057 rectitudo,
1668 1034 1681 1050 ι)
1704 1025 1743 1052 ait

972 1067 1158 1101 Augustinus.
1174 1068 1192 1084 ¹⁶
1210 1078 1223 1093 (ι
1239 1070 1376 1095 Emerunt
1390 1071 1533 1103 aromata,
1549 1072 1580 1096 ut
1594 1070 1742 1097 venientes

971 1116 1115 1147 ungerent
1128 1115 1235 1141 Jesum.
1252 1124 1264 1139 »

1009 1161 1051 1186 41.
1068 1161 1100 1186 Et
1114 1160 1244 1194 sequitur
1260 1160 1396 1187 ultimum
1413 1169 1419 1187 :
1435 1162 1502 1188 Erat
1527 1165 1613 1188 aulem
1638 1163 1740 1193 hortus,

973 1209 996 1231 et
1014 1207 1042 1231 in
1061 1206 1135 1232 horto
1159 1209 1364 1233 monumentum.
1382 1207 1413 1233 Ut
1430 1207 1469 1234 ait
1484 1207 1559 1234 Bcda
1576 1216 1582 1233 :
1602 1219 1615 1231 «
1635 1209 1743 1236 Domus

972 1250 1025 1278 fuit
1046 1259 1105 1278 una
1129 1251 1266 1285 rotunda,
1289 1251 1385 1279 excisa
1400 1253 1429 1279 in
1444 1261 1527 1288 rupe,
1542 1256 1627 1281 tantae
1646 1254 1742 1281 altitu-

974 1297 1059 1331 dinis,
1073 1299 1105 1324 ut
1120 1297 1167 1324 vix
1180 1298 1270 1325 homo
1286 1306 1376 1325 manu
1392 1301 1507 1326 extenta
1519 1299 1635 1327 culmen
1645 1303 1744 1336 posset

973 1343 1122 1378 attingere,
1138 1354 1150 1369 v>
1169 1346 1200 1370 ut
1214 1344 1319 1371 dicitur
1334 1344 1363 1371 in
1387 1346 1527 1378 Historiis,
1549 1346 1600 1373 ubi
1624 1346 1660 1373 de
1684 1347 1742 1374 hoc

974 1389 1060 1416 bene.
1075 1391 1105 1416 In
1122 1398 1172 1424 quo
1187 1391 1302 1416 nondum
1318 1392 1459 1425 quisquam
1479 1393 1583 1425 positus
1599 1395 1668 1426 erat,
1686 1394 1742 1420 Deo

974 1435 1158 1470 disponente.
1181 1437 1211 1463 Ut
1225 1436 1303 1463 enim
1324 1437 1364 1464 ait
1385 1437 1560 1472 Augustinus
1578 1439 1596 1455 ¹⁷
1613 1447 1619 1465 :
1639 1448 1652 1463 (ι
1667 1439 1744 1466 Sicut

973 1481 1003 1508 in
1018 1482 1112 1509 Mariae
1128 1482 1249 1516 virginis
1271 1485 1352 1509 utero
1373 1485 1438 1510 ante
1459 1483 1542 1510 illum
1562 1492 1660 1517 nemo,
1678 1487 1744 1520 post

973 1528 1057 1555 illum
1071 1536 1159 1555 nemo
1175 1531 1333 1563 conceptus
1355 1531 1410 1563 est3
1433 1530 1473 1557 ita
1498 1530 1528 1557 in
1555 1531 1611 1557 hoc
1637 1539 1743 1558 monu-

974 1577 1074 1601 mento
1090 1582 1177 1601 nemo
1189 1576 1254 1602 ante
1269 1575 1363 1608 illum,
1375 1575 1422 1602 vel
1433 1578 1509 1610 post,
1522 1578 1562 1603 est
1576 1577 1715 1612 sepultus.
1728 1587 1740 1601 ι)

974 1621 1016 1647 Ibi
1035 1628 1106 1655 erqo,
1121 1624 1230 1655 propter
1242 1629 1400 1655 parasceven
1414 1622 1577 1656 Jzuloeorum,
1589 1623 1745 1657 quiajuccta

975 1669 1042 1700 erat,
1063 1669 1209 1700 posuerunt
1230 1668 1328 1693 Jesum.
1352 1668 1408 1694 Sed
1429 1668 1582 1703 quaeritur,
1609 1669 1647 1696 ad
1672 1669 1743 1704 quid

974 1712 1058 1747 ponit
1073 1712 1149 1739 hoc?
1162 1714 1194 1739 Et
1208 1713 1246 1739 ad
1261 1713 1337 1740 istud
1351 1713 1511 1748 respondet
1523 1714 1699 1748 Augustinus
1716 1715 1743 1748 ¹⁸,

976 1758 1058 1793 quod
1075 1769 1087 1783 α
1104 1758 1295 1786 acceleratam
1321 1759 1380 1786 vult
1406 1759 1528 1794 intelligi
1551 1761 1744 1795 sepulturam,

976 1813 1012 1831 ne
1028 1804 1294 1839 advesperasceret,
1309 1805 1430 1840 quando
1440 1806 1501 1840 jam
1514 1808 1635 1842 propter
1646 1814 1745 1841 paras-

977 1859 1067 1878 ceven
1081 1859 1141 1877 non
1164 1851 1271 1878 licebat
1286 1851 1341 1878 tale
1360 1851 1473 1887 aliquid
1495 1852 1600 1879 tacere.
1622 1863 1635 1878 n
1663 1855 1694 1881 Et
1709 1853 1745 1880 de

976 1897 1031 1923 hoc
1052 1897 1275 1932 Chrysostomus
1291 1897 1309 1913 ¹⁹
1325 1897 1399 1924 benc
1416 1906 1423 1924 z
1442 1907 1454 1923 «
1471 1900 1552 1925 Nona
1576 1899 1649 1926 hora
1670 1899 1746 1927 facta

976 1944 1080 1977 morte,
1105 1943 1212 1970 deinde
1228 1943 1257 1970 in
1274 1943 1372 1970 mcdio
1392 1944 1430 1971 ad
1458 1944 1580 1971 Pilatum
1602 1945 1745 1972 acceden-

976 1989 1063 2022 tibus,
1080 1991 1107 2016 et
1118 1997 1224 2024 corpus
1239 1989 1466 2024 deponentibus,
1486 1990 1593 2017 decens
1609 1992 1669 2018 erat
1684 1999 1746 2018 ves-

975 2043 1076 2069 pcram
1100 2043 1258 2067 assumere,
1279 2035 1386 2063 scilicet
1404 2044 1464 2069 eos,
1481 2036 1511 2063 in
1526 2045 1585 2072 qua
1600 2045 1659 2064 non
1687 2039 1747 2064 erat

976 2080 1019 2108 fas
1034 2081 1159 2116 operari,
1172 2081 1280 2108 scilicet
1294 2082 1332 2108 ob
1346 2082 1476 2109 futurum
1489 2083 1645 2110 sabbatum
1660 2093 1665 2110 :
1678 2083 1745 2111 ideo

977 2127 1006 2153 in
1034 2127 1203 2161 proximum
1232 2130 1457 2155 monumentum
1480 2131 1642 2163 posuerunt
1666 2137 1744 2156 eum.

978 2173 1162 2208 Dispensatur
1187 2174 1296 2207 autem,
1322 2174 1461 2201 sciliceta
1484 2176 1550 2208 Deo,
1577 2174 1606 2201 in
1636 2182 1747 2202 novum

977 2227 1044 2246 eum
1060 2219 1141 2254 poni,
1158 2219 1209 2246 ubi
1223 2219 1321 2246 nullus
1335 2220 1447 2255 positus
1458 2222 1519 2247 erat
1534 2222 1628 2254 antea,
1641 2223 1671 2247 ut
1685 2228 1745 2248 non

977 2265 1094 2292 alterius
1126 2265 1249 2299 alicujus
1278 2266 1489 2293 existimaretur
1516 2266 1697 2293 resurrectio.
1729 2276 1742 2291 »

979 2312 1041 2337 Hinc
1055 2310 1115 2344 illc,
1131 2313 1158 2337 et
1180 2311 1221 2337 ibi
1236 2311 1312 2338 benc
1327 2311 1363 2338 de
1382 2312 1449 2339 hoc.
1471 2311 1520 2339 llic
1543 2313 1639 2339 autem
1663 2312 1746 2339 omit-

978 2359 1085 2391 tuntur,
1102 2357 1227 2392 qualiter
1240 2357 1330 2384 Judaei
1343 2357 1535 2393 praeceperint
1549 2358 1689 2386 custodiri
1704 2367 1746 2386 se—

978 2403 1144 2438 pulchrum,
1161 2403 1236 2431 etde
1252 2403 1327 2438 aliis,
1343 2404 1379 2431 de
1395 2404 1504 2439 quibus
1518 2406 1653 2432 narratur
1666 2407 1698 2432 ²⁰.
1716 2407 1747 2432 Et

982 2500 1017 2521 tt.
1032 2511 1062 2515 -
1080 2498 1098 2513 ¹³¹
1115 2499 1200 2528 (ἐι-επ,
1216 2498 1242 2520 in
1259 2498 1354 2528 ficecla,
1376 2499 1419 2523 lib.
1437 2500 1471 2529 tt,
1486 2500 1546 2523 hom
1574 2507 1604 2530 x,
1620 2507 1646 2523 u.
1665 2501 1702 2523 23.
1717 2512 1746 2517 —

985 2534 1000 2549 '³
1016 2534 1097 2562 Cant„
1113 2539 1146 2559 ιν,
1165 2535 1200 2555 1-1.
1213 2545 1242 2549 -
1258 2533 1278 2549 ¹⁴
1290 2534 1361 2563 Sup.‚
1375 2540 1423 2564 xit,
1436 2536 1458 2558 3.
1474 2535 1536 2552 ..1⁵
1547 2536 1620 2565 Aug,
1636 2536 1707 2557 tract.
1722 2540 1746 2563 L,

979 2575 1004 2591 n.
1020 2570 1042 2590 εἰ.
1056 2581 1085 2585 -
1103 2568 1120 2583 ¹⁸³
1134 2568 1223 2595 Marc..
1239 2569 1374 2597 xv1‚1.-
1393 2570 1409 2585 ¹⁷
1425 2571 1499 2600 Aug„
1514 2572 1586 2594 tract⁸
1605 2576 1662 2598 cxx,
1681 2575 1705 2592 n.
1723 2571 1745 2591 5.

980 2616 1008 2620 —
1024 2603 1044 2619 ¹⁸
1058 2603 1118 2626 ibid.
1130 2616 1159 2620 —
1176 2604 1193 2619 ¹³
1204 2603 1344 2634 Chrysost.,
1357 2603 1400 2628 ubi
1413 2612 1480 2636 sup.,
1492 2612 1517 2629 n.
1534 2607 1545 2629 t
1569 2618 1598 2622 —
1613 2605 1634 2621 ²⁰
1647 2604 1746 2633 Mami„

980 2644 1064 2669 xxvii,
1080 2640 1159 2661 62-66.
