1987 3032
192 188 250 217 492

188 253 372 288 gnovissent,
397 262 457 282 non
480 255 696 283 crucifixissent.
713 265 726 281 n
747 257 802 283 Et¹
833 266 839 284 z
869 266 882 282 «
905 258 957 284 Per

187 299 382 334 ignorantiam
407 300 520 328 fecistis.
542 312 554 326 n
579 303 609 328 Et
631 302 668 329 ita
694 302 812 329 fuerunt
834 310 956 330 excusa-

187 345 276 380 biles,
292 349 323 374 ut
340 347 466 381 videtur,
489 349 516 374 et
538 347 575 374 ad
598 347 674 375 istud
698 349 956 383 respondendum,

186 392 270 428 quod
286 400 320 420 ex
342 393 441 420 divina
456 393 665 428 promissione,
688 403 723 422 ex
747 395 958 431 Prophetarum

186 439 443 474 praenuntiatione,
471 441 498 466 et
532 447 566 466 ex
596 441 810 476 Scripturarum
839 442 957 470 veritate

186 487 321 520 poterant
335 493 512 520 cognoscere
526 485 621 521 ipsum
634 494 695 514 esse
712 487 815 514 Filium
831 487 889 515 Dei.
905 488 957 515 Su-

186 539 239 566 pra
252 532 261 547 2
279 540 285 558 ε
301 542 313 556 «
328 531 501 558 Scrutamini
512 532 682 568 Scripturas.
697 545 709 558 »
726 534 736 551 ³
751 534 843 561 «Huic
855 541 959 561 omnes

186 578 337 613 prophetae
365 578 565 605 testimonium
593 579 758 614 perhibent.
784 591 796 605 »
829 582 897 608 {tem
923 588 958 607 ex

186 631 309 659 operum
326 624 543 659 magnitudine,
561 633 650 660 supra
664 626 673 640 Β
689 635 695 652 :
714 638 725 649 a
742 627 884 662 Operibus
900 634 959 653 cre-

186 670 254 696 dite.
274 679 287 695 »
306 671 337 697 Et
360 670 427 697 ideo
440 670 606 705 judicantes
629 680 696 699 eum
712 681 773 700 esse
789 673 958 700 malefacto-

185 724 261 750 rem,
278 724 313 743 ex
334 716 445 743 malitia
461 719 488 744 et
507 717 620 745 invidia
637 718 693 746 hoc
711 718 857 752 fecerunt,
877 722 903 746 et
919 719 958 746 sie

186 762 303 789 fuerunt
317 762 542 791 inexcusabiles,
556 765 585 791 Et
595 772 648 800 per
662 765 717 792 hoc
729 766 766 792 ad
776 765 867 798 aliud,
877 766 958 800 quod

185 817 289 836 eorum
300 809 477 837 conscientia
488 809 541 837 fuit
555 818 693 845 erronea,
705 812 786 847 quod
801 814 960 847 potuerunt

185 855 257 882 scire
273 863 307 882 ex
323 856 478 891 praedictis.
501 856 544 883 Ad
561 857 643 884 aliud
658 858 898 893 respondendum
914 866 958 885 se-

185 901 316 929 cundum
340 902 487 936 messam,
513 903 565 930 ubi
592 911 695 938 supra,
718 904 801 939 quod
830 904 959 932 minores

185 955 245 975 non
261 951 463 982 cognoverunt
477 957 544 976 eum
560 957 637 983 esse,
656 950 706 985 qui
722 951 883 985 promissus
899 954 960 979 erat

184 993 214 1020 in
235 993 313 1028 lege;
338 994 466 1029 majores
490 1003 560 1022 vero
583 998 798 1030 cognoverunt,
824 996 875 1023 sed
898 1005 958 1024 non

185 1040 346 1074 manifeste,
362 1048 423 1068 esse
439 1042 543 1075 Deum,
561 1042 671 1069 malitia
686 1050 736 1069 eos
755 1046 915 1070 excaecante
932 1046 959 1070 et

185 1086 305 1113 invidia.
326 1088 358 1113 Et
382 1086 449 1114 ideo
468 1087 585 1115 fuerunt
609 1088 649 1115 rei
673 1089 774 1116 mortis
793 1089 868 1123 ejus,
893 1089 959 1116 licet

185 1133 286 1168 quoad
306 1134 419 1169 aliquid
441 1136 469 1161 et
487 1135 587 1170 aliquo
608 1135 699 1163 modo
716 1135 801 1163 fuerit
821 1136 959 1170 ignoran-

185 1178 238 1211 tia,
255 1187 320 1214 quae
334 1182 432 1207 tamen
449 1189 484 1207 ex
497 1183 557 1208 toto
573 1189 633 1208 non
645 1182 801 1209 excusavit.

221 1227 264 1252 31.
282 1227 313 1252 Et
327 1226 458 1261 sequitur
472 1227 627 1254 indiscreta
641 1228 752 1255 oblatio
768 1228 848 1256 Pilati
863 1237 868 1255 :
888 1230 959 1256 Dicit

185 1279 245 1305 erqo
260 1273 297 1298 eis
313 1273 433 1306 Pilutus,
455 1275 508 1299 etc.
526 1275 557 1300 Et
571 1273 628 1300 hoc
645 1274 731 1306 dixit,
749 1274 821 1309 eripi
845 1274 956 1309 volens,

185 1318 222 1345 ab
239 1325 341 1345 eorum
357 1319 427 1346 odio
439 1319 557 1353 scilicet,
569 1320 646 1347 utait
657 1320 882 1355 chrysostomus
893 1322 955 1356 (ossi.

185 1365 219 1390 Et
233 1365 375 1392 secundum
386 1367 466 1400 [oyem
479 1369 592 1393 vest-ram
600 1367 724 1400 judicate
734 1375 802 1401 eum,
815 1368 850 1394 de
862 1376 920 1403 qua
932 1368 956 1395 ⁶:

187 1421 200 1435 «
214 1411 358 1438 Maleficos
373 1419 433 1438 non
448 1412 567 1446 patieris
581 1413 691 1440 vivere.
708 1423 720 1437 υ
746 1414 800 1440 Sed
819 1414 881 1449 ipse
898 1417 958 1442 erat

185 1456 353 1484 benefactor
370 1466 375 1484 :
400 1458 468 1485 ideo
488 1466 547 1485 non
563 1459 671 1486 licebat
691 1459 747 1486 illis
763 1467 831 1487 eum
848 1460 956 1487 interfi-

185 1511 249 1530 cere
264 1504 273 1520 ⁷
293 1513 299 1530 :
318 1514 331 1528 «
345 1506 531 1532 innocentem
548 1504 581 1539 (b)
603 1507 630 1532 et
641 1505 752 1540 justum
775 1514 835 1533 non
850 1506 958 1533 interfi-

184 1549 242 1576 cies
253 1550 316 1584 (1z).n
333 1549 401 1577 Ideo
416 1550 457 1577 ibi
474 1550 636 1577 verificatur
650 1551 723 1578 illud
734 1552 782 1577 Job
796 1552 821 1578 ¹³:
841 1553 957 1579 «Causa

185 1598 232 1622 tua
249 1595 332 1630 quasi
348 1596 430 1631 impii
443 1596 576 1630 Judicata
589 1599 640 1624 est.
659 1608 670 1621 ν

219 1642 251 1668 Et
264 1641 395 1677 sequitur
410 1649 513 1669 eorum
527 1643 681 1678 responsio
697 1653 702 1670 :
729 1645 860 1671 Dimerzmi
877 1652 886 1670 .·
903 1644 957 1670 Νο-

185 1687 224 1714 bis
251 1696 303 1714 non
322 1689 382 1715 licei
403 1690 558 1722 interlicere.
580 1689 707 1724 Opponit
730 1690 907 1724 Augustinus
922 1690 932 1706 ⁹
949 1699 955 1716 :

186 1734 288 1767 «Quid
311 1733 382 1761 dicit
408 1734 511 1762 insana
538 1735 715 1762 crudelitas?
739 1736 765 1763 Si
787 1736 958 1763 malefactor

183 1783 238 1814 est,
265 1781 330 1808 licet
351 1781 486 1808 occidere
503 1789 570 1808 eum
590 1783 752 1809 seeundum
768 1782 863 1817 legem
881 1791 957 1818 pra?-

183 1827 302 1854 dictam.
319 1837 332 1852 »
351 1829 420 1855 ltem
440 1827 620 1862 Stephanum
634 1828 848 1856 interfecerunt.
873 1831 904 1856 Et
919 1829 957 1856 ad

183 1873 258 1900 istud
286 1874 528 1909 respondendum
557 1875 721 1902 secundum
745 1877 956 1910 Augustinum,

183 1920 264 1955 quod
290 1928 350 1947 non
377 1920 484 1948 licebat
512 1920 552 1947 eis
576 1920 736 1948 interficere
756 1924 875 1957 propter
900 1922 956 1949 dici

182 1965 244 1993 festi
266 1967 463 2000 sanctitatem,
481 1974 568 2002 quem
592 1967 742 1995 celebrare
765 1968 956 2004 incoeperant.

183 2011 232 2038 Vel
253 2013 416 2040 secundum
432 2013 670 2048 Chrysostomum
685 2014 714 2048 ¹⁰,
732 2014 901 2049 crucifigere
917 2014 958 2042 eis

183 2065 243 2085 non
258 2058 379 2093 licebat;
396 2060 423 2086 et
437 2059 493 2086 hoc
510 2059 564 2094 ipsi
580 2060 734 2092 volebant,
750 2063 781 2087 ut
794 2063 888 2088 morte
904 2061 958 2087 dif-

183 2103 293 2131 fament
308 2104 422 2132 dolosa.
440 2107 583 2138 Himeram,
599 2106 683 2140 quasi
699 2115 705 2132 :
719 2108 782 2133 Non
793 2107 957 2133 secundum

183 2149 280 2184 legem
298 2152 429 2178 nostram
444 2152 589 2186 peccavit;
607 2152 659 2178 sed
675 2160 833 2179 commune
849 2155 890 2179 est
904 2153 958 2179 cri-

183 2203 271 2223 men:
288 2196 358 2231 quia
378 2197 517 2224 volebant
541 2197 653 2230 dicere,
679 2198 762 2233 quod
786 2200 958 2233 peccaverat

184 2244 285 2269 contra
304 2243 485 2277 majestatem
506 2243 704 2278 imperialem,
727 2244 836 2271 faciens
860 2252 889 2271 se
911 2252 956 2271 re-

183 2295 259 2322 gem.
276 2288 356 2316 Unde
371 2289 474 2324 quaerit
487 2289 712 2324 Chrysostomus
724 2290 754 2323 ¹¹,
763 2298 854 2326 quare
870 2291 957 2318 duxe-

216 2369 302 2399 1Act„
320 2376 358 2400 ιιι,
378 2372 414 2394 Π.
431 2383 459 2388 --
478 2370 488 2386 ²
501 2371 572 2400 Sup.,
589 2377 612 2401 ν,
630 2373 669 2394 39.
683 2384 711 2387 -
729 2371 737 2384 ³
751 2372 817 2401 Act.y
835 2378 858 2400 λ,
876 2373 912 2396 43.
926 2385 956 2390 —

184 2404 194 2421 ⁸
214 2405 284 2434 Sup.‚
308 2411 336 2434 x,
359 2407 396 2429 38.
414 2419 444 2423 —
461 2407 471 2423 ⁶
491 2406 632 2437 Chrysost,
653 2406 696 2429 ubi
717 2414 772 2437 sup.
789 2420 818 2423 —
838 2408 846 2421 ⁶
866 2407 955 2437 Exod„

186 2445 256 2468 xxil,
274 2441 378 2463 18.—⁷
396 2441 601 2471 11>it1.‚xx111‚7.
618 2455 648 2458 —
662 2442 670 2455 Β
684 2441 746 2471 Ιοὸι,
764 2448 857 2472 xxxvi,
878 2444 954 2465 17.—

185 2476 194 2488 ⁹
210 2475 325 2505 August„
341 2475 382 2499 ubi
399 2483 465 2506 sup„
480 2484 504 2499 n.
522 2479 542 2500 Ji.
560 2490 589 2494 —
604 2477 623 2492 ¹⁰
638 2477 778 2508 Chrysost.‚
797 2478 838 2500 ubi
855 2484 910 2507 sup.
926 2491 956 2494 —

187 2510 204 2526 ¹¹
224 2510 296 2539 thid„
311 2517 336 2534 u.
350 2511 373 2534 3.
384 2524 414 2528 —
426 2512 444 2526 ¹²
457 2511 556 2537 inatile..
569 2518 614 2541 xx,
631 2514 665 2535 w.
679 2525 708 2529 —
735 2513 743 2525 ³
755 2513 897 2542 Chrysost.,
914 2512 956 2536 ubi

184 2552 250 2575 sup„
263 2552 288 2568 n.
303 2547 363 2568 -ἰ.-
379 2547 392 2559 '²
408 2546 956 2577 P1'0t¹..X=11‚15.—'5lnf.‚Si.—¹''1us.,

186 2580 212 2601 ‘wi
241 2593 263 2595 κ-
281 2580 300 2596 ¹⁷
319 2580 375 2609 inf.,
390 2581 467 2604 38.-
484 2582 501 2596 ¹²⁴
517 2581 657 2611 Chrysost„
673 2583 715 2606 ubi
733 2590 788 2612 sup.
800 2595 828 2600 —
848 2584 865 2598 ¹²⁸
882 2584 956 2612 Aug„

186 2615 268 2639 Traet.
289 2622 346 2645 cxv,
362 2623 387 2639 n.
405 2619 426 2640 1.
441 2629 471 2633 —
486 2616 507 2631 ²⁰
526 2616 587 2639 thiu.
604 2629 633 2634 —
653 2618 671 2633 ²¹
688 2618 828 2648 Chrysost„
844 2618 885 2641 ubi
901 2625 955 2647 sup.

711 189 919 221 EVANGELH
945 189 1083 220 SANCTl
1107 190 1270 222 JOANNts

1013 258 1081 284 runt
1107 265 1175 285 eum
1201 259 1239 286 ad
1269 259 1390 287 Pilatum
1401 261 1414 287 ’ἲ
1445 262 1475 288 Et
1503 259 1676 296 respondet,
1706 260 1788 296 quod

1017 303 1170 331 «multum
1195 312 1297 332 eorum
1321 306 1503 342 principatus
1526 309 1553 333 et
1573 306 1721 342 potestatis
1735 306 1787 334 ab·

1014 350 1135 376 scissum
1148 353 1223 383 erat,
1234 351 1304 386 quia
1319 354 1400 380 erant
1415 353 1470 380 sub
1486 352 1639 385 Romanis,
1650 354 1677 379 et
1688 351 1788 379 sormi-

1015 395 1126 422 dabant
1152 403 1188 423 ne
1217 399 1318 432 postea
1346 398 1505 426 vindictam
1536 398 1639 426 darent
1662 398 1788 426 accusati

1015 442 1097 477 apud
1112 443 1296 470 Romanos.»
1314 444 1379 470 Haec
1395 444 1453 471 ille.

1051 490 1094 515 3⁶2.
1110 490 1168 515 Hoc
1184 491 1282 516 tamen
1296 489 1405 517 sactum
1420 493 1462 518 est
1478 499 1485 517 ι
1510 492 1542 517 Ut
1561 499 1644 518 sermo
1663 493 1725 519 Jesu
1741 493 1788 518 im-

1013 535 1143 568 pleretur,
1158 543 1233 569 quem
1247 536 1320 562 dimit
1337 545 1344 562 :
1362 535 1380 551 ¹²
1398 546 1410 561 «
1424 536 1549 564 Tradent
1565 545 1632 565 eum
1651 537 1788 573 gentibus

1015 579 1054 606 ad
1067 579 1271 614 illudendum,
1287 592 1299 605 n
1319 584 1372 609 etc.
1394 584 1425 609 Et
1443 583 1483 610 sic
1502 590 1563 610 non
1585 583 1681 611 solum
1704 592 1722 611 a
1739 585 1787 611 Ju-

1016 626 1100 660 daeiS,
1115 627 1167 654 sed
1189 630 1216 654 et
1240 635 1257 654 a
1278 628 1414 662 gentibus
1441 629 1570 656 debebat
1591 629 1728 663 interfici,
1749 630 1788 657 ait

1015 673 1238 708 Chrysostomus
1254 675 1282 701 ¹⁸.
1300 676 1331 702 Et
1342 677 1419 710 patet
1431 675 1478 701 hic
1491 675 1690 702 accusantium
1705 675 1788 703 dolo-

1015 719 1097 753 sitas,
1113 722 1140 746 et
1154 719 1274 754 falsitas,
1289 722 1317 748 et
1330 721 1495 756 duplicitaS,
1512 722 1539 748 et
1551 721 1659 756 judicis
1673 721 1787 749 flexibi-

1015 764 1090 799 litas,
1098 766 1272 793 ettimiditas
1284 766 1312 793 in
1323 767 1456 794 cavendo
1464 767 1566 794 odium
1577 767 1788 801 accusantium,

1015 813 1042 838 et
1064 812 1198 847 tepiditas
1221 813 1250 839 in
1275 813 1428 848 diligendo
1450 813 1616 847 veritatem,
1642 815 1670 841 et
1689 814 1788 849 inqui-

1014 857 1120 891 rendo,
1134 866 1200 894 quoe
1221 859 1331 886 faciunt
1353 860 1478 894 perverti
1491 859 1638 894 judicium
1652 868 1728 895 saepe
1743 860 1762 877 ¹⁸
1780 870 1786 888 :

1018 913 1031 929 «
1046 904 1097 937 Qui
1109 905 1246 939 justificat
1268 906 1408 941 impium,
1425 908 1452 933 et
1471 906 1522 942 qui
1538 906 1715 934 condemnat
1726 907 1788 941 jus-

1015 952 1076 977 tum
1086 972 1093 985 ,
1110 951 1322 979 abominabilis
1338 954 1379 979 est
1393 954 1515 988 uterque
1528 952 1608 988 apud
1625 954 1724 980 Deum.
1736 963 1749 978 n

1050 999 1093 1024 3'3.
1111 999 1142 1025 Et
1161 999 1292 1034 sequitur
1311 998 1362 1026 illa
1376 1006 1459 1034 parS,
1481 999 1511 1026 in
1536 1007 1595 1034 qua
1610 999 1788 1027 examinatio

1014 1045 1115 1072 Christi
1132 1053 1148 1072 a
1164 1045 1272 1078 Pilato,
1288 1045 1329 1072 ibi
1343 1054 1349 1071 :
1370 1046 1518 1079 Introivit,
1541 1047 1592 1072 etc.
1615 1047 1646 1072 Et
1660 1045 1701 1073 ibi
1716 1054 1789 1081 qua-

1014 1092 1096 1118 tuor:
1120 1091 1232 1126 primo,
1257 1091 1407 1126 inquisitio
1429 1091 1466 1118 de
1493 1092 1635 1127 captionis
1659 1092 1785 1127 ratione;

1013 1137 1144 1164 secundo
1167 1137 1210 1172 (c),
1225 1137 1326 1164 Christi
1341 1137 1507 1173 responsio,
1522 1138 1563 1164 ibi
1577 1138 1596 1154 ¹⁵
1615 1147 1622 1165 :
1640 1139 1787 1173 Respondit

1012 1184 1103 1216 Jesus,
1118 1185 1187 1217 etc.,·
1204 1183 1298 1217 tertio,
1317 1183 1395 1210 Pilati
1410 1184 1577 1217 conclusio,
1593 1184 1635 1211 ibi
1652 1185 1690 1211 ¹⁵:
1711 1186 1787 1212 Dim't

1014 1231 1105 1263 itaque
1124 1230 1149 1255 ei
1168 1230 1291 1262 Pilatus,
1318 1231 1387 1263 ctc.;
1411 1231 1531 1264 quarto,
1558 1230 1685 1264 egressio
1703 1230 1786 1258 Pilati

1014 1275 1052 1302 ad
1075 1274 1203 1309 Judaeos,
1227 1278 1254 1302 et
1281 1275 1452 1303 innocentiae
1478 1275 1580 1303 Christi
1603 1276 1784 1311 testificatio,

1013 1321 1053 1347 ibi
1066 1321 1084 1337 ¹⁷
1099 1331 1104 1348 :
1123 1323 1155 1348 Et
1172 1330 1230 1348 cum
1246 1322 1292 1348 hoc
1307 1322 1430 1355 dixisset,
1447 1323 1500 1349 etc.

1049 1367 1092 1395 Ait
1106 1375 1174 1402 ergo
1192 1377 1198 1394 :
1217 1369 1344 1395 Introivit
1360 1376 1420 1402 erqo
1435 1370 1464 1394 in
1484 1370 1639 1403 praetorium
1664 1370 1783 1400 Pilatus,

1013 1417 1038 1441 et
1054 1415 1127 1441 di'wit
1144 1423 1150 1440 :
1170 1416 1210 1441 Tu
1225 1421 1250 1441 es
1271 1414 1328 1441 Reoe
1340 1414 1492 1441 Jacloeorum
1505 1416 1518 1440 ?
1539 1416 1571 1442 Et
1593 1414 1661 1442 ideo
1677 1415 1717 1442 sic
1742 1415 1783 1442 in-

1013 1463 1158 1495 terrogat,
1175 1463 1206 1487 ut
1221 1461 1243 1487 si
1264 1461 1392 1487 Christus
1408 1460 1593 1488 confiteretur
1607 1461 1663 1489 hoc
1675 1482 1682 1495 ‚
1697 1469 1783 1489 accu-

1013 1508 1125 1533 saretur
1140 1507 1261 1533 crimine
1276 1507 1350 1533 laesae
1365 1507 1534 1541 majestatis.
1551 1508 1582 1534 Et
1596 1507 1728 1542 sequitur
1738 1516 1783 1535 re-

1012 1553 1132 1588 sponsio
1155 1553 1257 1581 Christi
1281 1561 1287 1579 :
1309 1553 1455 1586 Respondit
1476 1554 1551 1580 Jesus
1571 1561 1580 1579 .·
1599 1554 1624 1580 A
1647 1555 1783 1588 temetipso

1012 1599 1058 1625 hoc
1072 1599 1158 1632 dicis,
1175 1602 1228 1626 etc.
1251 1599 1307 1626 Sed
1323 1607 1389 1626 cum
1411 1599 1495 1626 sciret
1509 1599 1626 1633 omnia,
1651 1599 1690 1626 ad
1710 1600 1783 1635 quid

1012 1645 1068 1672 hoc
1084 1645 1236 1680 quaesivit‘?
1252 1646 1284 1671 Et
1301 1645 1338 1672 ad
1353 1645 1410 1672 hoc
1431 1645 1589 1680 respondet
1608 1645 1782 1681 Chrysosto-

1012 1699 1078 1718 mus
1088 1692 1115 1724 ¹⁸,
1125 1691 1207 1726 quod
1218 1699 1276 1718 non
1287 1691 1427 1726 ignorans
1439 1691 1582 1726 quaesivit,
1597 1691 1649 1718 sed
1664 1692 1702 1719 ab
1716 1691 1781 1727 ipso

1013 1737 1143 1764 accusari
1159 1737 1262 1764 volens
1275 1738 1391 1765 Judaeos
1401 1759 1408 1771 ,
1425 1738 1507 1773 quasi
1523 1737 1646 1765 diceret:
1658 1739 1717 1765 Hoc
1730 1746 1782 1765 au-

1013 1783 1078 1810 disti
1094 1791 1111 1810 a
1126 1784 1242 1817 Judaeis,
1255 1785 1338 1819 cujus
1353 1784 1446 1819 gratia
1460 1792 1521 1811 non
1535 1786 1644 1811 rectam
1658 1783 1729 1811 racis
1741 1784 1783 1811 in-

1012 1830 1244 1865 vestigationem.
1262 1832 1292 1857 Et
1310 1831 1340 1857 in
1355 1831 1412 1858 hoc
1430 1831 1596 1858 manifestat
1613 1830 1782 1858 Judaeorum

1012 1877 1170 1911 malitiam,
1197 1879 1223 1903 et
1244 1877 1351 1911 judicis
1371 1877 1590 1912 negligentiam.
1616 1876 1783 1905 Secundum

1012 1930 1082 1949 vero
1093 1923 1285 1957 augustinum
1296 1923 1315 1939 ¹⁹
1327 1932 1351 1950 :a
1366 1924 1423 1950 Hoc
1433 1923 1490 1950 dici
1498 1923 1598 1957 voluit,
1609 1931 1669 1951 non
1680 1925 1711 1950 ut
1719 1923 1783 1959 ipse

1011 1969 1106 2002 sciret,
1117 1969 1169 1996 sed
1180 1971 1211 1996 ut
1219 1969 1403 2003 scriberetur,
1413 1969 1496 2004 quod
1508 1977 1561 1996 nos
1569 1969 1641 1996 scire
1651 1969 1753 1996 voluit.
1766 1979 1780 1994 »

1047 2018 1091 2043 35.
1106 2018 1137 2043 Et
1146 2016 1277 2051 sequitur
1288 2015 1417 2043 secunda
1426 2016 1575 2051 inquisitio
1588 2016 1667 2043 Pilati
1679 2025 1685 2043 :
1697 2017 1782 2044 Num-

1011 2063 1079 2097 quid
1094 2070 1138 2095 eqo
1157 2063 1266 2089 Judoens
1280 2070 1348 2093 sum,
1369 2064 1423 2089 etc.
1440 2063 1472 2089 L't
1487 2062 1526 2089 ait
1546 2062 1724 2097 Augustinus
1738 2062 1758 2079 ²⁰
1773 2071 1779 2088 z

1014 2118 1026 2133 «
1040 2108 1164 2135 Abstulit
1177 2116 1194 2135 a
1210 2116 1240 2135 se
1255 2108 1453 2143 suspicionem
1465 2129 1473 2142 ,
1493 2116 1552 2143 qua
1568 2111 1666 2143 posset
1687 2108 1782 2143 putari

1011 2163 1027 2181 a
1044 2154 1200 2189 semetipso
1216 2154 1340 2187 dixisse,
1362 2154 1436 2180 illud
1456 2161 1485 2181 se
1511 2162 1528 2180 a
1551 2154 1656 2181 Judaeis
1680 2154 1782 2181 audire

1012 2201 1232 2233 demonstrans,
1245 2200 1329 2235 quasi
1345 2200 1453 2226 diceret
1467 2208 1473 2226 :
1486 2201 1548 2227 Non
1560 2208 1577 2226 a
1587 2207 1634 2226 me
1646 2199 1718 2233 dixi,
1730 2200 1782 2227 sed

1011 2247 1146 2275 aJudaeis
1170 2246 1280 2281 accepi.
1306 2246 1373 2275 {deo
1395 2246 1526 2281 sequitur
1548 2254 1553 2272 :
1572 2245 1644 2278 Quid
1665 2247 1784 2279 fecisti?

1011 2294 1090 2321 ldem
1102 2293 1326 2328 chrysostomus
1342 2294 1360 2309 2¹
1376 2292 1486 2325 dicens,
1502 2291 1584 2326 quod
1598 2291 1718 2327 plebem
1739 2299 1782 2319 se-

1011 2340 1110 2375 quitur
1126 2339 1198 2375 (d).»

1045 2407 1076 2435 (a)
1092 2406 1169 2430 Groec.
1186 2407 1320 2438 ἀπορήσας,
1336 2405 1360 2428 id
1376 2407 1429 2434 est,
1446 2411 1547 2435 anceps.
1561 2417 1590 2422 —
1606 2403 1638 2435 (b)
1655 2404 1724 2433 Vulq.
1742 2403 1780 2427 in-

1011 2443 1120 2465 sontem.
1136 2454 1165 2459 —
1179 2442 1208 2471 (c)
1223 2442 1280 2464 Item
1296 2440 1406 2464 occides.
1421 2453 1451 2457 —
1471 2439 1511 2469 (cl)
1527 2440 1587 2463 Coet.
1602 2439 1661 2462 edu.
1679 2441 1712 2462 et.
1740 2439 1782 2462 Vel

1009 2478 1091 2507 potius
1106 2477 1140 2499 sic
1158 2476 1286 2507 lryemlum
1304 2484 1310 2499 :
1330 2476 1422 2506 primo,
1440 2475 1522 2506 prima
1535 2473 1663 2504 inquisitio
1678 2473 1709 2497 de
1723 2481 1782 2504 cap-

1011 2511 1085 2535 tionis
1101 2512 1208 2542 ratione,
1224 2514 1249 2535 et
1263 2511 1355 2535 Christi
1369 2510 1515 2541 responsio,
1531 2508 1656 2536 secundo.
1671 2510 1782 2533 secunda

1010 2548 1152 2578 inquisitio,
1169 2550 1192 2571 et
1211 2547 1302 2571 Christi
1320 2547 1465 2578 responsio,
1482 2545 1514 2569 ibi
1531 2552 1537 2568 ε
1555 2545 1683 2574 Respondit
1694 2546 1780 2569 des-us:

1012 2583 1119 2613 Recstcum
1132 2591 1219 2613 meum,
1233 2586 1280 2607 etc.
1294 2596 1323 2600 —
1336 2583 1367 2612 (e)
1381 2582 1421 2606 ΑΙ.
1431 2581 1530 2610 allegat,
1543 2580 1635 2603 sedicet
1652 2581 1733 2604 ἕπεται
1748 2584 1782 2611 τῷ

1010 2618 1077 2647 δήμῳ
