1987 3032
693 205 898 238 EXPOSITIO
920 205 960 237 IN
979 206 1064 238 CAP.
1087 206 1193 238 XXIII.

152 275 294 314 figuram
307 274 424 311 crucis,
439 274 470 303 et
483 272 565 302 calix
581 272 716 311 tumuli,
737 274 852 312 patena
870 272 917 303 la-

152 328 233 368 pidis
246 325 449 367 suprapositi,
464 325 509 355 sic
524 325 684 365 corporale
705 326 788 365 gerit
809 327 917 365 figura

152 381 301 411 sindonis.
321 379 406 410 Unde
420 387 531 409 versus
547 389 554 409 :

152 451 202 475 Ara.
213 449 301 479 cruciS‚
316 448 455 479 tumulique
475 448 506 478 (a)
523 447 601 477 calix,
613 446 753 478 lapidisque
769 448 861 478 patena
876 454 883 471 :

250 488 369 512 Sindonis
380 488 489 512 officium
505 487 611 511 candida
625 487 715 517 byssus
726 487 813 511 habet.

189 545 228 576 Et
238 545 308 576 ideo
322 545 355 574 in
370 545 467 583 hujus
481 544 620 583 figuram
633 544 748 575 dicitur
763 545 771 560 ²
787 551 795 573 :
817 554 831 572 α
845 543 918 574 Sin-

149 599 264 629 donem
287 596 358 627 fecit
377 598 408 627 et
421 596 578 634 vendidit,
594 599 624 626 et
637 597 806 636 cingulum
819 596 916 627 tradi-

148 651 192 681 dit
220 649 438 681 Chananaeo.»
468 649 503 679 In
529 650 625 688 hujus
653 650 749 680 etiam
776 650 917 689 figuram

148 704 262 735 dicitur
274 704 285 720 ²
299 703 384 742 quod
406 702 456 733 vir
474 702 530 741 qui
544 704 612 732 erat
627 702 659 732 in
674 703 777 733 medio
792 711 848 733 sex
862 703 916 733 vi-

150 765 260 788 rorum
284 755 444 787 «vestitus
465 757 533 785 erat
546 755 648 785 lineiS.
666 766 680 783 »
702 755 740 786 Et
753 756 813 786 hoc
828 756 860 786 in
876 756 919 786 si-

152 818 255 849 gnum
274 808 478 846 innocentiae,
500 807 622 838 ratione
642 809 734 847 cuius
754 817 838 847 agno
855 808 917 838 im-

153 862 309 892 maculato
324 863 354 892 et
369 861 529 891 albissimo
549 862 749 900 comparatur
763 871 770 891 z
791 863 920 901 propter

154 915 239 955 quod
257 915 351 945 etiam
370 923 484 953 sponsa
504 915 573 952 eius
593 914 684 944 debet
702 914 810 945 vestiri
829 915 918 953 puri-

155 970 217 999 tate
231 967 419 998 innocentiae
432 967 442 983 ³
457 977 463 997 :
485 978 499 995 «
512 966 673 997 Venerunt
689 967 809 1006 nuptiae
825 967 919 1006 agni,

155 1023 185 1052 et
198 1030 282 1052 uxor
295 1022 363 1060 eJus
377 1020 568 1059 praeparavit
582 1029 626 1050 se.
643 1020 680 1050 Et
691 1020 801 1050 datum
809 1022 855 1050 est
863 1021 918 1059 illi,

154 1075 189 1104 ut
204 1073 363 1112 cooperiat
381 1082 413 1103 se
436 1073 565 1112 byssino
584 1073 775 1112 splendenti,
798 1075 828 1103 et
847 1082 920 1104 can-

153 1126 236 1157 dido.
266 1125 437 1165 Byssinum
464 1125 564 1161 enim,
584 1125 824 1163 justificationes
846 1128 921 1156 sunt

154 1180 345 1209 sanctorum.
367 1189 382 1206 >³
409 1178 471 1208 Sed
494 1178 569 1217 quia
592 1178 662 1208 haec
686 1179 841 1209 munditia
863 1179 921 1209 fuit

154 1232 376 1272 perfectissime
392 1232 423 1261 in
440 1231 506 1261 solo
522 1231 657 1267 Christo,
675 1232 732 1270 qui
755 1232 841 1262 solus
863 1232 921 1262 fuit

154 1285 236 1314 inter
250 1286 391 1314 mortuos
405 1284 495 1320 liber,
514 1283 584 1313 ideo
605 1284 691 1314 solus
712 1284 853 1322 sepultus
876 1285 922 1314 est

154 1337 237 1367 intra
261 1345 383 1368 novum
406 1337 650 1366 monumentum
669 1346 677 1373 3
705 1337 734 1365 et
757 1338 922 1375 propterea

154 1390 260 1421 subdit
277 1399 285 1420 ε
300 1390 346 1421 Et
353 1390 462 1428 posuit
477 1389 558 1419 [llud
578 1390 614 1420 τη
637 1394 841 1419 monumento
867 1399 923 1420 ez-

154 1443 227 1480 cz'so,
245 1443 277 1472 ἰη
291 1451 354 1481 quo
368 1442 510 1472 nondum
530 1443 701 1481 quisquam
712 1443 834 1482 positus
849 1444 922 1481 fue-

153 1499 216 1526 rat.
238 1489 353 1526 Bedffl
379 1505 386 1525 :
412 1506 426 1524 c<
449 1494 541 1525 Solus
564 1494 716 1525 Dominus
740 1495 773 1525 in
796 1496 920 1527 tumulo

154 1549 325 1580 includitur
335 1573 343 1587 ,
367 1551 405 1580 ut
418 1549 578 1589 sepultura
592 1549 676 1579 illius
691 1551 722 1580 et
736 1551 922 1582 resurrectio

155 1614 174 1635 a
187 1604 293 1634 nostra
305 1603 342 1642 (b)
354 1602 523 1641 fragilitate
533 1604 656 1632 naturze
669 1603 828 1633 dissimilis
836 1613 924 1634 mon-

155 1658 282 1688 stretur.
309 1666 323 1683 n
351 1655 438 1686 Unde
461 1655 562 1686 [satas
578 1658 587 1674 ⁵
612 1665 623 1685 :
652 1655 787 1695 «Ipsum
812 1658 924 1695 gentes

156 1709 420 1749 deprecabuntur,
434 1710 464 1738 et
478 1708 536 1738 erit
552 1708 756 1747 sepulchrum
772 1710 841 1747 ejus
857 1709 924 1747 glo-

155 1763 288 1793 riosum.
319 1772 334 1790 »
365 1761 453 1792 Tunc
480 1761 679 1792 verificatum
707 1763 753 1791 est
780 1761 857 1791 illud
880 1762 889 1777 ‘³
915 1773 922 1792 ε

160 1827 174 1845 α
189 1815 289 1854 Lapsa
303 1816 348 1845 est
364 1815 396 1844 in
411 1814 515 1844 lacum
529 1814 595 1844 vita
610 1823 690 1849 mea,
706 1815 736 1844 et
751 1816 924 1853 posuerunt

156 1868 292 1907 lapidem
310 1875 404 1906 super
418 1875 481 1897 mc.
491 1877 504 1894 n
524 1866 596 1897 Ideo
611 1868 717 1897 autem
732 1867 852 1905 positus
867 1868 925 1898 fuit

157 1921 190 1950 in
203 1922 408 1950 monumento
424 1920 544 1956 exciso,
560 1920 635 1959 quia
656 1920 700 1949 sic
720 1921 926 1952 conveniebat

158 1973 227 2003 fieri
241 1973 279 2003 de
295 1972 433 2008 Christo,
449 1973 505 2012 qui
520 1974 586 2002 erat
600 1973 610 1989 ⁷
626 1983 640 2000 «
654 1972 733 2012 lapis
748 1973 872 2003 excisus
888 1973 925 2004 de

158 2028 266 2056 monte
289 2026 356 2056 sine
378 2025 537 2056 manibus.
559 2036 573 2053 »
601 2025 666 2056 Hoc
692 2026 786 2056 etiam
810 2026 926 2057 factum

159 2081 205 2109 est
232 2087 272 2109 ne
297 2078 370 2118 quis
396 2080 499 2117 posset
520 2078 624 2108 dicere
645 2078 731 2117 quod
754 2079 926 2110 suffossum

158 2134 240 2163 esset
253 2133 517 2169 monumentum,
533 2134 662 2171 propter
676 2131 760 2171 quod
776 2132 871 2162 etiam
894 2132 927 2163 in

158 2185 397 2216 resurrectionis
423 2193 508 2215 verae
532 2188 759 2223 argumentum
786 2185 928 2217 custodes

159 2238 298 2278 deputati
321 2239 405 2268 sunt.
432 2237 505 2267 Erat
528 2242 635 2268 autem
664 2241 926 2277 monumentum,

159 2293 195 2322 ut
209 2291 317 2321 dicunt
332 2290 536 2330 expositores,
550 2291 638 2330 quasi
654 2291 799 2330 quaedam
816 2292 929 2323 domus

160 2343 296 2374 rotunda
311 2343 344 2373 in
357 2352 435 2382 rupe
448 2344 563 2382 excisa,
582 2346 678 2374 tantae
693 2344 877 2382 altitudinis,
894 2347 930 2375 ut

160 2395 257 2426 homo
280 2397 406 2426 extenta
424 2404 523 2426 manu
544 2396 600 2427 vix
622 2398 767 2436 tangeret
786 2397 928 2436 culmen,

161 2447 282 2478 habens
302 2449 466 2479 introitum
487 2449 526 2480 ab
549 2450 678 2480 oriente.
702 2450 805 2481 Locus
825 2453 930 2482 autem

163 2501 302 2540 corporis
334 2501 450 2541 sepulti
473 2504 541 2533 erat
566 2502 605 2532 ab
632 2503 778 2542 aquilone
803 2504 841 2535 de
863 2504 932 2544 ipsa

196 2599 203 2614 ¹
219 2599 388 2630 Prov.,xxx1,
401 2602 439 2625 24.
451 2614 481 2618 -
495 2601 503 2615 ²
515 2602 611 2631 Ezeclz„
630 2608 666 2633 ix,
678 2604 701 2626 2.
717 2615 746 2621 —
760 2603 768 2616 ³
781 2603 864 2635 Apoc,²
877 2610 932 2635 xix,

166 2634 217 2656 7-8.
233 2646 262 2651 —
281 2634 291 2650 Β
304 2635 375 2664 Bed.,
397 2637 421 2659 ιή
436 2637 503 2666 Luc„
522 2637 566 2660 ubi
586 2644 642 2667 sup.
654 2651 684 2655 -—
701 2638 712 2654 ὅ
725 2638 784 2669 lm„
799 2646 834 2670 xl,
851 2642 888 2664 10.
903 2654 933 2658 —

166 2668 175 2683 ⁶
189 2667 285 2700 Itu-en„
299 2676 336 2700 ιιι,
352 2672 391 2694 53.
403 2684 433 2689 -
446 2672 457 2688 ⁷
473 2672 549 2702 Dan,
561 2678 592 2703 11,
606 2674 644 2698 45.
662 2686 691 2692 —
705 2674 714 2688 ⁰
731 2674 823 2706 Eccle„
835 2681 854 2706 1,
867 2677 890 2700 6.
902 2689 933 2694 -

1681 214 1738 243 219

972 281 1063 313 rupe,
1080 275 1199 314 septem
1212 274 1307 314 pedes
1317 274 1439 306 habens
1446 275 1666 314 longitudinis,
1681 277 1740 307 tri-

971 326 1031 357 bus
1054 327 1167 366 palmis
1188 337 1206 357 a
1229 329 1313 358 terra
1334 327 1493 367 eminens,
1509 337 1528 358 a
1541 330 1629 368 parte
1643 330 1739 360 meri-

972 379 1066 409 diana
1080 380 1210 411 omnino
1224 382 1345 420 patens,
1362 381 1446 412 unde
1460 390 1574 421 corpus
1588 382 1740 412 infereba-

972 434 1034 463 tur.
1050 432 1132 462 Talis
1146 435 1253 463 autem
1267 434 1427 473 dispositio
1442 435 1559 473 optime
1578 443 1738 474 congrue-

971 485 1025 515 bat
1037 484 1149 515 Christi
1160 486 1337 525 sepulchro,
1349 488 1398 526 cuj
1404 496 1440 517 us
1450 489 1539 517 ortus
1550 489 1581 518 et
1595 496 1737 526 occasus,

972 547 1104 569 somnus
1118 541 1148 569 et
1162 540 1360 577 resurrectio,
1372 542 1524 580 tanquam
1537 540 1584 571 sol
1594 541 1738 580 justitiae,

972 593 1074 622 totum
1088 592 1290 631 perlustravit
1309 593 1485 631 mundum,
1507 593 1683 624 secundum
1707 594 1742 624 il·

973 644 1027 674 lud
1043 645 1052 660 Β
1072 655 1098 675 :<‹
1115 645 1219 675 Oritur
1235 644 1299 683 Sol,
1316 648 1347 676 et
1362 646 1483 683 occidit,
1499 648 1568 685 post
1579 649 1673 686 gyrat
1685 656 1741 686 per

973 698 1155 736 meridiem,
1180 700 1211 729 et
1230 698 1367 729 flectitur
1390 699 1429 729 ad
1450 699 1652 738 aquilonem:
1669 710 1684 728 n
1705 702 1742 731 ut

973 751 1016 781 sic
1044 751 1160 782 virtute
1188 751 1300 781 Christi
1325 752 1524 791 resurgentis
1551 761 1570 782 a
1606 754 1742 791 quatuor

972 803 1076 835 ventis
1090 804 1198 834 veniat
1211 804 1356 843 spiritus,
1370 807 1401 834 et
1415 805 1555 835 insufflet
1576 813 1670 844 super
1692 805 1741 835 in—

973 856 1118 887 terfectos
1141 857 1346 887 suscitandos.
1372 856 1460 888 Unde
1482 857 1597 887 dicitur
1611 859 1642 887 ⁹:
1665 869 1679 886 «
1695 858 1743 889 Ab

974 910 1095 940 orlente
1109 909 1261 940 adducam
1283 919 1391 940 semen
1416 911 1524 946 tuum,
1549 912 1580 940 et
1599 910 1638 940 ab
1662 911 1743 941 occi-

975 963 1067 993 dente
1079 963 1285 1001 congregabo
1299 964 1340 993 te.
1359 963 1465 993 Dicam
1484 963 1626 1002 aquiloni
1643 973 1651 993 :
1673 963 1718 994 Da
1734 973 1742 1001 ς

975 1018 1005 1047 et
1019 1018 1126 1046 austro
1143 1027 1149 1047 ε
1167 1015 1236 1047 Noli
1249 1016 1427 1055 prohibere.
1440 1027 1454 1044 >)

1015 1069 1134 1107 Tertio,
1153 1070 1308 1108 quantum
1322 1069 1361 1099 ad
1375 1070 1643 1108 opportunitatem
1660 1071 1743 1101 tem-

975 1122 1071 1161 poris,
1088 1122 1161 1152 dicit
1177 1123 1218 1159 (v.
1237 1122 1283 1161 54)
1297 1132 1304 1151 :
1321 1123 1365 1154 Ec
1380 1122 1445 1153 dies
1460 1127 1529 1153 erac
1539 1132 1742 1163 parasceves,

976 1180 1006 1206 et
1032 1176 1199 1206 sabbatum
1225 1176 1431 1207 illucescebat.
1462 1177 1533 1207 Dies
1562 1186 1746 1216 parasceves

977 1231 1022 1259 est
1035 1230 1100 1259 dies
1114 1229 1248 1266 veneris,
1263 1230 1318 1268 qui
1328 1229 1396 1260 ideo
1411 1229 1525 1260 dicitur
1536 1232 1743 1269 parasceve¹⁰,

977 1282 1062 1321 quod
1084 1282 1307 1321 interpretatur
1330 1283 1533 1321 praeparatio,
1555 1284 1630 1322 quia
1653 1283 1686 1313 in
1710 1292 1748 1314 ea

977 1335 1239 1374 praeparabantur
1271 1344 1344 1374 quae
1377 1337 1467 1365 erant
1499 1336 1676 1366 necessaria
1708 1337 1747 1367 ad

976 1388 1160 1418 sabbatum:
1177 1390 1208 1418 et
1221 1388 1264 1418 ita
1279 1392 1345 1418 erat
1359 1390 1447 1419 sexta
1462 1388 1549 1426 feria,
1566 1389 1600 1418 in
1614 1398 1678 1428 qua
1693 1390 1748 1421 Do-

977 1442 1083 1471 minus
1102 1450 1210 1480 passus
1230 1441 1303 1478 fuit,
1326 1442 1359 1471 in
1376 1442 1481 1472 media
1496 1441 1562 1478 die,
1578 1442 1638 1472 hoc
1652 1444 1699 1473 est
1714 1443 1747 1473 in

976 1503 1123 1533 vespera;
1140 1494 1194 1524 sed
1213 1494 1355 1533 sepultus
1374 1494 1431 1525 fuit
1449 1494 1481 1524 in
1501 1503 1584 1532 sero,
1606 1495 1667 1525 hoc
1684 1497 1746 1535 est,

978 1547 1011 1577 in
1034 1556 1166 1586 vespera
1189 1547 1311 1577 sabbati
1328 1556 1335 1578 :
1355 1548 1430 1586 quia
1450 1548 1531 1578 sicut
1555 1550 1664 1578 sextus
1684 1549 1750 1579 dies

977 1600 1183 1631 conveniebat
1205 1601 1299 1630 morti
1324 1601 1453 1639 Christi,
1479 1603 1510 1631 et
1531 1602 1747 1640 crucifixioni,

977 1654 1021 1684 sic
1057 1654 1210 1693 septimus
1245 1655 1451 1685 conveniebat
1485 1655 1657 1694 sepulturae
1668 1678 1678 1693 ,
1719 1657 1750 1686 et

979 1706 1092 1737 Christi
1117 1707 1226 1745 quieti.
1253 1706 1341 1737 Unde
1366 1707 1455 1738 Beda
1478 1709 1496 1724 ¹¹
1521 1717 1532 1738 .·
1557 1708 1678 1738 «Sexta
1700 1708 1750 1739 die

978 1761 1077 1791 factus
1093 1762 1139 1791 est
1152 1761 1260 1798 homo,
1275 1761 1407 1800 septima
1418 1761 1539 1800 quievit
1548 1761 1641 1791 Deus.
1655 1761 1751 1792 Sexta

978 1822 1058 1852 ergo
1068 1813 1117 1843 die
1129 1813 1300 1844 crucifixus
1314 1813 1466 1844 humanae
1477 1814 1682 1853 reparationis
1693 1815 1751 1845 im-

979 1866 1042 1906 plet
1057 1875 1223 1903 arcanum,
1240 1866 1369 1896 sabbato
1393 1866 1559 1905 quiescens
1582 1867 1749 1906 sepulchro

981 1918 1220 1949 resurrectionis
1241 1920 1384 1958 expectat
1405 1921 1568 1950 eventum.
1586 1929 1600 1947 n
1626 1919 1698 1950 Ideo
1718 1920 1751 1950 in

979 1972 1120 2011 figuram
1138 1972 1237 2010 hujus
1259 1971 1374 2001 dicitur
1392 1972 1413 1990 ¹2
1430 1983 1437 2002 ι
1462 1983 1476 2001 <‹
1490 1971 1655 2011 Requievit
1670 1973 1752 2002 Deus

980 2025 1030 2055 die
1045 2025 1178 2064 septimo
1198 2024 1237 2053 ab
1251 2024 1402 2055 universo
1421 2033 1515 2063 opere
1539 2025 1624 2064 quod
1646 2027 1752 2064 patra-

980 2080 1043 2114 rat;
1061 2079 1091 2108 et
1105 2077 1265 2107 benedixit
1280 2077 1340 2107 diei
1361 2077 1512 2116 septimo,
1534 2080 1564 2107 et
1583 2078 1753 2108 sanctifica-

981 2132 1027 2161 vit
1050 2131 1156 2169 illum,
1179 2131 1255 2170 quia
1276 2130 1309 2160 in
1332 2131 1399 2170 ipso
1422 2132 1598 2160 cessaverat
1610 2130 1650 2160 ab
1665 2131 1753 2161 omni

982 2193 1076 2224 opere
1092 2193 1160 2215 suo.
1177 2195 1191 2212 n
1212 2183 1248 2214 Et
1262 2185 1390 2223 propter
1410 2183 1471 2213 hoc
1492 2184 1616 2212 sanctus
1635 2182 1751 2222 Lucas,

982 2237 1197 2268 determinans
1212 2238 1336 2275 tempus
1352 2236 1523 2275 sepulturae
1540 2235 1672 2273 Christi,
1689 2244 1755 2267 non

984 2291 1095 2329 tacuit,
1119 2290 1173 2320 scd
1194 2289 1346 2329 expressit
1366 2288 1403 2318 de
1429 2288 1571 2326 sabbato,
1592 2290 1628 2318 ut
1649 2290 1755 2319 actum

983 2345 1040 2375 est.
1058 2344 1096 2374 Et
1110 2344 1238 2383 propter
1252 2341 1439 2381 mysterium
1463 2340 1665 2380 tropologiae,
1680 2341 1756 2380 quia

985 2398 1018 2428 in
1033 2397 1093 2428 hoc
1106 2396 1316 2433 significatur,
1332 2393 1417 2432 quod
1432 2393 1529 2424 homo
1543 2402 1599 2433 per
1611 2402 1667 2424 sex
1681 2395 1755 2424 aeta-

985 2453 1031 2482 tes
1043 2459 1117 2481 cum
1131 2448 1253 2480 Christo
1265 2447 1356 2477 debet
1375 2446 1581 2477 contribulari
1603 2448 1633 2476 et
1654 2446 1754 2477 cruci-

986 2505 1063 2544 figi,
1086 2505 1121 2534 ut
1142 2503 1175 2533 in
1189 2502 1296 2541 Jmorte
1311 2509 1368 2531 sua
1381 2500 1495 2531 habeat
1508 2499 1754 2537 sabbatismum,

987 2593 1064 2620 Usta,
1084 2597 1162 2620 mu,
1181 2592 1204 2614 Ξῖ.
1217 2603 1247 2608 -
1268 2590 1289 2606 ¹⁰
1308 2590 1460 2621 παρασκευὴ.
1477 2601 1507 2607 -
1521 2589 1538 2605 ¹¹
1558 2589 1631 2619 Bed.,
1644 2588 1688 2612 ubi
1699 2594 1756 2619 sup.

987 2635 1062 2660 prox.
1077 2640 1106 2645 —
1123 2627 1143 2643 ¹²
1158 2626 1228 2655 Gen„
1248 2631 1277 2656 11,
1291 2627 1339 2650 2-3.

1021 2674 1054 2704 (α)
1072 2674 1133 2698 Coee.
1150 2671 1210 2696 edic.
1226 2671 1292 2696 deest
1306 2677 1363 2702 que.
1379 2682 1409 2688 -
1424 2670 1497 2694 Forte
1510 2668 1639 2700 legendum
1653 2668 1755 2693 nostras.
