1987 3032
175 205 233 233 246
497 204 764 236 EXPOSlTlONlS
787 204 825 236 lN
848 203 1104 236 EVANGELIUM
1124 205 1263 238 SANCTI
1284 206 1447 239 JOANNlS

172 268 268 297 activa
281 269 480 305 praetulerunt,
493 278 553 306 qua
565 278 663 298 mores
678 270 882 305 informantur,
897 270 941 298 ni-

172 314 215 342 hil
233 315 360 343 scribere
378 316 482 343 voluit.
501 326 514 341 »
539 318 571 343 Et
591 316 659 343 ideo
681 316 790 351 pagani
811 316 941 352 praedicti

173 368 234 388 non
255 361 405 389 debebant
423 362 601 396 redarguere
619 361 723 389 Filium
745 362 793 389 Dei
817 362 853 389 de
872 362 940 396 hoe,

173 407 255 443 quod
277 415 338 435 non
357 408 470 443 scripsit
490 407 681 442 Evangelium
700 417 707 435 ε
726 408 855 435 maxime
874 416 942 436 cum

173 452 246 488 ipse,
262 453 313 489 qui
332 455 374 480 est
394 455 490 489 caput,
507 453 698 488 Evangelium
715 453 838 489 scripsit,
854 454 941 481 disci-

173 499 251 534 pulis
262 499 321 526 suis
329 499 533 534 scribentibus,
540 500 590 535 qui
601 501 683 527 erant
689 500 713 534 ej
720 508 751 526 us
760 500 904 534 membra,
912 502 943 526 ut

175 544 288 572 dictum
301 547 352 579 est,
368 547 395 572 et
409 553 461 581 per
476 545 533 572 hoc
552 545 591 572 ad
606 546 698 573 aliud.
714 546 758 573 Ad
777 546 858 573 aliud
872 554 942 573 vero

175 591 257 626 quod
268 591 415 626 objicitur,
430 591 684 627 respondendum,
699 591 773 619 sicut
786 592 945 627 respondet

174 637 360 672 Augustinus,
376 637 459 672 quod
481 644 542 664 non
565 639 606 664 est
631 637 724 664 simile
747 637 784 664 de
806 637 871 664 aliis
893 638 944 672 qui

174 683 350 718 scripserunt
374 691 441 710 suas
465 683 622 718 doctrinas,
643 691 717 719 quas
735 683 808 711 forte
831 691 945 710 nuncu-

174 731 320 764 paverunt
332 729 491 763 Evangelia
507 738 513 756 :
535 729 605 765 quia
619 737 681 757 non
694 730 805 757 Christo
819 729 944 757 dictante

175 774 361 809 scripserunt,
382 782 437 802 nec
456 775 572 803 fuerunt
591 777 707 811 recepta
728 775 758 802 in
779 776 945 804 authentico

177 828 300 855 canone,
314 820 388 848 sicut
409 821 567 856 Evangelia
587 829 666 855 vera,
681 829 747 857 quae
768 822 947 858 scripserunt

177 867 251 895 sacri
265 866 462 902 Evangelistae.
809 890 812 891 a

213 914 321 946 Quarto
343 913 483 949 quaeritur
505 914 541 941 de
561 914 671 942 unitate
693 914 833 942 doctrinae
855 923 946 943 evan-

178 959 289 994 gelicae,
305 967 343 987 an
364 959 466 987 debuit
485 960 559 988 tradi
578 960 616 987 ab
631 968 691 988 uno
711 961 905 996 Evangelista,
922 963 949 990 et

179 1005 209 1033 in
231 1013 291 1033 uno
315 1005 490 1040 Evangelio,
511 1014 549 1033 an
568 1014 586 1034 a
603 1006 726 1034 diversis
745 1009 773 1034 et
798 1007 829 1034 in
850 1007 949 1035 multis

179 1052 352 1086 Evangeliis.
369 1054 401 1080 Et
418 1052 535 1080 videtur
553 1053 635 1088 quod
660 1061 753 1080 unum
778 1053 867 1081 dehet
888 1062 949 1081 esse

180 1098 371 1132 Evangelium
392 1107 398 1125 :
419 1098 499 1133 quia,
519 1098 592 1126 sicut
610 1099 744 1126 habitum
765 1102 818 1133 est,
839 1099 949 1127 Christo

181 1144 308 1171 dictante
330 1144 488 1178 Evangelia
511 1146 578 1172 sunt
595 1145 711 1180 scripta.
733 1145 761 1173 Si
782 1153 851 1180 ergo
870 1145 951 1173 idem

180 1190 298 1225 spiritus
321 1189 352 1217 in
374 1197 434 1217 uno
453 1190 645 1225 Evangelista,
661 1190 734 1218 sicut
755 1191 785 1218 in
805 1191 950 1226 pluribus,

181 1244 275 1264 unum
293 1236 399 1263 sufficit
415 1237 615 1272 Evangelium.
635 1239 707 1265 ltem
725 1238 755 1265 in
769 1238 925 1265 Ezechiele¹
943 1247 949 1265 :

185 1292 198 1309 ι(
211 1284 340 1316 Quatuor
349 1282 438 1310 facies
453 1283 503 1310 uni
513 1293 520 1317 ;
532 1293 546 1309 »
563 1291 652 1319 supra
664 1283 747 1319 quod
757 1284 913 1318 Gregorius
922 1283 932 1298 ²
944 1293 950 1311 ι

186 1339 199 1355 «
214 1329 298 1362 Quod
309 1336 384 1356 unus
394 1329 578 1364 Evangelista
588 1330 682 1364 sentit,
692 1330 749 1357 hoc
759 1331 786 1357 et
801 1329 850 1357 alii
862 1331 950 1356 tres.»

183 1376 277 1403 Unum
289 1383 359 1410 ergo
373 1375 563 1408 Evangelium
575 1375 746 1403 sufficiebat.
760 1377 830 1403 ltem
843 1377 952 1411 quanto

184 1422 318 1450 doctrina
329 1422 574 1457 compendiosior,
585 1423 664 1450 tanto
675 1421 953 1456 commendabilior,

184 1470 216 1495 ut
230 1468 365 1495 habitum
383 1469 426 1495 est
440 1469 450 1485 θ
467 1477 473 1495 :
494 1477 507 1493 «
525 1468 814 1495 consummationem
834 1468 912 1495 enim
927 1471 955 1496 et

186 1514 439 1542 abbreviationem
454 1513 539 1541 faciet
552 1514 692 1541 Dominus
708 1522 794 1550 super
809 1516 925 1541 terram.
939 1525 952 1540 »

186 1561 218 1588 Et
231 1561 241 1577 ⁴
257 1569 264 1587 :
283 1569 298 1586 «
311 1560 439 1587 Verbum
457 1560 662 1587 abbreviatum
676 1560 742 1587 fecit
756 1560 895 1588 Dominus
909 1569 956 1588 su-

185 1614 239 1642 per
256 1608 374 1634 terram.
390 1616 403 1631 »
426 1607 500 1641 Ergo
520 1608 552 1633 ut
566 1606 655 1641 prius.
671 1608 740 1634 ltem
760 1609 809 1634 aut
823 1608 955 1641 Evange-

185 1652 260 1680 lium
272 1652 360 1679 unius
371 1652 559 1686 Evangeiistoe
569 1652 744 1686 sufficiebat,
757 1655 785 1680 et
798 1653 822 1679 si
837 1653 888 1686 sic,
899 1653 957 1681 alia

186 1698 384 1733 superfluunt3
401 1700 451 1725 aut
463 1705 525 1725 non
539 1698 712 1730 sufficiebat,
724 1700 751 1725 et
765 1699 788 1725 si
804 1698 854 1732 sic,
866 1698 956 1725 insuf-

184 1744 315 1773 ficienter
334 1744 388 1772 fuit
403 1744 553 1772 traditum.
566 1745 636 1771 Item
655 1752 691 1771 ex
710 1744 767 1772 hoc
786 1745 869 1780 quod
891 1747 958 1772 sunt

186 1793 313 1827 quatuor
336 1790 494 1825 Evangelia
520 1798 538 1818 a
562 1790 684 1818 diversis
707 1791 823 1826 scripta,
842 1791 958 1819 videtur

187 1837 269 1873 quod
293 1837 349 1864 sint
367 1836 536 1864 occasiones
556 1844 700 1870 errorum,
714 1836 784 1871 quia
807 1836 837 1863 in
859 1837 958 1864 multis

187 1883 322 1910 videntur
337 1882 519 1910 dissonantes
534 1882 733 1916 Evangelistae,
749 1882 822 1909 sicut
837 1883 959 1918 opponit

187 1929 411 1965 chrysostomus
429 1930 438 1946 ⁵
455 1930 482 1956 et
505 1928 607 1963 quaerit
623 1937 629 1955 :
649 1938 661 1954 «
679 1927 754 1960 Quid
775 1928 883 1962 igitur?
898 1936 958 1955 non

187 1975 350 2003 sufficiebat
363 1983 439 2002 unus
454 1974 637 2008 Evangelista
649 1974 768 2001 dicere?
780 1984 793 2000 »
813 1974 897 2009 qnasi
913 1974 957 2001 di-

188 2023 233 2049 cat
255 2030 261 2048 z
283 2021 337 2048 Sic.
354 2023 428 2055 Ergo
449 2022 480 2048 ut
501 2020 591 2055 priuS.
608 2021 639 2047 Et
661 2020 700 2047 ad
718 2020 803 2047 istam
822 2020 957 2055 quaestio-

187 2076 255 2095 nem
280 2066 523 2102 respondendnm
551 2067 608 2099 est,
637 2066 719 2100 quod
747 2066 788 2092 sie
816 2066 959 2101 disposuit

188 2114 274 2142 Filius
287 2114 337 2141 Dei
352 2113 391 2140 ad
404 2113 546 2147 majorem
561 2112 824 2139 manifestationem
834 2113 959 2140 veritatis

188 2160 343 2187 enuntiatae
362 2159 393 2186 in
413 2158 587 2193 EvangeliiS,
604 2158 686 2193 quod
708 2160 835 2193 quatuor
850 2158 958 2186 scribe-

188 2207 252 2233 rent
271 2206 330 2233 illa.
352 2204 431 2232 Unde
451 2205 675 2240 Chrysostomus
693 2204 704 2220 ὓ
721 2213 727 2230 z
751 2204 865 2236 «Quod
886 2213 959 2240 qua-

189 2253 255 2278 tuor
274 2251 324 2287 qui
343 2251 484 2285 scribunt,
505 2257 559 2277 nec
578 2249 741 2276 secundum
761 2249 867 2276 eadem
886 2252 958 2277 tem-

188 2305 273 2333 pora,
293 2305 347 2324 nec
367 2297 397 2323 in
417 2296 528 2324 eisdem
548 2295 631 2330 locis,
649 2304 716 2322 cum
735 2303 832 2330 neque
853 2303 959 2323 conve-

189 2343 299 2371 nissent
311 2345 338 2370 et
353 2342 488 2370 collocuti
503 2342 633 2375 fuissent,
648 2341 730 2369 volut
743 2343 840 2368 tamen
852 2343 889 2369 ab
900 2350 959 2370 uno

190 2397 241 2418 ore
262 2389 362 2416 omnia
387 2389 550 2424 loquuntur
573 2397 579 2415 :
602 2388 732 2415 maxima
754 2388 881 2415 veritatis
907 2388 959 2416 dc-

189 2434 362 2463 monstratio
381 2434 442 2462 haec
461 2434 522 2462 suit.
540 2444 552 2460 n
575 2435 641 2461 Haec
659 2434 718 2462 ille.
734 2435 804 2462 Item
825 2434 865 2461 sic
883 2434 961 2462 ordi-

223 2521 229 2536 ¹
249 2519 347 2548 Ezeclz„
363 2524 382 2546 1,
396 2519 419 2541 6.
434 2530 464 2535 -—
479 2518 489 2533 ‘³
502 2518 586 2547 Greg.,
603 2519 628 2541 in
643 2518 741 2546 Ezeclz„
754 2519 825 2541 hom.
841 2524 879 2549 111,
895 2526 920 2542 n.
939 2521 960 2543 1.

190 2568 220 2572 -.
235 2555 243 2569 ³
258 2555 316 2583 Isa.⁷
332 2559 361 2583 x,
376 2554 415 2576 22·
428 2565 458 2570 —
472 2553 483 2568 ¹·
497 2552 574 2580 Romu,
595 2558 635 2582 lx,
653 2554 692 2576 28.
708 2567 735 2570 —
751 2554 761 2570 ⁵
778 2553 919 2584 Chrysost„
935 2555 960 2577 1⁴11

191 2589 292 2617 Mcttllz¹⁷
310 2589 379 2612 hom.
402 2590 428 2617 1,
449 2594 475 2610 n.
497 2588 518 2610 2.
539 2600 569 2604 —
590 2588 599 2601 ⁶
617 2588 678 2612 ibid.
698 2596 802 2619 conseq.
821 2601 850 2606 —
874 2589 881 2602 ⁷
902 2589 961 2619 Iso„

191 2630 261 2655 XLiv,
281 2626 303 2649 8,
323 2637 353 2642 -
369 2623 379 2640 θ
397 2623 536 2653 Chrysost.,
559 2623 607 2646 lou.
627 2622 668 2646 cit.
689 2636 719 2640 —
736 2624 746 2639 ⁹
766 2624 813 2654 td„
834 2624 860 2647 in
879 2624 959 2652 domn,

996 271 1075 299 navit
1089 273 1163 299 Deus
1181 271 1219 300 ad
1239 274 1383 308 majorem
1404 275 1616 303 attestationem
1636 275 1673 302 de
1688 275 1765 311 ipso,

998 319 1025 344 et
1046 317 1083 345 de
1107 318 1246 353 operibus
1271 319 1496 355 dispensationis
1520 329 1589 354 suae,
1605 323 1638 348 ut
1659 320 1690 348 in
1715 327 1766 348 ore

997 363 1125 390 duorum
1140 365 1214 391 esset
1226 358 1330 392 rerum
1345 365 1550 393 testimonium.
1569 368 1605 394 De
1622 365 1767 402 Apostolis

998 409 1077 436 enim
1092 409 1196 437 dicitur
1208 409 1219 425 ⁷
1236 419 1242 437 ε
1262 420 1275 435 «
1290 412 1346 437 vos
1362 413 1446 439 testes
1464 413 1532 440 mei.
1549 423 1562 438 »
1584 412 1641 440 Sed
1659 412 1684 439 si
1703 419 1766 439 om-

998 454 1068 482 nino
1090 455 1194 483 eadem
1210 456 1348 490 dicerent,
1365 465 1398 484 ac
1417 459 1590 493 repeterent,
1608 458 1707 494 aliqua
1721 465 1768 485 su-

998 501 1188 536 pcrssuerent;
1211 502 1234 529 si
1255 509 1324 529 vero
1346 502 1467 530 omnino
1488 504 1605 531 diversa
1626 504 1767 537 dicerent,

999 555 1059 574 non
1069 550 1163 574 essent
1172 549 1368 575 consonanter
1382 548 1572 576 testificantia.
1586 549 1667 577 Unde
1679 549 1767 584 Chry-

1000 594 1146 620 sostomus
1163 593 1173 609 Β
1193 603 1199 619 ;
1225 603 1238 618 «
1260 593 1346 627 Quod
1366 594 1396 620 in
1416 594 1597 629 quibusdam
1618 595 1770 622 dissonant

1000 639 1198 673 Evangelistae,
1214 639 1377 667 maximum
1391 640 1508 674 signum
1524 640 1651 668 veritatis
1665 642 1707 668 est
1722 649 1729 667 τ
1745 641 1769 668 si

1001 685 1080 711 enim
1098 693 1151 719 per
1169 685 1269 712 omnia
1283 687 1479 713 consonarent
1497 694 1565 713 cnm
1587 686 1771 721 certitudine,

1001 729 1100 757 nullus
1120 730 1308 758 inimicorum
1329 731 1459 759 crederet
1477 731 1560 767 quod
1580 740 1642 759 non
1656 733 1771 760 contra-

1003 775 1143 810 dicentes,
1154 785 1190 803 ex
1203 776 1379 812 complacito
1395 777 1527 813 quodam
1538 778 1629 806 modo
1641 778 1771 806 humano

1002 821 1188 857 scripserunt.
1203 823 1284 850 Nunc
1299 824 1397 850 autem
1416 831 1481 859 quae
1494 823 1611 851 videtur
1625 824 1655 852 in
1674 824 1772 860 parvis

1003 874 1065 894 esse
1074 867 1254 895 dissonantia
1265 868 1410 902 omnium,
1420 868 1525 896 liberat
1533 877 1583 896 eos
1593 869 1771 905 suspicione,

1004 913 1125 948 quando
1142 913 1173 940 in
1192 913 1334 949 capitulis,
1351 913 1384 941 id
1399 917 1451 949 est,
1470 914 1499 942 in
1516 915 1728 950 principalibus
1746 916 1774 942 et

1003 958 1034 985 in
1054 959 1110 992 his,
1128 967 1193 994 quae
1213 959 1361 987 continent
1378 960 1469 987 vitam
1485 962 1625 994 nostram,
1639 960 1712 988 etin
1729 960 1775 988 his

1005 1012 1070 1040 quae
1082 1005 1514 1040 constituuntpraedicationem,
1526 1014 1716 1042 nequaquam
1725 1006 1776 1034 ali-

1005 1051 1070 1086 quis
1085 1058 1189 1078 corum
1203 1051 1357 1078 dissonans
1371 1054 1503 1087 apparet,
1516 1052 1589 1079 sicut
1603 1052 1686 1088 quod
1702 1054 1776 1080 Deus

1004 1096 1096 1124 sactus
1107 1099 1149 1123 est
1162 1097 1264 1131 homo,
1275 1099 1303 1124 et
1314 1097 1396 1133 quod
1413 1098 1554 1126 miracula
1568 1098 1644 1132 fecit,
1655 1100 1682 1126 et
1693 1098 1775 1133 quod

1006 1142 1162 1170 crucifixus
1177 1144 1229 1177 est,
1247 1146 1275 1170 et
1288 1143 1329 1170 sic
1348 1143 1384 1170 de
1404 1143 1468 1170 aliis
1482 1144 1627 1179 mysteriis
1641 1144 1775 1171 incarna-

1006 1188 1102 1223 tionis,
1118 1189 1195 1216 circa
1210 1197 1275 1224 quae
1289 1189 1412 1216 multam
1427 1189 1592 1217 invenimus
1610 1197 1775 1217 consonan-

1006 1234 1087 1261 tiam.
1103 1244 1116 1260 »
1141 1236 1204 1261 Haec
1224 1235 1285 1268 ille,
1301 1237 1328 1262 et
1347 1235 1387 1262 ibi
1406 1235 1482 1262 bene
1497 1235 1533 1262 dc
1554 1235 1620 1262 hoc.
1641 1235 1777 1263 Similiter

1007 1280 1231 1315 Chrysostomus
1245 1281 1255 1296 ⁹
1274 1289 1281 1307 ε
1301 1290 1313 1306 α
1331 1282 1408 1308 Unus
1423 1283 1484 1308 erat
1501 1281 1629 1316 spiritus,
1645 1281 1696 1316 qui
1714 1289 1778 1309 mo-

1008 1326 1096 1353 vebat
1108 1327 1252 1360 omnium,
1263 1326 1371 1354 scilicet
1381 1326 1642 1361 Evangelistarum,
1652 1327 1777 1362 animos,

1009 1372 1077 1399 ideo
1095 1372 1218 1399 multam
1244 1372 1319 1399 circa
1347 1372 1577 1399 enuntiationem
1598 1373 1779 1400 demonstra-

1009 1420 1076 1445 runt
1093 1418 1293 1445 concordiam.
1309 1429 1323 1444 »
1342 1420 1411 1446 item
1427 1418 1467 1445 sic
1483 1418 1631 1446 ordinavit
1645 1420 1673 1445 ct
1687 1418 1779 1446 voluit

1010 1465 1084 1491 Deus
1098 1464 1136 1491 ad
1151 1466 1281 1491 nostram
1296 1464 1501 1497 eruditionem,
1518 1466 1606 1499 prout
1615 1463 1655 1490 ait
1669 1466 1779 1499 Angus-

1010 1510 1087 1537 tinus
1103 1512 1123 1527 ¹⁰
1141 1520 1165 1535 z«
1179 1510 1264 1543 Quod
1277 1509 1465 1544 Evangelistae
1479 1509 1583 1536 cadem
1598 1517 1658 1536 non
1673 1510 1779 1537 eodem

1010 1556 1101 1584 modo
1118 1556 1263 1589 dixerunt,
1278 1555 1344 1583 ideo
1364 1556 1426 1588 t‘uit,
1444 1557 1475 1582 ut
1494 1555 1640 1582 discamus
1655 1564 1702 1583 res
1716 1563 1779 1583 ver-

1010 1603 1066 1636 his,
1086 1611 1146 1630 non
1170 1603 1257 1630 rebus
1281 1602 1371 1629 verba
1392 1609 1575 1636 praeponere,
1593 1601 1725 1637 nihilque
1749 1601 1780 1628 in

1010 1649 1149 1685 loquente
1178 1656 1323 1683 quaerere,
1353 1647 1408 1674 nisi
1438 1647 1630 1681 voluntatem,
1661 1649 1781 1683 propter

1012 1703 1102 1731 quam
1121 1694 1329 1722 insinuandam
1343 1694 1435 1721 verba
1453 1696 1668 1729 proponuntur.
1686 1704 1699 1721 »
1717 1696 1780 1722 Haec

1011 1741 1070 1769 ille.
1094 1743 1126 1768 Et
1151 1741 1187 1768 de
1210 1741 1267 1768 hoc
1285 1740 1460 1774 Augustinus
1491 1740 1567 1767 bene
1593 1741 1634 1767 sic
1660 1741 1700 1768 ait
1724 1742 1744 1758 ¹¹
1773 1750 1779 1768 :

1016 1797 1029 1813 «
1048 1787 1187 1820 Quamvis
1207 1788 1305 1813 autem
1323 1786 1430 1820 singuli
1450 1793 1553 1813 eorum
1573 1794 1659 1813 suum
1680 1794 1782 1822 quem-

1013 1833 1082 1861 dam
1097 1833 1232 1860 ordinem
1247 1832 1386 1859 narrandi
1401 1831 1526 1859 tenuisse
1541 1832 1706 1866 videantur,
1721 1840 1781 1860 non

1012 1882 1110 1907 tamen
1124 1879 1326 1914 unusquisque
1341 1886 1454 1911 corum,
1471 1877 1561 1905 veluti
1577 1878 1694 1906 alterius
1708 1886 1781 1914 prae-

1014 1925 1142 1952 cedentis
1168 1925 1297 1959 ignarus,
1324 1923 1451 1951 voluisse
1475 1923 1601 1951 scribere
1627 1924 1781 1959 reperitur,

1012 1971 1061 1998 vel
1074 1971 1209 2005 ignorata
1223 1969 1450 2005 praetermisisse,
1466 1977 1531 2004 quae
1545 1969 1693 2004 scripsisse
1707 1970 1782 1998 alius

1013 2017 1172 2050 invenitur3
1198 2016 1250 2043 scd
1271 2016 1345 2042 sicut
1368 2015 1526 2050 unicuique
1541 2015 1715 2051 inspiratum
1730 2017 1783 2050 est,

1013 2071 1074 2091 non
1093 2063 1271 2098 superfluam
1287 2061 1526 2097 cooperationem
1542 2062 1586 2088 sui
1601 2061 1711 2089 laboris
1726 2061 1783 2089 ad-

1011 2109 1143 2144 junxit.»
1161 2111 1224 2136 erc
1240 2108 1299 2135 illc.
1317 2110 1347 2135 Et
1362 2116 1414 2143 per
1428 2108 1484 2135 hoc
1500 2108 1539 2135 ad
1560 2108 1675 2142 objecta
1691 2117 1697 2134 z
1713 2108 1784 2142 quia

1014 2150 1250 2190 unumquodque
1266 2153 1457 2188 Evangeliuin
1469 2153 1574 2180 suflicit
1587 2156 1729 2188 quantum
1745 2153 1784 2180 ad

1015 2210 1050 2229 ea
1071 2210 1136 2237 quze
1151 2202 1276 2231 enarrat,
1290 2200 1363 2227 sicut
1384 2199 1557 2234 inspiratum
1578 2198 1630 2226 fuit
1652 2200 1782 2233 Evange-

1014 2248 1101 2282 listae3
1118 2247 1189 2283 quin
1206 2248 1302 2273 tamen
1317 2245 1500 2280 Evangelista
1515 2244 1591 2271 dicta
1610 2244 1720 2280 aliqua,
1735 2245 1783 2272 vel

1015 2294 1116 2329 aliqua
1125 2292 1266 2320 miracula
1277 2291 1416 2325 omiserit,
1427 2299 1492 2326 quie
1502 2290 1577 2318 alins
1587 2292 1713 2324 enarrat,
1723 2298 1784 2318 non

1015 2342 1057 2368 est
1072 2338 1290 2371 inconveniens,
1306 2339 1337 2365 ut
1357 2337 1453 2364 visum
1473 2339 1524 2364 est.
1540 2338 1572 2364 Ut
1587 2336 1664 2363 enim
1679 2336 1784 2363 dicitur

1015 2387 1046 2413 in
1067 2386 1192 2420 prologo
1217 2383 1426 2419 chrysostomi,
1445 2383 1492 2410 hic
1516 2382 1707 2417 Evangelista,
1730 2382 1783 2409 sci-

1016 2432 1083 2459 licct
1096 2434 1233 2465 Joannes,
1247 2429 1413 2466 pertransiit
1426 2437 1537 2457 annum
1553 2429 1587 2463 (ιι)
1605 2428 1741 2456 Pascbate
1754 2428 1783 2454 in

1015 2508 1085 2531 honi.
1108 2513 1142 2537 lv,
1163 2507 1195 2529 al.
1214 2511 1259 2535 ιιι,
1283 2512 1309 2528 u.
1331 2507 1352 2528 l.
1373 2517 1402 2521 —
1424 2504 1445 2520 ¹⁰
1469 2505 1543 2533 Aug„
1563 2503 1594 2526 de
1616 2502 1681 2526 verb.
1703 2504 1781 2531 Dom..

1015 2550 1092 2566 serni.
1116 2548 1153 2568 xi,
1177 2541 1209 2565 ul.
1235 2546 1311 2570 Lxxi,
1336 2545 1395 2570 vin,
1417 2540 1454 2563 13.
1478 2551 1507 2556 —-
1528 2539 1545 2554 ¹1
1565 2539 1638 2568 Aug„
1659 2537 1688 2561 tle
1710 2538 1781 2562 conc.

1016 2577 1120 2607 Euwcss„
1136 2577 1177 2599 lib.
1196 2577 1213 2606 1,
1229 2583 1252 2599 c.
1270 2581 1297 2605 11,
1312 2581 1337 2598 n.
1353 2575 1376 2598 4.

1048 2622 1083 2652 (a)
1100 2621 1155 2651 Ley.
1174 2627 1198 2643 a.
