1987 3032
200 251 256 280 122

199 317 258 349 hac
279 318 419 350 facienda
438 318 535 349 venit.
560 320 567 336 ¹
588 329 603 347 (ι
619 318 686 358 Ipse
700 318 746 348 est
765 325 829 356 pax
846 318 964 354 nostra,

199 365 254 404 qui
270 364 340 395 fecit
362 367 497 404 utraque
520 374 633 395 unum.
650 363 844 401 Ε1νο1110115,
867 372 964 394 evan-

201 417 349 456 gelizavit
364 426 472 457 pacem
496 417 595 455 vobis,
619 417 674 456 qui
691 417 786 455 longe
807 416 919 453 fuistis,
935 418 966 447 et

198 478 308 509 pacem
323 470 362 500 iis
376 471 430 509 qui
444 479 552 510 prope,
570 481 584 499 u
599 472 657 501 etc.
671 469 815 501 Secunda
829 469 965 500 efficacia

198 526 245 553 est
272 523 459 554 beatificatio
482 524 640 562 justorum
669 532 724 563 per
748 523 886 562 gloriam
915 527 927 543 ²
955 534 962 553 :

202 588 216 605 α
240 577 463 607 Gloriabuntur
490 577 522 607 in
544 579 574 607 te
593 586 722 615 omnes,
744 576 801 616 qui
826 576 965 615 diligunt

197 639 313 660 nomen
335 632 437 660 tuum.
463 642 477 658 n
502 630 540 660 Et
561 630 600 661 dc
624 630 685 661 hoc
707 629 822 669 duplici
849 629 963 660 effectu

196 693 307 714 rursus
327 684 360 714 in
381 683 510 715 Psalmo
524 678 558 712 ’ξ
582 695 596 712 «
614 682 771 720 Quoniam
789 683 964 713 misericor-

196 737 279 767 diam
295 739 325 767 et
345 736 512 767 veritatem
534 736 638 775 diligit
662 736 757 774 Deus,
775 736 912 775 gratiam
933 738 964 766 et

196 790 335 829 gloriam
363 790 447 821 dabit
477 790 676 820 Dominus.»
703 789 740 820 Et
766 789 818 819 hic
846 789 964 828 duplex

196 844 324 874 effectus
340 845 386 874 est
398 852 454 883 per
467 843 625 873 Christum
640 842 830 880 venientem,
848 851 960 872 secun-

195 896 271 926 dum
283 896 359 926 illud
373 897 400 924 ἐ
417 908 432 924 «
445 896 609 927 Justiticati
621 905 699 934 ergo
714 905 753 926 ex
767 895 840 932 fide,
853 904 961 935 pacem

194 949 369 980 habeamus
385 950 423 980 ad
437 949 537 979 Deum
551 958 608 988 per
629 948 800 979 Dominum
814 950 961 979 nostrum

192 1002 299 1033 Jesum
320 1003 496 1040 Christum,
521 1011 578 1042 per
608 1011 703 1041 quem
732 1002 887 1032 habemus
909 1010 962 1031 ac-

193 1064 316 1086 cessum
331 1064 387 1095 per
409 1055 503 1086 fidem
524 1055 557 1085 in
572 1055 709 1094 gratiam
730 1055 833 1092 istam,
850 1055 885 1084 in
899 1063 961 1093 qua

193 1110 223 1138 et
236 1110 369 1144 stamus,
382 1110 413 1139 et
427 1108 603 1147 gloriamur
618 1109 652 1138 in
673 1117 728 1147 spe
748 1107 860 1146 gloriae
878 1107 961 1138 filio-

193 1170 265 1192 rum
280 1161 344 1192 Dei.
361 1173 375 1189 »
394 1161 432 1192 Et
446 1162 484 1192 de
506 1161 565 1192 hoc
588 1161 707 1200 duplici
730 1161 844 1192 effectu
863 1161 960 1191 nobili

193 1214 285 1245 debet
304 1215 444 1245 Christus
459 1215 590 1245 veniens
603 1215 787 1252 collaudari,
806 1217 837 1245 ct
857 1215 890 1244 in
903 1223 961 1245 sua

192 1269 365 1305 nativitate,
381 1272 411 1299 et
426 1269 612 1300 imminente
628 1269 784 1308 passione.
807 1269 894 1300 Unde
917 1269 960 1298 si-

193 1324 247 1352 cut
262 1323 370 1361 angeli
393 1325 600 1353 cantaverunt
613 1323 623 1339 ⁵
637 1333 648 1353 .·
668 1334 682 1350 «
698 1322 803 1353 Gloria
818 1322 850 1352 in
873 1322 959 1352 altis-

190 1375 279 1406 simis
292 1375 366 1412 Deo,
383 1377 413 1406 et
427 1375 461 1406 in
475 1378 559 1406 terra
573 1384 636 1415 pax
648 1375 841 1413 hominibus,
855 1385 870 1403 »
887 1377 958 1411 etc.,

191 1429 235 1459 510
249 1437 341 1459 versa
355 1429 435 1466 vice,
453 1438 540 1459 nunc
555 1430 683 1458 cantant
696 1428 841 1458 homines
856 1428 961 1457 immi-

190 1484 284 1512 nente
299 1482 454 1521 passione.
473 1481 510 1512 Et
524 1482 593 1512 ideo
609 1482 715 1512 Glossa
734 1491 741 1512 :
762 1493 775 1510 a
790 1482 875 1512 Sicut
890 1490 960 1511 nas-

190 1537 279 1565 cente
297 1534 429 1565 Doniino
450 1535 617 1565 hominum
639 1537 670 1566 et
689 1534 879 1573 angelorum
899 1543 958 1572 ag-

190 1589 277 1618 mina
290 1588 425 1619 coelestia
439 1588 646 1619 decantabant
662 1599 669 1618 :
690 1588 800 1619 Gloria
815 1588 847 1618 in
862 1587 959 1618 excel-

188 1642 230 1672 sis
243 1642 322 1678 Deo,
337 1641 381 1671 sic
396 1641 478 1672 idem
494 1650 570 1672 mox
589 1641 833 1681 triumphatorie
853 1641 959 1671 1101111-

188 1703 244 1724 nes
268 1695 437 1725 concinunt
459 1705 466 1725 z
489 1695 562 1726 Pax
586 1695 620 1725 in
643 1695 731 1733 coelo,
752 1699 782 1724 et
798 1695 903 1734 qlore'a
925 1695 958 1724 in

189 1747 327 1777 excelsis.
342 1758 356 1775 1)
375 1747 436 1777 Α111
460 1750 565 1778 autem
591 1747 807 1786 Evangelistae
821 1748 831 1764 ⁶
850 1747 959 1778 dicunt

188 1800 272 1839 quod
310 1801 477 1830 cantabant
502 1810 509 1829 z
533 1801 689 1831 Hosanna
717 1800 784 1839 filio
827 1800 955 1837 David,

188 1853 343 1884 [losamza
358 1853 390 1883 in
405 1854 576 1884 altissimus.
590 1853 625 1884 ln
639 1862 702 1893 quo
715 1854 894 1884 continetur
908 1854 958 1884 in-

188 1906 330 1936 tellectus
351 1906 471 1944 gloriae‚
490 1908 521 1936 et
542 1906 718 1936 multorum
741 1907 895 1944 aliorum3
927 1910 957 1938 et

187 1959 257 1989 ideo
272 1959 410 1989 nonfuit
433 1958 631 1988 translatum.
658 1958 745 1989 Unde
770 1959 956 1999 chrysosto-

187 2020 259 2042 mus
280 2014 289 2030 ⁷
316 2022 323 2041 ;
344 2023 357 2040 α
381 2011 514 2047 Quidam
537 2011 788 2052 interpretantur
802 2013 957 2043 Hosanna

186 2064 335 2102 Gloriam,
350 2064 480 2103 quidam
499 2064 768 2105 Redemptionem,
785 2066 838 2096 alii
853 2066 957 2097 Salvi-

185 2118 376 2154 ficationem,
405 2117 458 2147 alii
485 2117 617 2148 Salvum
647 2128 697 2149 me
721 2119 778 2149 sac.
795 2130 810 2147 »
830 2119 957 2158 Augus-

187 2171 272 2201 tinus
284 2173 390 2200 autem
404 2170 477 2201 dicit
488 2170 509 2208 ³,
523 2171 608 2210 quod
620 2171 768 2202 Hosanna
781 2175 827 2202 est
836 2173 956 2203 voxlae-

184 2224 290 2260 tantis,
314 2223 366 2254 vel
394 2224 599 2262 obsecrantis,
620 2227 656 2254 ut
679 2225 786 2256 dicunt
809 2226 955 2257 nonnulli

187 2275 323 2313 Hebraei,
341 2285 499 2315 magnum
514 2277 663 2308 affectum
679 2278 820 2309 indicans
838 2280 953 2319 potius,

185 2339 281 2368 quam
295 2330 434 2370 aliquam
448 2340 516 2362 rem
532 2332 716 2371 significans
730 2336 752 2371 ³,
764 2334 844 2364 sicut
857 2334 955 2364 racha

184 2383 359 2421 interjectio
369 2383 564 2423 indignantis
577 2394 642 2416 esse
653 2386 849 2425 perhibetur.
867 2386 955 2418 Unde

186 2436 361 2466 secundum
377 2445 497 2475 vocem,
515 2447 572 2469 nec
589 2438 733 2477 Latinus,
752 2448 808 2470 nec
827 2440 955 2470 Graecus

185 2489 384 2529 interpretari
404 2490 519 2529 potuit,
542 2492 596 2522 sed
618 2493 793 2524 secundum
812 2502 953 2524 sensum.

220 2601 227 2617 ¹
247 2600 347 2631 Ephes„
367 2605 400 2629 ⁴11,
426 2602 459 2629 Η,
482 2601 516 2623 ii.
538 2613 565 2617 —-
585 2601 595 2616 Ξ
617 2601 680 2625 Psal.
703 2608 727 2632 v,
746 2604 781 2626 12,
804 2616 834 2620 -
856 2603 865 2619 ³
885 2603 953 2627 Psal.

188 2642 298 2666 Lxxxui,
318 2638 355 2659 12.
377 2648 407 2652 —
427 2636 436 2651 ⁴
455 2636 531 2665 Rom„
551 2641 574 2665 v,
597 2638 646 2660 1-2.
665 2649 694 2654 —
709 2638 717 2651 ⁵
733 2638 851 2668 Sap-511,
872 2641 908 2663 11.
927 2652 953 2656 -

188 2672 197 2685 ¹³
212 2672 309 2699 Meua,
327 2677 379 2697 xxi,
395 2672 422 2699 83
439 2671 506 2693 Marc
521 2688 526 2698 ,
545 2677 581 2700 xi,
597 2674 630 2694 to.
644 2684 671 2688 —
685 2672 695 2688 '¹
714 2673 764 2696 11110
779 2676 867 2697 auctor
881 2675 952 2703 Olim:

190 2708 289 2737 imperf.
313 2708 336 2729 ιή
359 2707 461 2737 Mami„
485 2706 554 2729 hom.
575 2712 674 2738 xxxvii,
694 2707 758 2731 iuter
780 2711 855 2739 (iper.
877 2710 954 2740 Chry-

742 248 952 280 EVANGELH
975 248 1113 281 SANCTl
1135 249 1247 282 LUCAE

1021 316 1059 347 Et
1079 316 1140 347 hoc
1154 316 1223 347 vult
1237 317 1349 349 heatus
1370 318 1470 350 Lucas
1486 318 1598 357 dicere,
1622 328 1696 350 cum
1719 320 1762 351 ait
1778 329 1786 350 ι

1019 371 1093 402 Pax
1108 371 1141 401 ιή
1155 371 1243 408 coelo,
1260 375 1289 402 el
1302 371 1405 411 {floria
1416 372 1450 402 in
1463 372 1602 403 excelsis.
1617 372 1702 403 Unde
1713 373 1788 413 quia

1020 423 1079 454 ista
1116 423 1186 454 laus
1225 424 1283 454 fuit
1319 423 1387 454 laus
1422 424 1566 455 sublimis
1601 425 1789 456 humilitatis

1021 475 1145 513 Christi,
1166 475 1236 506 ideo
1259 484 1298 505 ex
1318 475 1386 514 ipsa
1407 484 1481 506 cum
1498 476 1592 507 laude
1620 476 1786 517 Seraphin,

1020 537 1092 568 quae
1108 529 1155 558 est
1169 527 1238 558 laus
1251 528 1421 566 Trinitatis,
1435 529 1636 560 constituitur
1649 530 1720 561 laus
1730 530 1789 561 im·

1019 581 1153 612 mediate
1179 582 1366 612 antecedens
1388 590 1541 612 canonem
1569 582 1670 614 Missae
1692 584 1788 614 etiam

1019 634 1113 674 paulo
1126 636 1198 665 ante
1213 634 1477 665 consecrationem
1501 637 1690 667 sacramenti
1704 637 1788 668 Alta-

1018 688 1071 726 ris,
1087 697 1151 727 qua
1166 687 1280 718 dicitur
1297 698 1304 718 ε
1325 688 1478 725 Sanctus,
1499 689 1656 728 Sanctus,
1680 690 1788 722 Sanc-

1018 746 1078 778 tus,
1098 741 1255 772 Dominus
1270 742 1354 772 Deus
1368 741 1516 779 Sabaoth,
1533 744 1592 772 etc.

1058 797 1106 825 39.
1125 795 1169 826 Et
1196 794 1329 834 quidam
1352 794 1603 834 Pharisaeorum,
1631 798 1689 826 etc.
1714 795 1788 827 Post

1017 848 1218 879 devotionem
1246 847 1444 878 laudantium
1459 872 1467 885 ,
1504 850 1534 879 et
1564 849 1785 880 celsitudinem

1016 901 1146 932 laudum
1160 925 1169 939 ,
1201 901 1348 931 subditur
1382 901 1553 932 confutatio
1582 901 1785 941 invidorum;

1017 955 1099 986 circa
1113 964 1209 995 quam
1233 954 1471 985 describendam
1494 954 1557 985 duo
1576 955 1787 985 introducun-

1016 1010 1086 1045 tur,
1123 1008 1239 1039 scilicet
1278 1007 1456 1046 indignatio
1489 1007 1701 1038 invidentium
1714 1030 1723 1045 ‚
1756 1010 1788 1039 et

1016 1061 1199 1101 approbatio
1213 1060 1427 1091 laudatorum.

1056 1115 1163 1146 Primo
1183 1124 1274 1154 ergo,
1298 1116 1455 1155 quantum
1475 1113 1514 1144 ad
1534 1113 1787 1153 indignationem

1015 1167 1238 1204 invidentium,
1264 1167 1337 1197 dicit
1358 1178 1365 1197 :
1383 1167 1429 1198 Et
1446 1166 1579 1207 quidam
1603 1166 1785 1198 Phar-lsoeo-

1015 1229 1089 1251 rum
1105 1220 1142 1250 (le
1157 1220 1256 1250 turbis
1271 1220 1421 1251 dioeerzmt
1435 1220 1481 1250 acl
1492 1220 1583 1250 illum
1601 1220 1784 1260 :Ma-(sister,

1016 1275 1145 1313 increpa
1160 1273 1330 1313 discipulos
1345 1277 1424 1304 tuos.
1438 1273 1503 1304 Hoc
1517 1276 1624 1304 autem
1637 1273 1786 1304 dixerunt

1012 1325 1055 1357 'ex
1070 1326 1301 1365 indignatione.
1315 1325 1402 1356 Unde
1414 1326 1582 1356 Matthaeus
1594 1327 1614 1345 ¹⁰
1630 1336 1637 1356 :
1653 1325 1785 1357 «Viden-

1015 1382 1061 1410 tes
1075 1379 1232 1419 principes
1247 1378 1458 1415 sacerdotum,
1475 1380 1506 1409 et
1523 1378 1634 1409 scribae
1655 1378 1785 1409 mirabi-

1015 1433 1056 1463 lia
1071 1441 1143 1472 quae
1157 1432 1240 1469 fecit,
1253 1434 1284 1461 et
1292 1440 1408 1471 pueros
1420 1431 1591 1462 clamantes
1606 1431 1639 1461 in
1655 1431 1784 1470 templo,

1014 1487 1044 1515 et
1060 1485 1216 1516 dicentes:
1240 1484 1389 1514 Hosanna
1402 1484 1468 1514 filio
1491 1484 1601 1520 David,
1627 1483 1786 1522 indignati

1014 1540 1098 1568 sunt.
1109 1548 1123 1565 1>
1135 1537 1209 1568 Hsec
1223 1539 1330 1567 autem
1345 1537 1520 1575 indignatio
1535 1539 1641 1567 ortum
1651 1536 1787 1566 habebat

1014 1600 1054 1621 ex
1070 1591 1200 1628 invidia,
1216 1592 1247 1620 et
1262 1590 1478 1629 p1·aecipitahat
1492 1598 1545 1620 eos
1565 1589 1598 1619 in
1618 1588 1786 1620 stultitiam

1013 1646 1044 1674 et
1058 1643 1261 1674 dementiam.
1279 1643 1367 1673 [nde
1379 1642 1486 1673 Glossa
1500 1654 1511 1673 ·,.
1526 1654 1540 1671 «
1554 1642 1633 1673 Mira
1644 1642 1787 1673 inviden-

1013 1697 1094 1728 tium
1111 1697 1278 1734 dementia,
1304 1706 1378 1727 cum
1403 1706 1479 1727 vera
1501 1696 1664 1726 docentem
1686 1704 1785 1726 nove-

1013 1753 1096 1788 rant,
1112 1759 1186 1781 cum
1201 1759 1357 1789 magnum
1382 1749 1541 1779 nominari
1561 1749 1705 1787 audiunt,
1727 1749 1786 1780 dis-

1013 1804 1135 1844 cipulos
1148 1805 1218 1843 ejus
1231 1803 1321 1843 quasi
1338 1803 1450 1834 melius
1465 1802 1567 1832 edocti
1582 1802 1783 1841 redarguen-

1013 1857 1067 1887 dos
1082 1856 1273 1894 existimant,
1291 1864 1372 1895 quos
1391 1855 1444 1885 ille
1458 1855 1663 1892 instruxerat,
1688 1864 1785 1894 quem

1013 1910 1182 1941 Dominum
1197 1911 1402 1948 apparetesse
1416 1917 1473 1947 per
1484 1907 1648 1938 miracula.
1663 1918 1678 1936 1)
1697 1908 1784 1939 Unde

1013 1973 1052 1994 ex
1064 1963 1157 1993 laude
1172 1964 1202 1992 et
1217 1961 1320 2000 gloria
1334 1960 1449 1991 Christi
1467 1960 1607 1990 maxime
1632 1961 1783 1992 commoti

1012 2018 1087 2046 sunt
1115 2015 1153 2045 ad
1186 2014 1381 2044 iracundiam
1409 2013 1528 2043 Scribae
1555 2015 1587 2043 et
1617 2013 1782 2053 Pharisaei,

1013 2077 1086 2099 cum
1104 2067 1209 2107 potius
1229 2066 1377 2097 deberent
1403 2066 1524 2104 laetari,
1550 2067 1725 2098 secundum
1747 2067 1784 2098 il-

1011 2122 1065 2152 lud
1082 2122 1101 2138 ¹¹
1119 2130 1126 2149 ;
1149 2132 1163 2149 «
1178 2119 1330 2150 Pharisaei
1345 2119 1495 2150 dixerunt
1518 2119 1557 2149 ad
1572 2120 1756 2159 semetipsos
1773 2132 1781 2152 ι

1012 2174 1128 2205 Videtis
1145 2173 1219 2213 quia
1234 2173 1314 2203 nihil
1329 2172 1521 2211 proficimus.
1541 2171 1618 2202 Ecce
1642 2173 1783 2204 mundus

1011 2230 1096 2259 totus
1115 2229 1184 2267 post
1202 2235 1277 2257 eum
1293 2225 1379 2256 abiit.
1405 2236 1420 2253 »
1441 2224 1567 2255 Tristati
1592 2228 1666 2256 sunt
1691 2234 1780 2266 ergo,

1012 2281 1096 2312 unde
1116 2279 1299 2311 debuissent
1321 2278 1439 2314 laetari3
1464 2280 1494 2308 et
1517 2278 1676 2316 excaecati,
1697 2279 1782 2310 unde

1012 2334 1194 2365 debuissent
1209 2331 1392 2362 illuminari.
1418 2330 1456 2361 Et
1480 2330 1540 2361 1100
1561 2332 1647 2370 ι111510
1660 2331 1782 2370 judicio

1014 2388 1079 2425 Dei,
1095 2387 1150 2426 qui
1165 2385 1238 2416 dicit
1254 2386 1274 2401 ¹²
1293 2393 1299 2413 :
1320 2395 1334 2413 «
1350 2383 1385 2414 ln
1395 2383 1553 2422 J'udicium
1572 2392 1633 2422 ego
1649 2384 1681 2414 in
1695 2384 1782 2415 hunc.

1012 2440 1168 2471 mundum
1183 2438 1268 2476 veni,
1292 2439 1329 2467 ut
1351 2437 1406 2476 qui
1428 2445 1493 2466 non
1511 2436 1620 2467 xident
1638 2436 1779 2474 videant,

1011 2495 1041 2523 et
1055 2492 1244 2532 quivident,
1260 2489 1335 2520 caeci
1349 2490 1437 2519 fiant.
1454 2499 1468 2516 »
1488 2487 1576 2519 Unde
1597 2491 1628 2518 et
1652 2491 1781 2528 propter

1012 2605 1084 2633 sost„
1097 2602 1210 2633 Appcutl.
1226 2605 1288 2625 toni.
1304 2601 1348 2623 w.
1359 2613 1385 2616 —
1399 2600 1407 2613 ἒ
1422 2600 1497 2628 Aug„
1516 2598 1541 2620 ιἰι
1558 2598 1638 2624 loon..
1656 2601 1727 2623 tract.
1745 2607 1781 2631 LI,

1012 2647 1037 2662 11.
1050 2640 1072 2662 ὲ.
1085 2651 1113 2655 -
1124 2642 1129 2648 ⁴
1140 2638 1206 2661 vora
1220 2634 1393 2666 interpretatio
1400 2633 1471 2657 vocis
1482 2633 1595 2656 Hormina
1611 2636 1646 2657 est
1661 2642 1691 2658 ea
1705 2643 1781 2666 quam

1011 2673 1189 2701 iudicavimus,
1207 2674 1268 2695 toni.
1285 2671 1351 2698 vm,
1367 2676 1424 2700 pag.
1440 2670 1495 2696 21³»,
1512 2671 1562 2691 not.
1575 2671 1635 2691 (5.-
1647 2670 1666 2685 ¹·
1678 2670 1780 2700 Mami„

1011 2716 1065 2739 xxi,
1083 2711 1120 2733 15.
1135 2721 1164 2725 —
1180 2708 1293 2736 ¹¹J0c111.‚
1307 2712 1355 2736 xii,
1374 2708 1409 2729 w.
1425 2716 1455 2720 —
1469 2704 1488 2719 ¹²
1504 2703 1566 2734 ibid,
1585 2710 1619 2734 ix,
1635 2706 1674 2729 ευ.
