1987 3032
71 2225 153 2245 Divisio

62 2256 138 2282 partis.

180 202 238 232 :362

177 267 246 295 riari
262 267 471 303 temporaliter,
485 268 537 296 sed
555 268 661 296 doecre
676 266 832 294 salubriter
845 266 948 301 voluit,

177 316 204 342 et
218 313 379 341 admonere
396 314 432 341 de
448 314 495 341 die
515 314 586 342 festo
606 316 713 341 aeterno
725 334 733 347 ‚
756 320 890 340 amorem
909 312 947 340 ab

177 361 233 388 hoc
248 360 355 387 saeculo
369 362 510 393 avertere,
522 362 548 387 et
563 360 593 387 in
608 361 699 387 Deum
712 361 881 387 convertere
897 366 948 386 cu-

175 407 284 443 piebat.
296 416 308 433 »
327 407 415 434 Aliter
428 407 587 442 respondet
600 407 823 442 Chrysostomus
832 406 848 439 ¹,
864 406 947 441 quod

178 464 192 480 α
207 453 230 481 si
245 453 421 481 ascendisset
434 452 596 487 manifeste,
615 452 699 487 signa
720 452 880 479 divinitatis
901 460 949 479 os-

175 500 329 534 tendisset3
344 499 464 526 »voluit
479 501 576 526 autem
591 499 744 527 ostendere
759 498 868 526 scilicet
888 506 948 526 sum

175 546 363 574 humanitatis
382 545 548 580 veritatem,
569 547 596 573 et
617 545 685 573 ideo
707 545 737 573 in
765 545 880 573 occulto
902 553 948 573 as-

177 593 283 620 cendit.

209 640 253 666 11.
270 640 301 666 Et
315 638 447 675 sequitur
461 639 590 666 secunda
605 638 758 674 particula,
775 638 883 665 scilicet
897 639 949 665 Ju-

176 686 308 714 daeorum
327 686 476 721 inquisitio
500 688 527 713 et
547 685 763 713 murmuratio:
781 686 870 712 Judoez‘
887 693 947 719 erqo

174 733 325 767 quaerebant
336 741 394 760 eum
409 731 447 769 (a)
461 733 541 760 indie
552 734 631 765 festo,
643 732 751 768 quiain
761 731 868 759 talibus
878 739 948 759 con-

174 781 309 807 sueverat
316 779 458 807 miracula
472 779 579 813 facere,
589 787 678 814 supra
688 780 709 805 ².
722 780 754 805 Et
763 778 793 805 in
801 779 858 806 hoc
870 779 950 814 patet

173 834 277 853 eorum
291 826 475 861 malignitas:
492 827 523 853 ut
538 825 578 853 ait
593 825 671 853 euim
683 825 907 861 Chrysostomus
918 826 927 842 ³
941 835 947 852 ε

176 882 189 898 «
200 874 231 900 In
243 872 288 900 his
299 872 407 900 seilicet
420 872 624 900 festivitatibus
638 872 744 907 piscari
759 880 838 905 eum,
852 871 883 898 id
894 873 947 905 est,

173 927 276 954 capere
288 919 336 954 (b),-
350 921 377 946 et
392 919 544 954 loquendo
559 918 669 946 ironice
684 918 733 952 ait,
748 918 831 953 quod
845 927 856 942 «
871 917 947 945 bene

173 966 256 992 erant
270 965 439 993 Judaeorum
454 965 639 998 directiones,
651 964 682 992 id
693 966 745 999 est,
756 964 926 992 festivitates
939 973 944 991 :

171 1010 202 1038 in
218 1011 394 1039 occisionem
408 1011 550 1047 impetum
564 1011 720 1045 faciebant,
737 1020 750 1036 η
764 1013 789 1038 et
806 1011 946 1038 dicebant:

175 1059 225 1085 Ubi
239 1060 277 1085 est
292 1059 338 1085 ille
351 1060 364 1085 ἴ)
378 1058 434 1087 Sed
449 1058 598 1094 quaeritur,
617 1066 708 1093 quare
729 1065 790 1084 non
810 1057 947 1085 nomina-

170 1104 262 1132 bant?
274 1106 305 1131 Et
315 1104 353 1132 ad
363 1104 419 1132 hoe
430 1104 588 1140 respondet
599 1104 822 1139 Clirysostomus
832 1104 852 1138 ⁶,
864 1104 947 1139 quod

171 1159 189 1178 a
204 1158 314 1185 magno
330 1151 400 1178 odio
414 1152 442 1178 et
452 1151 615 1185 inimicitia,
626 1158 680 1178 nec
690 1150 863 1178 nominatim
878 1159 946 1178 eum

170 1199 271 1226 vocari
291 1198 440 1226 volebant.

207 1246 250 1272 12.
267 1246 301 1272 Et
321 1253 441 1272 murmur
460 1246 589 1278 multum,
605 1251 667 1271 non
688 1244 786 1272 solum
799 1251 854 1279 pro
869 1251 945 1278 prae-·

170 1291 252 1319 terito
268 1291 424 1325 miraculo,
445 1291 552 1318 scilicet
574 1299 702 1326 panum3
720 1290 771 1317 sed
791 1298 891 1317 rursus
911 1289 945 1316 ti-

169 1339 296 1371 mentes,
311 1345 348 1364 ne
365 1337 459 1364 simile
479 1337 552 1373 quid
570 1337 693 1371 faceret,
717 1337 757 1363 ait
771 1336 945 1371 Chrysosto-

170 1392 236 1411 mus
250 1384 271 1411 ⁵.
297 1384 414 1417 Quidam
437 1385 507 1410 euim
531 1384 675 1410 dicebant:
698 1383 769 1416 Quia
788 1384 868 1409 bonus
890 1385 943 1416 est,

168 1429 332 1456 secundum
351 1428 523 1464 opinionem
544 1428 635 1463 vulgi.
653 1428 785 1462 Quidam,
802 1427 944 1463 quoniam

168 1475 271 1502 seducit
295 1475 386 1502 turbas
402 1475 451 1510 (c),
472 1474 511 1501 ait
532 1474 756 1509 Chrysostomus
766 1475 786 1501 ⁶.
812 1474 844 1501 l-li
866 1474 944 1500 enim

169 1523 251 1548 erant
265 1521 424 1554 increduli,
441 1520 516 1548 iufra
529 1521 539 1537 ⁷
554 1529 560 1547 z
577 1521 717 1554 Numquid
729 1528 762 1546 ezr
775 1520 945 1554 principibus

169 1569 271 1603 aliquis
285 1568 402 1595 credidit
417 1569 447 1594 in
461 1575 519 1595 eum
529 1570 542 1594 ἱ)
558 1567 724 1595 «Seducere
744 1567 838 1600 enim,
859 1569 891 1594 ut
905 1566 945 1594 ait

169 1614 345 1649 Augustinus
358 1614 378 1648 Β,
395 1616 436 1641 est
451 1613 597 1649 decipere,
612 1613 660 1640 vel
674 1613 793 1640 aliunde
814 1613 944 1648 aliquem

170 1661 208 1688 ad
224 1661 306 1688 aliud
319 1659 526 1696 persuadendo
543 1659 660 1687 ducere.
675 1659 702 1686 Si
715 1668 731 1686 a
742 1659 822 1686 malo
837 1659 875 1686 ad
893 1659 944 1686 ho-

169 1715 241 1734 num
258 1707 352 1740 ducit,
368 1706 464 1733 bonus
479 1706 615 1733 seductor
637 1708 695 1740 est3
711 1705 735 1732 si
751 1713 765 1733 e
781 1705 943 1738 contrario,

168 1753 272 1781 malus.
289 1764 303 1778 n
317 1754 348 1780 Et
361 1753 418 1780 hoc
434 1754 476 1780 est
490 1752 529 1780 ad
543 1752 681 1780 solatium
700 1760 820 1786 eorum,
838 1751 888 1787 qui
906 1752 942 1787 (d)

169 1802 272 1835 postea
285 1799 477 1835 praedicantes
491 1798 575 1826 verbi
591 1798 640 1825 Dei
656 1798 745 1826 futuri
761 1800 843 1825 erant
856 1806 943 1833 repu-

169 1846 219 1874 tati
232 1847 242 1863 ⁹
260 1855 273 1871 «
286 1848 316 1873 ut
331 1845 510 1879 seductores,
526 1846 553 1872 et
567 1847 666 1872 tamen
681 1852 810 1872 veraces.
827 1854 840 1870 »

204 1895 248 1921 13.
266 1894 348 1921 Nemo
365 1895 451 1920 tamen
470 1893 563 1927 palam
584 1892 750 1926 loquebatur,
769 1891 877 1918 scilicet
896 1899 943 1918 eo-

168 1947 235 1967 rum
257 1939 308 1975 qui
329 1939 485 1966 dicebant:
505 1938 637 1970 Quoniam
657 1939 737 1964 bonus
760 1941 806 1965 est.
831 1939 943 1972 Propter

167 1989 265 2013 metum
275 1985 438 2019 Judceorum,
447 1984 522 2012 infra
529 1984 550 2002 ¹⁰
563 1993 588 2012 2«
599 1984 845 2020 Conspiraverunt
857 1984 887 2019 (e)
896 1986 908 2011 J
912 1992 943 2012 u-

168 2032 240 2066 daei,
257 2033 288 2059 ut
302 2032 325 2058 si
341 2031 406 2067 quis
421 2031 565 2058 Christum
582 2030 782 2065 eonfiteretur,
800 2032 881 2058 extra
896 2038 943 2066 sy-

169 2087 319 2114 nagogam
334 2078 425 2106 fieret.
441 2088 455 2103 »

207 2128 249 2153 14.
267 2126 297 2153 Et
312 2125 444 2160 sequitur
458 2132 542 2160 pars,
557 2124 587 2151 in
610 2131 669 2159 qua
687 2123 723 2151 de
741 2123 831 2159 ipsius
845 2123 940 2150 mani-

167 2171 321 2200 festatione
342 2173 369 2199 et
386 2171 526 2198 doctrinae
547 2170 779 2206 dispensatione,
802 2169 861 2197 ibi:
881 2171 942 2197 Jam

170 2221 258 2246 autem
271 2219 315 2245 die
330 2220 415 2251 festo,
433 2219 486 2245 etc.
503 2219 534 2244 Et
552 2216 604 2244 illa
624 2216 655 2243 in
670 2216 761 2243 duas:
785 2217 881 2251 primo
904 2216 941 2244 de

168 2272 221 2292 sua
239 2264 372 2292 doctrina
393 2264 423 2291 in
446 2263 544 2299 prima
563 2263 627 2297 die,
650 2264 677 2289 et
697 2263 940 2290 calumniantium

169 2310 381 2345 confutatione,
404 2309 547 2343 secundo,
563 2309 600 2337 de
621 2317 674 2336 sua
689 2309 823 2336 doctrina
838 2309 941 2337 ultima

169 2356 216 2384 die
234 2356 412 2390 festivitatis,
431 2358 459 2384 et
474 2355 703 2391 obloquentium
722 2355 939 2389 confutatione,

201 2428 209 2444 ¹
238 2427 379 2458 Chrysost„
404 2427 446 2451 ubi
474 2434 530 2458 sup.
552 2440 583 2445 —
611 2427 621 2443 ¹
647 2428 719 2458 Sup„
748 2434 778 2457 v,
809 2431 834 2457 1,
863 2428 885 2451 8.
909 2440 939 2445 —

170 2463 179 2479 Β
198 2463 339 2493 Chrysost„
357 2463 383 2486 in
402 2462 482 2492 Joan„
496 2463 565 2487 hom.
582 2468 678 2493 xmui,
693 2463 725 2486 al.
744 2468 815 2492 xle,
829 2470 855 2486 n.
873 2465 894 2486 1.
911 2476 937 2480 —

168 2499 179 2515 ὅ
195 2498 260 2522 lbid.
275 2511 305 2516 —
324 2498 333 2514 ¹⁵
348 2497 410 2521 lbitl.
428 2511 454 2514 —
476 2499 484 2511 ¹⁵
507 2498 569 2521 ibid.
584 2511 614 2515 —
630 2499 636 2512 ⁷
654 2498 711 2528 lus„
732 2499 770 2521 48.
789 2511 818 2515 —
839 2498 849 2514 Β
864 2499 940 2529 Aug„

171 2535 196 2557 in
216 2534 296 2562 Joau„
318 2535 390 2557 tract.
410 2539 486 2563 xxix,
509 2540 533 2555 u.
559 2536 579 2557 1.
600 2546 630 2550 —
649 2534 658 2547 ⁹
684 2534 701 2556 ΙΙ
721 2534 789 2564 Corn,
811 2539 849 2563 νι,
869 2536 892 2557 8.
911 2547 937 2550 -

170 2569 262 2599 ¹⁰1nf.,
277 2574 314 2600 lx,
328 2570 366 2592 22.
385 2581 411 2585 —
430 2569 445 2584 '¹
464 2568 520 2597 ins„
536 2569 574 2591 37.
587 2581 618 2586 -—
633 2569 654 2585 ¹²
671 2569 727 2599 inf„
743 2570 780 2592 ⁵25.
799 2582 828 2586 —
845 2569 864 2586 ¹³
883 2569 939 2600 ins„

172 2606 208 2628 ¹6.
228 2617 258 2621 —
273 2604 293 2620 ¹⁸
315 2603 371 2634 inf„
386 2605 425 2626 20.
441 2603 504 2620 -15
521 2603 577 2629 tuf..
593 2605 630 2627 20.
648 2617 678 2621 —
695 2605 713 2620 ¹⁸
728 2604 787 2634 lnf.,
802 2610 877 2634 xvm,
898 2606 938 2628 20.

170 2653 196 2657 -
220 2640 238 2656 ¹⁷
255 2640 328 2670 Aug„
351 2639 393 2662 ubi
410 2645 477 2670 ξιιμ,
496 2645 521 2663 n.
541 2640 563 2662 2.
580 2652 609 2656 —
627 2639 642 2653 '⁸
658 2639 799 2670 Chrysost„
819 2639 862 2663 ubi
880 2646 936 2670 sup.

698 198 909 230 EVANGELII
932 199 1070 230 SANCTI
1093 198 1256 232 JOANle

1005 267 1046 295 ibi
1055 268 1074 284 ¹¹
1089 276 1095 294 :
1107 268 1138 294 171
1148 269 1290 296 novissimo
1301 269 1355 304 die,
1369 271 1421 297 etc.
1432 270 1527 297 Prima
1540 269 1637 298 adhuc
1646 270 1774 299 induas:

1004 314 1100 350 primo
1117 314 1153 341 de
1173 314 1306 342 doctrina
1327 323 1381 344 sua
1400 318 1427 344 et
1447 316 1646 344 confutatione
1663 317 1776 345 calum-

1005 360 1148 388 niantium
1163 361 1337 396 generaliter
1345 372 1354 396 3
1370 363 1512 396 secundo,
1526 363 1562 390 de
1579 363 1777 391 confutatione

1006 407 1206 443 quorumdam
1226 415 1260 435 ex
1283 408 1467 444 Jerosotyma
1486 409 1665 445 specialiter,
1679 409 1721 437 ibi
1736 409 1775 437 ¹²:

1005 454 1132 481 Dicebant
1153 462 1212 488 erqo
1236 455 1366 488 quidam,
1387 458 1440 483 ete.
1461 458 1491 483 ln
1512 456 1607 491 prima
1629 458 1775 492 quatuor:

1005 501 1113 536 primo,
1129 508 1264 528 ascensus
1280 501 1341 528 Filii
1357 501 1406 528 Dei
1420 501 1450 528 in
1466 502 1623 538 templum,
1638 505 1665 530 et
1680 503 1776 530 admi-

1003 547 1124 574 rationis
1139 547 1307 575 Judaeorum
1325 548 1361 575 de
1380 548 1513 576 doctrina
1528 556 1581 576 sua
1595 549 1775 585 praemissio5

1003 594 1146 628 secundo,
1161 594 1288 621 veritatis
1302 594 1443 628 eruditio,
1459 597 1486 622 et
1499 595 1667 623 Judaeorum
1682 595 1776 624 inere-

1004 641 1096 676 patio,
1112 640 1152 667 ibi
1164 641 1200 667 ¹³:
1217 640 1366 675 Respondit
1379 642 1465 675 Jesas,
1483 643 1548 674 etc.;
1563 641 1657 675 tertio,
1672 650 1776 670 eorum

1003 686 1230 722 blasphematio,
1239 687 1280 714 ibi
1289 687 1309 704 ¹⁵·
1317 688 1472 722 :Respondit
1484 688 1573 722 turba,
1583 690 1648 722 etc.;
1659 691 1774 724 quarto,

1004 733 1161 760 Salvatoris
1171 733 1369 768 responsio‚et
1379 733 1498 761 illorum
1507 733 1678 769 confutatio,
1690 734 1731 762 ibi
1741 734 1774 762 ¹⁸:

1004 780 1150 815 Respondit
1165 781 1255 814 Jesus,
1272 782 1324 807 etc.

1039 826 1084 854 Ait
1099 834 1188 861 ergo:
1206 827 1264 853 Jam
1282 827 1326 853 die
1345 827 1414 859 festo
1436 826 1586 861 mediante,
1607 827 1638 854 id
1653 828 1712 861 est,
1728 827 1775 856 die

1004 873 1103 900 media
1118 875 1229 908 septem
1241 872 1357 900 dierum
1367 872 1538 907 festivitatis,
1549 875 1577 900 et
1586 876 1647 901 erat
1660 875 1775 910 quarta,

1003 919 1042 946 ait
1056 919 1166 946 Glossa.
1179 919 1309 946 Ascendit
1323 921 1352 946 in
1367 920 1502 955 templum,
1521 920 1622 947 nonin
1632 920 1776 955 palatium

1003 964 1051 991 vel
1066 964 1095 991 in
1110 963 1218 991 forum.
1233 964 1267 990 Et
1279 964 1404 998 docebat,
1422 972 1483 991 non
1497 964 1602 992 silebat
1612 964 1774 999 veritatem,

1004 1010 1078 1037 infra
1094 1010 1132 1036 ¹¹³:
1152 1020 1165 1036 «
1178 1011 1238 1045 Ego
1254 1017 1370 1046 semper
1384 1010 1472 1037 docui
1487 1010 1515 1037 in
1536 1018 1690 1046 synagoga
1704 1013 1732 1038 et
1746 1010 1776 1038 in

1003 1057 1125 1092 templo.
1138 1068 1151 1082 »
1168 1057 1222 1090 Qui
1235 1056 1313 1084 enim
1324 1057 1443 1091 latebat,
1452 1056 1553 1092 palam
1560 1057 1750 1093 loquebatur,
1759 1068 1773 1083 »

1003 1103 1042 1130 ait
1056 1103 1234 1137 Augustinus
1250 1104 1281 1129 ¹⁷.

1039 1151 1082 1176 15.
1098 1150 1133 1176 Et
1151 1150 1321 1176 mirabantur
1335 1150 1440 1183 Juclaet,
1455 1149 1494 1177 ob
1511 1149 1650 1177 doetrinae
1665 1149 1777 1178 clarita-

1002 1197 1076 1230 tem,
1103 1195 1254 1223 veritatem
1276 1203 1308 1222 ac
1330 1196 1476 1223 virtutem.
1501 1195 1581 1223 Unde
1605 1196 1776 1231 Chrysosto-

1003 1250 1070 1269 mus
1088 1242 1128 1269 ¹⁸:
1148 1244 1264 1269 «Tanta
1286 1244 1347 1269 erat
1368 1242 1460 1269 virtus
1476 1250 1598 1276 eorum,
1613 1250 1679 1277 quae
1697 1242 1776 1270 dice-

1002 1288 1121 1322 bantur,
1135 1288 1217 1324 quod
1234 1288 1284 1324 qui
1305 1288 1443 1315 dicebant
1461 1288 1558 1323 prius,
1576 1288 1718 1323 quoniam
1733 1296 1777 1316 se-

1004 1335 1082 1362 ducit
1093 1335 1193 1362 turbas
1202 1355 1210 1368 ,
1222 1335 1405 1362 transmutati
1421 1334 1653 1362 admirabantur.
1666 1334 1720 1361 »¹⁹«
1731 1335 1778 1362 Mi-

1001 1383 1143 1410 rabantur
1154 1382 1191 1417 (f)
1207 1390 1294 1418 super
1309 1382 1465 1417 prudentia
1480 1384 1507 1409 et
1518 1381 1666 1417 responsis
1676 1382 1774 1416 ejus.»

1003 1429 1137 1462 Quomodo
1153 1430 1196 1455 Ιιίο
1216 1430 1323 1456 litteras
1346 1430 1406 1462 scit,
1422 1430 1475 1455 ete.
1498 1429 1530 1455 Ut
1552 1428 1590 1455 ait
1607 1428 1778 1464 Chrysosto-

1001 1484 1067 1504 mus
1082 1475 1103 1490 ‘³⁰
1117 1485 1123 1502 z
1141 1484 1154 1500 «
1169 1469 1334 1502 Doctrinain
1348 1474 1581 1508 admirabantur,
1597 1476 1624 1502 et
1641 1477 1707 1501 tunc
1722 1474 1775 1502 de-

1001 1522 1104 1549 berent
1119 1521 1259 1556 cogitare,
1275 1521 1418 1556 quoniam
1433 1521 1506 1547 nihil
1516 1521 1681 1548 humanum
1694 1521 1723 1548 in
1738 1529 1773 1548 eo

1002 1570 1072 1595 erat.
1089 1578 1101 1594 υ
1112 1569 1133 1585 ‘2¹
1146 1578 1159 1592 (ι
1176 1568 1354 1603 Sapientiam
1369 1575 1430 1594 non
1453 1567 1552 1601 didici,
1568 1577 1581 1592 »
1599 1566 1718 1601 scilieet,
1734 1567 1772 1594 ab

1000 1614 1130 1646 bomine,
1141 1624 1154 1640 «
1166 1616 1192 1641 et
1204 1614 1273 1641 novi
1288 1613 1439 1640 seientiam
1454 1615 1632 1640 sanctorum.
1646 1613 1774 1647 »Quaerit

1000 1661 1240 1697 chrysostomus,
1262 1668 1352 1695 quare
1367 1660 1397 1687 in
1412 1660 1508 1695 prima
1528 1660 1574 1687 die
1591 1667 1652 1687 non
1671 1668 1772 1687 ascen-

1001 1707 1075 1734 derit
1089 1708 1127 1735 ad
1142 1707 1255 1734 festum.
1273 1709 1304 1734 Et
1318 1706 1448 1740 videtur,
1464 1706 1545 1742 quod
1561 1706 1710 1734 debuisset
1725 1715 1772 1734 as-

1001 1754 1144 1781 cendere:
1165 1753 1203 1781 ait
1225 1753 1303 1780 enim
1318 1752 1472 1788 Apostolus
1484 1751 1523 1780 ²³:
1544 1762 1557 1778 α
1574 1755 1648 1781 insta
1667 1761 1772 1789 oppor-

1000 1803 1080 1834 tune,
1096 1800 1273 1835 importune.
1289 1810 1302 1826 »
1318 1799 1362 1826 Ad
1379 1799 1457 1826 istud
1471 1799 1630 1834 respondet
1642 1800 1674 1832 ²³,
1688 1800 1771 1835 quod

1000 1847 1163 1874 tardatione
1184 1854 1236 1874 sua
1258 1846 1425 1874 attentiores
1444 1853 1494 1873 eos
1513 1845 1597 1873 fecit:
1620 1845 1671 1881 qui
1693 1845 1771 1873 enim

999 1893 1101 1929 primis
1117 1893 1221 1920 diebus
1241 1901 1310 1920 eum
1325 1892 1538 1928 quaesiverunt,
1559 1894 1678 1928 repente
1698 1900 1772 1928 prue-

1000 1942 1111 1967 sentem
1127 1940 1162 1975 (9)
1178 1939 1327 1966 debebant
1346 1939 1470 1973 injecere
1487 1938 1604 1972 dicenti,
1620 1938 1652 1966 id
1665 1941 1716 1973 est,
1729 1938 1772 1966 in-

1000 1994 1100 2021 gerere
1111 1994 1140 2013 se
1153 1986 1191 2013 ad
1204 1985 1396 2013 audiendum.
1409 1987 1440 2012 Et
1452 1986 1529 2020 patet
1543 1985 1590 2012 hic
1602 1986 1771 2020 exemplum
1809 1995 1889 2015 exem.

999 2032 1124 2068 praelatis
1141 2034 1167 2060 et
1182 2032 1353 2059 doctoribus
1368 2031 1547 2059 ascendendi
1563 2032 1601 2059 ad
1616 2031 1769 2067 templum,
1786 2026 1880 2081 prlgffia

999 2081 1026 2106 et
1041 2079 1167 2106 docendi
1181 2078 1304 2112 ibidem,
1316 2078 1452 2113 exemplo
1461 2078 1538 2105 beati
1548 2078 1705 2112 Ambrosii,
1719 2078 1770 2113 qui
1785 2088 1806 2107 et
1818 2071 1890 2107 docto:

999 2126 1080 2153 omni
1095 2125 1142 2152 die
1158 2124 1307 2152 dominico
1320 2124 1350 2152 in
1365 2124 1485 2160 publico
1500 2125 1548 2151 Dei
1562 2124 1686 2151 verbum
1699 2125 1771 2151 trac-
1801 2117 1870 2137 ’ΠΜ-

998 2172 1088 2205 tabat,
1105 2172 1143 2199 ait
1157 2171 1334 2205 Augustinus
1347 2169 1407 2197 ²⁵&
1427 2180 1440 2196 ι(
1456 2170 1571 2204 Clama,
1590 2177 1626 2197 ne
1641 2177 1745 2204 cesses,
1753 2180 1766 2195 »

999 2220 1052 2246 ete.
1066 2220 1097 2245 Et
1111 2217 1209 2244 dehoc
1220 2217 1250 2244 in
1266 2216 1426 2244 Collatione
1442 2216 1635 2251 praedicabili‚
1649 2215 1724 2244 infra
1735 2217 1767 2242 ²⁶.

1033 2266 1077 2292 16.
1099 2266 1130 2292 Et
1149 2263 1280 2299 sequitur
1303 2271 1371 2298 pars
1390 2262 1542 2290 secunda:
1567 2262 1714 2298 Respondit
1727 2263 1770 2290 Je-

996 2362 1026 2367 ·-
1045 2349 1065 2365 ¹⁹
1082 2350 1148 2378 Lae,
1167 2355 1201 2379 ιι,
1221 2349 1259 2372 47.
1275 2361 1305 2366 -
1322 2348 1340 2362 ²⁸
1360 2347 1500 2378 Chrysost„
1522 2347 1582 2371 ibid.
1597 2361 1628 2365 —-
1650 2348 1667 2361 ²¹
1683 2347 1767 2377 Prov.‚

996 2390 1062 2414 xxx,
1081 2386 1104 2408 3.
1120 2397 1150 2402 --
1165 2384 1183 2399 ²²
1199 2384 1218 2407 ll
1238 2384 1308 2413 Tim„
1327 2389 1361 2414 iv,
1377 2385 1399 2407 2.
1415 2396 1445 2400 —
1460 2383 1480 2399 ²³
1497 2383 1638 2414 Chrysost„
1657 2382 1717 2406 ibid.
1738 2395 1765 2399 —-

996 2420 1017 2436 2⁶
1033 2422 1106 2449 Aug„
1122 2420 1204 2449 Confi,
1220 2419 1263 2443 lib.
1280 2420 1323 2448 w,
1339 2426 1360 2443 c.
1376 2425 1412 2448 iv,
1426 2425 1452 2442 11,
1468 2419 1491 2442 6.
1504 2432 1533 2435 -
1547 2418 1566 2434 ²⁵
1579 2418 1638 2448 lsa,
1654 2422 1726 2447 Lvm,
1744 2419 1764 2441 1.

996 2468 1025 2472 —
1040 2456 1061 2471 ‘2⁶
1077 2455 1133 2479 Vid.
1150 2454 1244 2479 Collat.
1260 2460 1349 2478 xxxv1.

1029 2500 1060 2529 (a)
1074 2499 1135 2523 Cret.
1152 2499 1211 2522 edit.
1227 2499 1301 2522 omis.
1314 2506 1379 2522 eum.
1391 2511 1422 2515 —
1433 2497 1466 2528 (ὁ)
1480 2497 1565 2528 Suppl.
1587 2499 1719 2521 conantur.
1735 2511 1765 2516 -

997 2535 1027 2565 (ς)
1047 2535 1134 2566 Βιψμί.
1156 2535 1296 2558 secuudum
1312 2534 1458 2565 opinionem
1473 2533 1616 2564 principum
1635 2535 1658 2556 et
1682 2540 1765 2557 sacer-

996 2570 1093 2594 dotum.
1110 2583 1140 2588 —
1157 2570 1192 2599 (sl)
1210 2570 1270 2594 Caet.
1285 2570 1345 2593 edit.
1367 2569 1496 2598 solatium,
1514 2575 1579 2599 quoe.
1599 2581 1625 2585 -
1643 2568 1674 2598 (e)
1694 2569 1764 2599 Vulq.

996 2606 1247 2635 conspiraverunt.—
1261 2605 1293 2636 (l)
1310 2604 1542 2636 Stupebant—(q)
1555 2603 1764 2634 Su1›pl.videntes

995 2642 1140 2672 adstabant,
1157 2644 1189 2664 et.
