1987 3032
35 429 135 449 Haerctici

39 460 135 480 confuta-

27 1442 96 1462 Multa
105 1442 132 1462 si-

26 1479 69 1498 gna
79 1480 131 1499 111113-

32 1506 119 1523 terenu-

719 215 922 248 EXPOSITIO
945 214 986 246 IN
1008 215 1096 247 CAP.
1121 216 1187 248 VII.

155 284 236 310 ratur
260 290 363 310 eorum
387 282 543 310 obstinatio
566 282 593 309 et
616 281 746 310 divisio:
767 283 926 315 Quaerebant

155 337 213 356 eum
234 329 431 364 apprehendere
444 349 453 362 ,
473 327 582 355 scilicet
605 328 644 355 ad
666 329 863 364 capiendum;
880 330 926 356 sed

154 383 227 402 nemo
241 377 317 402 misit
327 382 420 401 manus
435 376 464 400 iu
485 375 562 401 illum
572 395 580 408 ,
604 376 669 409 quia
690 376 806 402 noudum
819 380 925 402 venerat

154 422 219 448 hora
242 421 307 454 ejus.
331 421 363 447 Et
386 428 421 447 ex
445 420 503 447 hoc
528 420 671 455 objiciunt
685 421 826 455 haeretiei,
842 422 925 456 quod

154 469 215 494 erat
235 467 381 501 subjectus
404 466 463 493 fato
484 468 512 494 et
532 467 667 502 tempori.
695 469 725 494 Et
745 468 783 494 ad
797 468 853 494 1100
868 476 924 494 res-

152 512 263 548 pondet
277 512 455 547 Augustinus
471 513 478 528 ¹
494 533 503 546 ,
522 513 604 548 quod
623 523 636 538 «
648 522 702 540 sua
715 513 789 541 hora
803 513 857 540 fuit
872 522 924 541 sua

152 559 308 586 voluntas:
326 559 364 594 (a)
382 560 497 594 tempus
521 560 685 595 expectavit
710 568 769 595 quo
791 568 924 587 nascere-

152 606 215 638 tur,·
231 613 298 632 eum
313 604 323 619 ‘²
333 605 412 632 venit
425 605 579 640 plenitudo
594 606 743 642 temporis.
760 617 773 631 »
792 607 845 634 Diu
860 606 923 633 fue-

151 653 196 679 rat
206 651 411 687 praedicendus
427 652 459 686 (b)
479 661 485 678 :
503 652 554 679 sed
571 652 705 679 nondum
721 655 838 680 venerat
849 652 923 680 hora

150 697 317 733 passionis,
341 699 373 724 ut
394 698 511 725 noveris
536 706 596 725 non
625 699 846 733 necessitatem,
870 698 922 726 sed

150 745 323 779 potestatem
344 744 504 771 morientis
531 745 624 779 Supra
639 746 648 761 ³
669 745 784 772 simile:
812 754 825 770 ι(
847 746 922 772 Non-

151 789 222 816 dum
237 790 317 817 venit
336 790 410 817 hora
425 798 501 817 mea.
518 801 531 815 n
549 793 581 817 Et
595 790 663 818 licet
686 791 728 818 illi
752 791 792 818 sic
811 799 922 826 quaere-

149 838 227 870 rent,
243 838 340 864 tamen
356 837 404 872 (v.
421 838 451 864 31
473 839 480 871 )
496 838 528 864 de
554 838 632 864 turba
653 839 731 864 mum
752 838 921 864 crediderunt

149 883 178 909 in
194 890 261 909 eum.
280 884 311 909 Ut
326 883 366 910 ait
386 883 563 917 Augustinus
577 884 586 900 ⁴
601 905 609 918 ,
635 884 666 911 (le
690 885 769 910 turba
781 905 789 918 ,
813 884 922 911 scilicet

149 927 275 955 humiles
289 930 315 956 et
329 937 474 964 pauperes
496 929 594 956 salvos
614 929 739 957 faciebat
760 930 919 964 Dominus;

148 974 295 1010 principes
317 984 387 1003 vero
411 976 614 1011 insaniebant,
631 979 657 1004 et
677 977 826 1004 medicum
844 977 920 1004 occi·

150 1020 218 1048 dere
245 1021 411 1056 cupiebant.
439 1024 505 1049 Erat
527 1025 625 1050 autem
650 1023 736 1050 turba
762 1024 918 1058 quaedam,

149 1074 215 1101 quae
236 1068 440 1101 {egritudinem
463 1077 547 1096 suam
575 1069 671 1103 vidit,
693 1071 720 1096 et
741 1070 919 1097 medicinam

149 1114 297 1147 cognovit.
324 1116 354 1141 Et
382 1115 468 1142 turba
495 1117 643 1142 commota
671 1115 818 1143 miraculis
847 1117 886 1143 ait
910 1125 916 1143 :

149 1160 288 1194 Numquid
299 1168 357 1187 cum
367 1163 468 1188 venerit
482 1162 614 1194 Christus,
627 1163 710 1195 plura
724 1164 802 1195 signa
813 1163 895 1194 factet
905 1164 918 1188 ἵ)

147 1205 203 1232 Sed
216 1206 355 1240 quaeritur
365 1227 374 1241 ,
391 1207 463 1234 sieut
477 1207 601 1242 opponit
616 1208 858 1243 Chrysostomus,
880 1216 915 1235 ex

146 1259 206 1286 quo
221 1259 281 1279 000
300 1255 366 1280 sunt
390 1256 560 1280 enumerata
584 1254 740 1288 miracula,
764 1254 819 1281 nisi
842 1262 916 1289 qua-

146 1298 228 1332 tuor,
244 1298 353 1326 scilicet
377 1298 412 1326 de
432 1300 623 1327 conversione
645 1308 730 1335 aquae
749 1301 779 1327 in
794 1300 917 1335 vinum,

145 1351 234 1379 supra
250 1346 276 1379 ⁵,
293 1348 320 1373 et
334 1346 371 1373 de
393 1347 542 1375 curatione
558 1347 609 1374 filii
629 1348 733 1382 reguli,
754 1356 842 1383 supra.
853 1350 873 1382 ⁸,
891 1349 917 1375 et

146 1389 182 1417 de
208 1392 356 1419 curatione
380 1393 558 1428 paralytici,
584 1396 713 1429 supra7,
730 1397 757 1421 et
781 1395 817 1422 (10
841 1394 917 1422 mul-

146 1436 326 1471 tiplicatione
354 1447 466 1474 panum
488 1461 496 1474 ,
524 1448 613 1475 supra
635 1441 645 1456 ⁸
670 1449 678 1473 3
701 1440 826 1475 qualiter
852 1441 914 1468 ait:

146 1484 285 1517 Numquid
302 1482 387 1519 plura
406 1487 484 1519 siqua
504 1488 587 1518 faciet
599 1490 612 1512 ί)
626 1488 658 1514 Et
673 1487 711 1513 ad
724 1487 781 1513 1100
794 1495 917 1522 respon-

146 1529 195 1556 det
209 1530 466 1565 Chrysostomuffi,
481 1532 563 1567 quod
577 1542 589 1557 «
603 1533 694 1559 multa
709 1533 818 1560 scilicet
833 1533 916 1568 signa

145 1576 315 1604 transcurrit
337 1579 453 1604 sanctus
468 1578 669 1613 Evangelista,
691 1580 719 1606 et
741 1579 778 1606 de
802 1579 847 1606 his
870 1579 915 1607 10-

145 1622 258 1657 quitur,
285 1623 321 1650 de
351 1624 458 1659 quibus
485 1625 632 1659 principes
663 1625 913 1660 malignabantur.

144 1670 200 1695 Nec
214 1669 312 1696 adhuc
328 1672 388 1697 erat
402 1678 473 1698 sana
483 1671 556 1698 fides
571 1671 709 1704 istorum,
727 1672 781 1698 sed
795 1674 826 1698 ut
841 1672 916 1699 mul-

143 1715 275 1743 titudinis
290 1719 351 1744 erat
372 1719 399 1744 et
414 1718 555 1752 vulgaris.
570 1728 583 1743 »
601 1720 633 1745 Et
645 1718 712 1745 licet
730 1718 770 1745 ita
791 1721 865 1746 esset
878 1719 914 1746 de

142 1761 229 1789 turba
244 1771 251 1789 ε
267 1764 275 1795 (
291 1771 318 1790 v.
335 1765 367 1790 32
384 1764 391 1798 )
407 1764 559 1790 Azult'erzmt
578 1765 707 1791 Phurz'saez'
723 1765 826 1791 turbam
841 1773 914 1791 mur-

142 1811 301 1843 murantem,
321 1817 381 1836 non
401 1812 503 1836 contra
518 1809 676 1844 Christum,
691 1810 743 1837 sed
757 1811 787 1845 (c)
808 1820 821 1835 «
835 1819 915 1838 mur-

142 1861 226 1880 mure
242 1862 301 1889 quo
320 1855 447 1882 Christus
470 1855 707 1890 glorificabatur,
721 1867 734 1882 »
751 1856 790 1883 ait
803 1860 916 1892 Augus-

143 1899 220 1927 tinus
238 1900 257 1918 ¹⁰
271 1910 278 1927 ε
297 1911 310 1925 «
323 1902 487 1934 Grossiores
502 1903 579 1929 enim
598 1911 659 1930 non
674 1912 691 1930 a
706 1903 850 1937 doctrina,
867 1912 915 1931 ne-

144 1953 201 1981 que
221 1954 239 1973 a
262 1947 402 1975 concione
415 1969 423 1982 ,
449 1948 501 1975 sed
524 1949 613 1983 signis
635 1949 830 1983 inducuntur,
845 1960 858 1976 »
876 1950 915 1978 ait

143 1992 365 2028 Chrysostomus
382 1994 410 2020 ¹¹.
428 1995 559 2022 Miserunt
578 1997 714 2030 principes
736 1999 760 2023 et
783 1997 916 2024 Plzarisoez'

142 2040 297 2073 ministros,
314 2043 344 2066 ut
362 2041 589 2075 apprehenderent
609 2043 707 2069 Jesum.
731 2043 763 2069 Ut
783 2043 861 2070 enim
875 2043 915 2070 ait

142 2085 366 2120 Chrysostomus
381 2086 417 2120 ¹²,
435 2095 521 2114 «non
538 2087 712 2122 multitudo,
728 2096 794 2123 quae
809 2089 915 2124 princi-

142 2132 244 2165 patum
259 2140 319 2159 non
334 2133 488 2168 cupiebat,
504 2142 601 2169 neque
617 2143 634 2162 a
648 2134 738 2162 livore
754 2136 820 2170 capi
834 2138 914 2170 pote-

141 2180 195 2210 rat,
211 2178 262 2205 sed
276 2179 452 2207 sacerdotes.
469 2190 483 2205 »
500 2181 545 2207 Ait
558 2181 704 2208 Matthaeus
715 2181 735 2198 ¹³
753 2190 758 2208 :
773 2191 786 2206 «
800 2181 915 2209 Abeun-

142 2225 183 2250 tes
212 2224 346 2252 Pharisaei
374 2226 530 2253 consilium
561 2226 690 2255 fecerunt
717 2229 749 2255 ut
777 2230 915 2263 caperent

141 2271 249 2297 Jcsum.
265 2281 278 2296 n
295 2273 429 2299 Miserunt
444 2274 584 2300 ministros
594 2294 603 2307 ,
617 2274 688 2308 quia
710 2274 765 2309 ipsi
780 2282 841 2301 non
864 2282 914 2302 au-

143 2315 268 2350 debant,
283 2317 449 2351 periculum
463 2319 666 2354 suscipientes,
687 2320 728 2347 ire
747 2320 785 2347 ad
806 2329 912 2356 appre-

142 2360 334 2390 hendendum
349 2372 417 2391 eum
427 2385 436 2399 ,
452 2365 491 2392 ait
505 2365 730 2400 Chrysostomus
744 2366 774 2394 11.
790 2369 821 2394 Et
835 2369 914 2402 patet

174 2433 180 2448 ¹
198 2434 272 2464 Aug.,
286 2434 330 2457 ubi
345 2442 410 2465 sup.,
426 2441 452 2458 n.
472 2436 495 2458 5.
515 2449 541 2452 —
562 2436 570 2450 ²
585 2436 704 2466 Gccl.,1vv
723 2438 746 2460 4.
761 2450 791 2454 —
812 2437 822 2453 ³
840 2438 912 2469 Sup.,

143 2473 177 2497 Η,
194 2470 216 2491 4.
232 2482 260 2486 —-
281 2470 290 2485 Β
312 2473 386 2501 Aug„
402 2470 445 2512 11111
464 2478 530 2501 sup„
552 2478 577 2495 n.
596 2473 618 2494 7.
634 2485 664 2514 —.
683 2473 693 2488 ⁸
714 2474 837 2517 Suppli,
857 2475 870 2496 8
888 2476 913 2497 ct

143 2508 197 2554 {⁶¹5
207 2505 271 2569 3„ss
279 2506 351 2563 3⁰3?
361 2511 406 2564 1¹1v.¹
417 2508 450 2558 2⁰
467 2508 635 2572 ῗῑξιξὲξὶεξιζ
649 2508 776 2573 iilia&
786 2510 912 2567 35³²?ss

144 2571 163 2587 ¹⁰
180 2574 253 2605 Aug„
275 2559 318 2598 11111
332 2559 405 2605 ’5110.,
420 2583 446 2599 n.
468 2578 490 2600 8.
513 2590 539 2594 -
558 2578 575 2593 ¹¹
593 2577 735 2608 Clirysost.‚
753 2578 795 2601 ubi
811 2585 867 2608 sup.
881 2592 911 2596 —

144 2610 162 2625 ¹²
179 2610 240 2634 ibid.
256 2622 284 2628 -
300 2611 318 2627 ¹³
335 2611 432 2637 Mauh..
447 2618 510 2642 xxii,
528 2614 605 2637 15.—
621 2613 638 2628 ¹⁸
655 2613 795 2644 Chrysost„
808 2614 867 2638 ibid.
883 2628 909 2631 —

144 2646 163 2662 ¹⁶
179 2645 236 2675 lut„
251 2647 288 2676 48,
305 2646 343 2670 49.
363 2659 392 2664 —
409 2648 429 2663 ¹¹³
448 2647 505 2677 Ins„
524 2649 564 2672 35.
579 2660 609 2665 --
624 2648 642 2664 ¹⁷
662 2649 737 2679 Aug„
753 2648 795 2673 uhi
809 2655 865 2679 sup.
880 2662 911 2666 —

1696 221 1753 250 367

983 282 1030 309 hic
1045 284 1072 310 et
1092 283 1122 310 in
1144 283 1243 310 multis
1259 282 1325 311 aliis
1343 283 1416 310 locis
1439 283 1645 319 incredulitaS,
1662 286 1690 312 et
1704 294 1754 313 cu-

983 329 1107 364 piditas,
1121 331 1148 356 et
1162 329 1330 365 malignitas
1344 329 1521 365 principum.
1538 331 1569 357 Et
1586 332 1665 366 patet
1678 331 1755 358 simi-

982 374 1047 402 liter
1072 375 1228 403 credulitas
1248 376 1406 403 humilium
1428 378 1455 403 et
1476 384 1657 411 pauperum,
1679 377 1755 405 infra

983 421 1088 448 eodem
1113 422 1132 437 15
1159 431 1165 449 z
1187 422 1361 457 «Numquid
1381 430 1415 449 ex
1439 422 1622 457 principibus
1647 423 1754 458 aliquis

982 467 1109 494 credidit
1123 467 1152 494 in
1166 469 1255 495 eum?
1268 468 1325 495 Sed
1340 468 1442 502 turba,
1459 479 1471 494 »
1489 470 1544 495 etc.

1017 515 1060 541 33.
1077 516 1109 541 Et
1123 514 1254 550 sequitur
1269 516 1373 550 quarta
1388 523 1472 549 pars,
1494 515 1524 542 in
1544 523 1603 550 qua
1622 515 1754 543 Salvato-

980 559 1020 586 ris
1032 561 1196 595 responsio,
1208 562 1236 587 et
1250 561 1371 588 illorum
1383 561 1554 596 increpatio.
1571 563 1603 588 Et
1617 561 1659 588 ibi
1674 562 1734 589 duo
1746 572 1753 589 :

979 606 1087 641 primo,
1103 606 1196 641 ipsius
1211 607 1380 642 responsi03
1397 607 1538 641 secundo,
1552 607 1685 643 ipsorum
1701 608 1755 635 du-

979 651 1101 679 bitativa
1116 653 1282 688 inquisitio,
1295 653 1337 680 ibi
1354 654 1372 669 ²⁶
1391 662 1396 681 ι
1414 655 1549 681 Dz'oeeruut
1566 662 1627 688 erqo
1651 654 1751 681 Judoez‘.

1014 698 1059 725 Ait
1081 706 1150 733 ergo
1177 708 1182 726 :
1208 701 1287 726 Discit
1309 701 1371 726 eis:
1394 700 1490 726 Adhuc
1519 701 1669 733 modicum,
1686 703 1752 735 etc„

979 745 1064 779 quasi
1087 745 1183 779 dicat,
1205 745 1244 772 ait
1263 745 1441 780 Augustinus
1457 746 1476 762 ²⁷
1493 755 1499 772 :
1524 754 1537 771 <t
1555 747 1640 779 Quod
1660 747 1753 775 modo

978 791 1065 818 vultis
1087 790 1197 824 facere,
1222 791 1326 818 facturi
1349 791 1433 825 estis,
1448 792 1500 819 sed
1521 800 1582 819 non
1597 793 1708 827 modo;
1727 796 1754 821 et

978 836 1053 870 hoc,
1068 846 1082 861 κ
1097 837 1167 872 quia
1181 837 1273 864 modo
1292 837 1374 864 nolo.
1390 847 1402 863 »
1419 839 1452 865 Et
1467 837 1505 864 de
1522 838 1578 865 1100
1598 839 1629 865 10
1641 839 1752 867 Glossa.

978 883 1048 910 ltem
1072 883 1295 918 chrysostomus
1314 885 1335 900 ¹²³
1353 892 1359 910 ε
1380 894 1393 908 «
1414 884 1501 916 Quasi
1522 884 1631 912 diceret
1654 894 1660 912 :
1677 885 1752 918 Quid

977 937 1025 956 me
1034 928 1175 956 festinatis
1185 929 1347 956 interficere
1357 930 1371 956 ἱ)
1382 938 1509 965 parvum
1520 932 1670 966 expectate
1682 933 1751 958 tem-

976 983 1042 1010 pus.
1059 986 1072 1001 »
1094 976 1168 1003 Vade
1187 978 1256 1002 enim
1274 977 1309 1002 ad
1328 977 1452 1010 Patrem,
1469 977 1578 1004 scilicet
1592 977 1622 1004 in
1638 979 1751 1012 morte,

977 1023 1005 1048 et
1021 1022 1066 1057 (v.
1091 1022 1145 1057 34)
1167 1024 1292 1056 quaeretz's
1315 1031 1370 1056 me,
1386 1023 1494 1050 scilicet
1516 1025 1582 1058 post
1605 1031 1751 1051 resurrec-

976 1067 1102 1101 tionem,
1131 1068 1253 1103 quando
1284 1068 1368 1095 multi
1396 1069 1426 1095 in
1453 1077 1522 1096 eum
1552 1069 1749 1098 crediderunt.

976 1113 1056 1140 L'nde
1076 1115 1096 1130 ¹⁹
1116 1123 1128 1139 «
1149 1114 1317 1149 compuncti
1334 1114 1470 1141 dixerunt
1486 1117 1568 1142 Petro
1585 1124 1591 1142 :
1611 1115 1686 1148 Quid
1708 1116 1750 1143 sa-

975 1160 1086 1187 ciemus
1101 1162 1114 1188 1.)
1136 1171 1150 1187 1>
1177 1162 1233 1188 Sed
1256 1162 1394 1197 quaeritur
1419 1164 1507 1196 tunc,
1534 1162 1661 1197 qualiter
1685 1163 1748 1190 ait:

974 1208 1035 1235 Non
1064 1209 1224 1241 invenietis,
1247 1208 1318 1243 quia
1345 1216 1447 1235 omnes
1470 1208 1656 1244 compuncti,
1672 1217 1750 1244 quae-

974 1254 1086 1287 rentes,
1100 1253 1247 1281 invenient
1263 1262 1341 1282 eum.
1358 1256 1390 1281 Et
1411 1254 1449 1281 ad
1472 1254 1550 1281 istud
1569 1254 1748 1289 responden-

974 1299 1046 1326 dum
1060 1300 1223 1327 secundum
1237 1300 1369 1328 Glossam
1379 1322 1388 1335 ,
1406 1309 1471 1336 quae
1485 1301 1524 1329 ait
1539 1310 1545 1328 τ
1563 1310 1578 1327 «
1592 1303 1651 1330 Non
1673 1303 1746 1329 inve-

973 1348 1071 1380 nietis,
1090 1346 1199 1374 scilicet.
1214 1347 1421 1382 corporaliter3
1437 1347 1484 1374 vel
1498 1347 1558 1374 fide
1571 1368 1579 1381 ,
1601 1351 1745 1383 quantum

974 1392 1012 1419 ad
1034 1393 1241 1420 discredentes.
1258 1404 1271 1418 »
1286 1395 1321 1420 Et
1342 1395 1389 1420 ubi
1410 1402 1454 1428 090
1469 1402 1526 1421 sum
1542 1404 1550 1421 .·
1566 1397 1598 1421 ut
1613 1395 1691 1421 enim
1706 1395 1746 1422 ait

972 1439 1148 1473 Augustinus
1163 1441 1194 1473 ²⁰,
1216 1449 1229 1465 «
1244 1447 1305 1466 non
1321 1440 1359 1467 ait
1375 1449 1381 1467 ι
1400 1440 1452 1467 Ubi
1468 1448 1528 1473 ero,
1546 1441 1615 1476 quia
1630 1449 1746 1476 semper

973 1488 1034 1512 erat
1059 1493 1120 1520 quo
1144 1485 1290 1512 rediturus
1311 1488 1372 1513 erat
1390 1507 1398 1520 ,
1421 1494 1509 1521 supra
1532 1487 1551 1503 ‘³¹
1571 1496 1577 1514 ;
1600 1488 1687 1514 Filius
1702 1488 1746 1514 ho-

972 1534 1069 1565 minis,
1093 1534 1142 1566 qui
1164 1535 1201 1559 est
1228 1535 1257 1559 in
1277 1534 1348 1560 coelo.
1369 1535 1434 1561 Erat
1454 1534 1533 1561 enim
1555 1534 1585 1561 in
1607 1534 1645 1569 (d)
1670 1536 1746 1562 terra

971 1578 1136 1605 secundum
1159 1579 1306 1606 visibilem
1328 1587 1446 1606 carnem
1466 1589 1474 1614 3
1500 1580 1530 1606 in
1552 1580 1627 1607 coelo
1653 1588 1744 1615 vero,

972 1624 1136 1652 secundum
1156 1625 1334 1652 invisibilem
1354 1626 1545 1660 majestatem.
1570 1636 1583 1652 »
1601 1627 1664 1653 Haec
1684 1626 1742 1654 ille.

975 1671 1026 1697 Vos
1049 1679 1101 1697 uon
1119 1673 1230 1705 potestis
1246 1673 1335 1699 venire
1350 1693 1358 1706 ,
1378 1673 1431 1699 etc.
1457 1672 1513 1699 Sed
1528 1672 1653 1707 qualiter
1667 1673 1745 1699 hoc?

971 1718 1002 1744 ut
1017 1716 1096 1743 enim
1110 1718 1295 1752 praemissum
1317 1719 1376 1751 est,
1398 1720 1480 1745 erant
1502 1726 1569 1745 eum
1594 1718 1744 1754 quaesituri

971 1763 1059 1790 etiam
1083 1764 1252 1799 compuncti
1276 1766 1342 1799 post
1370 1765 1622 1792 resurrectionem.
1647 1766 1680 1792 Et
1705 1765 1744 1792 ad

971 1808 1050 1836 istud
1064 1810 1224 1845 respondet
1236 1810 1412 1845 Augustinus
1424 1810 1457 1844 ²²,
1473 1810 1555 1846 quod
1574 1819 1656 1838 «non
1671 1811 1745 1838 dixit

971 1855 1012 1882 eis
1029 1864 1035 1882 :
1051 1857 1114 1883 Non
1128 1856 1260 1891 poteritis
1275 1856 1392 1890 venire,
1404 1857 1456 1884 sed
1470 1857 1509 1884 ait
1525 1866 1531 1884 z
1547 1859 1607 1886 Non
1621 1860 1742 1892 potestis.

970 1902 1051 1929 Tales
1066 1902 1143 1929 enim
1160 1904 1243 1930 erant
1258 1905 1342 1937 tunc,
1359 1903 1410 1938 qui
1430 1911 1491 1930 non
1511 1905 1647 1938 poterant
1666 1904 1745 1931 veni-

970 1956 1017 1982 re,
1033 1959 1045 1974 »
1065 1949 1116 1984 qui
1141 1951 1222 1976 erant
1243 1949 1273 1976 10
1287 1951 1418 1984 peccato.
1436 1951 1467 1976 Et
1486 1952 1564 1984 patet
1578 1949 1645 1984 hic,
1661 1950 1744 1985 quod

971 1996 1132 2029 quaerentes
1146 1995 1290 2022 Christum
1309 1995 1389 2022 malo
1411 1995 1520 2030 modo,
1536 2004 1603 2023 euin
1624 2004 1685 2023 non
1699 1996 1745 2024 in-

970 2041 1091 2068 veniunt
1109 2050 1116 2068 :
1132 2041 1177 2068 isti
1193 2041 1270 2068 enim
1286 2041 1457 2076 quaerebant
1472 2042 1615 2069 Christum
1630 2050 1691 2070 non
1704 2043 1743 2071 ad

970 2087 1172 2114 credendum:
1189 2087 1272 2121 ideo,
1298 2087 1329 2114 in
1353 2089 1496 2122 quantum
1511 2088 1600 2122 tales,
1615 2096 1676 2116 non
1698 2089 1742 2116 in-

969 2135 1111 2160 venerunt
1124 2142 1201 2160 eum.
1215 2135 1285 2160 ltem
1295 2133 1413 2161 suerunt
1425 2136 1586 2169 quaerentes
1597 2135 1741 2162 Christum

969 2179 999 2206 in
1014 2179 1202 2207 multitudiue
1224 2179 1350 2207 carnalis
1365 2180 1549 2214 cognationis
1565 2181 1615 2216 (e),
1633 2183 1660 2208 et
1678 2189 1739 2208 non

968 2225 1144 2253 invenerunt
1158 2226 1178 2242 2³
1194 2235 1201 2253 :
1221 2236 1234 2251 «
1249 2226 1449 2259 Quoesiverunt
1464 2234 1532 2253 eum
1546 2226 1620 2254 inter
1634 2235 1740 2262 cogna-

968 2274 1012 2299 tos
1036 2274 1063 2300 et
1086 2274 1186 2306 notos,
1208 2274 1236 2300 et
1258 2280 1319 2299 non
1343 2272 1554 2300 invenerunt.»
1582 2274 1652 2300 Item
1674 2277 1740 2302 sunt

968 2321 1131 2354 quaerentes
1146 2318 1251 2345 Filium
1267 2318 1325 2352 Dei,
1342 2320 1491 2354 sperantes
1505 2318 1535 2345 in
1550 2319 1738 2348 multitudine

968 2365 1124 2393 affluentiae
1136 2365 1295 2392 mundialis
1309 2363 1346 2392 2⁴:
1361 2374 1374 2390 «
1389 2367 1419 2393 10
1436 2365 1576 2400 gregibus
1591 2366 1650 2394 suis
1666 2368 1693 2394 et
1708 2367 1739 2395 in

970 2430 989 2446 ¹³
1001 2430 1142 2460 Chrysost„
1154 2429 1197 2453 ubi
1212 2436 1266 2459 sup.
1282 2443 1307 2446 -
1325 2430 1343 2445 ¹³
1357 2429 1422 2458 ΔΕΑ,
1438 2436 1467 2460 11,
1481 2431 1520 2453 37.
1533 2443 1563 2448 —
1576 2431 1597 2447 ¹²⁰
1607 2431 1682 2462 Aug,
1697 2431 1739 2456 ubi

967 2472 1034 2496 sup„
1054 2473 1079 2488 u.
1103 2466 1125 2488 ο.
1145 2477 1175 2481 -
1198 2465 1216 2480 ²¹
1237 2466 1369 2495 sup.,111,
1390 2466 1428 2489 13.
1447 2478 1478 2482 -
1497 2466 1517 2481 ²²
1539 2466 1614 2496 Aug,
1632 2467 1692 2491 ibid.
1709 2479 1738 2484 -

967 2501 987 2515 ²³
1002 2501 1068 2528 Luc„
1089 2506 1116 2529 11,
1134 2501 1172 2529 44,
1190 2501 1228 2523 45.
1244 2513 1274 2517 —
1288 2501 1307 2516 2⁴
1323 2500 1386 2528 ese„
1407 2507 1431 2531 v,
1447 2502 1470 2524 0.

999 2544 1030 2571 (a)
1048 2542 1136 2572 Suppl.
1151 2542 1261 2572 Tempus
1276 2543 1425 2572 expectabat
1442 2550 1491 2574 quo
1509 2546 1661 2574 moreretur,
1679 2544 1737 2575 quia

967 2580 1000 2601 ct.
1014 2589 1043 2594 —
1060 2578 1094 2607 (h)
1113 2577 1173 2601 Coet.
1188 2577 1248 2601 edil.
1265 2580 1369 2601 venerat
1384 2579 1568 2609 praedicandus.
1587 2592 1617 2597 —-
1632 2580 1661 2609 (c)
1676 2579 1735 2603 (ἀνί.

965 2613 1024 2637 edit.
1043 2612 1100 2636 wlzl.
1121 2612 1162 2635 de.
1179 2624 1208 2629 -
1227 2613 1264 2643 (d)
1286 2614 1345 2637 Caet.
1365 2613 1425 2638 edit.
1443 2614 1509 2638 deest
1528 2614 1563 2639 iu.
1579 2627 1608 2632 —
1627 2614 1656 2645 (e)
1674 2615 1734 2638 Caet.

966 2648 1023 2672 edzt.
1039 2647 1199 2679 cognitionis.

1778 2236 1859 2260 01111111-

1763 2267 1798 2286 tur
1809 2269 1849 2287 Do-

1772 2297 1845 2317 minus

1753 2328 1858 2354 multipli-

1776 2358 1836 2378 citer.
