1987 3032
227 231 288 261 194

227 296 284 336 qui
298 295 434 327 oderunt
446 303 514 326 vos.
530 305 544 323 »
562 294 596 324 In
607 302 670 333 quo
679 293 761 324 mira
770 294 917 333 apparuit
930 295 1000 333 ejus

226 350 376 389 potentia,
401 349 477 389 quia
501 347 566 378 solo
590 349 675 377 tactu
695 346 798 377 univit
818 346 968 377 dissoluta
990 357 997 377 :

228 402 313 441 quod
325 411 383 433 nec
396 411 447 432 ars
457 402 596 441 poterat;
605 409 663 430 nec
676 402 801 430 natura.
819 399 855 430 Et
869 408 924 439 per
938 399 998 430 hoc

227 455 363 486 ostendit
373 464 405 485 se
415 453 594 494 possibilem
605 452 644 483 ad
658 452 881 490 resistendum,
898 452 937 483 ad
948 453 996 482 vi-

225 508 431 545 vificandum,
448 506 530 537 etad
545 506 763 543 occidendum,
776 505 950 536 secundum
966 506 1000 535 il-

224 560 279 591 lud
291 562 298 577 ¹
312 572 319 591 z
340 560 434 599 «Ego
449 559 599 597 occidam,
617 561 647 589 et
661 568 723 598 ego
737 559 845 590 vivere
860 559 973 590 faciam
987 570 993 589 :

223 614 411 653 percutiam,
427 615 458 644 et
476 622 536 652 ego
556 613 686 650 sanabo,
702 615 733 643 et
747 622 811 643 non
826 615 872 643 est
888 612 944 652 qui
960 612 998 643 de

224 676 323 698 manu
336 676 408 698 mea
416 667 515 706 possit
522 675 645 696 eruere.
654 676 669 694 »
684 665 718 696 In
729 666 789 696 hoc
805 666 900 696 etiam
915 665 998 696 mira

223 720 370 760 apparuit
382 720 485 750 virtus
498 718 623 757 Christi,
639 719 714 758 quia
728 718 825 749 simul
840 728 913 749 cum
928 727 997 749 om-

222 773 471 814 nipotentiaerat
478 774 564 803 tanta
575 772 736 812 patientia.
751 771 840 802 Unde
852 772 996 809 dicitur&

222 827 308 866 quod
334 838 348 855 «
367 827 516 866 processit
533 826 623 856 Jesus
644 825 772 856 obviam
792 825 854 863 eis,
871 827 902 855 et
917 825 998 856 dixit

221 879 267 910 eis
283 890 290 910 :
308 879 409 916 Quem
424 879 586 918 quaeritis?
602 878 641 909 Ut
657 887 735 917 ergo
749 878 829 908 dixit
846 878 890 908 eIS
904 889 910 908 :
926 878 996 916 Ego

219 942 307 970 sum,
331 933 480 963 abierunt
501 934 690 968 retrorsum,
716 933 747 961 et
763 931 948 961 ceciderunt
962 931 995 961 in

220 988 349 1017 terram.
372 997 387 1015 »
413 985 554 1017 Ostendit
577 985 677 1024 igitur
698 983 851 1029 vChristus
880 984 915 1014 in
938 984 998 1015 hoc

220 1040 316 1070 etiam
330 1040 482 1070 virtutem
498 1039 656 1079 potentiae,
673 1040 704 1069 ct
715 1038 888 1078 patientiae,
905 1040 935 1068 et
947 1038 998 1068 he-

218 1093 408 1123 neficentiae.
427 1092 515 1123 Unde
530 1092 640 1122 Glossa
653 1092 664 1108 ³
682 1102 689 1122 ε
711 1102 726 1120 (ι
746 1090 919 1130 Nunquam
935 1091 998 1130 pie-

218 1146 291 1176 tatis
306 1155 373 1177 suae
391 1146 428 1186 (bl
442 1146 650 1183 obliviscitur,
667 1145 722 1185 qui
739 1154 795 1176 nec
805 1145 912 1181 hostes
922 1154 997 1176 suos

217 1200 336 1238 patitur
351 1199 526 1230 vulnerari.
539 1209 553 1227 ›)
570 1199 724 1229 indicavit
738 1199 835 1229 etiam
849 1208 922 1229 cum
937 1199 997 1229 hoc

218 1253 409 1292 mysterium
423 1252 586 1291 sapientiae
605 1262 611 1281 :
628 1260 684 1290 per
698 1251 895 1282 sanationem
911 1252 996 1282 enim

219 1306 371 1336 auriculae
378 1306 549 1345 amputatae
557 1304 837 1344 intelligiturquod
844 1305 997 1335 Dominus

223 1359 395 1398 aliquando
419 1358 561 1388 restituet
586 1357 732 1388 auditum
751 1360 782 1388 et
801 1358 997 1388 intellectum

222 1411 366 1442 veritatis
386 1411 503 1451 populo
528 1410 729 1447 Judaeorum,
758 1411 934 1441 secundum
958 1411 995 1440 il-

223 1465 278 1495 lud
295 1465 305 1481 ⁴
322 1475 329 1495 z
351 1475 365 1493 α
379 1464 532 1503 Reliquiae
551 1466 786 1501 convertentur,
803 1474 817 1491 n
839 1464 994 1503 reliquiae,

222 1518 367 1557 inquam,
383 1517 478 1548 Jacob
487 1517 526 1547 ad
539 1516 639 1547 Deum
653 1516 778 1546 sortem.
793 1516 825 1546 Si
836 1517 921 1546 enim
932 1517 997 1547 fue-

221 1570 263 1601 rit
277 1569 413 1610 populus
429 1572 514 1607 tuus,
540 1569 650 1605 lsrael,
671 1569 762 1608 quasi
776 1578 871 1599 arena
886 1570 993 1607 maris,

222 1623 366 1663 reliquiae
377 1625 604 1654 convertentur
613 1631 653 1653 ex
662 1632 710 1653 co.
722 1634 736 1651 »
750 1622 838 1653 Unde
850 1623 957 1653 Glossa
965 1626 975 1642 ⁵
987 1634 993 1653 :

225 1688 241 1706 c(
255 1677 350 1707 Auris
364 1678 528 1715 amputata
537 1678 568 1706 ct
580 1685 598 1706 a
609 1675 744 1706 Domino
757 1678 877 1713 sanata,
891 1676 997 1715 signat

222 1729 378 1767 auditum,
390 1729 494 1759 ablata
502 1730 670 1766 vetustate,
686 1731 888 1767 renovatum,
905 1731 940 1759 ut
956 1729 996 1759 sit

221 1783 256 1813 in
269 1782 411 1813 novitate
426 1782 568 1822 spiritus,
589 1783 620 1811 et
640 1790 705 1812 non
719 1781 753 1811 in
771 1784 926 1813 vetustate
942 1781 993 1812 lit-

219 1838 308 1867 terae.
324 1847 338 1865 n

260 1890 284 1927 Q
290 1892 389 1927 uarto,
397 1891 554 1928 quantum
560 1889 598 1919 ad
606 1889 713 1920 dolum
720 1888 735 1919 J
739 1889 916 1927 udaeorum,
924 1890 995 1920 sub-

216 1943 329 1982 jungit
341 1944 382 1981 (v.
396 1943 442 1981 5⁶2)
458 1951 465 1972 :
478 1942 568 1973 Dixit
576 1946 683 1972 autem
698 1942 786 1972 Jesus
797 1941 842 1971 ml
853 1951 919 1980 eos,
937 1943 996 1982 qul

219 1995 428 2027 veneruntad
438 2005 480 2033 se,
495 1995 654 2035 principes
666 1994 866 2025 sacerdotum
881 1999 911 2025 et
925 2005 994 2025 nm-

218 2053 372 2090 qistrcttus
387 2049 508 2089 templi,
520 2053 550 2078 et
558 2049 706 2086 seniores,
725 2057 806 2088 quos
819 2048 994 2088 specialiter

218 2103 373 2141 nominat,
391 2102 467 2142 quia
479 2102 587 2132 omnia
600 2102 669 2132 liaec
687 2102 876 2132 auctoritate
889 2103 991 2142 majo-

218 2165 293 2187 rum
308 2156 437 2187 fiebant.
454 2155 492 2186 Et
507 2155 675 2194 impletum
691 2157 739 2185 est
752 2154 830 2185 illud
841 2158 851 2174 <³
869 2166 875 2185 :
899 2166 913 2183 «
927 2155 991 2186 Ma-

218 2218 280 2239 nus
288 2209 469 2248 principum
477 2211 507 2239 et
516 2207 769 2246 magistratuum
776 2207 835 2238 fuit
847 2208 881 2238 in
891 2210 993 2239 trans-

219 2262 381 2300 gressione
388 2261 447 2291 hac
457 2260 594 2299 prima.»
609 2259 647 2290 Et
654 2260 773 2290 Daniel
781 2263 790 2278 ⁷
805 2271 812 2290 ι
832 2272 846 2288 «
857 2260 991 2300 Egressa

219 2316 265 2344 est
283 2314 434 2353 iniquitas
453 2322 471 2343 a
487 2313 663 2343 senioribus
674 2312 853 2352 judicibus,
869 2314 922 2352 qui
938 2314 991 2344 vi-

218 2366 372 2396 debantur
386 2375 498 2404 regere
517 2365 684 2404 populum.
700 2376 714 2393 »
736 2364 816 2395 Nam
832 2366 990 2405 principes

217 2418 406 2450 videbantur
420 2427 531 2456 regere
549 2427 605 2457 per
625 2418 861 2455 auctoritatem;
884 2419 988 2458 magi-

219 2474 335 2502 stratus
345 2480 401 2510 pcr
410 2471 595 2508 doctrinam,
607 2474 637 2501 et
649 2472 786 2502 seniores
796 2481 852 2511 per
864 2474 988 2502 utrum-

219 2534 281 2565 que
291 2536 299 2562 ;
315 2527 346 2555 et
355 2526 463 2554 tamen
472 2524 505 2553 hi
516 2524 739 2562 cogitaverunt
751 2525 937 2564 nequitiam.
951 2525 989 2555 Et

249 2588 257 2603 ¹
273 2587 356 2617 Dent„
368 2591 451 2616 xxxu,
465 2586 504 2608 39.
517 2598 544 2602 ——
556 2586 564 2598 ²
578 2586 658 2613 doum,
679 2593 755 2617 xviii,
773 2587 796 2616 -1,
810 2588 833 2610 6.
846 2600 877 2604 -—-
889 2586 900 2603 ⁸
915 2587 985 2618 Bed.,

217 2623 261 2646 ubi
275 2629 330 2653 sup.
343 2635 375 2640 —
387 2622 396 2635 ⁴
411 2622 468 2651 Iso„
484 2626 510 2650 x,
523 2622 602 2644 21-22.
623 2633 652 2638 —
669 2621 678 2637 ⁵
692 2623 764 2651 ned„
777 2622 821 2645 ubi
839 2629 895 2652 sup.
911 2629 986 2653 prox.

217 2658 227 2675 Ε
246 2659 252 2682 1
270 2658 358 2687 Esdr.,
372 2663 408 2687 ix,
424 2658 446 2680 2.
461 2670 492 2674 -
505 2656 515 2672 '¹
531 2656 606 2685 Dum,
621 2662 684 2685 xm,
706 2659 728 2681 5.
745 2669 775 2675 —
796 2660 805 2671 ⁸
827 2659 985 2689 Hieronym„

217 2695 243 2718 in
253 2693 353 2723 Manli„
363 2701 386 2717 c.
400 2698 472 2721 xxi'l,
486 2692 529 2716 lib.
545 2692 586 2715 [V.
599 2704 630 2708 —
639 2692 650 2708 ⁹
660 2693 741 2722 Joan„
758 2699 797 2723 ΙΙΙ,
809 2695 848 2718 20.
861 2707 892 2711 -
904 2695 922 2710 ¹⁰
929 2694 985 2723 Joh,

773 225 985 258 EVANGELII
1008 225 1150 257 SANCTI
1172 224 1283 257 LUCAE

1058 293 1128 323 ideo
1143 302 1196 323 eos
1211 293 1393 333 alloquitur,
1409 293 1515 324 dicens
1531 301 1539 324 :
1558 292 1660 332 Quasi
1672 292 1718 323 ad
1729 292 1832 324 latro-

1058 354 1129 376 nem
1152 347 1259 377 existet<
1278 356 1350 377 eum
1371 346 1487 387 qlacliis
1505 350 1536 377 et
1550 346 1688 385 fustibus
1707 348 1750 384 (v.
1767 347 1828 383 53).

1061 400 1139 430 Cum
1155 400 1296 440 quotidie
1319 400 1482 431 vobiscum
1503 401 1625 440 fuerim
1645 400 1678 429 in
1700 398 1828 439 templo,

1057 462 1121 483 non
1137 453 1319 484 extendistis
1334 463 1450 484 manus
1460 454 1493 484 in
1503 463 1564 484 me.
1582 453 1628 484 Ex
1645 461 1708 492 quo
1723 452 1830 492 argui-

1059 507 1112 535 tur
1126 514 1238 535 eorum
1259 505 1403 536 stultitia.
1425 505 1513 536 Unde
1532 506 1722 537 Ambrosius
1738 505 1775 545 (b)
1788 507 1798 524 ⁸
1819 516 1826 536 :

1059 568 1073 586 (1
1090 557 1229 588 Stultum
1244 561 1290 589 est
1304 559 1409 597 gladio
1429 557 1575 598 quaerere
1590 559 1692 597 illum,
1708 558 1764 599 qui
1779 557 1828 588 11]-

1056 612 1106 641 tro
1114 619 1146 641 se
1157 611 1262 648 tradit,
1273 611 1345 641 etin
1359 613 1450 642 nocte
1458 621 1514 651 per
1531 611 1722 651 proditorem
1738 611 1827 642 inve-

1056 664 1176 703 stigare
1190 663 1353 702 latentem,
1370 673 1466 704 quem
1483 664 1623 704 quotidie
1638 663 1786 695 videbant
1794 664 1826 695 in

1057 717 1174 757 templo
1189 717 1364 748 docentem.
1380 729 1395 746 »
1415 718 1574 757 Arguitur
1597 718 1694 748 etiam
1715 717 1828 757 nequi-

1055 770 1109 808 tia,
1130 771 1205 810 quia
1219 771 1326 802 virum
1338 772 1465 810 justum
1483 771 1669 810 quaerebant
1686 771 1767 802 sicut
1781 770 1828 801 la-

1055 825 1191 862 tronem,
1203 824 1360 855 inermem
1374 833 1446 854 cum
1460 824 1571 861 armis,
1587 824 1699 855 lumen
1712 832 1828 855 verum

1055 878 1242 916 quaerebant
1258 877 1291 908 in
1306 877 1444 908 tenebris
1459 888 1466 908 z
1484 877 1568 917 quod
1587 877 1718 917 quidem
1738 877 1828 908 facie-

1055 931 1130 961 hant
1146 940 1256 961 eorum
1268 931 1407 962 tenebrae
1421 936 1633 971 peccatorum.
1648 930 1736 961 Unde
1749 930 1825 961 sub-

1054 984 1099 1014 dit
1115 995 1121 1014 :
1139 984 1202 1014 Sed
1218 984 1283 1016 lzoee
1301 989 1347 1015 est
1358 984 1438 1015 liora
1453 987 1569 1022 vestra,
1590 988 1619 1015 et
1630 987 1768 1024 potestas
1781 986 1826 1013 te—

1054 1038 1228 1069 nebrarum
1250 1048 1261 1069 .·
1283 1039 1358 1079 quia
1375 1040 1385 1056 ⁹
1404 1039 1538 1070 «omnis
1561 1039 1617 1078 qui
1638 1038 1721 1069 male
1741 1037 1825 1077 agit,

1055 1090 1121 1120 odit
1144 1091 1260 1121 lucem.
1281 1102 1296 1120 »
1318 1091 1354 1122 Et
1373 1092 1432 1122 Job
1454 1091 1474 1108 ¹⁰
1496 1101 1507 1122 .·
1527 1102 1540 1120 (ι
1555 1090 1672 1122 Oculus
1692 1089 1827 1121 adulteri

1054 1143 1202 1174 observat
1226 1144 1409 1183 caliginem.
1432 1156 1447 1173 »
1466 1144 1598 1184 Propter
1612 1143 1697 1184 quod
1717 1145 1749 1174 et
1761 1143 1826 1174 dae-

1055 1205 1176 1233 mones,
1192 1196 1267 1236 quia
1289 1197 1369 1227 male
1387 1197 1539 1234 suadent,
1555 1199 1721 1236 potestates
1740 1199 1826 1226 tene-

1055 1250 1187 1280 brarum
1202 1250 1365 1289 dicuntur,
1379 1251 1554 1282 secundum
1569 1251 1649 1281 illud
1665 1251 1684 1267 ¹¹
1703 1259 1710 1281 :
1733 1262 1748 1279 <1
1763 1250 1828 1281 Ad-

1055 1311 1168 1333 versus
1203 1303 1360 1343 principes
1396 1306 1427 1334 et
1461 1306 1645 1343 potestates,
1675 1303 1828 1335 adversus

1054 1356 1166 1386 mundi
1192 1358 1328 1387 rectores
1348 1358 1551 1388 tenebrarum
1575 1357 1704 1388 harum.
1724 1368 1739 1385 n
1765 1356 1829 1387 Has

1054 1408 1200 1438 tenebras
1211 1409 1326 1448 fugere
1336 1410 1500 1448 debemus,
1511 1410 1687 1441 secundum
1694 1409 1773 1441 illud
1784 1410 1806 1429 ¹²
1817 1419 1825 1440 :

1059 1472 1073 1489 «
1089 1460 1190 1492 Nolite
1206 1463 1441 1493 communicare
1461 1463 1610 1503 operibus
1624 1463 1828 1494 infructuosis

1054 1515 1270 1545 tenebrarum.
1295 1527 1310 1543 »
1338 1515 1372 1545 In
1391 1516 1442 1546 his
1455 1516 1593 1546 tenebris
1608 1518 1671 1554 est,
1692 1516 1749 1555 qui
1762 1515 1827 1546 odit

1054 1566 1214 1598 Christum
1244 1569 1367 1605 lucem,
1391 1571 1421 1599 et
1452 1569 1587 1599 humani
1614 1569 1741 1609 generis
1762 1569 1826 1599 fra—

1052 1623 1134 1651 trem
1150 1622 1171 1638 13
1194 1631 1201 1652 :
1223 1633 1237 1650 ι(
1255 1622 1314 1658 Qui
1331 1622 1396 1652 odit
1414 1622 1543 1652 fratrem
1561 1631 1674 1661 suum,
1689 1622 1723 1653 in
1737 1624 1825 1653 tene-

1054 1675 1118 1704 bris
1144 1677 1206 1711 cst,
1228 1678 1258 1705 et
1274 1675 1306 1704 in
1336 1675 1474 1705 tenebris
1495 1676 1650 1715 ambulat,
1679 1678 1710 1707 et
1730 1675 1827 1707 nescit

1054 1736 1118 1767 quo
1134 1729 1201 1766 eat,
1221 1728 1298 1767 quia
1311 1729 1450 1759 tenebrae
1465 1720 1706 1761 oheaecavemnt
1719 1729 1827 1761 oculos

1053 1790 1135 1819 eJuS.
1152 1792 1166 1808 »

1093 1835 1142 1864 54.
1156 1833 1463 1873 Comprehemlentes
1471 1838 1578 1865 autem
1587 1844 1672 1873 eum,
1681 1836 1740 1866 etc.
1753 1835 1826 1866 Post

1052 1887 1241 1927 descriptam
1250 1888 1569 1927 comprehensionem
1577 1888 1704 1926 Christi,
1713 1889 1827 1920 descri-

1052 1940 1139 1970 bitur
1153 1940 1205 1970 hic
1219 1941 1350 1980 negatio
1366 1941 1468 1972 Petri:
1486 1942 1525 1972 ad
1540 1943 1632 1982 cujus
1646 1942 1826 1983 descriptio-

1051 2003 1126 2024 nem
1138 1994 1316 2033 plenariam
1338 1994 1584 2026 introducuntur
1597 1997 1745 2035 quatuor,
1763 1996 1823 2027 sci-

1050 2046 1121 2076 licet
1149 2046 1248 2086 ipsius
1275 2045 1359 2077 Petri
1385 2048 1530 2087 tepiditas
1554 2049 1588 2078 in
1613 2048 1822 2086 formidando,

1050 2099 1202 2137 fragilitas
1216 2099 1250 2130 in
1263 2100 1424 2138 negando,
1441 2101 1540 2140 pietas
1555 2100 1680 2131 Domini
1693 2101 1726 2131 in
1741 2102 1822 2132 reci-

1049 2152 1176 2192 piendo,
1192 2154 1223 2183 et
1237 2152 1370 2183 fidelitas
1385 2152 1469 2183 Petri
1485 2153 1519 2183 in
1534 2153 1706 2185 redeundo.

1090 2204 1196 2236 Primo
1206 2214 1293 2243 ergo,
1311 2207 1468 2245 quantum
1481 2205 1519 2236 ad
1531 2205 1613 2236 Petri
1627 2206 1822 2246 tepiditatem

1048 2258 1082 2288 in
1096 2258 1294 2289 formidando
1306 2260 1375 2298 post
1389 2258 1708 2298 comprehensionem
1719 2259 1821 2299 Magi-

1049 2312 1120 2348 stri,
1143 2311 1238 2342 dicit:
1258 2311 1565 2351 Comprelzendentes
1592 2316 1701 2342 autem
1729 2321 1818 2350 eum,

1048 2366 1211 2395 (luxerunt
1223 2364 1268 2394 acl
1284 2364 1415 2395 domum
1430 2365 1588 2405 principis
1607 2364 1818 2396 sacerdotum.

1047 2418 1161 2449 Petras
1189 2427 1262 2448 vero
1290 2418 1481 2457 sequebatur
1510 2427 1583 2448 eum
1611 2427 1631 2448 a
1658 2418 1761 2457 lonye.
1792 2418 1819 2448 A

1046 2470 1143 2509 longe
1159 2470 1272 2501 Petrus
1283 2471 1487 2510 sequebatur,
1502 2471 1578 2510 quia
1591 2469 1722 2500 timebat
1736 2479 1820 2500 acce*

1046 2522 1119 2553 dere
1133 2524 1264 2563 propius
1280 2532 1287 2554 :
1302 2525 1372 2562 ¹iam
1387 2524 1471 2554 enim
1494 2523 1623 2554 relictus
1637 2524 1704 2554 erat
1719 2523 1816 2554 solus.

1045 2619 1118 2643 xxw,
1140 2616 1178 2639 153.
1200 2627 1231 2632 —
1249 2614 1268 2630 ¹¹
1284 2614 1385 2645 Ephes„
1403 2619 1438 2644 vl,
1462 2614 1499 2638 ¹2.
1516 2626 1546 2631 —
1562 2613 1582 2630 ¹¹
1603 2613 1677 2643 ibid„
1699 2618 1724 2643 v,
1739 2613 1819 2638 11.—

1046 2649 1066 2665 ¹³
1078 2650 1204 2680 .Ιοωι.,11,
1220 2652 1257 2674 11.

1076 2694 1110 2723 (α)
1125 2694 1185 2717 Caet.
1197 2693 1255 2718 edit.
1273 2693 1339 2717 deest
1353 2699 1416 2718 sum.
1428 2705 1458 2711 ·-
1478 2692 1509 2723 (b)
1521 2693 1578 2724 Leq.
1597 2692 1777 2723 Hieronymus.
