1987 3032
676 239 882 271 EXPOSITIO
904 240 944 270 IN
967 240 1052 271 CAP.
1073 240 1164 271 XXII.

138 309 271 346 trinam,
295 308 370 348 quia
393 307 508 337 dicitur
530 308 539 323 ¹
565 318 572 337 :
595 317 610 335 «
629 307 722 346 Aqua
743 307 904 346 sapientiae

138 362 282 393 salutaris
292 360 411 401 potabit
423 360 526 390 illum.
537 371 551 388 »
565 360 599 390 Et
609 360 679 390 haec
690 360 724 390 in
735 360 901 400 amphora,

136 415 167 445 id
179 417 224 445 est
238 414 296 444 sub
309 413 466 444 velamine
477 414 487 429 ²
499 422 506 443 ε
523 424 537 441 (ι
549 413 709 443 Habemus
721 415 827 443 autem
838 413 904 442 the-

136 475 266 497 saurum
281 466 377 496 istum
392 466 425 495 in
440 466 524 495 vasis
544 465 703 496 fictilibus.
720 476 734 493 n
754 465 905 504 Designat

135 520 228 551 etiam
251 519 387 558 gratiam
411 528 581 558 supernam
604 519 614 535 ³
641 529 647 548 :
683 530 697 547 «
722 518 903 549 Pauxillum

133 579 225 610 aquae
248 569 326 599 mihi
341 569 380 599 ad
395 569 588 600 sorbendum
610 570 716 609 praebe
738 570 776 600 de
791 570 904 609 hydria

133 626 197 661 tua,
216 633 230 651 1)
247 625 305 653 etc.
322 622 360 653 Et
373 622 406 652 ⁴:
428 622 565 653 «Omnis
586 623 641 663 qui
664 623 742 653 bibit
762 633 801 653 ex
821 632 904 662 aqua

131 675 202 713 hac,
220 675 302 705 sitiet
312 675 442 713 iterum3
455 676 509 714 qui
521 678 628 706 autem
639 676 755 706 biberit
769 685 808 706 ex
819 685 903 715 aqua

132 737 229 767 quam
246 737 308 767 ego
323 728 403 758 (labo
418 729 458 765 ei,
474 737 538 758 non
554 728 638 758 sitiet
651 729 685 758 in
699 730 865 758 aeternum.
884 740 898 757 »

131 781 206 812 Vult
215 790 293 820 ergo
304 781 455 811 Dominus
466 781 498 811 in
511 781 550 811 iis
564 781 736 819 insinuare,
751 782 902 824 quodpqui

131 833 200 864 vult
210 843 242 864 se
252 843 431 874 praeparare
445 834 483 864 ad
496 834 624 873 pascha,
635 835 755 873 oportet
764 834 848 873 quod
858 834 903 864 in-

130 888 190 917 tret
204 886 385 925 Ecclesiam,
398 890 427 917 et
442 896 497 926 per
512 887 719 926 baptismum,
738 889 768 917 et
784 896 839 926 per
854 897 900 918 sa-

129 948 216 969 cram
243 939 432 977 doctrinam,
460 942 489 970 et
517 940 654 978 gratiam
680 940 838 977 divinam,
863 942 900 970 ut

130 994 289 1023 sternatur
310 993 509 1023 coenaculum
534 994 654 1032 grande
678 996 708 1024 et
732 993 832 1023 altum
860 994 899 1024 ad

129 1046 365 1085 suscipiendum
381 1045 552 1075 Christum.

168 1097 296 1135 Quarto,
309 1100 466 1137 quantum
477 1098 515 1128 ad
528 1098 747 1128 executionem
761 1100 899 1129 mandati

128 1151 306 1190 perfectam,
326 1151 534 1190 subjungitur
552 1152 591 1189 [v.
612 1151 658 1189 13)
678 1161 684 1180 ε
702 1151 825 1182 Euntes
840 1161 898 1181 au-

127 1207 189 1234 tem
210 1205 399 1234 invenerunt
416 1203 498 1233 sicut
516 1203 598 1233 [lisrz't
622 1204 695 1241 illis,
718 1208 749 1234 εί
761 1214 897 1244 parave-

126 1261 202 1286 runt
216 1256 346 1296 pascha.
373 1256 409 1286 In
434 1266 498 1295 quo
521 1257 704 1287 insinuatur
729 1258 898 1297 discipulo-

127 1318 199 1339 rum
213 1309 388 1348 vigilantia,
404 1309 479 1349 quia
496 1310 693 1349 quaesierunt
702 1310 800 1341 donec
811 1311 898 1341 inve—

127 1361 241 1398 nirent,
264 1362 344 1391 sicut
368 1361 422 1391 illa
440 1362 525 1391 bona
546 1362 668 1399 mulier,
691 1363 728 1394 de
743 1373 805 1403 qua
820 1364 896 1394 dici-

126 1416 178 1444 tur
194 1414 203 1430 ⁵
223 1425 229 1444 :
251 1425 265 1442 «
279 1413 404 1444 Everrit
422 1414 570 1452 domum,
587 1417 617 1444 et
632 1416 748 1454 quaerit
762 1416 896 1455 diligen-

128 1468 185 1503 ter,
201 1466 300 1497 donec
315 1466 466 1499 inyeniat.
485 1477 498 1493 υ
520 1466 702 1498 Insinuatur
716 1478 796 1507 ergo
813 1469 898 1499 Chri-

127 1519 165 1549 sti
181 1519 345 1558 sapientia,
363 1519 438 1558 quia
453 1519 534 1549 sicut
544 1520 701 1559 praedixit,
717 1521 761 1551 ita
771 1522 816 1552 eis
829 1531 898 1552 eve-

126 1571 188 1609 nit;
207 1572 282 1611 quia
292 1572 406 1602 dicitur
421 1572 432 1587 ‘³
446 1582 453 1602 ε
472 1583 486 1600 (1
501 1572 632 1603 Domino
647 1574 732 1604 enim
750 1574 821 1613 Deo,
838 1584 898 1605 an-

127 1633 223 1663 quam
238 1627 430 1662 crearentur,
447 1626 555 1656 omnia
567 1629 641 1656 sunt
655 1627 774 1666 agnita.
789 1639 802 1656 »
822 1628 898 1658 Insi-

127 1681 244 1709 nuatur
258 1678 353 1709 etiam
368 1678 598 1717 discipulorum
613 1680 803 1719 obedientia,
821 1682 897 1721 quia

127 1733 388 1770 praeparaverunt
410 1732 585 1761 secundum
610 1733 695 1771 quod
715 1733 895 1772 injunctum

126 1784 238 1822 fuerat,
261 1793 301 1814 ne
321 1784 400 1814 forte
415 1785 612 1823 praeterirent
625 1786 821 1818 voluntatem
834 1788 894 1819 Do-

127 1837 205 1867 mini
219 1837 280 1867 sui.
300 1836 385 1867 Unde
395 1846 492 1876 supra
506 1841 516 1856 ⁷
537 1849 542 1867 :
560 1838 639 1868 «Ille
653 1842 758 1870 autem
770 1849 893 1879 servus,

127 1890 181 1929 qui
196 1890 348 1929 cognovit
363 1889 561 1921 voluntatem
573 1891 691 1922 domini
706 1893 767 1930 sui,
786 1895 817 1923 et
831 1904 894 1925 non

127 1951 159 1973 se
173 1942 376 1982 praeparavit,
389 1945 419 1972 et
431 1951 493 1973 uon
504 1943 575 1973 fecit
589 1945 762 1975 secundum
778 1946 894 1977 volun-

127 1997 223 2025 tatem
239 1995 319 2034 ejuS,
337 1994 501 2034 vapulabit
516 1995 635 2026 multis.
650 2008 664 2025 »
683 1996 895 2036 Spiritualiter

127 2049 232 2078 autem
243 2049 355 2087 parant
365 2047 508 2087 discipuli
518 2049 633 2087 pascha
642 2058 696 2088 per
706 2049 894 2082 documenta

126 2101 279 2138 veritatis,
296 2100 469 2131 secundum
481 2101 578 2131 illud⁸
593 2113 599 2131 z
621 2102 714 2133 «Vox
729 2103 895 2134 clamantis

126 2153 159 2183 in
173 2153 296 2183 deserto
309 2163 315 2183 :
329 2152 439 2183 Parate
447 2153 533 2184 viam
544 2154 677 2185 Domini.
690 2166 705 2183 ›)
725 2155 785 2195 Ipsi
798 2156 893 2187 etiam

125 2207 252 2245 parant,
277 2205 353 2236 dum
374 2208 487 2237 vocant
502 2207 541 2237 ad
562 2208 790 2239 medicamenta
807 2210 893 2240 salu-

125 2258 165 2287 tis
179 2258 190 2274 ⁹
207 2269 213 2287 ;
234 2269 248 2285 (1
263 2257 346 2288 Misit
360 2258 437 2289 alios
451 2268 570 2297 servos,
586 2260 692 2291 dicens
708 2270 715 2291 :
730 2261 826 2292 Dicite
840 2262 892 2293 in-

125 2310 230 2341 vitatis
247 2319 254 2340 :
273 2310 351 2341 Ecce
365 2312 534 2350 prandium
550 2322 657 2344 meum
672 2315 793 2353 paravi,
810 2316 892 2346 tauri

126 2363 186 2394 mei
201 2366 231 2394 et
244 2363 342 2393 altilia
355 2364 456 2394 occisa
470 2367 562 2403 sunt,
586 2368 615 2396 et
637 2367 744 2397 omnia
765 2370 889 2406 parata;

125 2417 228 2447 venite
241 2417 280 2447 ad
295 2417 432 2456 nuptias.
447 2428 460 2445 »
474 2416 560 2448 Unde
571 2427 682 2450 omnes
694 2420 765 2450 boni
778 2420 891 2451 Christi

124 2469 264 2508 discipuli
271 2470 407 2500 clamant
414 2470 776 2503 suadendoauditoribus
783 2474 888 2504 suis¹02

129 2532 143 2549 (1
155 2520 331 2562 Praeparate
347 2523 440 2554 corda
454 2526 558 2555 vestra
573 2524 716 2564 Domino,
734 2528 764 2557 et
775 2527 890 2558 servite

154 2617 160 2633 ¹
178 2617 266 2646 Ecelz
283 2625 324 2649 xv,
339 2622 362 2643 3.
380 2632 410 2637 ——
426 2620 436 2636 ²
454 2620 472 2643 ll
490 2620 558 2650 Com,
579 2626 610 2650 ιν,
626 2623 647 2645 7.
663 2634 693 2639 —
708 2622 717 2638 ³
733 2622 804 2652 Gen„
818 2629 889 2654 xxiv,

124 2654 202 2676 17.-
227 2636 329 2681 ·Jr1an,
349 2660 383 2684 ιν,
405 2656 441 2678 ¹3.
462 2656 601 2686 -ΰὸυμ,
620 2662 662 2685 xV,
682 2659 704 2681 8.
722 2671 750 2675 —
773 2658 782 2673 θ
801 2659 889 2688 cccli„

121 2693 196 2718 xxm,
222 2689 621 2719 29.—'¹S11p.,.xn‚47.—
646 2693 655 2706 ⁶
678 2693 738 2718 lsa..
759 2699 806 2724 xc,
823 2696 890 2718 3.-

281 2741 355 2764 ΤΟΜ.
377 2742 422 2764 Xl.

1672 246 1728 275 «177

961 307 988 336 ei
1008 308 1076 337 soli.
1096 318 1110 335 n
1139 307 1254 337 Omnes
1277 307 1430 346 clamant,
1454 312 1489 338 ut
1510 312 1730 341 contemnatur

960 361 1108 398 mundus,
1127 362 1157 390 et
1167 360 1316 398 diligatur
1332 360 1424 390 Deus
1442 360 1480 390 Et
1494 361 1553 391 hoc
1568 364 1615 392 est
1629 362 1729 393 facere

961 413 1084 451 pascha,
1098 413 1128 443 id
1139 414 1196 448 est,
1206 413 1372 443 transitum
1388 423 1427 443 ex
1440 413 1616 444 visibilibus
1631 415 1669 445 ad
1681 415 1728 445 in-

959 465 1107 502 visibilia,
1119 475 1137 495 a
1147 465 1373 504 temporalibus
1383 466 1419 496 ad
1432 468 1561 504 aeterna,
1577 467 1614 497 de
1630 470 1729 498 morte

959 518 997 547 ad
1013 518 1127 555 vitam,
1142 518 1316 548 secundum
1332 518 1409 549 illud
1426 520 1445 535 ¹¹
1464 530 1470 549 :
1494 531 1507 548 «
1524 519 1558 549 In
1572 520 1728 559 Judicimn

958 579 1023 600 non
1037 570 1141 608 venit,
1158 571 1212 601 sed
1228 571 1349 601 transiit
1364 581 1382 602 a
1398 574 1498 602 morte
1514 573 1547 602 in
1561 573 1672 603 vitam.
1689 585 1703 602 »

999 626 1046 653 14.
1068 624 1194 654 Etcum
1210 625 1300 663 facta
1319 629 1396 655 esset
1408 625 1497 663 hora,
1515 628 1572 656 etc.
1590 627 1664 657 Post
1679 627 1729 658 de-

958 676 1107 714 scriptam
1125 678 1389 716 praeparationem
1408 680 1466 709 cibi
1490 681 1653 719 paschalis,
1671 681 1728 711 de-

958 728 1065 758 scribit
1087 729 1138 760 hic
1156 731 1421 761 consecrationem
1441 733 1627 763 sacramenti
1649 733 1727 763 alta-

956 781 1011 810 ris.
1032 781 1069 811 Et
1088 783 1239 821 quoniam
1258 783 1319 814 hoc
1338 787 1571 815 sacramentum
1590 786 1729 825 impleti-

957 843 1033 863 vum
1049 836 1095 864 est
1110 834 1201 873 legis,
1219 838 1249 866 et
1264 836 1495 867 infructuosum
1514 840 1560 868 est
1579 838 1726 876 ingratis,

956 887 1025 917 ideo
1043 897 1116 926 pars
1137 888 1196 918 ista
1215 889 1310 920 habet
1329 893 1390 920 tres
1410 893 1524 930 partes,
1542 892 1573 922 in
1589 902 1726 932 quarum

955 940 1056 979 prima
1067 941 1176 979 agitur
1188 942 1225 972 de
1235 943 1456 974 observatione
1471 945 1596 984 paschae
1609 957 1616 982 3
1634 946 1665 975 in
1682 956 1727 977 se-

955 993 1147 1031 cundaverQ
1159 995 1196 1025 de
1208 995 1402 1027 institutione
1410 997 1723 1035 Eu‹;ha1·istiae,ibi¹³:

958 1045 994 1075 Et
1008 1051 1134 1086 accepto
1146 1056 1241 1086 pume,
1259 1049 1382 1087 qratias
1395 1051 1468 1089 θῃίί,
1485 1052 1543 1080 etc.
1550 1061 1557 1087 3
1575 1051 1607 1080 111
1624 1052 1724 1089 tertia,

954 1098 990 1127 de
1006 1099 1218 1139 increpatione
1235 1102 1473 1140 ingratitudinis
1488 1103 1577 1133 Judae
1588 1128 1595 1140 ,
1615 1104 1658 1134 ibi
1678 1106 1699 1123 ¹²³
1716 1117 1721 1135 ι

963 1152 1185 1183 Verumtamen
1202 1163 1270 1184 ecce
1283 1164 1399 1185 manus
1419 1156 1571 1187 tradentis
1590 1167 1640 1188 me
1655 1168 1722 1189 me-

953 1213 1025 1234 cum
1040 1209 1086 1234 est
1099 1206 1132 1235 in
1142 1215 1263 1245 mensa,
1275 1210 1333 1238 etc.
1347 1208 1434 1238 Circa
1448 1210 1723 1242 manducationem

953 1257 1078 1295 paschae
1094 1258 1338 1290 introducuntur
1355 1261 1429 1299 tria,
1452 1262 1568 1293 scilicet
1585 1263 1721 1294 discubi-

953 1311 1003 1338 tus
1025 1310 1252 1350 discipulorum
1273 1315 1304 1342 et
1323 1312 1450 1352 Christi,
1474 1315 1625 1346 transitus
1645 1318 1722 1356 agni

952 1362 1058 1401 typici,
1074 1366 1104 1393 et
1119 1365 1275 1395 terminus
1289 1367 1365 1405 agni
1384 1367 1539 1406 figuralis.

992 1415 1098 1446 Primo
1113 1426 1204 1456 ergo,
1221 1422 1377 1457 quantum
1392 1421 1431 1451 ad
1444 1421 1634 1453 discubitum
1650 1424 1722 1455 cha-

951 1467 1116 1498 ritativum
1138 1469 1367 1510 discipulorum
1389 1473 1513 1512 Christi,
1531 1476 1637 1506 subdit
1655 1487 1661 1505 :
1677 1478 1723 1508 Et

950 1529 1022 1550 cum
1035 1521 1125 1559 facta
1138 1527 1216 1552 esset
1225 1523 1315 1562 hora,
1329 1525 1496 1565 discubuit,
1515 1532 1544 1558 et
1554 1528 1721 1561 duodecim

951 1574 1087 1612 apostoli
1107 1584 1180 1605 cum
1202 1585 1237 1606 eo
1260 1586 1270 1607 .·
1293 1578 1326 1607 in
1352 1588 1416 1618 quo
1442 1581 1617 1612 ostenditur
1641 1584 1723 1614 mira

952 1626 1066 1656 Christi
1080 1628 1277 1660 familiaritas
1291 1631 1330 1661 ad
1338 1631 1517 1672 discipulos,
1534 1635 1609 1674 quia
1624 1636 1721 1667 simul

950 1688 1024 1709 cum
1040 1680 1201 1720 discipulis
1211 1683 1441 1723 discumbebat,
1460 1689 1495 1717 ut
1509 1689 1655 1728 exemplo
1669 1690 1722 1720 do-

950 1734 1032 1763 ceret
1046 1733 1123 1763 illud
1134 1735 1155 1751 ¹⁶
1168 1744 1174 1765 :
1189 1746 1203 1764 «
1218 1735 1381 1768 Rectorem
1395 1742 1425 1769 te
1440 1743 1635 1779 posuerunt?
1651 1742 1721 1774 Noli

949 1785 1059 1815 extolli
1081 1797 1087 1816 z
1109 1789 1176 1817 esto
1196 1788 1228 1819 in
1250 1789 1310 1820 illis
1332 1792 1423 1830 quasi
1442 1802 1526 1824 unus
1544 1803 1584 1825 ex
1598 1795 1686 1834 ipsis.
1701 1807 1716 1824 »

949 1837 1087 1877 Apparet
1101 1840 1194 1870 etiam
1211 1841 1244 1871 in
1258 1842 1334 1881 1100,
1359 1845 1443 1883 quod
1465 1846 1618 1878 Dominus
1637 1849 1719 1880 miro

950 1891 1043 1921 modo
1056 1892 1169 1922 miram
1184 1894 1369 1927 charitatem
1384 1901 1531 1939 acceptat,
1544 1902 1719 1933 secundum

948 1943 1026 1974 illud
1046 1944 1067 1963 ¹⁵
1091 1955 1097 1975 1
1116 1956 1130 1974 «
1148 1945 1182 1976 In
1206 1946 1265 1977 hoc
1285 1953 1479 1988 cognoscent
1499 1961 1626 1991 omnes,
1644 1956 1720 1995 quia

949 1996 1093 2036 discipuli
1111 1999 1174 2028 mei
1188 2000 1273 2037 estis,
1289 2001 1315 2030 si
1329 2001 1529 2035 dilectionem
1546 2006 1719 2039 habueritis

948 2050 985 2079 ad
1002 2050 1150 2081 invicem.
1168 2062 1182 2079 »
1200 2052 1238 2082 Et
1252 2053 1312 2084 hoc
1326 2057 1389 2093 est,
1410 2058 1495 2095 quod
1513 2058 1580 2098 ipse
1603 2061 1718 2099 praeci-

947 2102 1052 2142 piebat
1074 2103 1094 2119 ¹⁰
1111 2113 1118 2133 ε
1139 2104 1349 2137 «Mandatum
1368 2117 1489 2140 novum
1503 2111 1543 2141 do
1558 2113 1658 2150 vobis,
1681 2116 1718 2144 ut

947 2155 1087 2194 diligatis
1100 2157 1251 2197 invicem,
1269 2170 1282 2187 »
1301 2162 1358 2191 etc.
1376 2160 1414 2191 Et
1428 2162 1544 2193 iterum
1561 2163 1582 2180 ¹⁷
1598 2176 1604 2195 :
1624 2165 1715 2196 «Hoc

947 2209 994 2238 est
1018 2212 1212 2249 praeceptum
1242 2221 1348 2243 meum
1361 2238 1368 2251 ,
1404 2217 1438 2245 ut
1465 2216 1604 2255 diligatis
1632 2219 1714 2249 invi-

947 2270 1031 2300 cem,
1062 2265 1119 2294 etc.
1141 2274 1156 2291 »
1180 2264 1217 2295 Et
1244 2266 1304 2297 hoc
1323 2268 1483 2306 potissime
1502 2269 1713 2309 desiderabat,

945 2316 976 2344 et
994 2318 1121 2355 propter
1143 2317 1203 2348 hoc
1225 2323 1457 2351 sacramentum
1481 2325 1715 2356 communionis

945 2368 1144 2407 instituebat;
1171 2373 1255 2403 unde
1284 2374 1368 2404 addit
1387 2376 1430 2413 (v.
1450 2376 1500 2416 15)
1516 2385 1523 2407 :
1545 2378 1592 2409 Et
1608 2379 1655 2409 ait
1674 2380 1712 2409 il-

945 2420 982 2450 lis
1003 2431 1015 2451 .·
1032 2422 1194 2454 Desiderio
1215 2425 1392 2457 desideravi
1409 2428 1467 2459 lzoc
1479 2431 1601 2469 pascha
1619 2441 1712 2462 mcm-

944 2473 1061 2505 ducare
1075 2476 1243 2515 vobiscum,
1258 2483 1431 2522 antequam
1447 2484 1567 2522 patiar.
1584 2484 1713 2516 Mandu·

944 2527 1025 2558 catio
1040 2528 1098 2558 ista
1111 2529 1254 2569 designat
1269 2532 1553 2573 incorporationem
1570 2539 1600 2568 et
1611 2538 1713 2568 unita-

944 2624 1066 2651 ”annulle
1082 2631 1150 2655 xxm,
1167 2627 1189 2650 4.
1193 2640 1222 2644 -
1242 2629 1260 2642 ¹⁰
1275 2629 1280 2652 Ι
1299 2630 1366 2661 Κεφ,
1378 2637 1423 2662 Vll,
1440 2634 1461 2656 3.
1465 2646 1495 2651 —
1509 2634 1526 2650 ¹¹
1542 2634 1623 2664 lemn,
1640 2649 1657 2664 ‚
1672 2638 1710 2660 2-1.

944 2651 1711 2699 1’-111Ῑ,,ν.19.-“Ἰι]1“ν,..1.-“’Ιέεείίηκλκιῐ,1.--

943 2694 1053 2724 ¹¹⁵Jocm„
1068 2701 1125 2726 xiii,
1140 2698 1178 2721 525.
1192 2711 1223 2715 —
1237 2699 1258 2714 ¹⁸
1277 2700 1348 2731 ibid,
1364 2704 1401 2725 ³4.
1413 2715 1441 2720 —
1459 2704 1478 2719 ¹⁷
1494 2704 1555 2729 ibid.
1559 2711 1623 2736 ,xv‚
1641 2708 1678 2730 u.

1533 2750 1571 2779 12
