1987 3032
77 1293 178 1313 Praelatis

84 1323 177 1347 quatuor

73 1358 175 1373 necessa-

72 1383 112 1404 ria.

195 201 255 230 460

192 265 281 293 tuitus
295 272 313 292 a
327 265 385 292 Deo
397 263 527 291 infusus·
545 272 552 290 :
570 272 584 288 «
597 261 726 291 Charitas
740 261 787 289 Dei
802 260 910 288 diffusa
922 261 963 288 est

192 311 223 338 in
237 310 377 338 cordibus
390 309 507 338 nostris.
525 320 538 334 »
564 309 609 336 Sic
631 307 756 336 charitas
776 315 838 335 non
857 306 963 335 dicitur

193 357 289 392 maj0r
302 360 329 385 et
349 357 457 389 minor,
477 355 531 383 nisi
555 356 629 382 Deus
650 354 764 381 dederit
786 353 962 389 ampliorem

193 403 326 440 gratiam.
345 403 394 430 Vel
416 404 457 430 est
473 401 554 437 loqui
570 401 607 428 de
622 400 759 428 charitate
774 407 864 436 penes
879 407 963 427 suam

192 449 402 482 inhaerentiam,
410 448 456 475 vel
465 449 609 483 quantum
619 447 657 474 ad
666 455 750 474 suam
758 446 944 474 efficientiam
955 455 961 473 :

193 498 222 524 et
235 496 289 529 sic,
305 495 375 531 quia
390 494 517 521 liberum
538 493 691 521 arbitrium
713 500 774 520 non
787 500 871 528 aeque
885 492 963 519 forti-

192 545 244 577 ter,
260 549 313 569 nec
326 540 433 576 aequali
448 540 514 567 nisu
527 547 643 575 semper
655 539 834 567 concurrerit
845 538 882 574 (a)
895 546 963 566 cum

191 589 300 624 gratia,
312 587 358 615 vel
376 587 406 614 in
423 586 592 622 operando,
607 585 654 613 vel
666 586 696 614 10
710 585 879 613 sustinendo
889 605 897 618 ,
908 592 963 620 po-

191 637 245 662 test
257 634 315 662 dici
330 633 427 661 minor
441 633 565 660 charitas
575 653 582 666 ,
598 640 658 660 non
672 634 815 668 quantum
830 630 869 658 ad
881 630 964 658 habi-

191 682 268 714 tum,
283 687 338 708 nec
353 681 496 716 quantum
511 679 549 706 ad
564 681 662 706 actum
677 678 860 706 essentialem
875 679 903 705 et
920 677 963 704 10-

190 727 364 761 trinsecum,
397 726 447 762 qui
476 727 517 753 est
545 725 676 754 animam
703 724 882 760 gratificare,
911 723 961 751 sed

191 775 335 810 quantum
349 773 388 801 ad
404 772 559 800 fervorem.
581 772 661 800 Unde
676 771 830 807 Gregorius
843 770 863 805 ²,
880 769 963 806 quod

193 830 207 846 α
222 820 346 848 charitas
360 819 522 855 aliquando
537 819 642 854 flagrat
660 818 690 846 in
705 818 810 852 corde,
825 820 852 845 et
866 819 963 845 tamen

190 874 251 895 11οο
263 867 442 894 monstratur
456 865 486 892 in
501 873 590 901 opere
603 865 641 901 (b)
657 873 663 892 :
680 875 693 891 »
719 866 751 893 Et
764 864 848 900 ponit
863 872 962 892 exem-

190 913 274 949 plum
284 913 320 940 de
331 913 403 946 sole,
416 920 484 939 cum
493 911 572 939 nube
583 911 700 946 tegitur-3
716 910 884 939 ardetenim
895 913 963 938 tunc

191 960 222 987 in
236 959 322 993 coelo,
345 961 371 986 et
391 961 490 986 tamen
502 966 563 986 non
578 958 694 985 videtur
709 958 739 985 in
753 961 839 986 terra.
852 958 959 985 Dicitur

192 1005 354 1041 aliquando
379 1005 503 1033 charitas
521 1004 706 1039 refrigescere
730 1005 740 1021 ³
762 1013 768 1031 ε
795 1013 808 1029 «
834 1003 962 1039 Refrige-

191 1054 250 1080 scet
267 1052 392 1079 charitas
415 1051 577 1079 multorum
594 1060 601 1078 :
616 1061 629 1076 »
644 1050 726 1086 quod
744 1052 786 1078 est
800 1050 963 1086 intelligen-

192 1098 264 1126 dum
279 1105 341 1126 non
355 1097 392 1125 de
407 1098 559 1132 charitate,
574 1097 629 1125 sed
645 1097 681 1125 de
695 1097 848 1131 simulata,
865 1104 961 1133 quan-

191 1147 253 1172 tum
276 1144 315 1172 ad
330 1146 443 1179 gestum
464 1143 654 1177 exteriorem,
675 1146 702 1171 et
724 1151 849 1179 operum
863 1143 964 1171 simili-

191 1193 334 1221 tudinem.
360 1195 392 1220 Et
417 1194 487 1220 nota
512 1193 595 1228 quod
610 1192 667 1220 ait:
694 1194 748 1227 qu
767 1194 834 1226 eleqi
859 1201 913 1220 vos.
931 1194 963 1220 Et

190 1242 290 1276 posset
314 1247 375 1267 esse
402 1239 501 1267 thema
530 1239 560 1266 in
597 1239 738 1266 electione
764 1238 960 1266 Praelatorum.

190 1287 271 1314 Unde
294 1286 457 1321 figurantur
485 1287 612 1321 quatuor
639 1285 803 1313 necessaria
831 1284 938 1313 talibus
955 1294 961 1312 :

192 1340 319 1369 quorum
341 1333 470 1368 primum
485 1334 527 1359 est
541 1340 558 1359 a
580 1333 636 1359 Deo
660 1331 802 1359 canonica
821 1331 937 1359 vocatio
955 1340 961 1358 :

193 1381 246 1414 qu
260 1380 328 1413 elegi
337 1387 381 1406 vos
394 1389 402 1406 ε
418 1386 478 1406 non
492 1379 624 1406 humana
635 1381 773 1414 potestas,
783 1386 843 1406 non
857 1386 963 1413 cogna-

191 1425 278 1453 tionis
294 1425 465 1459 carnalitas,
479 1433 540 1453 non
561 1425 681 1461 propria
700 1425 861 1461 cupiditas,
881 1427 908 1452 et
923 1425 963 1453 sic

192 1473 229 1501 de
245 1473 327 1507 aliis,
344 1473 452 1501 dehent
471 1473 590 1508 eligere,
605 1481 658 1509 per
674 1481 739 1508 quae
764 1473 871 1500 intrant
886 1479 963 1499 mer-

192 1519 315 1553 cenarii,
330 1521 357 1546 et
371 1519 433 1554 lupi
446 1520 550 1554 magis,
563 1519 599 1547 de
609 1519 715 1555 quibus
730 1526 819 1554 supra
833 1517 843 1533 ὅ
859 1526 866 1544 :
886 1518 962 1550 «Qui

192 1573 252 1593 non
270 1565 358 1593 intrat
380 1573 433 1601 per
458 1565 579 1598 ostium;
596 1576 608 1590 »
637 1565 688 1592 sed
714 1564 854 1592 Dominus
876 1564 964 1591 debet

192 1612 301 1647 eligere
315 1611 324 1628 ⁵
344 1622 352 1639 :
380 1613 487 1639 «Certe
506 1611 626 1644 videtis,
649 1619 739 1646 quem
761 1610 848 1645 elegit
869 1610 964 1637 Domi-

192 1667 262 1693 nus,
278 1657 360 1694 quod
374 1665 433 1685 non
452 1658 487 1684 sit
502 1657 528 1685 ei
548 1657 650 1684 similis
665 1657 695 1684 in
711 1657 792 1684 omni
807 1656 930 1691 populo.
947 1665 960 1681 »

191 1705 201 1721 ⁸
225 1715 239 1730 «
256 1704 412 1732 provideat
436 1704 576 1731 Dominus
599 1705 673 1730 Deus
701 1702 853 1730 hominem
876 1709 964 1737 super

192 1751 268 1778 hanc
294 1749 525 1783 multitudinem,
540 1760 553 1774 »
580 1752 634 1777 etc.
660 1749 795 1776 Secundo
823 1748 965 1783 figuratur

192 1797 304 1824 stabilis
319 1796 491 1830 firmitudo,
511 1796 574 1823 ibi:
598 1797 678 1823 Posui
700 1803 754 1822 vos.
777 1795 862 1828 Quod
885 1795 964 1822 enim

192 1843 312 1878 ponitur
337 1851 373 1870 ex
398 1842 566 1878 proposito,
591 1842 713 1870 firmiter
741 1841 901 1869 collocatur
923 1842 932 1858 ⁷
955 1850 961 1868 τ

195 1899 208 1915 (1
224 1890 355 1917 Sternam
368 1897 421 1924 per
437 1889 555 1917 ordines
569 1890 635 1916 tuos
649 1888 772 1923 lapides.
789 1898 802 1913 »
820 1889 849 1915 Et
864 1887 962 1923 sequi-

192 1937 261 1962 tur:
288 1944 301 1960 «
322 1937 432 1963 Ponam
455 1934 602 1970 jaspidem
621 1934 845 1970 propugnacula
867 1935 927 1960 tua.
948 1943 961 1958 »

192 1981 318 2009 Tertium
338 1984 380 2008 est
403 1981 439 2008 de
462 1981 567 2008 virtute
587 1981 618 2007 in
640 1980 775 2007 virtutem
795 1980 874 2014 jugis
898 1986 966 2014 pro-

193 2027 294 2062 fectio,
308 2027 350 2055 ibi
367 2037 373 2054 :
403 2028 435 2053 Ut
456 2029 541 2062 eatis,
569 2027 599 2054 in
626 2028 729 2054 Psalmo
741 2027 750 2043 Β
765 2035 772 2054 2
799 2036 811 2051 (ι
827 2026 914 2053 Ibunt
928 2025 964 2053 de

193 2074 298 2101 virtute
320 2073 351 2100 in
370 2073 516 2101 virtutem.
533 2083 547 2099 u>
567 2075 577 2090 ⁹
605 2082 619 2099 «
634 2072 783 2108 Numquid
798 2072 891 2099 mittes
909 2071 965 2098 ful-

195 2127 283 2154 gura,
300 2121 328 2147 et
346 2120 451 2147 ibunt?
468 2129 480 2145 »
500 2121 532 2147 Et
547 2120 583 2147 de
602 2120 659 2147 hoc
674 2119 828 2154 Gregorius
843 2118 863 2135 ¹⁰
877 2118 964 2145 bene.

196 2165 215 2181 ¹¹
231 2175 244 2192 «
257 2167 404 2193 Justorum
426 2166 530 2193 semita
557 2165 590 2201 (c)
621 2165 706 2201 quasi
733 2165 784 2192 lux
808 2164 967 2199 splendens

197 2212 345 2247 procedit,
361 2213 389 2239 et
403 2212 513 2239 crescit.
526 2222 538 2238 n
553 2213 694 2245 Quartum
709 2212 751 2238 est
769 2210 964 2246 spiritualium

194 2257 340 2285 fructuum
356 2258 528 2292 multitudo,
544 2257 653 2285 scilicet
674 2257 704 2284 in
724 2256 860 2284 docendo
871 2276 880 2290 ,
896 2258 923 2283 et
937 2256 967 2282 10

197 2304 396 2339 dispensando
408 2305 589 2332 sacramento
601 2306 627 2331 et
641 2303 671 2331 in
680 2303 805 2336 orando,
815 2304 842 2330 et
855 2302 885 2329 in
897 2310 964 2329 000·

196 2350 337 2378 vertendo
352 2351 465 2378 animas
479 2351 518 2378 ad
532 2352 639 2385 Deum,
654 2352 681 2377 et
695 2349 736 2377 sic
750 2349 787 2377 de
802 2348 866 2376 aliis
881 2348 968 2376 bonis

230 2423 238 2438 ¹
254 2423 329 2451 Rom„
352 2429 375 2453 ν,
394 2424 418 2446 5.
439 2436 469 2440 -—
490 2423 498 2437 ²
519 2424 586 2454 Greg
600 2441 607 2454 ‚
627 2424 651 2446 iu
668 2423 775 2453 Evanq„
791 2421 861 2445 hom.
878 2426 968 2450 xxxiv,

198 2458 249 2482 iere
264 2457 290 2481 in
309 2458 391 2488 princ.
407 2471 436 2476 —-
450 2459 460 2475 ³
475 2459 576 2486 Mami„
597 2464 666 2488 xxiv,
686 2460 720 2482 12.
741 2471 771 2475 —
790 2458 799 2473 Β
815 2458 887 2487 51111.,
903 2461 928 2486 x,
948 2458 967 2480 t.

197 2506 228 2510 —-
245 2493 278 2516 ⁵1
296 2493 363 2524 Req..
384 2498 413 2523 X,
429 2495 466 2517 21.
487 2507 517 2511 —
538 2495 547 2507 ὓ
564 2493 650 2523 Num„
674 2498 759 2522 xxvii,
780 2493 817 2516 16.
837 2504 868 2509 --
883 2492 890 2505 ⁷
910 2491 967 2519 Ista,

200 2534 251 2558 Liv,
270 2530 309 2558 11,
328 2529 364 2552 12.
382 2541 407 2546 -
428 2528 438 2544 ⁸
458 2528 527 2552 Psal.
546 2530 694 2559 Lxxxvi,8.
712 2541 737 2544 —
753 2529 762 2541 ²³
775 2527 834 2556 Job,
850 2532 969 2556 xxxviii,

200 2565 238 2587 35.
256 2577 286 2581 —
306 2564 327 2581 ¹⁰
344 2564 430 2594 Greg„
456 2564 557 2594 Moral„
580 2564 622 2588 lib.
646 2564 726 2594 XXX,
749 2571 773 2587 0.
792 2569 827 2593 11,
850 2569 876 2586 0.
896 2563 919 2586 6.
940 2574 970 2579 -

200 2599 218 2615 ¹¹
235 2599 415 2628 Prov.,1v‚18.
431 2611 461 2616 —
475 2599 494 2615 ¹²
506 2599 576 2630 Sap„
595 2605 642 2627 111,
658 2601 694 2623 15.
710 2612 740 2616 —
754 2599 772 2615 ¹⁸
786 2599 888 2627 ,lm-em„
905 2602 970 2626 xvu,

201 2634 222 2657 8.
239 2645 269 2652 -—
285 2634 305 2651 ’Β
322 2633 380 2665 Job,
396 2640 414 2665 1,
433 2635 456 2659 5.
470 2647 502 2653 -
522 2635 544 2651 ¹⁸
561 2635 647 2665 erog„
666 2634 767 2665 Moral„
783 2633 826 2657 lib.
843 2634 866 2664 l,
886 2640 910 2656 0.
926 2638 970 2661 xx,

713 192 926 226 EVANGELH
949 191 1088 224 SANCTI
1110 191 1126 223 J
1129 191 1274 225 OANNIS

1017 259 1161 295 operibus
1182 259 1212 287 ¹².
1230 261 1407 289 «Bonorum
1429 261 1568 290 laborum
1590 264 1736 299 gloriosus
1750 266 1793 293 est

1017 305 1134 333 fructus.
1151 315 1164 331 11
1191 306 1223 334 Et
1244 306 1281 335 de
1295 306 1336 334 sic
1358 307 1534 336 fructificare
1550 309 1571 326 ¹³
1592 318 1599 336 :
1628 320 1641 335 «
1661 311 1717 338 Nec
1739 310 1793 339 ali-

1017 351 1139 387 quando
1161 352 1274 380 desinet
1300 353 1393 380 facere
1417 354 1553 382 fructum.
1577 365 1590 381 n
1609 357 1641 383 Et
1659 356 1729 384 ideo
1753 356 1795 385 ait

1017 398 1064 425 hic
1081 407 1086 425 :
1103 400 1137 425 Ει
1159 400 1268 431 fructus
1281 402 1367 426 vester
1389 403 1509 432 maneat,
1535 401 1643 430 scilicet
1657 411 1793 438 perseve-

1017 445 1123 472 rando.
1135 446 1154 462 ¹⁶
1168 455 1181 471 «
1196 445 1241 473 Sic
1255 445 1380 473 faciebat
1395 446 1449 474 Job
1465 449 1577 476 cunctis
1589 449 1703 476 diebus.
1719 459 1734 476 r>
1750 449 1794 478 lbi

1017 491 1171 526 Gregorius
1195 492 1215 508 ¹⁵
1239 500 1246 518 :
1265 493 1329 519 «De
1354 495 1570 527 perseverantia
1595 495 1625 522 in
1652 495 1794 532 multipli-

1017 537 1113 565 cando
1129 538 1210 565 bona
1221 545 1321 573 opera.
1338 547 1352 564 »
1368 540 1388 566 E
1405 540 1551 568 contrario
1567 541 1603 568 de
1614 541 1724 575 multis,
1741 542 1794 578 qui

1019 584 1158 611 abierunt
1172 586 1347 619 retrorsum,
1359 593 1448 620 supra
1464 585 1483 601 ¹⁶
1497 596 1524 612 :a
1538 587 1687 623 Numquid
1701 590 1729 616 et
1739 595 1794 616 vos

1017 630 1105 657 vultis
1121 630 1202 658 abire
1217 632 1419 658 retrorsum?»
1429 632 1499 667 quia
1507 631 1605 660 nullos
1617 632 1727 661 fructus
1739 633 1792 662 ad-

1017 676 1114 704 ferunt
1138 686 1144 704 ε
1173 678 1200 704 et
1226 679 1382 712 propterea
1404 678 1435 705 in
1455 678 1555 713 ignem
1577 678 1738 714 mittentur,
1761 681 1794 708 ut

1017 723 1201 758 praemissum
1215 724 1266 750 est.

1054 771 1097 798 18.
1112 770 1143 796 Et
1157 769 1289 804 sequitur
1303 769 1354 796 illa
1368 777 1454 805 parS,
1472 770 1503 797 in
1522 777 1582 806 qua
1596 770 1729 798 hortatur
1743 778 1795 800 eos

1018 814 1056 842 ad
1086 814 1234 842 malorum
1262 815 1447 843 tolerantiam
1457 836 1466 850 ,
1491 818 1519 844 et
1546 816 1795 846 malefacientium

1020 861 1218 889 dilectionem.
1236 863 1268 889 Et
1288 861 1339 889 illa
1358 869 1428 897 pars
1449 862 1478 890 in
1503 865 1652 898 quatuor:
1677 863 1793 899 primo,

1019 907 1080 934 odii
1096 907 1318 936 mundanorum
1343 916 1412 943 erga
1431 908 1593 944 discipulos
1613 910 1793 946 praemissi03

1018 953 1165 988 secundo,
1187 954 1398 982 consolationis
1421 955 1587 989 adjunctio,
1611 956 1653 983 ibi
1669 957 1690 976 ¹¹¹
1715 957 1796 984 :Me-

1019 1003 1149 1032 mentote,
1183 1003 1252 1035 etc.;
1285 1001 1369 1028 tertio
1380 1022 1388 1034 ,
1425 1009 1518 1028 causae
1540 1002 1726 1037 subjunctio,
1754 1002 1794 1031 ob

1018 1054 1109 1082 quam
1119 1046 1270 1075 habebant
1281 1047 1425 1075 mundani
1437 1047 1598 1083 discipulos
1609 1048 1690 1083 odio,
1703 1048 1746 1076 ihi
1755 1049 1774 1066 ¹⁸
1786 1057 1793 1076 ε

1018 1093 1070 1120 Sed
1084 1094 1138 1120 hoec
1150 1095 1239 1120 omnia
1247 1115 1256 1128 ,
1268 1095 1339 1128 etc.;
1352 1096 1457 1128 quarto
1466 1114 1475 1127 ,
1490 1095 1530 1122 sic
1542 1094 1705 1123 odientium
1715 1095 1796 1123 inex-

1018 1139 1197 1173 cusabilitas,
1207 1139 1268 1167 sive
1278 1140 1391 1175 peccati
1406 1148 1508 1168 eorum
1519 1141 1691 1176 aggravatio
1702 1141 1744 1170 ibi
1755 1141 1794 1169 ¹⁹:

1018 1187 1095 1214 Nunc
1119 1189 1206 1213 autem
1232 1188 1427 1214 excusationem
1457 1194 1510 1214 non
1535 1187 1649 1221 habent,
1677 1189 1731 1215 etc.

1052 1232 1174 1267 Aitergo
1189 1241 1195 1259 :
1208 1233 1242 1258 Ec
1257 1234 1281 1259 si
1296 1233 1412 1259 mundus
1425 1240 1470 1259 vos
1483 1233 1553 1267 odit,
1564 1235 1617 1260 etc.
1633 1233 1726 1268 Supra
1737 1233 1795 1261 dic-

1019 1280 1080 1305 tum
1089 1280 1149 1305 est:
1167 1279 1230 1305 Hoec
1242 1279 1350 1310 mando,
1361 1281 1389 1305 ut
1404 1278 1540 1313 diliqatz's,
1549 1281 1604 1306 ete.
1615 1280 1670 1307 Pro
1681 1287 1741 1314 qua
1753 1279 1796 1307 di-

1018 1324 1142 1352 lectione
1158 1327 1225 1352 sunt
1239 1324 1344 1352 mundi
1360 1324 1429 1352 odia
1443 1325 1614 1353 sustinenda
1629 1334 1636 1352 ;
1663 1325 1734 1361 quia
1749 1325 1794 1361 (d)

1019 1370 1150 1398 mundus
1167 1370 1231 1398 odit
1246 1378 1308 1398 non
1322 1370 1420 1398 solum
1432 1371 1594 1406 discipulos
1609 1371 1728 1406 Christi,
1743 1371 1796 1400 sed

1019 1417 1106 1444 etiam
1119 1417 1216 1452 ipsum
1230 1417 1384 1445 Christum.
1402 1418 1433 1444 Et
1448 1417 1515 1445 ideo
1532 1417 1633 1445 subdit
1653 1427 1659 1444 :
1679 1418 1794 1453 Scitote,

1019 1465 1145 1498 quoniam
1160 1471 1198 1490 me
1216 1465 1334 1498 priorem
1355 1464 1416 1491 odio
1438 1464 1543 1490 habuit.
1566 1463 1646 1491 Unde
1661 1464 1796 1499 Augusti-

1019 1510 1120 1544 nus'20‚
1148 1509 1232 1544 quod
1253 1509 1383 1536 mundus
1411 1509 1516 1537 dieitur
1544 1509 1724 1544 dupliciter:
1748 1510 1796 1538 vel

1019 1555 1163 1583 universae
1177 1554 1320 1589 ccclesiae,
1336 1558 1423 1590 prout
1438 1555 1543 1582 dicitur
1557 1556 1577 1572 ²¹
1595 1564 1628 1582 z«
1641 1556 1716 1583 Deus
1734 1558 1796 1584 erat

1019 1602 1049 1629 in
1065 1601 1176 1629 Christo
1190 1601 1337 1628 mundum
1352 1601 1544 1629 reconcilians
1557 1611 1565 1635 ;
1584 1611 1598 1627 »
1621 1601 1691 1629 item
1707 1609 1795 1630 mun-

1020 1647 1076 1674 dus
1093 1647 1198 1674 dicitur
1223 1650 1370 1675 amatores
1384 1647 1499 1674 mundi.
1516 1647 1584 1674 Ideo
1603 1647 1643 1675 ait
1663 1648 1797 1683 Augusti-

1020 1701 1076 1720 nus
1088 1692 1108 1708 22
1124 1702 1150 1720 :<‹
1166 1693 1289 1721 Mundus
1304 1693 1367 1721 odit
1378 1693 1534 1727 mundum,
1548 1694 1684 1722 inimicus
1692 1702 1794 1722 recon-

1020 1740 1166 1774 ciliatum,
1186 1740 1342 1768 damnatus
1358 1740 1518 1774 salvatum,
1530 1739 1699 1775 inquinatus
1709 1748 1796 1768 mun-

1021 1786 1155 1814 datum.»
1169 1788 1233 1814 11ωο
1248 1786 1308 1814 ille.
1321 1788 1353 1814 Et
1364 1786 1432 1814 ideo
1445 1786 1577 1821 sequitur
1589 1786 1628 1821 (v.
1640 1786 1684 1822 19)
1697 1795 1704 1814 :
1721 1787 1752 1814 Si
1765 1786 1800 1814 de

1020 1833 1129 1867 mundo,
1143 1833 1252 1860 scilicet
1265 1833 1417 1866 damnato,
1429 1833 1569 1866 fuissetis,
1581 1832 1680 1868 ipsum
1690 1832 1799 1861 scilieet

1021 1879 1162 1912 amando,
1174 1880 1300 1913 mundus,
1316 1878 1426 1906 scilicet
1440 1879 1620 1914 inquinatus,
1636 1880 1707 1914 quod
1721 1887 1797 1907 suum

1022 1929 1098 1959 erat,
1121 1926 1266 1960 diligeret,
1285 1926 1395 1953 scilicet
1418 1933 1467 1959 ea,
1497 1934 1564 1960 quae
1584 1925 1650 1953 talis
1668 1926 1799 1954 mundus

1022 1973 1111 1999 amat.
1136 1972 1207 2004 Quia
1232 1980 1294 1999 vero
1322 1972 1354 1999 de
1375 1972 1474 1998 mundo
1495 1980 1548 1999 non
1568 1973 1648 2005 estis,
1677 1971 1797 2006 affectu,

1022 2019 1047 2046 et
1063 2025 1179 2051 amore,
1198 2018 1245 2045 sed
1267 2026 1312 2052 eqo
1338 2019 1405 2052 elegi
1419 2026 1479 2051 vos,
1494 2018 1602 2053 gratia,
1617 2025 1678 2045 non
1699 2018 1796 2054 operi-

1023 2064 1094 2098 bus,
1110 2067 1250 2099 propterea
1265 2064 1323 2091 odit
1343 2072 1389 2091 vos
1407 2064 1538 2098 mundus,
1556 2063 1665 2092 scilicet
1678 2063 1799 2092 damna-

1024 2114 1079 2140 tus.
1100 2114 1122 2130 ²³
1142 2113 1261 2140 «Omne
1279 2111 1388 2139 animal
1412 2112 1507 2147 diligit
1529 2112 1585 2139 sibi
1611 2111 1741 2140 simile.»
1767 2113 1800 2140 Et

1025 2158 1098 2194 quia
1111 2158 1183 2186 boni
1199 2160 1226 2185 et
1240 2157 1323 2185 electi
1347 2157 1395 2185 Dei
1418 2160 1484 2185 sunt
1503 2157 1658 2186 dissimiles
1671 2158 1798 2186 homini-

1024 2206 1081 2233 bus
1096 2204 1265 2238 mundanis,
1281 2204 1349 2231 ideo
1365 2211 1416 2232 eos
1431 2203 1536 2231 odiunt
1547 2204 1568 2220 2⁸
1584 2213 1591 2231 :
1611 2214 1624 2230 n
1639 2204 1740 2232 Gravis
1757 2205 1800 2232 est

1024 2251 1112 2279 nobis
1131 2251 1170 2279 ad
1194 2250 1377 2284 videndum,
1402 2250 1552 2278 dissimilis
1572 2253 1614 2278 est
1634 2250 1722 2278 nobis
1738 2250 1797 2278 vita

1025 2298 1102 2326 illius
1113 2318 1122 2332 ,
1137 2307 1150 2324 »
1169 2299 1222 2324 etc.

1061 2346 1104 2373 20.
1122 2346 1153 2372 Et
1166 2343 1297 2379 sequitur
1311 2342 1441 2370 secunda
1459 2349 1541 2378 11015,
1566 2342 1596 2370 10
1617 2350 1678 2378 qua
1695 2349 1797 2370 conso-

1026 2434 1058 2458 01.
1074 2438 1165 2463 xxxvi,
1180 2439 1206 2456 n.
1221 2433 1260 2456 55.
1274 2445 1305 2450 —
1322 2432 1342 2448 ¹⁸
1357 2432 1429 2463 Sup.,
1446 2438 1479 2462 Vl,
1496 2433 1535 2456 GS.
1552 2445 1583 2450 -
1597 2433 1616 2448 ¹⁷
1633 2431 1690 2462 1nf.,
1708 2432 1748 2456 20.
1766 2445 1797 2450 —

1027 2471 1046 2486 ¹⁸
1067 2469 1123 2498 lus.y
1146 2470 1184 2492 21.
1201 2481 1232 2485 -
1255 2468 1274 2484 ²⁹
1294 2467 1351 2498 Ins„
1376 2468 1415 2492 22.
1437 2481 1468 2485 —
1488 2468 1510 2485 '2¹⁰
1530 2469 1646 2497 August,
1669 2467 1694 2490 in
1716 2467 1796 2496 Joan„

1026 2506 1098 2529 tract.
1112 2508 1228 2533 Lxxxvn,
1242 2510 1267 2526 n.
1284 2504 1340 2527 ⁶2.—
1355 2504 1373 2519 ²¹
1392 2504 1409 2526 ll
1429 2505 1492 2530 Cor..
1510 2508 1532 2532 v,
1550 2504 1618 2526 11⁴.-
1632 2502 1651 2516 ²²
1666 2503 1741 2533 Aug„
1754 2502 1797 2526 ubi

1027 2548 1083 2571 sup.
1099 2546 1171 2570 prox.
1187 2551 1217 2556 -
1232 2537 1251 2554 ²⁸
1267 2538 1356 2569 Δία-ἰὴ,
1369 2544 1434 2569 xiii,
1450 2539 1487 2562 ¹9.
1503 2550 1533 2554 —
1546 2537 1567 2553 ²⁵
1581 2537 1650 2567 Sap„
1666 2543 1695 2567 11,
1714 2539 1748 2560 15.

1061 2595 1094 2624 (α)
1120 2594 1177 2623 Leq.
1202 2592 1338 2616 concurrit.
1362 2604 1392 2609 -
1418 2591 1451 2621 (b)
1482 2591 1542 2614 caet.
1571 2590 1630 2614 edit.
1660 2590 1744 2615 oculo.
1779 2603 1794 2607 -

1030 2631 1060 2662 (c)
1076 2630 1136 2654 Caet.
1151 2628 1210 2652 edic.
1227 2628 1300 2651 ructa.
1314 2639 1344 2645 —
1361 2626 1398 2656 (d)
1413 2627 1472 2650 Item
1486 2625 1538 2656 qui.
