<?xml version="1.0" encoding="UTF-8"?>
<!DOCTYPE html PUBLIC "-//W3C//DTD XHTML 1.0 Transitional//EN"
    "http://www.w3.org/TR/xhtml1/DTD/xhtml1-transitional.dtd">
<html xmlns="http://www.w3.org/1999/xhtml" xml:lang="en" lang="en">
 <head>
  <title>
</title>
<meta http-equiv="Content-Type" content="text/html;charset=utf-8" />
  <meta name='ocr-system' content='tesseract 3.04.00' />
  <meta name='ocr-capabilities' content='ocr_page ocr_carea ocr_par ocr_line ocrx_word'/>
</head>
<body>
  <div class='ocr_page' id='page_1' title='image "./operaomniasixtiv11bonauoft/operaomniasixtiv11bonauoft_0308.png"; bbox 0 0 1987 3032; ppageno 0'>
   <div class='ocr_carea' id='block_1_1' title="bbox 71 1479 160 1562">
    <p class='ocr_par' dir='ltr' id='par_1_1' title="bbox 71 1479 160 1562">
     <span class='ocr_line' id='line_1_1' title="bbox 85 1479 149 1500; baseline 0 0"><span class='ocrx_word' id='word_1_1' title='bbox 85 1479 149 1500; x_wconf 75' lang='lat' dir='ltr'>Ratio</span> 
     </span>
     <span class='ocr_line' id='line_1_2' title="bbox 71 1511 160 1537; baseline -0.011 -6"><span class='ocrx_word' id='word_1_2' title='bbox 71 1511 160 1537; x_wconf 76' lang='lat' dir='ltr'>ejectio-</span> 
     </span>
     <span class='ocr_line' id='line_1_3' title="bbox 90 1547 133 1562; baseline 0.023 -1"><span class='ocrx_word' id='word_1_3' title='bbox 90 1547 133 1562; x_wconf 70' lang='grc'><strong>[115-</strong></span> 
     </span>
    </p>
   </div>
   <div class='ocr_carea' id='block_1_2' title="bbox 195 243 254 272">
    <p class='ocr_par' dir='ltr' id='par_1_2' title="bbox 195 243 254 272">
     <span class='ocr_line' id='line_1_4' title="bbox 195 243 254 272; baseline -0.034 0"><span class='ocrx_word' id='word_1_4' title='bbox 195 243 254 272; x_wconf 76' lang='lat'>290</span> 
     </span>
    </p>
   </div>
   <div class='ocr_carea' id='block_1_3' title="bbox 179 302 963 2515">
    <p class='ocr_par' dir='ltr' id='par_1_3' title="bbox 179 302 963 2515">
     <span class='ocr_line' id='line_1_5' title="bbox 192 302 962 344; baseline -0.009 -8"><span class='ocrx_word' id='word_1_5' title='bbox 192 315 246 344; x_wconf 88' lang='lat' dir='ltr'>per</span> <span class='ocrx_word' id='word_1_6' title='bbox 272 305 346 334; x_wconf 91' lang='lat' dir='ltr'>illud</span> <span class='ocrx_word' id='word_1_7' title='bbox 366 306 489 333; x_wconf 62' lang='lat' dir='ltr'>Matthaei</span> <span class='ocrx_word' id='word_1_8' title='bbox 510 305 518 320; x_wconf 92' lang='lat'><strong>¹</strong></span> <span class='ocrx_word' id='word_1_9' title='bbox 544 313 550 331; x_wconf 76' lang='lat' dir='ltr'><em>z</em></span> <span class='ocrx_word' id='word_1_10' title='bbox 572 303 707 339; x_wconf 78' lang='lat' dir='ltr'>Ejz&#39;ciebat</span> <span class='ocrx_word' id='word_1_11' title='bbox 734 310 822 329; x_wconf 84' lang='lat' dir='ltr'>omncs</span> <span class='ocrx_word' id='word_1_12' title='bbox 848 302 962 329; x_wconf 78' lang='lat' dir='ltr'>venden-</span> 
     </span>
     <span class='ocr_line' id='line_1_6' title="bbox 192 348 963 388; baseline -0.009 -6"><span class='ocrx_word' id='word_1_13' title='bbox 192 358 246 388; x_wconf 80' lang='lat' dir='ltr'>tes,</span> <span class='ocrx_word' id='word_1_14' title='bbox 262 356 315 381; x_wconf 88' lang='lat' dir='ltr'>etc.</span> <span class='ocrx_word' id='word_1_15' title='bbox 335 363 349 378; x_wconf 83' lang='lat'>«</span> <span class='ocrx_word' id='word_1_16' title='bbox 364 354 393 381; x_wconf 90' lang='lat' dir='ltr'>ln</span> <span class='ocrx_word' id='word_1_17' title='bbox 409 352 570 388; x_wconf 86' lang='lat' dir='ltr'>porticibus</span> <span class='ocrx_word' id='word_1_18' title='bbox 593 349 710 385; x_wconf 89' lang='lat' dir='ltr'>templi,</span> <span class='ocrx_word' id='word_1_19' title='bbox 728 349 839 384; x_wconf 89' lang='lat' dir='ltr'>inquit,</span> <span class='ocrx_word' id='word_1_20' title='bbox 853 348 963 376; x_wconf 85' lang='lat' dir='ltr'>hostias</span> 
     </span>
     <span class='ocr_line' id='line_1_7' title="bbox 190 394 962 433; baseline -0.009 -5"><span class='ocrx_word' id='word_1_21' title='bbox 190 400 377 433; x_wconf 82' lang='lat' dir='ltr'><strong>vendebant,</strong></span> <span class='ocrx_word' id='word_1_22' title='bbox 402 407 437 426; x_wconf 90' lang='lat' dir='ltr'>nc</span> <span class='ocrx_word' id='word_1_23' title='bbox 460 398 610 425; x_wconf 74' lang='lat' dir='ltr'>venientes</span> <span class='ocrx_word' id='word_1_24' title='bbox 635 396 672 423; x_wconf 88' lang='lat' dir='ltr'>de</span> <span class='ocrx_word' id='word_1_25' title='bbox 695 395 860 430; x_wconf 82' lang='lat' dir='ltr'>longinquo</span> <span class='ocrx_word' id='word_1_26' title='bbox 889 394 962 421; x_wconf 86' lang='lat' dir='ltr'>nihil</span> 
     </span>
     <span class='ocr_line' id='line_1_8' title="bbox 192 442 961 480; baseline -0.009 -5"><span class='ocrx_word' id='word_1_27' title='bbox 192 447 342 480; x_wconf 71' lang='lat' dir='ltr'>offerrent,</span> <span class='ocrx_word' id='word_1_28' title='bbox 360 446 383 472; x_wconf 87' lang='lat' dir='ltr'>si</span> <span class='ocrx_word' id='word_1_29' title='bbox 398 445 505 472; x_wconf 80' lang='lat' dir='ltr'>hostias</span> <span class='ocrx_word' id='word_1_30' title='bbox 524 445 628 479; x_wconf 61' lang='lat' dir='ltr'>praesto</span> <span class='ocrx_word' id='word_1_31' title='bbox 649 451 709 470; x_wconf 87' lang='lat' dir='ltr'>non</span> <span class='ocrx_word' id='word_1_32' title='bbox 732 442 881 469; x_wconf 82' lang='lat' dir='ltr'>haberent.</span> <span class='ocrx_word' id='word_1_33' title='bbox 898 451 911 466; x_wconf 67' lang='grc' dir='ltr'><strong>η</strong></span> <span class='ocrx_word' id='word_1_34' title='bbox 931 443 961 468; x_wconf 81' lang='lat' dir='ltr'>Et</span> 
     </span>
     <span class='ocr_line' id='line_1_9' title="bbox 190 488 962 526; baseline -0.008 -5"><span class='ocrx_word' id='word_1_35' title='bbox 190 494 233 521; x_wconf 82' lang='lat' dir='ltr'>ihi</span> <span class='ocrx_word' id='word_1_36' title='bbox 247 494 322 521; x_wconf 86' lang='lat' dir='ltr'>bene</span> <span class='ocrx_word' id='word_1_37' title='bbox 341 493 377 519; x_wconf 89' lang='lat' dir='ltr'>de</span> <span class='ocrx_word' id='word_1_38' title='bbox 394 492 462 519; x_wconf 90' lang='lat' dir='ltr'>hoc.</span> <span class='ocrx_word' id='word_1_39' title='bbox 482 490 538 518; x_wconf 85' lang='lat' dir='ltr'>Sed</span> <span class='ocrx_word' id='word_1_40' title='bbox 560 490 697 526; x_wconf 57' lang='lat' dir='ltr'>quaeritur</span> <span class='ocrx_word' id='word_1_41' title='bbox 722 488 846 524; x_wconf 83' lang='lat' dir='ltr'>qualiter</span> <span class='ocrx_word' id='word_1_42' title='bbox 864 491 962 515; x_wconf 79' lang='lat' dir='ltr'>narrat</span> 
     </span>
     <span class='ocr_line' id='line_1_10' title="bbox 188 536 960 572; baseline -0.009 -4"><span class='ocrx_word' id='word_1_43' title='bbox 188 540 236 567; x_wconf 87' lang='lat' dir='ltr'>hic</span> <span class='ocrx_word' id='word_1_44' title='bbox 256 540 292 567; x_wconf 89' lang='lat' dir='ltr'>de</span> <span class='ocrx_word' id='word_1_45' title='bbox 316 540 369 566; x_wconf 88' lang='lat' dir='ltr'>ista</span> <span class='ocrx_word' id='word_1_46' title='bbox 384 537 538 572; x_wconf 75' lang='lat' dir='ltr'>ejectione,</span> <span class='ocrx_word' id='word_1_47' title='bbox 555 545 622 564; x_wconf 89' lang='lat' dir='ltr'>cum</span> <span class='ocrx_word' id='word_1_48' title='bbox 642 536 788 564; x_wconf 51' lang='lat' dir='ltr'>matth-„eus</span> <span class='ocrx_word' id='word_1_49' title='bbox 812 537 910 562; x_wconf 87' lang='lat' dir='ltr'>narrat</span> <span class='ocrx_word' id='word_1_50' title='bbox 925 539 960 563; x_wconf 81' lang='lat' dir='ltr'>(le</span> 
     </span>
     <span class='ocr_line' id='line_1_11' title="bbox 189 582 958 621; baseline -0.008 -7"><span class='ocrx_word' id='word_1_51' title='bbox 189 586 330 621; x_wconf 83' lang='lat' dir='ltr'>ejectione</span> <span class='ocrx_word' id='word_1_52' title='bbox 340 584 531 612; x_wconf 80' lang='lat' dir='ltr'>vendentium</span> <span class='ocrx_word' id='word_1_53' title='bbox 541 583 571 610; x_wconf 92' lang='lat' dir='ltr'>in</span> <span class='ocrx_word' id='word_1_54' title='bbox 582 583 693 618; x_wconf 90' lang='lat' dir='ltr'>templo</span> <span class='ocrx_word' id='word_1_55' title='bbox 704 584 770 610; x_wconf 88' lang='lat' dir='ltr'>ante</span> <span class='ocrx_word' id='word_1_56' title='bbox 781 582 958 618; x_wconf 76' lang='lat' dir='ltr'>passionem.</span> 
     </span>
     <span class='ocr_line' id='line_1_12' title="bbox 187 628 958 666; baseline -0.008 -6"><span class='ocrx_word' id='word_1_57' title='bbox 187 634 220 660; x_wconf 87' lang='lat' dir='ltr'>Et</span> <span class='ocrx_word' id='word_1_58' title='bbox 234 633 272 660; x_wconf 87' lang='lat' dir='ltr'>ad</span> <span class='ocrx_word' id='word_1_59' title='bbox 287 632 343 659; x_wconf 89' lang='lat' dir='ltr'>hoc</span> <span class='ocrx_word' id='word_1_60' title='bbox 357 630 516 666; x_wconf 75' lang='lat' dir='ltr'>respondet</span> <span class='ocrx_word' id='word_1_61' title='bbox 527 630 761 665; x_wconf 84' lang='lat' dir='ltr'>Chrysostomus,</span> <span class='ocrx_word' id='word_1_62' title='bbox 771 628 821 655; x_wconf 88' lang='lat' dir='ltr'>ubi</span> <span class='ocrx_word' id='word_1_63' title='bbox 831 636 919 663; x_wconf 85' lang='lat' dir='ltr'>supra</span> <span class='ocrx_word' id='word_1_64' title='bbox 930 629 938 643; x_wconf 69' lang='lat'>&#39;²</span> <span class='ocrx_word' id='word_1_65' title='bbox 952 637 958 655; x_wconf 90' lang='lat'>:</span> 
     </span>
     <span class='ocr_line' id='line_1_13' title="bbox 185 674 958 713; baseline -0.008 -7"><span class='ocrx_word' id='word_1_66' title='bbox 185 680 233 706; x_wconf 80' lang='lat' dir='ltr'>11ae</span> <span class='ocrx_word' id='word_1_67' title='bbox 266 678 421 713; x_wconf 79' lang='lat' dir='ltr'>ejectiones</span> <span class='ocrx_word' id='word_1_68' title='bbox 449 685 509 704; x_wconf 87' lang='lat' dir='ltr'>non</span> <span class='ocrx_word' id='word_1_69' title='bbox 542 677 659 703; x_wconf 83' lang='lat' dir='ltr'>suerunt</span> <span class='ocrx_word' id='word_1_70' title='bbox 687 675 850 702; x_wconf 86' lang='lat' dir='ltr'>secundum</span> <span class='ocrx_word' id='word_1_71' title='bbox 879 674 958 700; x_wconf 87' lang='lat' dir='ltr'>idem</span> 
     </span>
     <span class='ocr_line' id='line_1_14' title="bbox 184 721 958 761; baseline -0.008 -8"><span class='ocrx_word' id='word_1_72' title='bbox 184 727 318 761; x_wconf 89' lang='lat' dir='ltr'>tempus;</span> <span class='ocrx_word' id='word_1_73' title='bbox 336 724 387 752; x_wconf 88' lang='lat' dir='ltr'>scd</span> <span class='ocrx_word' id='word_1_74' title='bbox 403 725 464 751; x_wconf 77' lang='lat' dir='ltr'>haec</span> <span class='ocrx_word' id='word_1_75' title='bbox 478 723 532 750; x_wconf 86' lang='lat' dir='ltr'>t&#39;uit</span> <span class='ocrx_word' id='word_1_76' title='bbox 549 723 578 749; x_wconf 90' lang='lat' dir='ltr'>in</span> <span class='ocrx_word' id='word_1_77' title='bbox 593 722 682 750; x_wconf 88' lang='lat' dir='ltr'>initiis</span> <span class='ocrx_word' id='word_1_78' title='bbox 697 730 822 757; x_wconf 89' lang='lat' dir='ltr'>operum</span> <span class='ocrx_word' id='word_1_79' title='bbox 839 721 958 754; x_wconf 80' lang='lat' dir='ltr'>Christi,</span> 
     </span>
     <span class='ocr_line' id='line_1_15' title="bbox 185 769 957 805; baseline -0.008 -6"><span class='ocrx_word' id='word_1_80' title='bbox 185 772 236 799; x_wconf 85' lang='lat' dir='ltr'>illa</span> <span class='ocrx_word' id='word_1_81' title='bbox 258 779 327 799; x_wconf 87' lang='lat' dir='ltr'>vero</span> <span class='ocrx_word' id='word_1_82' title='bbox 347 773 413 798; x_wconf 87' lang='lat' dir='ltr'>ante</span> <span class='ocrx_word' id='word_1_83' title='bbox 439 770 617 805; x_wconf 80' lang='lat' dir='ltr'>passionem.</span> <span class='ocrx_word' id='word_1_84' title='bbox 644 780 657 795; x_wconf 83' lang='lat'>»</span> <span class='ocrx_word' id='word_1_85' title='bbox 686 771 718 796; x_wconf 85' lang='lat' dir='ltr'>Et</span> <span class='ocrx_word' id='word_1_86' title='bbox 740 769 893 795; x_wconf 79' lang='lat' dir='ltr'>enumerat</span> <span class='ocrx_word' id='word_1_87' title='bbox 909 775 957 801; x_wconf 80' lang='lat' dir='ltr'>ea,</span> 
     </span>
     <span class='ocr_line' id='line_1_16' title="bbox 185 816 958 854; baseline -0.008 -8"><span class='ocrx_word' id='word_1_88' title='bbox 185 826 250 854; x_wconf 82' lang='lat' dir='ltr'>quae</span> <span class='ocrx_word' id='word_1_89' title='bbox 268 817 482 851; x_wconf 80' lang='lat' dir='ltr'>vendebantur,</span> <span class='ocrx_word' id='word_1_90' title='bbox 507 816 615 843; x_wconf 85' lang='lat' dir='ltr'>scilicet</span> <span class='ocrx_word' id='word_1_91' title='bbox 637 816 710 842; x_wconf 74' lang='lat' dir='ltr'>boves</span> <span class='ocrx_word' id='word_1_92' title='bbox 732 817 757 842; x_wconf 80' lang='lat' dir='ltr'>et</span> <span class='ocrx_word' id='word_1_93' title='bbox 782 823 857 848; x_wconf 73' lang='lat' dir='ltr'>oves,</span> <span class='ocrx_word' id='word_1_94' title='bbox 883 821 958 849; x_wconf 86' lang='lat' dir='ltr'>quos</span> 
     </span>
     <span class='ocr_line' id='line_1_17' title="bbox 184 860 959 897; baseline -0.006 -5"><span class='ocrx_word' id='word_1_95' title='bbox 184 865 346 892; x_wconf 81' lang='lat' dir='ltr'>offerebant</span> <span class='ocrx_word' id='word_1_96' title='bbox 374 863 493 897; x_wconf 84' lang='lat' dir='ltr'>divitcs;</span> <span class='ocrx_word' id='word_1_97' title='bbox 523 863 670 896; x_wconf 74' lang='lat' dir='ltr'>columbas,</span> <span class='ocrx_word' id='word_1_98' title='bbox 698 870 771 897; x_wconf 88' lang='lat' dir='ltr'>quas</span> <span class='ocrx_word' id='word_1_99' title='bbox 795 860 959 888; x_wconf 78' lang='lat' dir='ltr'>offerebant</span> 
     </span>
     <span class='ocr_line' id='line_1_18' title="bbox 181 909 957 947; baseline -0.005 -9"><span class='ocrx_word' id='word_1_100' title='bbox 181 919 328 947; x_wconf 85' lang='lat' dir='ltr'>pauperes</span> <span class='ocrx_word' id='word_1_101' title='bbox 353 909 518 937; x_wconf 85' lang='lat' dir='ltr'>seeundum</span> <span class='ocrx_word' id='word_1_102' title='bbox 537 909 634 943; x_wconf 79' lang='lat' dir='ltr'>legem</span> <span class='ocrx_word' id='word_1_103' title='bbox 651 910 677 943; x_wconf 53' lang='grc' dir='ltr'>ὃς</span> <span class='ocrx_word' id='word_1_104' title='bbox 703 911 728 935; x_wconf 79' lang='lat' dir='ltr'>ct</span> <span class='ocrx_word' id='word_1_105' title='bbox 748 909 957 941; x_wconf 69' lang='lat' dir='ltr'>ammantat-ios,</span> 
     </span>
     <span class='ocr_line' id='line_1_19' title="bbox 182 953 955 990; baseline -0.006 -5"><span class='ocrx_word' id='word_1_106' title='bbox 182 957 292 985; x_wconf 88' lang='lat' dir='ltr'>scilicet</span> <span class='ocrx_word' id='word_1_107' title='bbox 299 956 558 984; x_wconf 82' lang='lat' dir='ltr'>accommodantes</span> <span class='ocrx_word' id='word_1_108' title='bbox 567 955 723 990; x_wconf 87' lang='lat' dir='ltr'>pecuniam</span> <span class='ocrx_word' id='word_1_109' title='bbox 734 955 789 981; x_wconf 86' lang='lat' dir='ltr'>sub</span> <span class='ocrx_word' id='word_1_110' title='bbox 801 953 935 981; x_wconf 73' lang='lat' dir='ltr'>cautione</span> <span class='ocrx_word' id='word_1_111' title='bbox 949 962 955 980; x_wconf 87' lang='lat'>:</span> 
     </span>
     <span class='ocr_line' id='line_1_20' title="bbox 181 1001 957 1039; baseline -0.005 -8"><span class='ocrx_word' id='word_1_112' title='bbox 181 1012 250 1031; x_wconf 87' lang='lat' dir='ltr'>nam</span> <span class='ocrx_word' id='word_1_113' title='bbox 268 1002 451 1039; x_wconf 84' lang='lat' dir='ltr'>prohibitum</span> <span class='ocrx_word' id='word_1_114' title='bbox 471 1004 531 1029; x_wconf 86' lang='lat' dir='ltr'>erat</span> <span class='ocrx_word' id='word_1_115' title='bbox 555 1001 625 1029; x_wconf 84' lang='lat' dir='ltr'>darc</span> <span class='ocrx_word' id='word_1_116' title='bbox 648 1001 687 1029; x_wconf 90' lang='lat' dir='ltr'>ad</span> <span class='ocrx_word' id='word_1_117' title='bbox 703 1009 832 1028; x_wconf 84' lang='lat' dir='ltr'>usuram.</span> <span class='ocrx_word' id='word_1_118' title='bbox 849 1002 957 1028; x_wconf 81' lang='lat' dir='ltr'>Tamen</span> 
     </span>
     <span class='ocr_line' id='line_1_21' title="bbox 181 1047 957 1085; baseline -0.006 -7"><span class='ocrx_word' id='word_1_119' title='bbox 181 1051 254 1079; x_wconf 89' lang='lat' dir='ltr'>tales</span> <span class='ocrx_word' id='word_1_120' title='bbox 278 1058 370 1085; x_wconf 89' lang='lat' dir='ltr'>parva</span> <span class='ocrx_word' id='word_1_121' title='bbox 393 1049 567 1076; x_wconf 88' lang='lat' dir='ltr'>munuscula</span> <span class='ocrx_word' id='word_1_122' title='bbox 589 1047 786 1083; x_wconf 78' lang='lat' dir='ltr'>accipiebant,</span> <span class='ocrx_word' id='word_1_123' title='bbox 811 1047 877 1074; x_wconf 90' lang='lat' dir='ltr'>licet</span> <span class='ocrx_word' id='word_1_124' title='bbox 896 1054 957 1074; x_wconf 89' lang='lat' dir='ltr'>non</span> 
     </span>
     <span class='ocr_line' id='line_1_22' title="bbox 181 1095 954 1132; baseline -0.009 -6"><span class='ocrx_word' id='word_1_125' title='bbox 181 1099 366 1126; x_wconf 81' lang='lat' dir='ltr'>numeratam</span> <span class='ocrx_word' id='word_1_126' title='bbox 378 1097 544 1132; x_wconf 88' lang='lat' dir='ltr'>pecuniam,</span> <span class='ocrx_word' id='word_1_127' title='bbox 558 1095 712 1130; x_wconf 80' lang='lat' dir='ltr'>palliantes</span> <span class='ocrx_word' id='word_1_128' title='bbox 726 1102 810 1121; x_wconf 89' lang='lat' dir='ltr'>suam</span> <span class='ocrx_word' id='word_1_129' title='bbox 825 1100 954 1120; x_wconf 85' lang='lat' dir='ltr'>usuram.</span> 
     </span>
     <span class='ocr_line' id='line_1_23' title="bbox 182 1142 956 1176; baseline -0.009 -4"><span class='ocrx_word' id='word_1_130' title='bbox 182 1144 252 1172; x_wconf 88' lang='lat' dir='ltr'>Ideo</span> <span class='ocrx_word' id='word_1_131' title='bbox 269 1144 374 1171; x_wconf 88' lang='lat' dir='ltr'>dicitur</span> <span class='ocrx_word' id='word_1_132' title='bbox 389 1144 397 1159; x_wconf 53' lang='lat'>³</span> <span class='ocrx_word' id='word_1_133' title='bbox 410 1152 416 1170; x_wconf 73' lang='grc' dir='ltr'>ε</span> <span class='ocrx_word' id='word_1_134' title='bbox 441 1143 587 1171; x_wconf 68' lang='lat' dir='ltr'>Violabant</span> <span class='ocrx_word' id='word_1_135' title='bbox 602 1151 642 1168; x_wconf 77' lang='lat' dir='ltr'>me</span> <span class='ocrx_word' id='word_1_136' title='bbox 657 1142 693 1168; x_wconf 77' lang='lat' dir='ltr'>ad</span> <span class='ocrx_word' id='word_1_137' title='bbox 705 1142 835 1176; x_wconf 78' lang='lat' dir='ltr'>populum</span> <span class='ocrx_word' id='word_1_138' title='bbox 852 1148 956 1172; x_wconf 77' lang='lat' dir='ltr'>meum,</span> 
     </span>
     <span class='ocr_line' id='line_1_24' title="bbox 179 1186 955 1227; baseline -0.01 -8"><span class='ocrx_word' id='word_1_139' title='bbox 179 1194 291 1227; x_wconf 76' lang='lat' dir='ltr'>propter</span> <span class='ocrx_word' id='word_1_140' title='bbox 303 1191 438 1226; x_wconf 68' lang='lat' dir='ltr'>pupillum</span> <span class='ocrx_word' id='word_1_141' title='bbox 452 1190 561 1222; x_wconf 73' lang='lat' dir='ltr'>hordei,</span> <span class='ocrx_word' id='word_1_142' title='bbox 579 1191 604 1215; x_wconf 76' lang='lat' dir='ltr'>et</span> <span class='ocrx_word' id='word_1_143' title='bbox 623 1189 747 1222; x_wconf 64' lang='lat' dir='ltr'>fragmen</span> <span class='ocrx_word' id='word_1_144' title='bbox 760 1188 851 1221; x_wconf 78' lang='lat' dir='ltr'>panis.</span> <span class='ocrx_word' id='word_1_145' title='bbox 876 1187 907 1212; x_wconf 86' lang='lat' dir='ltr'>Et</span> <span class='ocrx_word' id='word_1_146' title='bbox 922 1186 931 1201; x_wconf 78' lang='lat'>⁵</span> <span class='ocrx_word' id='word_1_147' title='bbox 947 1195 955 1211; x_wconf 88' lang='grc'>.-</span> 
     </span>
     <span class='ocr_line' id='line_1_25' title="bbox 186 1231 957 1270; baseline -0.009 -5"><span class='ocrx_word' id='word_1_148' title='bbox 186 1240 298 1265; x_wconf 79' lang='lat' dir='ltr'>Usuram</span> <span class='ocrx_word' id='word_1_149' title='bbox 319 1240 343 1264; x_wconf 74' lang='lat' dir='ltr'>et</span> <span class='ocrx_word' id='word_1_150' title='bbox 363 1236 638 1270; x_wconf 67' lang='lat' dir='ltr'>super-abundavtiam</span> <span class='ocrx_word' id='word_1_151' title='bbox 656 1242 708 1260; x_wconf 80' lang='lat' dir='ltr'>non</span> <span class='ocrx_word' id='word_1_152' title='bbox 727 1235 852 1267; x_wconf 66' lang='lat' dir='ltr'>accipies.</span> <span class='ocrx_word' id='word_1_153' title='bbox 871 1233 903 1259; x_wconf 87' lang='lat' dir='ltr'>Et</span> <span class='ocrx_word' id='word_1_154' title='bbox 918 1231 957 1258; x_wconf 84' lang='lat' dir='ltr'>ad</span> 
     </span>
     <span class='ocr_line' id='line_1_26' title="bbox 183 1278 954 1316; baseline -0.01 -4"><span class='ocrx_word' id='word_1_155' title='bbox 183 1284 381 1312; x_wconf 81' lang='lat' dir='ltr'>ostensionem</span> <span class='ocrx_word' id='word_1_156' title='bbox 395 1282 438 1310; x_wconf 83' lang='lat' dir='ltr'>zel</span> <span class='ocrx_word' id='word_1_157' title='bbox 463 1281 563 1315; x_wconf 76' lang='lat' dir='ltr'>magni</span> <span class='ocrx_word' id='word_1_158' title='bbox 578 1280 684 1316; x_wconf 89' lang='lat' dir='ltr'>ipsius,</span> <span class='ocrx_word' id='word_1_159' title='bbox 707 1279 807 1306; x_wconf 82' lang='lat' dir='ltr'>subdit</span> <span class='ocrx_word' id='word_1_160' title='bbox 822 1284 865 1314; x_wconf 74' lang='lat' dir='ltr'>(v.</span> <span class='ocrx_word' id='word_1_161' title='bbox 882 1278 931 1313; x_wconf 70' lang='lat'>135)</span> <span class='ocrx_word' id='word_1_162' title='bbox 948 1287 954 1304; x_wconf 92' lang='lat'>:</span> 
     </span>
     <span class='ocr_line' id='line_1_27' title="bbox 183 1325 954 1363; baseline -0.009 -5"><span class='ocrx_word' id='word_1_163' title='bbox 183 1333 218 1358; x_wconf 80' lang='lat' dir='ltr'>Et</span> <span class='ocrx_word' id='word_1_164' title='bbox 234 1339 292 1357; x_wconf 87' lang='lat' dir='ltr'>cum</span> <span class='ocrx_word' id='word_1_165' title='bbox 306 1331 412 1363; x_wconf 77' lang='lat' dir='ltr'>fecisset</span> <span class='ocrx_word' id='word_1_166' title='bbox 425 1330 576 1363; x_wconf 54' lang='lat' dir='ltr'>staffilum,</span> <span class='ocrx_word' id='word_1_167' title='bbox 592 1327 631 1354; x_wconf 86' lang='lat' dir='ltr'>ad</span> <span class='ocrx_word' id='word_1_168' title='bbox 645 1326 786 1359; x_wconf 79' lang='lat' dir='ltr'>litteram,</span> <span class='ocrx_word' id='word_1_169' title='bbox 800 1325 886 1359; x_wconf 72' lang='lat' dir='ltr'>ejecit,</span> <span class='ocrx_word' id='word_1_170' title='bbox 901 1327 954 1351; x_wconf 80' lang='lat' dir='ltr'>etc.</span> 
     </span>
     <span class='ocr_line' id='line_1_28' title="bbox 184 1370 957 1412; baseline -0.012 -7"><span class='ocrx_word' id='word_1_171' title='bbox 184 1377 265 1404; x_wconf 89' lang='lat' dir='ltr'>Unde</span> <span class='ocrx_word' id='word_1_172' title='bbox 279 1375 522 1412; x_wconf 63' lang='lat' dir='ltr'>Chrysostomusss</span> <span class='ocrx_word' id='word_1_173' title='bbox 541 1383 546 1401; x_wconf 93' lang='lat'>:</span> <span class='ocrx_word' id='word_1_174' title='bbox 564 1375 627 1401; x_wconf 83' lang='lat' dir='ltr'>Non</span> <span class='ocrx_word' id='word_1_175' title='bbox 641 1373 738 1400; x_wconf 90' lang='lat' dir='ltr'>solum</span> <span class='ocrx_word' id='word_1_176' title='bbox 753 1371 851 1399; x_wconf 73' lang='lat' dir='ltr'>verbis</span> <span class='ocrx_word' id='word_1_177' title='bbox 867 1373 894 1398; x_wconf 84' lang='lat' dir='ltr'>et</span> <span class='ocrx_word' id='word_1_178' title='bbox 914 1370 957 1397; x_wconf 89' lang='lat' dir='ltr'>in-</span> 
     </span>
     <span class='ocr_line' id='line_1_29' title="bbox 186 1418 957 1459; baseline -0.012 -7"><span class='ocrx_word' id='word_1_179' title='bbox 186 1423 404 1459; x_wconf 82' lang='lat' dir='ltr'>crepationibus</span> <span class='ocrx_word' id='word_1_180' title='bbox 419 1422 584 1452; x_wconf 85' lang='lat' dir='ltr'>contentus,</span> <span class='ocrx_word' id='word_1_181' title='bbox 603 1420 655 1447; x_wconf 85' lang='lat' dir='ltr'>sed</span> <span class='ocrx_word' id='word_1_182' title='bbox 672 1418 822 1453; x_wconf 79' lang='lat' dir='ltr'>flagellum</span> <span class='ocrx_word' id='word_1_183' title='bbox 833 1418 957 1451; x_wconf 83' lang='lat' dir='ltr'>faciens,</span> 
     </span>
     <span class='ocr_line' id='line_1_30' title="bbox 186 1464 956 1506; baseline -0.01 -8"><span class='ocrx_word' id='word_1_184' title='bbox 186 1471 270 1506; x_wconf 86' lang='lat' dir='ltr'>ejecit</span> <span class='ocrx_word' id='word_1_185' title='bbox 283 1478 343 1497; x_wconf 86' lang='lat' dir='ltr'>eos.</span> <span class='ocrx_word' id='word_1_186' title='bbox 359 1480 372 1494; x_wconf 83' lang='lat'>»</span> <span class='ocrx_word' id='word_1_187' title='bbox 399 1470 431 1496; x_wconf 88' lang='lat' dir='ltr'>Et</span> <span class='ocrx_word' id='word_1_188' title='bbox 452 1467 587 1494; x_wconf 86' lang='lat' dir='ltr'>subditur</span> <span class='ocrx_word' id='word_1_189' title='bbox 611 1467 684 1494; x_wconf 79' lang='lat' dir='ltr'>ratio</span> <span class='ocrx_word' id='word_1_190' title='bbox 706 1466 793 1499; x_wconf 83' lang='lat' dir='ltr'>hujus</span> <span class='ocrx_word' id='word_1_191' title='bbox 807 1464 956 1499; x_wconf 84' lang='lat' dir='ltr'>ejectionis</span> 
     </span>
     <span class='ocr_line' id='line_1_31' title="bbox 183 1509 957 1552; baseline -0.01 -8"><span class='ocrx_word' id='word_1_192' title='bbox 183 1517 226 1544; x_wconf 90' lang='lat' dir='ltr'>ibi</span> <span class='ocrx_word' id='word_1_193' title='bbox 245 1517 283 1552; x_wconf 83' lang='lat' dir='ltr'>(V.</span> <span class='ocrx_word' id='word_1_194' title='bbox 311 1516 352 1549; x_wconf 73' lang='lat'>16)</span> <span class='ocrx_word' id='word_1_195' title='bbox 374 1524 380 1541; x_wconf 90' lang='lat'>:</span> <span class='ocrx_word' id='word_1_196' title='bbox 406 1515 518 1547; x_wconf 71' lang='lat' dir='ltr'>Auferte</span> <span class='ocrx_word' id='word_1_197' title='bbox 538 1514 591 1539; x_wconf 73' lang='lat' dir='ltr'>ista</span> <span class='ocrx_word' id='word_1_198' title='bbox 609 1513 687 1545; x_wconf 59' lang='lat' dir='ltr'>hinc,</span> <span class='ocrx_word' id='word_1_199' title='bbox 716 1513 782 1544; x_wconf 63' lang='lat' dir='ltr'>etc„</span> <span class='ocrx_word' id='word_1_200' title='bbox 805 1510 836 1537; x_wconf 89' lang='lat' dir='ltr'>id</span> <span class='ocrx_word' id='word_1_201' title='bbox 852 1512 893 1537; x_wconf 91' lang='lat' dir='ltr'>est</span> <span class='ocrx_word' id='word_1_202' title='bbox 920 1509 957 1536; x_wconf 86' lang='lat' dir='ltr'>de</span> 
     </span>
     <span class='ocr_line' id='line_1_32' title="bbox 184 1555 957 1592; baseline -0.012 -2"><span class='ocrx_word' id='word_1_203' title='bbox 184 1564 244 1590; x_wconf 87' lang='lat' dir='ltr'>tam</span> <span class='ocrx_word' id='word_1_204' title='bbox 256 1570 339 1589; x_wconf 84' lang='lat' dir='ltr'>sacro</span> <span class='ocrx_word' id='word_1_205' title='bbox 354 1561 431 1588; x_wconf 89' lang='lat' dir='ltr'>loco.</span> <span class='ocrx_word' id='word_1_206' title='bbox 452 1561 485 1587; x_wconf 82' lang='grc' dir='ltr'>Ει</span> <span class='ocrx_word' id='word_1_207' title='bbox 503 1561 585 1586; x_wconf 76' lang='lat' dir='ltr'>nolite</span> <span class='ocrx_word' id='word_1_208' title='bbox 597 1561 686 1592; x_wconf 74' lang='lat' dir='ltr'>facere</span> <span class='ocrx_word' id='word_1_209' title='bbox 701 1558 822 1591; x_wconf 74' lang='lat' dir='ltr'>domam,</span> <span class='ocrx_word' id='word_1_210' title='bbox 843 1559 910 1590; x_wconf 86' lang='lat' dir='ltr'>etc.,</span> <span class='ocrx_word' id='word_1_211' title='bbox 926 1555 957 1582; x_wconf 88' lang='lat' dir='ltr'>id</span> 
     </span>
     <span class='ocr_line' id='line_1_33' title="bbox 184 1604 958 1643; baseline -0.01 -7"><span class='ocrx_word' id='word_1_212' title='bbox 184 1611 227 1636; x_wconf 87' lang='lat' dir='ltr'>est</span> <span class='ocrx_word' id='word_1_213' title='bbox 252 1608 396 1643; x_wconf 87' lang='lat' dir='ltr'>templum</span> <span class='ocrx_word' id='word_1_214' title='bbox 417 1606 506 1634; x_wconf 91' lang='lat' dir='ltr'>cultui</span> <span class='ocrx_word' id='word_1_215' title='bbox 530 1605 631 1632; x_wconf 90' lang='lat' dir='ltr'>divino</span> <span class='ocrx_word' id='word_1_216' title='bbox 654 1604 877 1639; x_wconf 81' lang='lat' dir='ltr'>mancipatum:</span> <span class='ocrx_word' id='word_1_217' title='bbox 907 1604 958 1628; x_wconf 70' lang='lat'><em>11¹0-</em></span> 
     </span>
     <span class='ocr_line' id='line_1_34' title="bbox 183 1648 958 1689; baseline -0.012 -6"><span class='ocrx_word' id='word_1_218' title='bbox 183 1664 255 1682; x_wconf 84' lang='lat' dir='ltr'>mum</span> <span class='ocrx_word' id='word_1_219' title='bbox 276 1655 483 1689; x_wconf 73' lang='lat' dir='ltr'>71e90tz&#39;atc&#39;07zis,</span> <span class='ocrx_word' id='word_1_220' title='bbox 498 1651 656 1679; x_wconf 82' lang='lat' dir='ltr'>vendendo</span> <span class='ocrx_word' id='word_1_221' title='bbox 676 1653 703 1678; x_wconf 87' lang='lat' dir='ltr'>et</span> <span class='ocrx_word' id='word_1_222' title='bbox 724 1649 867 1683; x_wconf 88' lang='lat' dir='ltr'>emendo,</span> <span class='ocrx_word' id='word_1_223' title='bbox 883 1648 958 1675; x_wconf 86' lang='lat' dir='ltr'>sicut</span> 
     </span>
     <span class='ocr_line' id='line_1_35' title="bbox 182 1696 958 1737; baseline -0.01 -8"><span class='ocrx_word' id='word_1_224' title='bbox 182 1701 238 1737; x_wconf 88' lang='lat' dir='ltr'>ipsi</span> <span class='ocrx_word' id='word_1_225' title='bbox 259 1701 415 1728; x_wconf 79' lang='lat' dir='ltr'>faciebant.</span> <span class='ocrx_word' id='word_1_226' title='bbox 431 1699 488 1727; x_wconf 82' lang='lat' dir='ltr'>Sed</span> <span class='ocrx_word' id='word_1_227' title='bbox 507 1698 657 1734; x_wconf 64' lang='lat' dir='ltr'>quaeritur,</span> <span class='ocrx_word' id='word_1_228' title='bbox 672 1706 707 1724; x_wconf 79' lang='lat' dir='ltr'>ex</span> <span class='ocrx_word' id='word_1_229' title='bbox 729 1704 788 1732; x_wconf 88' lang='lat' dir='ltr'>quo</span> <span class='ocrx_word' id='word_1_230' title='bbox 813 1703 873 1722; x_wconf 90' lang='lat' dir='ltr'>non</span> <span class='ocrx_word' id='word_1_231' title='bbox 897 1696 958 1722; x_wconf 82' lang='lat' dir='ltr'>erat</span> 
     </span>
     <span class='ocr_line' id='line_1_36' title="bbox 183 1741 957 1782; baseline -0.01 -7"><span class='ocrx_word' id='word_1_232' title='bbox 183 1756 325 1782; x_wconf 83' lang='lat' dir='ltr'>magnum</span> <span class='ocrx_word' id='word_1_233' title='bbox 347 1748 509 1782; x_wconf 86' lang='lat' dir='ltr'>peccatum,</span> <span class='ocrx_word' id='word_1_234' title='bbox 528 1745 551 1771; x_wconf 88' lang='lat' dir='ltr'>si</span> <span class='ocrx_word' id='word_1_235' title='bbox 578 1743 747 1771; x_wconf 82' lang='lat' dir='ltr'>vendebant</span> <span class='ocrx_word' id='word_1_236' title='bbox 772 1742 803 1769; x_wconf 89' lang='lat' dir='ltr'>in</span> <span class='ocrx_word' id='word_1_237' title='bbox 830 1741 957 1776; x_wconf 88' lang='lat' dir='ltr'>templo,</span> 
     </span>
     <span class='ocr_line' id='line_1_37' title="bbox 185 1788 956 1830; baseline -0.012 -8"><span class='ocrx_word' id='word_1_238' title='bbox 185 1794 267 1830; x_wconf 90' lang='lat' dir='ltr'>quod</span> <span class='ocrx_word' id='word_1_239' title='bbox 283 1794 435 1821; x_wconf 85' lang='lat' dir='ltr'>emebatur</span> <span class='ocrx_word' id='word_1_240' title='bbox 452 1794 482 1819; x_wconf 93' lang='lat' dir='ltr'>ut</span> <span class='ocrx_word' id='word_1_241' title='bbox 493 1791 657 1824; x_wconf 81' lang='lat' dir='ltr'>offerretur,</span> <span class='ocrx_word' id='word_1_242' title='bbox 669 1797 760 1825; x_wconf 83' lang='lat' dir='ltr'>quare</span> <span class='ocrx_word' id='word_1_243' title='bbox 776 1788 853 1823; x_wconf 79' lang='lat' dir='ltr'>ejicit</span> <span class='ocrx_word' id='word_1_244' title='bbox 867 1788 956 1814; x_wconf 73' lang='lat' dir='ltr'>istos?</span> 
     </span>
     <span class='ocr_line' id='line_1_38' title="bbox 183 1834 957 1874; baseline -0.012 -5"><span class='ocrx_word' id='word_1_245' title='bbox 183 1834 957 1874; x_wconf 79' lang='lat' dir='ltr'>ltemvendebantquaeopushabebanthominesinsa-</span> 
     </span>
     <span class='ocr_line' id='line_1_39' title="bbox 185 1884 957 1921; baseline -0.01 -6"><span class='ocrx_word' id='word_1_246' title='bbox 185 1888 300 1915; x_wconf 88' lang='lat' dir='ltr'>erificiis</span> <span class='ocrx_word' id='word_1_247' title='bbox 310 1885 450 1921; x_wconf 87' lang='lat' dir='ltr'>temporis</span> <span class='ocrx_word' id='word_1_248' title='bbox 463 1894 468 1912; x_wconf 94' lang='lat'>:</span> <span class='ocrx_word' id='word_1_249' title='bbox 479 1887 506 1912; x_wconf 86' lang='lat' dir='ltr'>et</span> <span class='ocrx_word' id='word_1_250' title='bbox 521 1895 532 1909; x_wconf 87' lang='lat'>«</span> <span class='ocrx_word' id='word_1_251' title='bbox 541 1892 605 1919; x_wconf 67' lang='lat' dir='ltr'>quse</span> <span class='ocrx_word' id='word_1_252' title='bbox 612 1884 733 1910; x_wconf 85' lang='lat' dir='ltr'>honeste</span> <span class='ocrx_word' id='word_1_253' title='bbox 741 1884 888 1915; x_wconf 86' lang='lat' dir='ltr'>emuntur,</span> <span class='ocrx_word' id='word_1_254' title='bbox 897 1888 957 1907; x_wconf 91' lang='lat' dir='ltr'>non</span> 
     </span>
     <span class='ocr_line' id='line_1_40' title="bbox 185 1928 957 1966; baseline -0.01 -5"><span class='ocrx_word' id='word_1_255' title='bbox 185 1934 284 1961; x_wconf 85' lang='lat' dir='ltr'>illicite</span> <span class='ocrx_word' id='word_1_256' title='bbox 294 1932 472 1965; x_wconf 87' lang='lat' dir='ltr'>venduntur,</span> <span class='ocrx_word' id='word_1_257' title='bbox 483 1941 496 1956; x_wconf 87' lang='lat'>»</span> <span class='ocrx_word' id='word_1_258' title='bbox 510 1932 542 1957; x_wconf 92' lang='lat' dir='ltr'>ut</span> <span class='ocrx_word' id='word_1_259' title='bbox 557 1931 594 1966; x_wconf 80' lang='lat' dir='ltr'>(a)</span> <span class='ocrx_word' id='word_1_260' title='bbox 608 1929 647 1956; x_wconf 86' lang='lat' dir='ltr'>ait</span> <span class='ocrx_word' id='word_1_261' title='bbox 661 1928 873 1962; x_wconf 78' lang='lat' dir='ltr'>Augustinus7:</span> <span class='ocrx_word' id='word_1_262' title='bbox 887 1935 957 1961; x_wconf 81' lang='lat' dir='ltr'>ergo</span> 
     </span>
     <span class='ocr_line' id='line_1_41' title="bbox 185 1973 957 2015; baseline -0.01 -8"><span class='ocrx_word' id='word_1_263' title='bbox 185 1982 217 2008; x_wconf 90' lang='lat' dir='ltr'>ut</span> <span class='ocrx_word' id='word_1_264' title='bbox 225 1979 316 2015; x_wconf 84' lang='lat' dir='ltr'>prius.</span> <span class='ocrx_word' id='word_1_265' title='bbox 330 1981 361 2006; x_wconf 85' lang='lat' dir='ltr'>Et</span> <span class='ocrx_word' id='word_1_266' title='bbox 371 1978 410 2005; x_wconf 89' lang='lat' dir='ltr'>ad</span> <span class='ocrx_word' id='word_1_267' title='bbox 419 1977 497 2005; x_wconf 89' lang='lat' dir='ltr'>istud</span> <span class='ocrx_word' id='word_1_268' title='bbox 507 1976 666 2012; x_wconf 84' lang='lat' dir='ltr'>respondet</span> <span class='ocrx_word' id='word_1_269' title='bbox 675 1974 864 2009; x_wconf 80' lang='lat' dir='ltr'>Augustinus,</span> <span class='ocrx_word' id='word_1_270' title='bbox 874 1973 957 2008; x_wconf 84' lang='lat' dir='ltr'>quod</span> 
     </span>
     <span class='ocr_line' id='line_1_42' title="bbox 186 2018 958 2059; baseline -0.01 -6"><span class='ocrx_word' id='word_1_271' title='bbox 186 2026 225 2053; x_wconf 91' lang='lat' dir='ltr'>ad</span> <span class='ocrx_word' id='word_1_272' title='bbox 238 2026 295 2052; x_wconf 87' lang='lat' dir='ltr'>hoc</span> <span class='ocrx_word' id='word_1_273' title='bbox 308 2025 405 2059; x_wconf 84' lang='lat' dir='ltr'>figura</span> <span class='ocrx_word' id='word_1_274' title='bbox 418 2026 479 2051; x_wconf 84' lang='lat' dir='ltr'>erat</span> <span class='ocrx_word' id='word_1_275' title='bbox 492 2023 577 2050; x_wconf 89' lang='lat' dir='ltr'>illud.</span> <span class='ocrx_word' id='word_1_276' title='bbox 594 2022 663 2049; x_wconf 89' lang='lat' dir='ltr'>Inde</span> <span class='ocrx_word' id='word_1_277' title='bbox 675 2021 754 2048; x_wconf 90' lang='lat' dir='ltr'>enim</span> <span class='ocrx_word' id='word_1_278' title='bbox 765 2020 848 2054; x_wconf 88' lang='lat' dir='ltr'>ejecit</span> <span class='ocrx_word' id='word_1_279' title='bbox 863 2018 958 2046; x_wconf 90' lang='lat' dir='ltr'>Domi-</span> 
     </span>
     <span class='ocr_line' id='line_1_43' title="bbox 186 2067 959 2106; baseline -0.01 -7"><span class='ocrx_word' id='word_1_280' title='bbox 186 2079 242 2099; x_wconf 87' lang='lat' dir='ltr'>nus</span> <span class='ocrx_word' id='word_1_281' title='bbox 255 2079 372 2104; x_wconf 90' lang='lat' dir='ltr'>omnes,</span> <span class='ocrx_word' id='word_1_282' title='bbox 389 2070 440 2106; x_wconf 87' lang='lat' dir='ltr'>qui</span> <span class='ocrx_word' id='word_1_283' title='bbox 450 2077 503 2096; x_wconf 89' lang='lat' dir='ltr'>sua</span> <span class='ocrx_word' id='word_1_284' title='bbox 518 2068 699 2104; x_wconf 74' lang='lat' dir='ltr'>quaerebant.</span> <span class='ocrx_word' id='word_1_285' title='bbox 715 2067 784 2095; x_wconf 88' lang='lat' dir='ltr'>Ideo</span> <span class='ocrx_word' id='word_1_286' title='bbox 799 2078 812 2092; x_wconf 85' lang='lat'>«</span> <span class='ocrx_word' id='word_1_287' title='bbox 822 2074 882 2093; x_wconf 89' lang='lat' dir='ltr'>non</span> <span class='ocrx_word' id='word_1_288' title='bbox 894 2074 959 2101; x_wconf 88' lang='lat' dir='ltr'>pas-</span> 
     </span>
     <span class='ocr_line' id='line_1_44' title="bbox 187 2111 958 2146; baseline -0.009 -1"><span class='ocrx_word' id='word_1_289' title='bbox 187 2126 236 2145; x_wconf 89' lang='lat' dir='ltr'>sus</span> <span class='ocrx_word' id='word_1_290' title='bbox 255 2119 297 2145; x_wconf 89' lang='lat' dir='ltr'>est</span> <span class='ocrx_word' id='word_1_291' title='bbox 311 2117 435 2144; x_wconf 88' lang='lat' dir='ltr'>domum</span> <span class='ocrx_word' id='word_1_292' title='bbox 450 2115 589 2143; x_wconf 75' lang='lat' dir='ltr'>orationis</span> <span class='ocrx_word' id='word_1_293' title='bbox 608 2114 671 2141; x_wconf 82' lang='lat' dir='ltr'>fieri</span> <span class='ocrx_word' id='word_1_294' title='bbox 689 2114 812 2140; x_wconf 89' lang='lat' dir='ltr'>domum</span> <span class='ocrx_word' id='word_1_295' title='bbox 828 2111 958 2146; x_wconf 83' lang='lat' dir='ltr'>negotia-</span> 
     </span>
     <span class='ocr_line' id='line_1_45' title="bbox 186 2158 959 2197; baseline -0.009 -5"><span class='ocrx_word' id='word_1_296' title='bbox 186 2165 273 2192; x_wconf 87' lang='lat' dir='ltr'>tionis</span> <span class='ocrx_word' id='word_1_297' title='bbox 295 2173 301 2190; x_wconf 85' lang='lat'>:</span> <span class='ocrx_word' id='word_1_298' title='bbox 326 2166 353 2191; x_wconf 87' lang='lat' dir='ltr'>et</span> <span class='ocrx_word' id='word_1_299' title='bbox 379 2163 403 2191; x_wconf 90' lang='lat' dir='ltr'>si</span> <span class='ocrx_word' id='word_1_300' title='bbox 424 2161 629 2197; x_wconf 80' lang='lat' dir='ltr'>negotiationis</span> <span class='ocrx_word' id='word_1_301' title='bbox 651 2160 758 2187; x_wconf 87' lang='lat' dir='ltr'>domus</span> <span class='ocrx_word' id='word_1_302' title='bbox 782 2167 843 2187; x_wconf 92' lang='lat' dir='ltr'>non</span> <span class='ocrx_word' id='word_1_303' title='bbox 870 2158 959 2185; x_wconf 88' lang='lat' dir='ltr'>debet</span> 
     </span>
     <span class='ocr_line' id='line_1_46' title="bbox 187 2205 959 2244; baseline -0.009 -6"><span class='ocrx_word' id='word_1_304' title='bbox 187 2210 251 2238; x_wconf 87' lang='lat' dir='ltr'>fieri</span> <span class='ocrx_word' id='word_1_305' title='bbox 266 2210 373 2238; x_wconf 89' lang='lat' dir='ltr'>domus</span> <span class='ocrx_word' id='word_1_306' title='bbox 387 2209 449 2243; x_wconf 88' lang='lat' dir='ltr'>Dei,</span> <span class='ocrx_word' id='word_1_307' title='bbox 464 2207 624 2244; x_wconf 86' lang='lat' dir='ltr'>potationis</span> <span class='ocrx_word' id='word_1_308' title='bbox 640 2207 728 2234; x_wconf 86' lang='lat' dir='ltr'>dehet</span> <span class='ocrx_word' id='word_1_309' title='bbox 741 2206 804 2233; x_wconf 85' lang='lat' dir='ltr'>ficri</span> <span class='ocrx_word' id='word_1_310' title='bbox 814 2207 828 2232; x_wconf 64' lang='lat' dir='ltr'>‘l</span> <span class='ocrx_word' id='word_1_311' title='bbox 842 2216 855 2232; x_wconf 91' lang='lat'>»</span> <span class='ocrx_word' id='word_1_312' title='bbox 875 2205 959 2240; x_wconf 83' lang='lat' dir='ltr'>quasi</span> 
     </span>
     <span class='ocr_line' id='line_1_47' title="bbox 190 2252 958 2288; baseline -0.008 -4"><span class='ocrx_word' id='word_1_313' title='bbox 190 2257 284 2284; x_wconf 88' lang='lat' dir='ltr'>dicat:</span> <span class='ocrx_word' id='word_1_314' title='bbox 300 2258 372 2284; x_wconf 90' lang='lat' dir='ltr'>Non.</span> <span class='ocrx_word' id='word_1_315' title='bbox 392 2266 405 2281; x_wconf 87' lang='lat'>«</span> <span class='ocrx_word' id='word_1_316' title='bbox 420 2255 495 2288; x_wconf 85' lang='lat' dir='ltr'>Quid</span> <span class='ocrx_word' id='word_1_317' title='bbox 510 2262 579 2288; x_wconf 77' lang='lat' dir='ltr'>ergo</span> <span class='ocrx_word' id='word_1_318' title='bbox 594 2253 716 2287; x_wconf 86' lang='lat' dir='ltr'>faceret,</span> <span class='ocrx_word' id='word_1_319' title='bbox 731 2253 755 2279; x_wconf 91' lang='lat' dir='ltr'>si</span> <span class='ocrx_word' id='word_1_320' title='bbox 769 2252 901 2279; x_wconf 86' lang='lat' dir='ltr'>ebriosos</span> <span class='ocrx_word' id='word_1_321' title='bbox 916 2252 958 2278; x_wconf 87' lang='lat' dir='ltr'>ibi</span> 
     </span>
     <span class='ocr_line' id='line_1_48' title="bbox 189 2298 959 2334; baseline -0.008 -4"><span class='ocrx_word' id='word_1_322' title='bbox 189 2303 355 2330; x_wconf 75' lang='lat' dir='ltr'>inveniret?</span> <span class='ocrx_word' id='word_1_323' title='bbox 379 2312 391 2328; x_wconf 88' lang='lat'>»</span> <span class='ocrx_word' id='word_1_324' title='bbox 423 2303 485 2328; x_wconf 79' lang='lat' dir='ltr'>llaec</span> <span class='ocrx_word' id='word_1_325' title='bbox 510 2300 696 2334; x_wconf 66' lang='lat' dir='ltr'>Augustinus</span> <span class='ocrx_word' id='word_1_326' title='bbox 724 2300 795 2326; x_wconf 88' lang='lat' dir='ltr'>Item</span> <span class='ocrx_word' id='word_1_327' title='bbox 820 2298 959 2334; x_wconf 77' lang='lat' dir='ltr'>quaeritur</span> 
     </span>
     <span class='ocr_line' id='line_1_49' title="bbox 186 2344 959 2383; baseline -0.008 -7"><span class='ocrx_word' id='word_1_328' title='bbox 186 2349 270 2383; x_wconf 76' lang='lat' dir='ltr'>juxta</span> <span class='ocrx_word' id='word_1_329' title='bbox 283 2348 525 2383; x_wconf 79' lang='lat' dir='ltr'>chrysostomum</span> <span class='ocrx_word' id='word_1_330' title='bbox 534 2347 554 2380; x_wconf 62' lang='grc' dir='ltr'>Β,</span> <span class='ocrx_word' id='word_1_331' title='bbox 571 2354 661 2381; x_wconf 89' lang='lat' dir='ltr'>quare</span> <span class='ocrx_word' id='word_1_332' title='bbox 679 2345 720 2372; x_wconf 83' lang='lat' dir='ltr'>sic</span> <span class='ocrx_word' id='word_1_333' title='bbox 734 2345 804 2372; x_wconf 85' lang='lat' dir='ltr'>istos</span> <span class='ocrx_word' id='word_1_334' title='bbox 819 2344 915 2379; x_wconf 85' lang='lat' dir='ltr'>ejecit,</span> <span class='ocrx_word' id='word_1_335' title='bbox 932 2346 959 2371; x_wconf 86' lang='lat' dir='ltr'>et</span> 
     </span>
     <span class='ocr_line' id='line_1_50' title="bbox 189 2390 958 2431; baseline -0.009 -8"><span class='ocrx_word' id='word_1_336' title='bbox 189 2403 280 2431; x_wconf 80' lang='lat' dir='ltr'>quare</span> <span class='ocrx_word' id='word_1_337' title='bbox 298 2403 364 2422; x_wconf 90' lang='lat' dir='ltr'>cum</span> <span class='ocrx_word' id='word_1_338' title='bbox 379 2396 458 2421; x_wconf 87' lang='lat' dir='ltr'>tanto</span> <span class='ocrx_word' id='word_1_339' title='bbox 474 2395 595 2426; x_wconf 86' lang='lat' dir='ltr'>conatu,</span> <span class='ocrx_word' id='word_1_340' title='bbox 617 2391 700 2427; x_wconf 90' lang='lat' dir='ltr'>quod</span> <span class='ocrx_word' id='word_1_341' title='bbox 722 2391 789 2418; x_wconf 79' lang='lat' dir='ltr'>fecit</span> <span class='ocrx_word' id='word_1_342' title='bbox 806 2390 958 2425; x_wconf 84' lang='lat' dir='ltr'>flagellum</span> 
     </span>
     <span class='ocr_line' id='line_1_51' title="bbox 189 2436 958 2475; baseline -0.007 -7"><span class='ocrx_word' id='word_1_343' title='bbox 189 2441 227 2469; x_wconf 88' lang='lat' dir='ltr'>ad</span> <span class='ocrx_word' id='word_1_344' title='bbox 242 2440 439 2475; x_wconf 70' lang='lat' dir='ltr'>ejiciendum?</span> <span class='ocrx_word' id='word_1_345' title='bbox 454 2439 498 2466; x_wconf 81' lang='lat' dir='ltr'>Ad</span> <span class='ocrx_word' id='word_1_346' title='bbox 513 2439 569 2466; x_wconf 87' lang='lat' dir='ltr'>hoc</span> <span class='ocrx_word' id='word_1_347' title='bbox 580 2437 755 2474; x_wconf 84' lang='lat' dir='ltr'>respondet,</span> <span class='ocrx_word' id='word_1_348' title='bbox 771 2436 854 2472; x_wconf 88' lang='lat' dir='ltr'>quod</span> <span class='ocrx_word' id='word_1_349' title='bbox 866 2446 879 2461; x_wconf 69' lang='grc' dir='ltr'>ι(</span> <span class='ocrx_word' id='word_1_350' title='bbox 889 2436 958 2471; x_wconf 77' lang='lat' dir='ltr'>quia</span> 
     </span>
     <span class='ocr_line' id='line_1_52' title="bbox 189 2482 956 2515; baseline -0.008 -1"><span class='ocrx_word' id='word_1_351' title='bbox 189 2487 318 2515; x_wconf 84' lang='lat' dir='ltr'>debebat</span> <span class='ocrx_word' id='word_1_352' title='bbox 332 2486 362 2513; x_wconf 89' lang='lat' dir='ltr'>in</span> <span class='ocrx_word' id='word_1_353' title='bbox 375 2486 499 2513; x_wconf 82' lang='lat' dir='ltr'>sabbato</span> <span class='ocrx_word' id='word_1_354' title='bbox 511 2493 612 2512; x_wconf 85' lang='lat' dir='ltr'>curare</span> <span class='ocrx_word' id='word_1_355' title='bbox 627 2486 654 2512; x_wconf 87' lang='lat' dir='ltr'>et</span> <span class='ocrx_word' id='word_1_356' title='bbox 668 2483 760 2511; x_wconf 88' lang='lat' dir='ltr'>multa</span> <span class='ocrx_word' id='word_1_357' title='bbox 774 2482 834 2510; x_wconf 82' lang='lat' dir='ltr'>alia</span> <span class='ocrx_word' id='word_1_358' title='bbox 847 2482 956 2514; x_wconf 78' lang='lat' dir='ltr'>iacere,</span> 
     </span>
    </p>
   </div>
   <div class='ocr_carea' id='block_1_4' title="bbox 187 2568 957 2671">
    <p class='ocr_par' dir='ltr' id='par_1_4' title="bbox 187 2568 957 2671">
     <span class='ocr_line' id='line_1_53' title="bbox 221 2568 957 2599; baseline -0.005 -5"><span class='ocrx_word' id='word_1_359' title='bbox 221 2573 226 2585; x_wconf 94' lang='lat'>¹</span> <span class='ocrx_word' id='word_1_360' title='bbox 244 2570 343 2598; x_wconf 60' lang='lat' dir='ltr'>Malta„</span> <span class='ocrx_word' id='word_1_361' title='bbox 360 2576 415 2599; x_wconf 73' lang='lat' dir='ltr'>xxi,</span> <span class='ocrx_word' id='word_1_362' title='bbox 435 2571 471 2592; x_wconf 63' lang='lat'>¹3.</span> <span class='ocrx_word' id='word_1_363' title='bbox 487 2581 516 2585; x_wconf 84' lang='lat'><em>-</em></span> <span class='ocrx_word' id='word_1_364' title='bbox 535 2569 542 2581; x_wconf 70' lang='lat'><strong>²</strong></span> <span class='ocrx_word' id='word_1_365' title='bbox 555 2569 696 2599; x_wconf 59' lang='lat' dir='ltr'>Chrysest„</span> <span class='ocrx_word' id='word_1_366' title='bbox 712 2568 755 2591; x_wconf 85' lang='lat' dir='ltr'>ubi</span> <span class='ocrx_word' id='word_1_367' title='bbox 769 2574 836 2598; x_wconf 73' lang='lat' dir='ltr'>sup.y</span> <span class='ocrx_word' id='word_1_368' title='bbox 850 2574 875 2590; x_wconf 88' lang='lat' dir='ltr'>n.</span> <span class='ocrx_word' id='word_1_369' title='bbox 892 2568 915 2590; x_wconf 76' lang='lat'>2.</span> <span class='ocrx_word' id='word_1_370' title='bbox 927 2578 957 2583; x_wconf 92' lang='lat'>—</span> 
     </span>
     <span class='ocr_line' id='line_1_54' title="bbox 188 2601 956 2634; baseline -0.009 -4"><span class='ocrx_word' id='word_1_371' title='bbox 188 2606 198 2622; x_wconf 79' lang='lat'>²¹</span> <span class='ocrx_word' id='word_1_372' title='bbox 213 2607 301 2632; x_wconf 77' lang='lat' dir='ltr'>chct.,</span> <span class='ocrx_word' id='word_1_373' title='bbox 319 2611 344 2634; x_wconf 89' lang='lat' dir='ltr'>v,</span> <span class='ocrx_word' id='word_1_374' title='bbox 359 2606 372 2628; x_wconf 83' lang='grc'><strong>6</strong></span> <span class='ocrx_word' id='word_1_375' title='bbox 391 2607 415 2628; x_wconf 84' lang='lat' dir='ltr'>et</span> <span class='ocrx_word' id='word_1_376' title='bbox 431 2606 453 2628; x_wconf 78' lang='lat'>7.</span> <span class='ocrx_word' id='word_1_377' title='bbox 472 2617 502 2620; x_wconf 97' lang='lat'><strong>—</strong></span> <span class='ocrx_word' id='word_1_378' title='bbox 521 2604 528 2617; x_wconf 64' lang='lat'>⁴</span> <span class='ocrx_word' id='word_1_379' title='bbox 548 2604 642 2631; x_wconf 49' lang='lat' dir='ltr'>Effrlu„</span> <span class='ocrx_word' id='word_1_380' title='bbox 666 2609 728 2631; x_wconf 77' lang='lat' dir='ltr'>xm,</span> <span class='ocrx_word' id='word_1_381' title='bbox 750 2605 785 2626; x_wconf 69' lang='lat' dir='ltr'>lu.</span> <span class='ocrx_word' id='word_1_382' title='bbox 802 2615 833 2619; x_wconf 90' lang='lat'>—</span> <span class='ocrx_word' id='word_1_383' title='bbox 853 2603 863 2618; x_wconf 71' lang='lat'>⁵</span> <span class='ocrx_word' id='word_1_384' title='bbox 884 2601 956 2629; x_wconf 30' lang='lat' dir='ltr'>lbisll,</span> 
     </span>
     <span class='ocr_line' id='line_1_55' title="bbox 187 2638 956 2671; baseline -0.008 -6"><span class='ocrx_word' id='word_1_385' title='bbox 187 2647 262 2671; x_wconf 74' lang='lat' dir='ltr'>xvm,</span> <span class='ocrx_word' id='word_1_386' title='bbox 279 2642 359 2664; x_wconf 79' lang='lat'>17.--</span> <span class='ocrx_word' id='word_1_387' title='bbox 376 2641 384 2654; x_wconf 70' lang='lat'>‘³</span> <span class='ocrx_word' id='word_1_388' title='bbox 398 2639 539 2670; x_wconf 60' lang='lat' dir='ltr'>Chrysost„</span> <span class='ocrx_word' id='word_1_389' title='bbox 552 2638 594 2661; x_wconf 86' lang='lat' dir='ltr'>ubi</span> <span class='ocrx_word' id='word_1_390' title='bbox 607 2646 662 2668; x_wconf 84' lang='lat' dir='ltr'>sup.</span> <span class='ocrx_word' id='word_1_391' title='bbox 673 2651 703 2655; x_wconf 91' lang='lat'>—</span> <span class='ocrx_word' id='word_1_392' title='bbox 719 2640 726 2653; x_wconf 87' lang='lat'><em>⁷</em></span> <span class='ocrx_word' id='word_1_393' title='bbox 742 2640 816 2667; x_wconf 70' lang='lat' dir='ltr'>Aug..</span> <span class='ocrx_word' id='word_1_394' title='bbox 834 2639 860 2660; x_wconf 82' lang='lat' dir='ltr'>in</span> <span class='ocrx_word' id='word_1_395' title='bbox 875 2638 956 2666; x_wconf 56' lang='lat' dir='ltr'>domn,</span> 
     </span>
    </p>
   </div>
   <div class='ocr_carea' id='block_1_5' title="bbox 188 2672 956 2705">
    <p class='ocr_par' dir='ltr' id='par_1_5' title="bbox 188 2672 956 2705">
     <span class='ocr_line' id='line_1_56' title="bbox 188 2672 956 2705; baseline -0.007 -6"><span class='ocrx_word' id='word_1_396' title='bbox 188 2678 260 2701; x_wconf 85' lang='lat' dir='ltr'>tract.</span> <span class='ocrx_word' id='word_1_397' title='bbox 281 2681 309 2705; x_wconf 79' lang='lat' dir='ltr'>x,</span> <span class='ocrx_word' id='word_1_398' title='bbox 325 2682 350 2699; x_wconf 88' lang='lat' dir='ltr'>n.</span> <span class='ocrx_word' id='word_1_399' title='bbox 369 2676 392 2699; x_wconf 74' lang='lat'>4.</span> <span class='ocrx_word' id='word_1_400' title='bbox 412 2688 435 2692; x_wconf 90' lang='lat'>-</span> <span class='ocrx_word' id='word_1_401' title='bbox 455 2676 463 2688; x_wconf 77' lang='lat'>⁸</span> <span class='ocrx_word' id='word_1_402' title='bbox 478 2674 619 2704; x_wconf 63' lang='lat' dir='ltr'>Chrys-ost„</span> <span class='ocrx_word' id='word_1_403' title='bbox 639 2673 681 2696; x_wconf 88' lang='lat' dir='ltr'>ubi</span> <span class='ocrx_word' id='word_1_404' title='bbox 701 2680 757 2703; x_wconf 88' lang='lat' dir='ltr'>sup.</span> <span class='ocrx_word' id='word_1_405' title='bbox 778 2685 807 2690; x_wconf 93' lang='lat'>—</span> <span class='ocrx_word' id='word_1_406' title='bbox 826 2673 836 2688; x_wconf 79' lang='lat'><strong>⁹</strong></span> <span class='ocrx_word' id='word_1_407' title='bbox 855 2672 956 2700; x_wconf 63' lang='lat' dir='ltr'>illailla„</span> 
     </span>
    </p>
   </div>
   <div class='ocr_carea' id='block_1_6' title="bbox 714 232 1273 266">
    <p class='ocr_par' dir='ltr' id='par_1_6' title="bbox 714 232 1273 266">
     <span class='ocr_line' id='line_1_57' title="bbox 714 232 1273 266; baseline -0.002 0"><span class='ocrx_word' id='word_1_408' title='bbox 714 234 926 266; x_wconf 67' lang='lat' dir='ltr'><strong>EVANGELH</strong></span> <span class='ocrx_word' id='word_1_409' title='bbox 950 234 1086 266; x_wconf 82' lang='lat' dir='ltr'>SANCTI</span> <span class='ocrx_word' id='word_1_410' title='bbox 1109 232 1273 265; x_wconf 77' lang='lat' dir='ltr'>JOANNts</span> 
     </span>
    </p>
   </div>
   <div class='ocr_carea' id='block_1_7' title="bbox 1012 301 1790 2517">
    <p class='ocr_par' dir='ltr' id='par_1_7' title="bbox 1012 301 1790 2517">
     <span class='ocr_line' id='line_1_58' title="bbox 1020 301 1788 340; baseline 0.005 -11"><span class='ocrx_word' id='word_1_411' title='bbox 1020 303 1049 329; x_wconf 92' lang='lat' dir='ltr'>in</span> <span class='ocrx_word' id='word_1_412' title='bbox 1065 301 1172 338; x_wconf 81' lang='lat' dir='ltr'>quibus</span> <span class='ocrx_word' id='word_1_413' title='bbox 1188 301 1342 329; x_wconf 87' lang='lat' dir='ltr'>videbatur</span> <span class='ocrx_word' id='word_1_414' title='bbox 1352 302 1457 330; x_wconf 83' lang='lat' dir='ltr'>Judoeis</span> <span class='ocrx_word' id='word_1_415' title='bbox 1469 311 1531 331; x_wconf 87' lang='lat' dir='ltr'>esse</span> <span class='ocrx_word' id='word_1_416' title='bbox 1547 303 1621 338; x_wconf 86' lang='lat' dir='ltr'>legis</span> <span class='ocrx_word' id='word_1_417' title='bbox 1631 306 1788 340; x_wconf 81' lang='lat' dir='ltr'>transgres-</span> 
     </span>
     <span class='ocr_line' id='line_1_59' title="bbox 1019 348 1788 385; baseline 0.005 -10"><span class='ocrx_word' id='word_1_418' title='bbox 1019 349 1078 382; x_wconf 90' lang='lat' dir='ltr'>sio,</span> <span class='ocrx_word' id='word_1_419' title='bbox 1094 351 1124 376; x_wconf 93' lang='lat' dir='ltr'>ut</span> <span class='ocrx_word' id='word_1_420' title='bbox 1139 356 1199 376; x_wconf 92' lang='lat' dir='ltr'>non</span> <span class='ocrx_word' id='word_1_421' title='bbox 1214 348 1363 376; x_wconf 83' lang='lat' dir='ltr'>videretur</span> <span class='ocrx_word' id='word_1_422' title='bbox 1384 350 1443 376; x_wconf 92' lang='lat' dir='ltr'>Deo</span> <span class='ocrx_word' id='word_1_423' title='bbox 1467 350 1645 385; x_wconf 86' lang='lat' dir='ltr'>contrarius,</span> <span class='ocrx_word' id='word_1_424' title='bbox 1666 351 1734 378; x_wconf 89' lang='lat' dir='ltr'>ideo</span> <span class='ocrx_word' id='word_1_425' title='bbox 1748 351 1788 379; x_wconf 89' lang='lat' dir='ltr'>ob</span> 
     </span>
     <span class='ocr_line' id='line_1_60' title="bbox 1018 395 1789 431; baseline 0.005 -10"><span class='ocrx_word' id='word_1_426' title='bbox 1018 396 1192 431; x_wconf 80' lang='lat' dir='ltr'>suspicionis</span> <span class='ocrx_word' id='word_1_427' title='bbox 1208 395 1400 422; x_wconf 85' lang='lat' dir='ltr'>directionem</span> <span class='ocrx_word' id='word_1_428' title='bbox 1414 395 1449 431; x_wconf 80' lang='lat' dir='ltr'>(b)</span> <span class='ocrx_word' id='word_1_429' title='bbox 1468 396 1545 423; x_wconf 89' lang='lat' dir='ltr'>fecit.</span> <span class='ocrx_word' id='word_1_430' title='bbox 1561 407 1574 422; x_wconf 71' lang='grc' dir='ltr'>ι)</span> <span class='ocrx_word' id='word_1_431' title='bbox 1593 398 1656 424; x_wconf 83' lang='lat' dir='ltr'>lloec</span> <span class='ocrx_word' id='word_1_432' title='bbox 1671 397 1729 424; x_wconf 86' lang='lat' dir='ltr'>ille.</span> <span class='ocrx_word' id='word_1_433' title='bbox 1745 397 1789 425; x_wconf 75' lang='lat' dir='ltr'>Ad</span> 
     </span>
     <span class='ocr_line' id='line_1_61' title="bbox 1019 442 1789 477; baseline 0.003 -8"><span class='ocrx_word' id='word_1_434' title='bbox 1019 442 1096 469; x_wconf 82' lang='lat' dir='ltr'>aliud</span> <span class='ocrx_word' id='word_1_435' title='bbox 1112 442 1278 477; x_wconf 54' lang='lat' dir='ltr'>respondet,</span> <span class='ocrx_word' id='word_1_436' title='bbox 1301 442 1384 477; x_wconf 79' lang='lat' dir='ltr'>quod</span> <span class='ocrx_word' id='word_1_437' title='bbox 1400 442 1466 470; x_wconf 87' lang='lat' dir='ltr'>ideo</span> <span class='ocrx_word' id='word_1_438' title='bbox 1491 452 1551 471; x_wconf 87' lang='lat' dir='ltr'>non</span> <span class='ocrx_word' id='word_1_439' title='bbox 1573 447 1616 471; x_wconf 85' lang='lat' dir='ltr'>est</span> <span class='ocrx_word' id='word_1_440' title='bbox 1637 446 1789 472; x_wconf 83' lang='lat' dir='ltr'>contentus</span> 
     </span>
     <span class='ocr_line' id='line_1_62' title="bbox 1017 487 1790 521; baseline 0.004 -7"><span class='ocrx_word' id='word_1_441' title='bbox 1017 489 1219 521; x_wconf 80' lang='lat' dir='ltr'>sermonibus,</span> <span class='ocrx_word' id='word_1_442' title='bbox 1231 490 1261 515; x_wconf 91' lang='lat' dir='ltr'>ut</span> <span class='ocrx_word' id='word_1_443' title='bbox 1276 487 1410 515; x_wconf 73' lang='lat' dir='ltr'>ostendat</span> <span class='ocrx_word' id='word_1_444' title='bbox 1425 496 1455 515; x_wconf 88' lang='lat' dir='ltr'>se</span> <span class='ocrx_word' id='word_1_445' title='bbox 1466 489 1522 516; x_wconf 87' lang='lat' dir='ltr'>hoc</span> <span class='ocrx_word' id='word_1_446' title='bbox 1536 490 1630 517; x_wconf 78' lang='lat' dir='ltr'>facere</span> <span class='ocrx_word' id='word_1_447' title='bbox 1647 498 1706 518; x_wconf 91' lang='lat' dir='ltr'>non</span> <span class='ocrx_word' id='word_1_448' title='bbox 1716 490 1790 517; x_wconf 87' lang='lat' dir='ltr'>sicut</span> 
     </span>
     <span class='ocr_line' id='line_1_63' title="bbox 1016 534 1788 572; baseline 0.004 -11"><span class='ocrx_word' id='word_1_449' title='bbox 1016 534 1171 569; x_wconf 74' lang='lat' dir='ltr'>hypocrita</span> <span class='ocrx_word' id='word_1_450' title='bbox 1198 534 1244 560; x_wconf 84' lang='lat' dir='ltr'>vel</span> <span class='ocrx_word' id='word_1_451' title='bbox 1272 534 1452 569; x_wconf 82' lang='lat' dir='ltr'>hypocrisim</span> <span class='ocrx_word' id='word_1_452' title='bbox 1479 535 1621 564; x_wconf 87' lang='lat' dir='ltr'>simulans</span> <span class='ocrx_word' id='word_1_453' title='bbox 1643 546 1649 563; x_wconf 74' lang='grc' dir='ltr'><strong><em>ι</em></strong></span> <span class='ocrx_word' id='word_1_454' title='bbox 1674 545 1708 564; x_wconf 84' lang='lat' dir='ltr'>ex</span> <span class='ocrx_word' id='word_1_455' title='bbox 1728 544 1788 572; x_wconf 90' lang='lat' dir='ltr'>quo</span> 
     </span>
     <span class='ocr_line' id='line_1_64' title="bbox 1017 580 1787 617; baseline 0.005 -10"><span class='ocrx_word' id='word_1_456' title='bbox 1017 580 1095 607; x_wconf 89' lang='lat' dir='ltr'>enim</span> <span class='ocrx_word' id='word_1_457' title='bbox 1123 582 1184 607; x_wconf 83' lang='lat' dir='ltr'>erat</span> <span class='ocrx_word' id='word_1_458' title='bbox 1206 580 1299 607; x_wconf 85' lang='lat' dir='ltr'>multa</span> <span class='ocrx_word' id='word_1_459' title='bbox 1324 580 1421 616; x_wconf 87' lang='lat' dir='ltr'>plebis</span> <span class='ocrx_word' id='word_1_460' title='bbox 1447 581 1702 617; x_wconf 83' lang='lat' dir='ltr'>irrationabilitas,</span> <span class='ocrx_word' id='word_1_461' title='bbox 1727 590 1787 610; x_wconf 91' lang='lat' dir='ltr'>non</span> 
     </span>
     <span class='ocr_line' id='line_1_65' title="bbox 1016 626 1788 664; baseline 0.004 -11"><span class='ocrx_word' id='word_1_462' title='bbox 1016 629 1077 653; x_wconf 83' lang='lat' dir='ltr'>erat</span> <span class='ocrx_word' id='word_1_463' title='bbox 1091 626 1271 662; x_wconf 85' lang='lat' dir='ltr'>hypocrisim</span> <span class='ocrx_word' id='word_1_464' title='bbox 1286 626 1450 654; x_wconf 88' lang='lat' dir='ltr'>simulantis</span> <span class='ocrx_word' id='word_1_465' title='bbox 1465 627 1495 654; x_wconf 94' lang='lat' dir='ltr'>in</span> <span class='ocrx_word' id='word_1_466' title='bbox 1510 627 1641 663; x_wconf 84' lang='lat' dir='ltr'>pericula</span> <span class='ocrx_word' id='word_1_467' title='bbox 1654 637 1684 656; x_wconf 89' lang='lat' dir='ltr'>se</span> <span class='ocrx_word' id='word_1_468' title='bbox 1698 629 1788 664; x_wconf 87' lang='lat' dir='ltr'>proji-</span> 
     </span>
     <span class='ocr_line' id='line_1_66' title="bbox 1016 673 1788 709; baseline 0.004 -10"><span class='ocrx_word' id='word_1_469' title='bbox 1016 680 1095 707; x_wconf 84' lang='lat' dir='ltr'>cere,</span> <span class='ocrx_word' id='word_1_470' title='bbox 1110 673 1162 700; x_wconf 87' lang='lat' dir='ltr'>sed</span> <span class='ocrx_word' id='word_1_471' title='bbox 1179 674 1279 700; x_wconf 81' lang='lat' dir='ltr'>omnia</span> <span class='ocrx_word' id='word_1_472' title='bbox 1293 673 1352 708; x_wconf 88' lang='lat' dir='ltr'>pati</span> <span class='ocrx_word' id='word_1_473' title='bbox 1367 673 1499 707; x_wconf 81' lang='lat' dir='ltr'>eligentis</span> <span class='ocrx_word' id='word_1_474' title='bbox 1515 681 1569 709; x_wconf 92' lang='lat' dir='ltr'>pro</span> <span class='ocrx_word' id='word_1_475' title='bbox 1586 674 1667 702; x_wconf 89' lang='lat' dir='ltr'>bono</span> <span class='ocrx_word' id='word_1_476' title='bbox 1683 677 1788 702; x_wconf 87' lang='lat' dir='ltr'>ornatu</span> 
     </span>
     <span class='ocr_line' id='line_1_67' title="bbox 1016 718 1786 754; baseline 0.004 -9"><span class='ocrx_word' id='word_1_477' title='bbox 1016 718 1123 746; x_wconf 89' lang='lat' dir='ltr'>domus</span> <span class='ocrx_word' id='word_1_478' title='bbox 1143 719 1201 746; x_wconf 86' lang='lat' dir='ltr'>Dei.</span> <span class='ocrx_word' id='word_1_479' title='bbox 1219 719 1286 747; x_wconf 84' lang='lat' dir='ltr'>idco</span> <span class='ocrx_word' id='word_1_480' title='bbox 1301 727 1361 747; x_wconf 87' lang='lat' dir='ltr'>non</span> <span class='ocrx_word' id='word_1_481' title='bbox 1379 719 1452 746; x_wconf 77' lang='lat' dir='ltr'>dixit</span> <span class='ocrx_word' id='word_1_482' title='bbox 1475 721 1581 747; x_wconf 82' lang='lat' dir='ltr'>domum</span> <span class='ocrx_word' id='word_1_483' title='bbox 1596 727 1687 754; x_wconf 82' lang='lat' dir='ltr'>suam,</span> <span class='ocrx_word' id='word_1_484' title='bbox 1709 719 1761 748; x_wconf 86' lang='lat' dir='ltr'>sed</span> <span class='ocrx_word' id='word_1_485' title='bbox 1780 730 1786 748; x_wconf 95' lang='lat'><strong>:</strong></span> 
     </span>
     <span class='ocr_line' id='line_1_68' title="bbox 1015 766 1788 803; baseline 0.003 -10"><span class='ocrx_word' id='word_1_486' title='bbox 1015 766 1121 793; x_wconf 81' lang='lat' dir='ltr'>domum</span> <span class='ocrx_word' id='word_1_487' title='bbox 1137 769 1228 794; x_wconf 74' lang='lat' dir='ltr'>Patris</span> <span class='ocrx_word' id='word_1_488' title='bbox 1244 770 1304 794; x_wconf 75' lang='lat' dir='ltr'>mei.</span> <span class='ocrx_word' id='word_1_489' title='bbox 1323 768 1367 795; x_wconf 72' lang='lat' dir='ltr'>Ad</span> <span class='ocrx_word' id='word_1_490' title='bbox 1387 768 1583 795; x_wconf 80' lang='lat' dir='ltr'>ostensionem</span> <span class='ocrx_word' id='word_1_491' title='bbox 1603 776 1688 803; x_wconf 77' lang='lat' dir='ltr'>ergo,</span> <span class='ocrx_word' id='word_1_492' title='bbox 1705 767 1788 803; x_wconf 85' lang='lat' dir='ltr'>quod</span> 
     </span>
     <span class='ocr_line' id='line_1_69' title="bbox 1014 813 1789 850; baseline 0.003 -11"><span class='ocrx_word' id='word_1_493' title='bbox 1014 821 1074 840; x_wconf 90' lang='lat' dir='ltr'>non</span> <span class='ocrx_word' id='word_1_494' title='bbox 1089 813 1141 840; x_wconf 90' lang='lat' dir='ltr'>suit</span> <span class='ocrx_word' id='word_1_495' title='bbox 1155 813 1317 840; x_wconf 88' lang='lat' dir='ltr'>contrarius</span> <span class='ocrx_word' id='word_1_496' title='bbox 1333 815 1405 848; x_wconf 82' lang='lat' dir='ltr'>Deo,</span> <span class='ocrx_word' id='word_1_497' title='bbox 1419 822 1473 841; x_wconf 84' lang='lat' dir='ltr'>nec</span> <span class='ocrx_word' id='word_1_498' title='bbox 1485 814 1567 850; x_wconf 90' lang='lat' dir='ltr'>quod</span> <span class='ocrx_word' id='word_1_499' title='bbox 1583 814 1724 841; x_wconf 86' lang='lat' dir='ltr'>simulans</span> <span class='ocrx_word' id='word_1_500' title='bbox 1736 814 1789 849; x_wconf 91' lang='lat' dir='ltr'>hy-</span> 
     </span>
     <span class='ocr_line' id='line_1_70' title="bbox 1014 859 1786 896; baseline 0.001 -10"><span class='ocrx_word' id='word_1_501' title='bbox 1014 859 1172 894; x_wconf 86' lang='lat' dir='ltr'>pocrisim,</span> <span class='ocrx_word' id='word_1_502' title='bbox 1188 860 1271 894; x_wconf 86' lang='lat' dir='ltr'>ejecit</span> <span class='ocrx_word' id='word_1_503' title='bbox 1285 868 1335 887; x_wconf 90' lang='lat' dir='ltr'>eos</span> <span class='ocrx_word' id='word_1_504' title='bbox 1350 860 1386 887; x_wconf 88' lang='lat' dir='ltr'>de</span> <span class='ocrx_word' id='word_1_505' title='bbox 1398 860 1507 896; x_wconf 86' lang='lat' dir='ltr'>templo</span> <span class='ocrx_word' id='word_1_506' title='bbox 1523 860 1601 888; x_wconf 88' lang='lat' dir='ltr'>dicto</span> <span class='ocrx_word' id='word_1_507' title='bbox 1615 860 1718 888; x_wconf 88' lang='lat' dir='ltr'>modo.</span> <span class='ocrx_word' id='word_1_508' title='bbox 1730 860 1786 888; x_wconf 92' lang='lat' dir='ltr'>Sed</span> 
     </span>
     <span class='ocr_line' id='line_1_71' title="bbox 1014 906 1786 942; baseline 0.003 -10"><span class='ocrx_word' id='word_1_509' title='bbox 1014 906 1112 933; x_wconf 88' lang='lat' dir='ltr'>adhuc</span> <span class='ocrx_word' id='word_1_510' title='bbox 1128 906 1276 941; x_wconf 73' lang='lat' dir='ltr'>qiiaeritur,</span> <span class='ocrx_word' id='word_1_511' title='bbox 1302 915 1393 942; x_wconf 83' lang='lat' dir='ltr'>quare</span> <span class='ocrx_word' id='word_1_512' title='bbox 1415 906 1461 934; x_wconf 83' lang='lat' dir='ltr'>hic</span> <span class='ocrx_word' id='word_1_513' title='bbox 1479 907 1610 942; x_wconf 87' lang='lat' dir='ltr'>loquitur</span> <span class='ocrx_word' id='word_1_514' title='bbox 1634 906 1732 934; x_wconf 91' lang='lat' dir='ltr'>mitius</span> <span class='ocrx_word' id='word_1_515' title='bbox 1756 907 1786 934; x_wconf 89' lang='lat' dir='ltr'>in</span> 
     </span>
     <span class='ocr_line' id='line_1_72' title="bbox 1014 952 1784 988; baseline 0.001 -9"><span class='ocrx_word' id='word_1_516' title='bbox 1014 952 1067 980; x_wconf 89' lang='lat' dir='ltr'>ista</span> <span class='ocrx_word' id='word_1_517' title='bbox 1089 952 1245 987; x_wconf 84' lang='lat' dir='ltr'>ejectione,</span> <span class='ocrx_word' id='word_1_518' title='bbox 1265 961 1356 988; x_wconf 86' lang='lat' dir='ltr'>quam</span> <span class='ocrx_word' id='word_1_519' title='bbox 1380 953 1526 981; x_wconf 68' lang='lat' dir='ltr'>Matthfeus</span> <span class='ocrx_word' id='word_1_520' title='bbox 1542 962 1548 980; x_wconf 90' lang='lat'>:</span> <span class='ocrx_word' id='word_1_521' title='bbox 1568 953 1615 980; x_wconf 88' lang='lat' dir='ltr'>hic</span> <span class='ocrx_word' id='word_1_522' title='bbox 1631 953 1710 980; x_wconf 88' lang='lat' dir='ltr'>enim</span> <span class='ocrx_word' id='word_1_523' title='bbox 1723 953 1762 980; x_wconf 91' lang='lat' dir='ltr'>ait</span> <span class='ocrx_word' id='word_1_524' title='bbox 1778 962 1784 980; x_wconf 92' lang='lat'>:</span> 
     </span>
     <span class='ocr_line' id='line_1_73' title="bbox 1013 998 1784 1034; baseline 0.001 -9"><span class='ocrx_word' id='word_1_525' title='bbox 1013 1000 1106 1026; x_wconf 73' lang='lat' dir='ltr'>Nolite</span> <span class='ocrx_word' id='word_1_526' title='bbox 1112 1000 1200 1031; x_wconf 76' lang='lat' dir='ltr'>facere</span> <span class='ocrx_word' id='word_1_527' title='bbox 1213 999 1319 1026; x_wconf 83' lang='lat' dir='ltr'>domurn</span> <span class='ocrx_word' id='word_1_528' title='bbox 1330 1000 1530 1034; x_wconf 58' lang='lat' dir='ltr'>negotiationis.</span> <span class='ocrx_word' id='word_1_529' title='bbox 1542 999 1584 1027; x_wconf 88' lang='lat' dir='ltr'>lbi</span> <span class='ocrx_word' id='word_1_530' title='bbox 1595 1001 1693 1026; x_wconf 84' lang='lat' dir='ltr'>autem</span> <span class='ocrx_word' id='word_1_531' title='bbox 1707 999 1747 1026; x_wconf 82' lang='lat' dir='ltr'>ait</span> <span class='ocrx_word' id='word_1_532' title='bbox 1756 998 1767 1014; x_wconf 78' lang='lat'>⁹</span> <span class='ocrx_word' id='word_1_533' title='bbox 1778 1008 1784 1026; x_wconf 93' lang='lat'><strong>:</strong></span> 
     </span>
     <span class='ocr_line' id='line_1_74' title="bbox 1013 1045 1787 1080; baseline 0.001 -9"><span class='ocrx_word' id='word_1_534' title='bbox 1013 1046 1125 1072; x_wconf 74' lang='lat' dir='ltr'>Fecistis</span> <span class='ocrx_word' id='word_1_535' title='bbox 1152 1053 1208 1072; x_wconf 82' lang='lat' dir='ltr'>eam</span> <span class='ocrx_word' id='word_1_536' title='bbox 1234 1047 1385 1080; x_wconf 61' lang='lat' dir='ltr'>speluncam</span> <span class='ocrx_word' id='word_1_537' title='bbox 1409 1047 1554 1073; x_wconf 75' lang='lat' dir='ltr'>latronum.</span> <span class='ocrx_word' id='word_1_538' title='bbox 1576 1045 1619 1073; x_wconf 78' lang='lat' dir='ltr'>Ad</span> <span class='ocrx_word' id='word_1_539' title='bbox 1643 1045 1721 1072; x_wconf 87' lang='lat' dir='ltr'>istud</span> <span class='ocrx_word' id='word_1_540' title='bbox 1743 1052 1787 1072; x_wconf 86' lang='lat' dir='ltr'>re-</span> 
     </span>
     <span class='ocr_line' id='line_1_75' title="bbox 1016 1091 1784 1127; baseline -0.001 -9"><span class='ocrx_word' id='word_1_541' title='bbox 1016 1091 1143 1126; x_wconf 87' lang='lat' dir='ltr'>spondet</span> <span class='ocrx_word' id='word_1_542' title='bbox 1164 1092 1389 1126; x_wconf 83' lang='lat' dir='ltr'>Chrysostomus</span> <span class='ocrx_word' id='word_1_543' title='bbox 1405 1092 1425 1109; x_wconf 86' lang='lat'>¹⁰</span> <span class='ocrx_word' id='word_1_544' title='bbox 1440 1092 1521 1127; x_wconf 84' lang='lat' dir='ltr'>quod</span> <span class='ocrx_word' id='word_1_545' title='bbox 1537 1092 1567 1118; x_wconf 94' lang='lat' dir='ltr'>in</span> <span class='ocrx_word' id='word_1_546' title='bbox 1582 1091 1727 1127; x_wconf 86' lang='lat' dir='ltr'>principio</span> <span class='ocrx_word' id='word_1_547' title='bbox 1744 1091 1784 1118; x_wconf 86' lang='lat' dir='ltr'>si-</span> 
     </span>
     <span class='ocr_line' id='line_1_76' title="bbox 1013 1137 1786 1172; baseline 0 -8"><span class='ocrx_word' id='word_1_548' title='bbox 1013 1145 1139 1172; x_wconf 80' lang='lat' dir='ltr'>gnorum</span> <span class='ocrx_word' id='word_1_549' title='bbox 1155 1145 1215 1165; x_wconf 93' lang='lat' dir='ltr'>non</span> <span class='ocrx_word' id='word_1_550' title='bbox 1230 1138 1268 1165; x_wconf 90' lang='lat' dir='ltr'>ita</span> <span class='ocrx_word' id='word_1_551' title='bbox 1283 1139 1481 1171; x_wconf 84' lang='lat' dir='ltr'>vehementer,</span> <span class='ocrx_word' id='word_1_552' title='bbox 1493 1138 1544 1165; x_wconf 83' lang='lat' dir='ltr'>sed</span> <span class='ocrx_word' id='word_1_553' title='bbox 1559 1137 1678 1165; x_wconf 89' lang='lat' dir='ltr'>remisse</span> <span class='ocrx_word' id='word_1_554' title='bbox 1694 1138 1786 1164; x_wconf 88' lang='lat' dir='ltr'>incre-</span> 
     </span>
     <span class='ocr_line' id='line_1_77' title="bbox 1012 1183 1783 1220; baseline 0.001 -10"><span class='ocrx_word' id='word_1_555' title='bbox 1012 1184 1131 1218; x_wconf 87' lang='lat' dir='ltr'>patione</span> <span class='ocrx_word' id='word_1_556' title='bbox 1145 1184 1235 1211; x_wconf 92' lang='lat' dir='ltr'>utitur</span> <span class='ocrx_word' id='word_1_557' title='bbox 1257 1193 1262 1211; x_wconf 91' lang='lat'>:</span> <span class='ocrx_word' id='word_1_558' title='bbox 1287 1185 1354 1212; x_wconf 87' lang='lat' dir='ltr'>ideo</span> <span class='ocrx_word' id='word_1_559' title='bbox 1378 1187 1447 1212; x_wconf 85' lang='lat' dir='ltr'>tunc</span> <span class='ocrx_word' id='word_1_560' title='bbox 1467 1186 1534 1220; x_wconf 89' lang='lat' dir='ltr'>post</span> <span class='ocrx_word' id='word_1_561' title='bbox 1553 1184 1637 1218; x_wconf 80' lang='lat' dir='ltr'>signa</span> <span class='ocrx_word' id='word_1_562' title='bbox 1651 1185 1678 1211; x_wconf 89' lang='lat' dir='ltr'>et</span> <span class='ocrx_word' id='word_1_563' title='bbox 1691 1183 1783 1212; x_wconf 87' lang='lat' dir='ltr'>docu—</span> 
     </span>
     <span class='ocr_line' id='line_1_78' title="bbox 1013 1230 1783 1266; baseline 0.003 -10"><span class='ocrx_word' id='word_1_564' title='bbox 1013 1232 1111 1257; x_wconf 82' lang='lat' dir='ltr'>menta</span> <span class='ocrx_word' id='word_1_565' title='bbox 1139 1231 1233 1258; x_wconf 86' lang='lat' dir='ltr'>acrius</span> <span class='ocrx_word' id='word_1_566' title='bbox 1251 1231 1366 1258; x_wconf 85' lang='lat' dir='ltr'>locutus</span> <span class='ocrx_word' id='word_1_567' title='bbox 1394 1233 1444 1258; x_wconf 82' lang='lat' dir='ltr'>est.</span> <span class='ocrx_word' id='word_1_568' title='bbox 1470 1231 1525 1258; x_wconf 89' lang='lat' dir='ltr'>Sed</span> <span class='ocrx_word' id='word_1_569' title='bbox 1544 1230 1693 1266; x_wconf 70' lang='lat' dir='ltr'>quau-itur,</span> <span class='ocrx_word' id='word_1_570' title='bbox 1716 1238 1783 1258; x_wconf 88' lang='lat' dir='ltr'>cum</span> 
     </span>
     <span class='ocr_line' id='line_1_79' title="bbox 1013 1277 1784 1310; baseline 0 -6"><span class='ocrx_word' id='word_1_571' title='bbox 1013 1277 1110 1304; x_wconf 87' lang='lat' dir='ltr'>adhuc</span> <span class='ocrx_word' id='word_1_572' title='bbox 1125 1285 1186 1304; x_wconf 89' lang='lat' dir='ltr'>non</span> <span class='ocrx_word' id='word_1_573' title='bbox 1204 1279 1277 1304; x_wconf 88' lang='lat' dir='ltr'>esset</span> <span class='ocrx_word' id='word_1_574' title='bbox 1300 1277 1425 1304; x_wconf 89' lang='lat' dir='ltr'>multum</span> <span class='ocrx_word' id='word_1_575' title='bbox 1445 1279 1550 1310; x_wconf 84' lang='lat' dir='ltr'>notus,</span> <span class='ocrx_word' id='word_1_576' title='bbox 1570 1284 1622 1304; x_wconf 90' lang='lat' dir='ltr'>nec</span> <span class='ocrx_word' id='word_1_577' title='bbox 1638 1277 1717 1304; x_wconf 84' lang='lat' dir='ltr'>fama</span> <span class='ocrx_word' id='word_1_578' title='bbox 1731 1284 1784 1304; x_wconf 84' lang='lat' dir='ltr'>sua</span> 
     </span>
     <span class='ocr_line' id='line_1_80' title="bbox 1014 1323 1784 1359; baseline 0 -9"><span class='ocrx_word' id='word_1_579' title='bbox 1014 1323 1182 1358; x_wconf 80' lang='lat' dir='ltr'>divulgata,</span> <span class='ocrx_word' id='word_1_580' title='bbox 1207 1324 1331 1359; x_wconf 86' lang='lat' dir='ltr'>qualiter</span> <span class='ocrx_word' id='word_1_581' title='bbox 1350 1324 1545 1359; x_wconf 88' lang='lat' dir='ltr'>permiserunt</span> <span class='ocrx_word' id='word_1_582' title='bbox 1559 1331 1627 1351; x_wconf 90' lang='lat' dir='ltr'>eum</span> <span class='ocrx_word' id='word_1_583' title='bbox 1645 1323 1784 1358; x_wconf 69' lang='lat' dir='ltr'>praedicta</span> 
     </span>
     <span class='ocr_line' id='line_1_81' title="bbox 1013 1369 1787 1398; baseline 0 -2"><span class='ocrx_word' id='word_1_584' title='bbox 1013 1370 1107 1398; x_wconf 79' lang='lat' dir='ltr'>facere</span> <span class='ocrx_word' id='word_1_585' title='bbox 1132 1372 1191 1397; x_wconf 89' lang='lat' dir='ltr'>tam</span> <span class='ocrx_word' id='word_1_586' title='bbox 1212 1370 1376 1397; x_wconf 88' lang='lat' dir='ltr'>authentice</span> <span class='ocrx_word' id='word_1_587' title='bbox 1396 1370 1458 1397; x_wconf 88' lang='lat' dir='ltr'>sine</span> <span class='ocrx_word' id='word_1_588' title='bbox 1480 1369 1731 1397; x_wconf 72' lang='lat' dir='ltr'>contradictione?</span> <span class='ocrx_word' id='word_1_589' title='bbox 1754 1371 1787 1397; x_wconf 86' lang='lat' dir='ltr'>Et</span> 
     </span>
     <span class='ocr_line' id='line_1_82' title="bbox 1012 1416 1786 1452; baseline -0.001 -8"><span class='ocrx_word' id='word_1_590' title='bbox 1012 1416 1050 1444; x_wconf 84' lang='lat' dir='ltr'>ad</span> <span class='ocrx_word' id='word_1_591' title='bbox 1070 1417 1147 1444; x_wconf 75' lang='lat' dir='ltr'>istud</span> <span class='ocrx_word' id='word_1_592' title='bbox 1170 1416 1413 1452; x_wconf 89' lang='lat' dir='ltr'>respondendum</span> <span class='ocrx_word' id='word_1_593' title='bbox 1432 1416 1594 1444; x_wconf 88' lang='lat' dir='ltr'>secundum</span> <span class='ocrx_word' id='word_1_594' title='bbox 1618 1416 1786 1451; x_wconf 85' lang='lat' dir='ltr'>Magistrum</span> 
     </span>
     <span class='ocr_line' id='line_1_83' title="bbox 1012 1462 1784 1498; baseline -0.001 -9"><span class='ocrx_word' id='word_1_595' title='bbox 1012 1463 1042 1489; x_wconf 93' lang='lat' dir='ltr'>in</span> <span class='ocrx_word' id='word_1_596' title='bbox 1057 1464 1188 1490; x_wconf 68' lang='lat' dir='ltr'>Historiis</span> <span class='ocrx_word' id='word_1_597' title='bbox 1202 1471 1291 1498; x_wconf 88' lang='lat' dir='ltr'>supra</span> <span class='ocrx_word' id='word_1_598' title='bbox 1301 1464 1460 1490; x_wconf 62' lang='lat' dir='ltr'>Mattianum</span> <span class='ocrx_word' id='word_1_599' title='bbox 1473 1472 1480 1488; x_wconf 90' lang='lat'>:</span> <span class='ocrx_word' id='word_1_600' title='bbox 1499 1462 1663 1497; x_wconf 84' lang='lat' dir='ltr'>«Tradunt,</span> <span class='ocrx_word' id='word_1_601' title='bbox 1678 1462 1784 1498; x_wconf 85' lang='lat' dir='ltr'>inquit,</span> 
     </span>
     <span class='ocr_line' id='line_1_84' title="bbox 1013 1508 1785 1544; baseline -0.001 -8"><span class='ocrx_word' id='word_1_602' title='bbox 1013 1509 1151 1544; x_wconf 87' lang='lat' dir='ltr'>quidam,</span> <span class='ocrx_word' id='word_1_603' title='bbox 1167 1510 1238 1544; x_wconf 88' lang='lat' dir='ltr'>quia</span> <span class='ocrx_word' id='word_1_604' title='bbox 1255 1509 1353 1543; x_wconf 78' lang='lat' dir='ltr'>fulgor</span> <span class='ocrx_word' id='word_1_605' title='bbox 1371 1509 1507 1536; x_wconf 84' lang='lat' dir='ltr'>radiosus</span> <span class='ocrx_word' id='word_1_606' title='bbox 1525 1508 1730 1543; x_wconf 83' lang='lat' dir='ltr'>egrediebatur</span> <span class='ocrx_word' id='word_1_607' title='bbox 1750 1516 1785 1536; x_wconf 84' lang='lat' dir='ltr'>ex</span> 
     </span>
     <span class='ocr_line' id='line_1_85' title="bbox 1013 1555 1786 1591; baseline -0.003 -7"><span class='ocrx_word' id='word_1_608' title='bbox 1013 1557 1106 1584; x_wconf 88' lang='lat' dir='ltr'>oculis</span> <span class='ocrx_word' id='word_1_609' title='bbox 1130 1556 1235 1591; x_wconf 82' lang='lat' dir='ltr'>ipsius,</span> <span class='ocrx_word' id='word_1_610' title='bbox 1260 1565 1319 1591; x_wconf 85' lang='lat' dir='ltr'>quo</span> <span class='ocrx_word' id='word_1_611' title='bbox 1345 1556 1434 1583; x_wconf 88' lang='lat' dir='ltr'>territi</span> <span class='ocrx_word' id='word_1_612' title='bbox 1451 1556 1618 1583; x_wconf 88' lang='lat' dir='ltr'>sacerdotes</span> <span class='ocrx_word' id='word_1_613' title='bbox 1641 1557 1668 1583; x_wconf 90' lang='lat' dir='ltr'>et</span> <span class='ocrx_word' id='word_1_614' title='bbox 1690 1555 1786 1582; x_wconf 60' lang='lat' dir='ltr'>levitfe</span> 
     </span>
     <span class='ocr_line' id='line_1_86' title="bbox 1012 1602 1786 1639; baseline -0.001 -9"><span class='ocrx_word' id='word_1_615' title='bbox 1012 1611 1073 1632; x_wconf 90' lang='lat' dir='ltr'>non</span> <span class='ocrx_word' id='word_1_616' title='bbox 1093 1606 1226 1639; x_wconf 81' lang='lat' dir='ltr'>poterant</span> <span class='ocrx_word' id='word_1_617' title='bbox 1247 1604 1273 1631; x_wconf 88' lang='lat' dir='ltr'>ei</span> <span class='ocrx_word' id='word_1_618' title='bbox 1288 1604 1436 1638; x_wconf 82' lang='lat' dir='ltr'>resistere,</span> <span class='ocrx_word' id='word_1_619' title='bbox 1459 1605 1486 1631; x_wconf 89' lang='lat' dir='ltr'>et</span> <span class='ocrx_word' id='word_1_620' title='bbox 1505 1602 1573 1630; x_wconf 85' lang='lat' dir='ltr'>ideo</span> <span class='ocrx_word' id='word_1_621' title='bbox 1590 1602 1786 1638; x_wconf 85' lang='lat' dir='ltr'>permiserunt</span> 
     </span>
     <span class='ocr_line' id='line_1_87' title="bbox 1013 1648 1785 1685; baseline -0.003 -8"><span class='ocrx_word' id='word_1_622' title='bbox 1013 1658 1081 1677; x_wconf 88' lang='lat' dir='ltr'>eum</span> <span class='ocrx_word' id='word_1_623' title='bbox 1104 1650 1144 1677; x_wconf 86' lang='lat' dir='ltr'>sic</span> <span class='ocrx_word' id='word_1_624' title='bbox 1163 1650 1268 1677; x_wconf 78' lang='lat' dir='ltr'>facere.</span> <span class='ocrx_word' id='word_1_625' title='bbox 1285 1660 1298 1675; x_wconf 76' lang='lat' dir='ltr'>n</span> <span class='ocrx_word' id='word_1_626' title='bbox 1325 1650 1412 1677; x_wconf 82' lang='lat' dir='ltr'>Aliter</span> <span class='ocrx_word' id='word_1_627' title='bbox 1435 1649 1595 1685; x_wconf 79' lang='lat' dir='ltr'>respondet</span> <span class='ocrx_word' id='word_1_628' title='bbox 1613 1648 1785 1684; x_wconf 78' lang='lat' dir='ltr'>Chrysoslo-</span> 
     </span>
     <span class='ocr_line' id='line_1_88' title="bbox 1012 1695 1786 1731; baseline -0.003 -8"><span class='ocrx_word' id='word_1_629' title='bbox 1012 1704 1094 1730; x_wconf 80' lang='lat' dir='ltr'>mus,</span> <span class='ocrx_word' id='word_1_630' title='bbox 1115 1696 1196 1731; x_wconf 88' lang='lat' dir='ltr'>quod</span> <span class='ocrx_word' id='word_1_631' title='bbox 1210 1704 1271 1723; x_wconf 93' lang='lat' dir='ltr'>non</span> <span class='ocrx_word' id='word_1_632' title='bbox 1284 1696 1421 1723; x_wconf 82' lang='lat' dir='ltr'>resistunt</span> <span class='ocrx_word' id='word_1_633' title='bbox 1441 1704 1537 1731; x_wconf 86' lang='lat' dir='ltr'>neque</span> <span class='ocrx_word' id='word_1_634' title='bbox 1555 1697 1697 1730; x_wconf 81' lang='lat' dir='ltr'>arguunt,</span> <span class='ocrx_word' id='word_1_635' title='bbox 1713 1695 1786 1721; x_wconf 90' lang='lat' dir='ltr'>sicut</span> 
     </span>
     <span class='ocr_line' id='line_1_89' title="bbox 1012 1741 1783 1777; baseline -0.003 -8"><span class='ocrx_word' id='word_1_636' title='bbox 1012 1742 1106 1777; x_wconf 86' lang='lat' dir='ltr'>infra,</span> <span class='ocrx_word' id='word_1_637' title='bbox 1129 1742 1250 1777; x_wconf 85' lang='lat' dir='ltr'>quando</span> <span class='ocrx_word' id='word_1_638' title='bbox 1272 1742 1409 1769; x_wconf 78' lang='lat' dir='ltr'>dixerunt</span> <span class='ocrx_word' id='word_1_639' title='bbox 1430 1743 1449 1758; x_wconf 82' lang='lat'>¹¹</span> <span class='ocrx_word' id='word_1_640' title='bbox 1469 1751 1475 1769; x_wconf 88' lang='lat'>:</span> <span class='ocrx_word' id='word_1_641' title='bbox 1503 1743 1667 1768; x_wconf 61' lang='lat' dir='ltr'>Daemonium</span> <span class='ocrx_word' id='word_1_642' title='bbox 1689 1741 1783 1774; x_wconf 82' lang='lat' dir='ltr'>habes,</span> 
     </span>
     <span class='ocr_line' id='line_1_90' title="bbox 1013 1786 1784 1824; baseline -0.004 -8"><span class='ocrx_word' id='word_1_643' title='bbox 1013 1788 1084 1824; x_wconf 92' lang='lat' dir='ltr'>quia</span> <span class='ocrx_word' id='word_1_644' title='bbox 1098 1789 1233 1816; x_wconf 80' lang='lat' dir='ltr'>viderunt</span> <span class='ocrx_word' id='word_1_645' title='bbox 1248 1797 1277 1816; x_wconf 88' lang='lat' dir='ltr'>se</span> <span class='ocrx_word' id='word_1_646' title='bbox 1289 1789 1355 1823; x_wconf 85' lang='lat' dir='ltr'>jure</span> <span class='ocrx_word' id='word_1_647' title='bbox 1370 1789 1544 1823; x_wconf 88' lang='lat' dir='ltr'>increpatos.</span> <span class='ocrx_word' id='word_1_648' title='bbox 1560 1789 1592 1815; x_wconf 86' lang='lat' dir='ltr'>Et</span> <span class='ocrx_word' id='word_1_649' title='bbox 1606 1789 1637 1815; x_wconf 88' lang='lat' dir='ltr'>ut</span> <span class='ocrx_word' id='word_1_650' title='bbox 1650 1788 1729 1823; x_wconf 89' lang='lat' dir='ltr'>patet</span> <span class='ocrx_word' id='word_1_651' title='bbox 1738 1786 1784 1813; x_wconf 84' lang='lat' dir='ltr'>hic</span> 
     </span>
     <span class='ocr_line' id='line_1_91' title="bbox 1014 1833 1786 1870; baseline -0.001 -9"><span class='ocrx_word' id='word_1_652' title='bbox 1014 1834 1053 1862; x_wconf 89' lang='lat' dir='ltr'>ad</span> <span class='ocrx_word' id='word_1_653' title='bbox 1068 1835 1209 1868; x_wconf 83' lang='lat' dir='ltr'>litteram,</span> <span class='ocrx_word' id='word_1_654' title='bbox 1233 1834 1342 1870; x_wconf 82' lang='lat' dir='ltr'>templa</span> <span class='ocrx_word' id='word_1_655' title='bbox 1356 1834 1405 1862; x_wconf 88' lang='lat' dir='ltr'>Dei</span> <span class='ocrx_word' id='word_1_656' title='bbox 1423 1836 1490 1861; x_wconf 89' lang='lat' dir='ltr'>sunt</span> <span class='ocrx_word' id='word_1_657' title='bbox 1507 1833 1692 1867; x_wconf 86' lang='lat' dir='ltr'>veneranda,</span> <span class='ocrx_word' id='word_1_658' title='bbox 1707 1834 1734 1860; x_wconf 88' lang='lat' dir='ltr'>et</span> <span class='ocrx_word' id='word_1_659' title='bbox 1751 1840 1786 1860; x_wconf 84' lang='lat' dir='ltr'>ea</span> 
     </span>
     <span class='ocr_line' id='line_1_92' title="bbox 1013 1879 1784 1916; baseline -0.003 -8"><span class='ocrx_word' id='word_1_660' title='bbox 1013 1889 1079 1916; x_wconf 82' lang='lat' dir='ltr'>quae</span> <span class='ocrx_word' id='word_1_661' title='bbox 1095 1884 1160 1908; x_wconf 91' lang='lat' dir='ltr'>sunt</span> <span class='ocrx_word' id='word_1_662' title='bbox 1173 1881 1394 1915; x_wconf 83' lang='lat' dir='ltr'>negotiationis,</span> <span class='ocrx_word' id='word_1_663' title='bbox 1410 1880 1586 1915; x_wconf 76' lang='lat' dir='ltr'>voluptatis,</span> <span class='ocrx_word' id='word_1_664' title='bbox 1601 1879 1784 1915; x_wconf 85' lang='lat' dir='ltr'>cupiditatis,</span> 
     </span>
     <span class='ocr_line' id='line_1_93' title="bbox 1014 1925 1786 1962; baseline -0.003 -8"><span class='ocrx_word' id='word_1_665' title='bbox 1014 1928 1224 1961; x_wconf 87' lang='lat' dir='ltr'>contentionis,</span> <span class='ocrx_word' id='word_1_666' title='bbox 1240 1936 1275 1954; x_wconf 84' lang='lat' dir='ltr'>ex</span> <span class='ocrx_word' id='word_1_667' title='bbox 1291 1927 1332 1954; x_wconf 88' lang='lat' dir='ltr'>eis</span> <span class='ocrx_word' id='word_1_668' title='bbox 1347 1926 1500 1962; x_wconf 87' lang='lat' dir='ltr'>ejicienda.</span> <span class='ocrx_word' id='word_1_669' title='bbox 1514 1926 1594 1954; x_wconf 78' lang='lat' dir='ltr'>Unde</span> <span class='ocrx_word' id='word_1_670' title='bbox 1609 1925 1742 1960; x_wconf 82' lang='lat' dir='ltr'>Magister</span> <span class='ocrx_word' id='word_1_671' title='bbox 1755 1925 1786 1952; x_wconf 91' lang='lat' dir='ltr'>in</span> 
     </span>
     <span class='ocr_line' id='line_1_94' title="bbox 1013 1972 1785 2009; baseline -0.003 -9"><span class='ocrx_word' id='word_1_672' title='bbox 1013 1975 1135 2001; x_wconf 70' lang='lat' dir='ltr'>historiis</span> <span class='ocrx_word' id='word_1_673' title='bbox 1151 1981 1238 2009; x_wconf 88' lang='lat' dir='ltr'>super</span> <span class='ocrx_word' id='word_1_674' title='bbox 1251 1975 1423 2008; x_wconf 75' lang='lat' dir='ltr'>Mattkoeum,</span> <span class='ocrx_word' id='word_1_675' title='bbox 1438 1973 1491 2001; x_wconf 91' lang='lat' dir='ltr'>ubi</span> <span class='ocrx_word' id='word_1_676' title='bbox 1510 1981 1598 2009; x_wconf 91' lang='lat' dir='ltr'>supra</span> <span class='ocrx_word' id='word_1_677' title='bbox 1614 1982 1620 2000; x_wconf 90' lang='lat'>:</span> <span class='ocrx_word' id='word_1_678' title='bbox 1640 1982 1654 1999; x_wconf 85' lang='lat'>«</span> <span class='ocrx_word' id='word_1_679' title='bbox 1667 1972 1738 1999; x_wconf 87' lang='lat' dir='ltr'>Hinc</span> <span class='ocrx_word' id='word_1_680' title='bbox 1753 1972 1785 2008; x_wconf 89' lang='lat' dir='ltr'>(c)</span> 
     </span>
     <span class='ocr_line' id='line_1_95' title="bbox 1012 2017 1786 2055; baseline -0.004 -7"><span class='ocrx_word' id='word_1_681' title='bbox 1012 2022 1088 2048; x_wconf 86' lang='lat' dir='ltr'>recte</span> <span class='ocrx_word' id='word_1_682' title='bbox 1102 2019 1212 2047; x_wconf 84' lang='lat' dir='ltr'>faciunt</span> <span class='ocrx_word' id='word_1_683' title='bbox 1234 2020 1285 2055; x_wconf 90' lang='lat' dir='ltr'>qui</span> <span class='ocrx_word' id='word_1_684' title='bbox 1308 2028 1389 2047; x_wconf 86' lang='lat' dir='ltr'>ceras</span> <span class='ocrx_word' id='word_1_685' title='bbox 1410 2020 1498 2047; x_wconf 82' lang='lat' dir='ltr'>factas</span> <span class='ocrx_word' id='word_1_686' title='bbox 1514 2019 1544 2046; x_wconf 93' lang='lat' dir='ltr'>in</span> <span class='ocrx_word' id='word_1_687' title='bbox 1561 2019 1683 2046; x_wconf 87' lang='lat' dir='ltr'>ecclesia</span> <span class='ocrx_word' id='word_1_688' title='bbox 1695 2017 1786 2046; x_wconf 86' lang='lat' dir='ltr'>vendi</span> 
     </span>
     <span class='ocr_line' id='line_1_96' title="bbox 1013 2064 1786 2102; baseline -0.003 -8"><span class='ocrx_word' id='word_1_689' title='bbox 1013 2075 1074 2094; x_wconf 90' lang='lat' dir='ltr'>non</span> <span class='ocrx_word' id='word_1_690' title='bbox 1086 2066 1273 2102; x_wconf 86' lang='lat' dir='ltr'>permittunt,</span> <span class='ocrx_word' id='word_1_691' title='bbox 1288 2066 1361 2100; x_wconf 90' lang='lat' dir='ltr'>nisi,</span> <span class='ocrx_word' id='word_1_692' title='bbox 1381 2066 1491 2101; x_wconf 87' lang='lat' dir='ltr'>inquit,</span> <span class='ocrx_word' id='word_1_693' title='bbox 1506 2073 1561 2101; x_wconf 90' lang='lat' dir='ltr'>pro</span> <span class='ocrx_word' id='word_1_694' title='bbox 1575 2065 1716 2101; x_wconf 88' lang='lat' dir='ltr'>mysterio</span> <span class='ocrx_word' id='word_1_695' title='bbox 1729 2064 1786 2092; x_wconf 84' lang='lat' dir='ltr'>hoc</span> 
     </span>
     <span class='ocr_line' id='line_1_97' title="bbox 1012 2111 1785 2147; baseline -0.004 -7"><span class='ocrx_word' id='word_1_696' title='bbox 1012 2112 1113 2140; x_wconf 84' lang='lat' dir='ltr'>fecerit</span> <span class='ocrx_word' id='word_1_697' title='bbox 1127 2112 1277 2140; x_wconf 90' lang='lat' dir='ltr'>Dominus.</span> <span class='ocrx_word' id='word_1_698' title='bbox 1294 2123 1307 2137; x_wconf 88' lang='lat'>»</span> <span class='ocrx_word' id='word_1_699' title='bbox 1325 2114 1356 2140; x_wconf 90' lang='lat' dir='ltr'>Et</span> <span class='ocrx_word' id='word_1_700' title='bbox 1370 2112 1442 2146; x_wconf 88' lang='lat' dir='ltr'>hoc,</span> <span class='ocrx_word' id='word_1_701' title='bbox 1457 2112 1528 2147; x_wconf 83' lang='lat' dir='ltr'>quia</span> <span class='ocrx_word' id='word_1_702' title='bbox 1543 2113 1584 2139; x_wconf 89' lang='lat' dir='ltr'>est</span> <span class='ocrx_word' id='word_1_703' title='bbox 1599 2111 1705 2138; x_wconf 88' lang='lat' dir='ltr'>domus</span> <span class='ocrx_word' id='word_1_704' title='bbox 1717 2118 1785 2138; x_wconf 87' lang='lat' dir='ltr'>ora-</span> 
     </span>
     <span class='ocr_line' id='line_1_98' title="bbox 1014 2157 1787 2193; baseline -0.004 -6"><span class='ocrx_word' id='word_1_705' title='bbox 1014 2160 1110 2187; x_wconf 87' lang='lat' dir='ltr'>tionis.</span> <span class='ocrx_word' id='word_1_706' title='bbox 1126 2161 1159 2186; x_wconf 93' lang='lat' dir='ltr'>Ut</span> <span class='ocrx_word' id='word_1_707' title='bbox 1171 2159 1249 2186; x_wconf 87' lang='lat' dir='ltr'>enim</span> <span class='ocrx_word' id='word_1_708' title='bbox 1264 2159 1304 2186; x_wconf 83' lang='lat' dir='ltr'>ait</span> <span class='ocrx_word' id='word_1_709' title='bbox 1315 2159 1491 2193; x_wconf 74' lang='lat' dir='ltr'>Augustinus</span> <span class='ocrx_word' id='word_1_710' title='bbox 1504 2159 1536 2192; x_wconf 75' lang='lat'>¹²,</span> <span class='ocrx_word' id='word_1_711' title='bbox 1551 2158 1677 2193; x_wconf 85' lang='lat' dir='ltr'>loquens</span> <span class='ocrx_word' id='word_1_712' title='bbox 1691 2157 1728 2184; x_wconf 83' lang='lat' dir='ltr'>de</span> <span class='ocrx_word' id='word_1_713' title='bbox 1743 2164 1787 2184; x_wconf 82' lang='lat' dir='ltr'>ec—</span> 
     </span>
     <span class='ocr_line' id='line_1_99' title="bbox 1014 2204 1787 2240; baseline -0.004 -7"><span class='ocrx_word' id='word_1_714' title='bbox 1014 2206 1122 2240; x_wconf 87' lang='lat' dir='ltr'>clesiis,</span> <span class='ocrx_word' id='word_1_715' title='bbox 1148 2215 1161 2231; x_wconf 86' lang='lat'>«</span> <span class='ocrx_word' id='word_1_716' title='bbox 1183 2205 1257 2232; x_wconf 89' lang='lat' dir='ltr'>nihil</span> <span class='ocrx_word' id='word_1_717' title='bbox 1280 2206 1364 2240; x_wconf 89' lang='lat' dir='ltr'>turpe</span> <span class='ocrx_word' id='word_1_718' title='bbox 1390 2212 1423 2232; x_wconf 86' lang='lat' dir='ltr'>ac</span> <span class='ocrx_word' id='word_1_719' title='bbox 1450 2204 1630 2238; x_wconf 84' lang='lat' dir='ltr'>flagitiosum</span> <span class='ocrx_word' id='word_1_720' title='bbox 1653 2204 1787 2238; x_wconf 82' lang='lat' dir='ltr'>spectan-</span> 
     </span>
     <span class='ocr_line' id='line_1_100' title="bbox 1015 2249 1786 2286; baseline -0.004 -7"><span class='ocrx_word' id='word_1_721' title='bbox 1015 2252 1087 2279; x_wconf 91' lang='lat' dir='ltr'>dum</span> <span class='ocrx_word' id='word_1_722' title='bbox 1107 2253 1157 2279; x_wconf 89' lang='lat' dir='ltr'>aut</span> <span class='ocrx_word' id='word_1_723' title='bbox 1177 2250 1353 2278; x_wconf 89' lang='lat' dir='ltr'>imitandum</span> <span class='ocrx_word' id='word_1_724' title='bbox 1376 2250 1562 2286; x_wconf 85' lang='lat' dir='ltr'>proponitur,</span> <span class='ocrx_word' id='word_1_725' title='bbox 1586 2249 1638 2277; x_wconf 86' lang='lat' dir='ltr'>ubi</span> <span class='ocrx_word' id='word_1_726' title='bbox 1660 2249 1722 2276; x_wconf 80' lang='lat' dir='ltr'>veri</span> <span class='ocrx_word' id='word_1_727' title='bbox 1738 2249 1786 2276; x_wconf 80' lang='lat' dir='ltr'>Dei</span> 
     </span>
     <span class='ocr_line' id='line_1_101' title="bbox 1014 2295 1786 2333; baseline -0.005 -7"><span class='ocrx_word' id='word_1_728' title='bbox 1014 2300 1064 2326; x_wconf 83' lang='lat' dir='ltr'>aut</span> <span class='ocrx_word' id='word_1_729' title='bbox 1078 2299 1222 2333; x_wconf 63' lang='lat' dir='ltr'>praecepta</span> <span class='ocrx_word' id='word_1_730' title='bbox 1236 2297 1431 2331; x_wconf 88' lang='lat' dir='ltr'>insinuantur,</span> <span class='ocrx_word' id='word_1_731' title='bbox 1448 2298 1498 2324; x_wconf 87' lang='lat' dir='ltr'>aut</span> <span class='ocrx_word' id='word_1_732' title='bbox 1509 2295 1652 2323; x_wconf 87' lang='lat' dir='ltr'>miracula</span> <span class='ocrx_word' id='word_1_733' title='bbox 1664 2302 1786 2322; x_wconf 85' lang='lat' dir='ltr'>narran-</span> 
     </span>
     <span class='ocr_line' id='line_1_102' title="bbox 1014 2341 1787 2377; baseline -0.004 -6"><span class='ocrx_word' id='word_1_734' title='bbox 1014 2346 1070 2377; x_wconf 88' lang='lat' dir='ltr'>tur,</span> <span class='ocrx_word' id='word_1_735' title='bbox 1090 2346 1140 2372; x_wconf 86' lang='lat' dir='ltr'>aut</span> <span class='ocrx_word' id='word_1_736' title='bbox 1159 2344 1239 2371; x_wconf 91' lang='lat' dir='ltr'>dona</span> <span class='ocrx_word' id='word_1_737' title='bbox 1260 2343 1430 2377; x_wconf 85' lang='lat' dir='ltr'>laudantur,</span> <span class='ocrx_word' id='word_1_738' title='bbox 1453 2344 1503 2369; x_wconf 87' lang='lat' dir='ltr'>aut</span> <span class='ocrx_word' id='word_1_739' title='bbox 1524 2341 1669 2370; x_wconf 85' lang='lat' dir='ltr'>beneficia</span> <span class='ocrx_word' id='word_1_740' title='bbox 1689 2342 1787 2377; x_wconf 87' lang='lat' dir='ltr'>postu-</span> 
     </span>
     <span class='ocr_line' id='line_1_103' title="bbox 1013 2387 1786 2424; baseline -0.006 -6"><span class='ocrx_word' id='word_1_741' title='bbox 1013 2391 1120 2418; x_wconf 87' lang='lat' dir='ltr'>lantur.</span> <span class='ocrx_word' id='word_1_742' title='bbox 1137 2401 1150 2415; x_wconf 66' lang='grc' dir='ltr'><strong>η</strong></span> <span class='ocrx_word' id='word_1_743' title='bbox 1168 2389 1244 2423; x_wconf 82' lang='lat' dir='ltr'>Quid</span> <span class='ocrx_word' id='word_1_744' title='bbox 1257 2390 1355 2417; x_wconf 86' lang='lat' dir='ltr'>autem</span> <span class='ocrx_word' id='word_1_745' title='bbox 1369 2388 1550 2424; x_wconf 78' lang='lat' dir='ltr'>significatur</span> <span class='ocrx_word' id='word_1_746' title='bbox 1559 2396 1612 2424; x_wconf 86' lang='lat' dir='ltr'>per</span> <span class='ocrx_word' id='word_1_747' title='bbox 1625 2387 1786 2415; x_wconf 85' lang='lat' dir='ltr'>vendentes</span> 
     </span>
     <span class='ocr_line' id='line_1_104' title="bbox 1014 2432 1785 2470; baseline -0.006 -6"><span class='ocrx_word' id='word_1_748' title='bbox 1014 2438 1042 2464; x_wconf 83' lang='lat' dir='ltr'>et</span> <span class='ocrx_word' id='word_1_749' title='bbox 1057 2439 1186 2464; x_wconf 89' lang='lat' dir='ltr'>ementes</span> <span class='ocrx_word' id='word_1_750' title='bbox 1200 2436 1311 2470; x_wconf 88' lang='lat' dir='ltr'>boves,</span> <span class='ocrx_word' id='word_1_751' title='bbox 1328 2437 1356 2462; x_wconf 86' lang='lat' dir='ltr'>et</span> <span class='ocrx_word' id='word_1_752' title='bbox 1371 2435 1412 2462; x_wconf 87' lang='lat' dir='ltr'>sic</span> <span class='ocrx_word' id='word_1_753' title='bbox 1427 2435 1464 2462; x_wconf 90' lang='lat' dir='ltr'>de</span> <span class='ocrx_word' id='word_1_754' title='bbox 1478 2435 1558 2468; x_wconf 89' lang='lat' dir='ltr'>aliis,</span> <span class='ocrx_word' id='word_1_755' title='bbox 1574 2434 1750 2469; x_wconf 78' lang='lat' dir='ltr'>Augustinus</span> <span class='ocrx_word' id='word_1_756' title='bbox 1764 2432 1785 2450; x_wconf 87' lang='lat'>¹³</span> 
     </span>
     <span class='ocr_line' id='line_1_105' title="bbox 1013 2479 1784 2517; baseline -0.004 -8"><span class='ocrx_word' id='word_1_757' title='bbox 1013 2483 1150 2517; x_wconf 83' lang='lat' dir='ltr'>multum,</span> <span class='ocrx_word' id='word_1_758' title='bbox 1164 2482 1194 2509; x_wconf 90' lang='lat' dir='ltr'>in</span> <span class='ocrx_word' id='word_1_759' title='bbox 1209 2482 1310 2510; x_wconf 86' lang='lat' dir='ltr'>Glossa</span> <span class='ocrx_word' id='word_1_760' title='bbox 1326 2490 1379 2517; x_wconf 91' lang='lat' dir='ltr'>pro</span> <span class='ocrx_word' id='word_1_761' title='bbox 1394 2483 1476 2516; x_wconf 89' lang='lat' dir='ltr'>parte</span> <span class='ocrx_word' id='word_1_762' title='bbox 1493 2490 1498 2507; x_wconf 94' lang='lat'>:</span> <span class='ocrx_word' id='word_1_763' title='bbox 1519 2490 1532 2506; x_wconf 87' lang='lat'>«</span> <span class='ocrx_word' id='word_1_764' title='bbox 1546 2480 1602 2515; x_wconf 86' lang='lat' dir='ltr'>Ipsi</span> <span class='ocrx_word' id='word_1_765' title='bbox 1617 2479 1696 2506; x_wconf 89' lang='lat' dir='ltr'>enim</span> <span class='ocrx_word' id='word_1_766' title='bbox 1708 2481 1784 2513; x_wconf 82' lang='lat' dir='ltr'>sunt,</span> 
     </span>
    </p>
   </div>
   <div class='ocr_carea' id='block_1_8' title="bbox 1012 2561 1784 2700">
    <p class='ocr_par' dir='ltr' id='par_1_8' title="bbox 1012 2561 1784 2700">
     <span class='ocr_line' id='line_1_106' title="bbox 1013 2561 1784 2594; baseline -0.003 -6"><span class='ocrx_word' id='word_1_767' title='bbox 1013 2571 1071 2593; x_wconf 79' lang='lat' dir='ltr'>xxi,</span> <span class='ocrx_word' id='word_1_768' title='bbox 1090 2566 1127 2588; x_wconf 79' lang='lat'>13.</span> <span class='ocrx_word' id='word_1_769' title='bbox 1140 2578 1171 2582; x_wconf 90' lang='lat'>—</span> <span class='ocrx_word' id='word_1_770' title='bbox 1188 2565 1208 2581; x_wconf 85' lang='lat'>¹⁰</span> <span class='ocrx_word' id='word_1_771' title='bbox 1222 2564 1364 2594; x_wconf 68' lang='lat' dir='ltr'>Chrysost„</span> <span class='ocrx_word' id='word_1_772' title='bbox 1383 2562 1426 2586; x_wconf 90' lang='lat' dir='ltr'>ubi</span> <span class='ocrx_word' id='word_1_773' title='bbox 1449 2569 1506 2592; x_wconf 85' lang='lat' dir='ltr'>sup.</span> <span class='ocrx_word' id='word_1_774' title='bbox 1521 2574 1549 2578; x_wconf 98' lang='lat'><strong>—</strong></span> <span class='ocrx_word' id='word_1_775' title='bbox 1568 2562 1583 2577; x_wconf 88' lang='lat'>&#39;¹</span> <span class='ocrx_word' id='word_1_776' title='bbox 1600 2561 1657 2591; x_wconf 62' lang='lat' dir='ltr'>inf„</span> <span class='ocrx_word' id='word_1_777' title='bbox 1675 2567 1728 2591; x_wconf 77' lang='lat' dir='ltr'>vii,</span> <span class='ocrx_word' id='word_1_778' title='bbox 1745 2562 1784 2586; x_wconf 81' lang='lat'>20.</span> 
     </span>
     <span class='ocr_line' id='line_1_107' title="bbox 1012 2595 1783 2630; baseline -0.006 -6"><span class='ocrx_word' id='word_1_779' title='bbox 1012 2613 1043 2618; x_wconf 90' lang='grc'>--</span> <span class='ocrx_word' id='word_1_780' title='bbox 1057 2601 1075 2616; x_wconf 74' lang='lat'>¹²</span> <span class='ocrx_word' id='word_1_781' title='bbox 1091 2602 1165 2630; x_wconf 58' lang='lat' dir='ltr'>Aug„</span> <span class='ocrx_word' id='word_1_782' title='bbox 1180 2599 1209 2622; x_wconf 72' lang='lat' dir='ltr'>de</span> <span class='ocrx_word' id='word_1_783' title='bbox 1227 2600 1304 2623; x_wconf 80' lang='lat' dir='ltr'>Civit.</span> <span class='ocrx_word' id='word_1_784' title='bbox 1322 2599 1380 2626; x_wconf 73' lang='lat' dir='ltr'>Dei,</span> <span class='ocrx_word' id='word_1_785' title='bbox 1397 2598 1440 2620; x_wconf 85' lang='lat' dir='ltr'>lib.</span> <span class='ocrx_word' id='word_1_786' title='bbox 1458 2597 1487 2626; x_wconf 84' lang='lat'>11,</span> <span class='ocrx_word' id='word_1_787' title='bbox 1506 2604 1528 2620; x_wconf 90' lang='lat' dir='ltr'>c.</span> <span class='ocrx_word' id='word_1_788' title='bbox 1550 2601 1641 2620; x_wconf 72' lang='lat' dir='ltr'>xxviii.</span> <span class='ocrx_word' id='word_1_789' title='bbox 1654 2609 1685 2613; x_wconf 95' lang='lat'>—</span> <span class='ocrx_word' id='word_1_790' title='bbox 1699 2595 1783 2626; x_wconf 68' lang='grc' dir='ltr'>131ι1.,</span> 
     </span>
     <span class='ocr_line' id='line_1_108' title="bbox 1013 2631 1784 2663; baseline -0.005 -5"><span class='ocrx_word' id='word_1_791' title='bbox 1013 2637 1039 2659; x_wconf 80' lang='lat' dir='ltr'>in</span> <span class='ocrx_word' id='word_1_792' title='bbox 1053 2636 1133 2662; x_wconf 65' lang='lat' dir='ltr'>joan..</span> <span class='ocrx_word' id='word_1_793' title='bbox 1149 2637 1220 2658; x_wconf 79' lang='lat' dir='ltr'>tract.</span> <span class='ocrx_word' id='word_1_794' title='bbox 1237 2640 1262 2662; x_wconf 83' lang='lat' dir='ltr'>x,</span> <span class='ocrx_word' id='word_1_795' title='bbox 1278 2641 1304 2657; x_wconf 87' lang='lat' dir='ltr'>n.</span> <span class='ocrx_word' id='word_1_796' title='bbox 1320 2635 1343 2662; x_wconf 82' lang='grc'>6,</span> <span class='ocrx_word' id='word_1_797' title='bbox 1352 2632 1435 2663; x_wconf 82' lang='lat' dir='ltr'>quoad</span> <span class='ocrx_word' id='word_1_798' title='bbox 1449 2638 1593 2655; x_wconf 84' lang='lat' dir='ltr'>seusum.—</span> <span class='ocrx_word' id='word_1_799' title='bbox 1606 2631 1636 2660; x_wconf 79' lang='lat' dir='ltr'>(a)</span> <span class='ocrx_word' id='word_1_800' title='bbox 1652 2631 1712 2654; x_wconf 81' lang='lat' dir='ltr'>Coet.</span> <span class='ocrx_word' id='word_1_801' title='bbox 1724 2631 1784 2654; x_wconf 76' lang='lat' dir='ltr'>edit.</span> 
     </span>
     <span class='ocr_line' id='line_1_109' title="bbox 1012 2666 1734 2700; baseline -0.007 -6"><span class='ocrx_word' id='word_1_802' title='bbox 1012 2671 1093 2695; x_wconf 85' lang='lat' dir='ltr'>ubi.-</span> <span class='ocrx_word' id='word_1_803' title='bbox 1112 2670 1145 2700; x_wconf 75' lang='lat' dir='ltr'>(h)</span> <span class='ocrx_word' id='word_1_804' title='bbox 1165 2670 1221 2700; x_wconf 74' lang='lat' dir='ltr'>Leq.</span> <span class='ocrx_word' id='word_1_805' title='bbox 1236 2668 1468 2693; x_wconf 71' lang='lat' dir='ltr'>correctionem.-</span> <span class='ocrx_word' id='word_1_806' title='bbox 1484 2667 1513 2697; x_wconf 85' lang='lat' dir='ltr'>(c)</span> <span class='ocrx_word' id='word_1_807' title='bbox 1529 2668 1586 2690; x_wconf 62' lang='grc' dir='ltr'>αεὶ.</span> <span class='ocrx_word' id='word_1_808' title='bbox 1602 2666 1662 2690; x_wconf 74' lang='lat' dir='ltr'>edit.</span> <span class='ocrx_word' id='word_1_809' title='bbox 1679 2666 1734 2690; x_wconf 83' lang='lat' dir='ltr'>Hic.</span> 
     </span>
    </p>
   </div>
  </div>
 </body>
</html>
