1987 3032
72 1283 162 1302 Persua-

57 1313 89 1333 εἰσ
105 1319 148 1339 quo
154 1324 161 1328 -

77 1344 141 1364 modo

64 1511 163 1538 septima

63 1541 160 1568 qnaestio,

58 1573 85 1593 de
109 1573 162 1592 doc-

56 1604 115 1624 trina
125 1604 163 1623 hu-

55 1634 94 1661 jus
108 1633 164 1654 sacri

58 1667 162 1692 Evange-

179 192 238 222 248

178 255 316 284 radicatae
328 255 359 282 in
372 254 564 282 fundamento
576 251 656 280 fidei.
668 253 700 279 Et
714 250 753 278 ad
767 251 883 285 objecta
894 258 951 279 res-

178 301 391 338 pondendum,
415 300 498 335 quod
523 310 537 324 «
559 298 633 325 fides
658 297 770 331 attingit
789 296 948 332 inaccessa,

179 347 373 383 deprehendit
400 346 517 381 ignota,
546 342 769 379 comprehendit
794 342 948 377 immensa,

179 392 374 429 apprehendit
396 391 570 423 novissima,
594 399 608 416 »
630 391 662 417 ut
682 389 722 416 ait
741 390 750 406 ¹
773 388 946 416 Bernartius,

179 439 260 468 Unde
274 447 335 466 non
349 437 480 473 loquitur
494 437 597 464 beatus
612 437 710 463 Petrus
722 434 759 462 de
770 434 882 462 ratione
898 442 947 462 eo-

178 489 263 522 gente
284 486 323 514 ad
344 484 536 518 credendum,
560 483 654 519 qualis
675 482 749 510 ratio
773 483 816 510 est
837 482 866 509 in
895 482 948 509 hu-

178 533 273 561 manis
286 531 410 559 scientiis
425 530 463 558 ad
486 529 704 558 assentiendum
723 528 904 556 conclusioni
918 528 947 555 vi

179 577 449 611 demonstrationis;
465 576 517 604 sed
531 575 662 611 loquitur
679 575 716 602 de
730 574 843 602 ratione
858 573 946 609 expli-

179 626 261 652 cante
275 624 370 660 ipsam
383 623 486 656 fidem‚
503 624 529 650 et
543 630 578 649 ea
593 629 658 657 quae
669 622 736 648 sunt
750 620 898 647 credenda
911 626 948 647 ex

177 671 246 698 fide.
258 670 390 698 Pondere
405 669 484 697 enim
493 667 671 696 auctoritatis
682 669 749 694 sunt
760 666 851 702 aliqui
863 666 948 693 indu-

177 717 263 745 cendi
278 717 318 744 ad
332 715 554 744 concedendam
573 714 736 748 veritatem,
752 713 792 740 ait
805 712 815 728 ²
834 715 947 747 Augus-

176 764 263 791 tinus,
280 765 311 791 Et
330 770 383 798 per
405 762 468 789 haec
491 761 530 789 ad
551 761 643 789 aliud.
662 761 708 789 Est
729 760 804 787 ratio
827 759 946 794 duplex,

176 810 224 838 vel
243 818 279 838 ex
298 809 479 837 connexione
502 806 741 840 ratiocinationiS,
762 805 811 834 vel
831 805 948 833 eviden-

177 858 216 885 tia
232 857 267 893 (α)
283 857 326 884 rei
339 855 557 891 cognoscibilis.
574 854 669 882 Prima
685 853 790 881 dicitur
805 860 947 880 evacuare

177 904 314 931 meritum
336 902 406 930 fidei
414 912 422 937 ς
451 901 581 929 secunda
614 900 738 936 explicat
769 899 948 926 intellectum

177 949 403 977 credendorum.
424 948 504 975 Unde
526 949 567 974 est
585 945 772 982 quadruplex
792 944 944 972 certitudo.

178 997 238 1023 Una
259 997 301 1022 est
319 1002 354 1022 ex
376 993 624 1022 demonstratione
646 991 849 1025 concludente,
866 993 896 1019 ut
917 991 948 1019 in

176 1041 314 1069 humanis
329 1040 464 1068 scientiis.
476 1041 545 1067 Item
560 1039 618 1067 alia
632 1040 673 1066 est
682 1037 741 1065 fide
751 1037 946 1072 illuminante,

177 1096 242 1123 quae
262 1089 304 1115 est
322 1088 332 1104 ³
351 1087 586 1121 «argumentum
604 1092 702 1112 rerum
722 1091 782 1111 non
802 1091 948 1119 apparen-

176 1134 260 1161 tium.
276 1143 289 1159 »
306 1133 400 1161 Tertia
419 1134 460 1160 est
478 1131 655 1159 auctoritatis
675 1129 818 1165 pondere,
833 1131 866 1156 ut
884 1129 946 1156 dic-

176 1181 239 1208 tum
263 1180 315 1214 est,
332 1187 397 1214 quae
415 1180 457 1206 est
478 1179 565 1209 certa,
586 1185 653 1204 cum
672 1177 714 1204 est
736 1175 887 1203 miraculis
904 1175 948 1202 in-

177 1226 292 1260 choata,
315 1233 366 1261 spe
387 1224 505 1257 nutrita,
520 1225 660 1251 vetustate
683 1222 809 1255 firmata,
832 1221 872 1249 ait
892 1224 947 1248 Au-

176 1272 309 1307 gustinus
319 1272 337 1297 ⁶.
356 1273 426 1299 Item
436 1271 541 1305 quarta
554 1271 595 1296 est
609 1277 645 1296 ex
659 1268 849 1304 persuasione
863 1267 948 1294 indu-

177 1320 258 1346 cente
274 1326 281 1345 :
299 1325 364 1353 quae
377 1316 528 1352 persuasio
540 1315 573 1342 fit
589 1315 635 1343 vel
647 1314 861 1342 miraculorum
877 1320 947 1348 ope-

176 1364 299 1398 ratione,
319 1363 367 1391 vel
389 1362 500 1399 praemii
523 1361 729 1398 promissione,
750 1359 798 1387 vel
819 1359 947 1387 veritatis

177 1410 339 1446 exemplari
359 1409 524 1437 ostensione
543 1417 550 1436 :
572 1409 600 1435 et
617 1406 677 1434 istis
695 1405 793 1434 modis
814 1405 948 1434 doctrina

177 1457 348 1492 evangelica
361 1456 530 1483 certissima.

213 1504 341 1540 Septimo
349 1503 487 1538 quaeritur
495 1501 658 1537 specialiter
668 1500 802 1529 doctrIna
809 1500 859 1534 huj
865 1507 897 1526 us
904 1507 947 1527 sa-

178 1552 219 1579 cri
230 1550 390 1586 Evangelii,
406 1549 487 1585 quod
498 1550 540 1576 est
555 1548 591 1576 de
608 1547 757 1575 divinitate
767 1547 829 1575 Filii
839 1547 885 1574 Dei
898 1568 905 1580 ,
920 1548 948 1574 et

180 1597 371 1631 humanitate,
388 1598 419 1624 ut
434 1596 544 1623 dictum
553 1596 605 1629 est,
614 1596 641 1622 et
655 1594 817 1629 sicutpatet
828 1594 859 1620 in
868 1593 948 1628 prin-

180 1644 276 1680 cipio,
298 1651 366 1671 cum
388 1643 493 1670 dicitur
507 1651 514 1669 :
530 1643 564 1670 In
584 1642 719 1676 principio
743 1643 800 1668 erat
825 1641 945 1667 Verbum.

180 1691 248 1719 Ideo
264 1690 402 1726 quaeritur
418 1689 542 1725 qualiter
553 1687 708 1723 Apostolus
718 1695 806 1714 ausus
820 1688 862 1714 est
871 1694 948 1714 scru-

179 1737 234 1766 tari
248 1739 309 1765 tam
324 1736 480 1770 sublimia;
492 1737 525 1763 ut
538 1735 616 1762 enim
627 1734 666 1761 ait
680 1734 902 1769 Chrysostomus
915 1733 925 1749 ⁵
939 1744 945 1760 2

183 1793 196 1810 «
211 1786 301 1812 Deum
316 1791 376 1811 non
397 1784 440 1810 est
454 1781 550 1809 dicere
565 1789 662 1816 neque
675 1780 836 1815 intelligere
851 1779 947 1815 possi-

180 1831 250 1858 bile.
266 1841 280 1856 »
301 1832 333 1857 Et
347 1829 426 1857 idem
440 1827 595 1864 Dionysius
608 1828 628 1854 ⁶.
646 1826 771 1855 scrutari
785 1834 855 1861 ergo
872 1826 948 1853 divi-

180 1885 250 1905 nam
265 1877 456 1911 majestatem,
466 1874 583 1902 videtur
595 1881 704 1908 magna
715 1881 776 1900 esse
788 1880 948 1908 praesump-

180 1924 231 1952 tio.
247 1923 326 1951 Unde
341 1922 565 1957 chrysostomus
578 1920 696 1956 quaerit⁷
709 1928 715 1946 :
730 1919 830 1952 «Quid
841 1918 949 1954 quaeris

180 1977 241 1997 non
270 1968 499 2004 cognoscibilia?
520 1967 594 2003 quid
617 1966 752 1995 scrutaris
780 1966 947 2001 incompre-

179 2016 335 2044 hensibilia
352 2016 366 2042 ‘2
390 2015 463 2051 quid
499 2014 656 2049 investigas
679 2013 918 2048 investigabilia?
932 2022 946 2038 »

181 2065 256 2098 Ergo
272 2063 303 2089 ut
316 2062 407 2097 prius.
423 2062 494 2089 Item
508 2062 518 2077 Β
532 2070 538 2088 1
556 2070 569 2086 «
583 2062 780 2088 Perscrutator
800 2060 830 2094 (b)
847 2059 950 2093 majes-

180 2110 246 2138 tatis
268 2109 450 2145 opprimetur
474 2116 491 2135 a
514 2108 642 2142 gloria.»
658 2108 689 2134 Et
711 2107 721 2123 ⁹
746 2115 752 2133 :
777 2107 838 2133 «Ne
856 2107 948 2133 trans—

182 2156 325 2192 grediaris
349 2156 490 2183 terminos
514 2154 670 2189 antiquos,
692 2161 765 2188 quos
788 2153 950 2187 posuerunt

180 2204 278 2238 patres
298 2202 380 2236 tui.»
407 2201 463 2229 Sed
483 2200 584 2228 nullus
603 2200 726 2227 fratrum
750 2199 780 2234 (c)
800 2206 888 2226 ausus
908 2200 951 2225 est

183 2249 340 2276 ascendere
363 2248 403 2276 ad
419 2247 592 2275 scrutinium
611 2245 769 2280 majestatis
785 2254 792 2272 ;
809 2253 900 2280 quare
919 2247 951 2273 ut

182 2295 276 2331 prius.
292 2297 361 2323 Item
376 2295 414 2322 ¹0:
430 2303 443 2319 «
457 2294 566 2322 Altiora
580 2294 606 2320 te
621 2300 658 2319 ne
674 2291 832 2328 quaesieris,
849 2293 877 2318 et
890 2291 950 2318 for-

183 2342 258 2369 tiora
278 2343 304 2368 te
328 2349 364 2369 ne
385 2342 527 2368 scrutatus
545 2339 644 2367 fueris.
661 2347 674 2364 >›
694 2339 724 2365 Et
744 2338 785 2365 ita
806 2339 837 2365 ut
857 2337 948 2373 prius.

215 2414 220 2429 ¹
238 2413 322 2441 Rern„
341 2412 365 2434 in
387 2411 469 2439 Cant„
483 2417 558 2434 serm.
574 2415 662 2439 Lxxvi,
681 2416 707 2433 n.
722 2410 745 2432 G.
761 2421 791 2426 -—
806 2409 815 2422 ²
829 2409 904 2439 Aug„
921 2408 951 2431 de

182 2448 233 2471 (liv.
251 2447 377 2471 LXXXIII
395 2448 493 2475 Quwst.¹
513 2453 538 2476 q.
560 2451 599 2474 vl,
619 2452 671 2468 nou
692 2445 768 2475 longe
789 2451 803 2467 a
823 2443 904 2474 princ.
920 2455 950 2460 —

182 2484 193 2500 ³
206 2482 291 2512 Helm,
310 2488 346 2512 xl,
364 2484 383 2506 ¹.
401 2494 426 2498 —
443 2481 452 2496 ὓ
467 2482 540 2511 Aug,
562 2482 624 2504 cont.
641 2481 723 2510 Epist.
737 2479 860 2510 fundam„
875 2487 897 2502 c.
914 2484 949 2508 lv,

182 2526 208 2543 n.
222 2520 245 2541 5.
258 2530 288 2535 -—
301 2518 311 2533 ⁵
325 2517 464 2548 Chrysost„
478 2517 502 2539 iu
512 2517 593 2545 loun„
605 2516 665 2539 hom
690 2516 708 2545 I,
721 2522 746 2538 n.
761 2516 785 2538 2.
797 2527 826 2532 —
841 2514 850 2530 ⁶
864 2513 948 2542 Dion„

182 2554 211 2577 (le
224 2554 298 2584 Myst.
313 2552 404 2580 Theol„
417 2559 439 2576 c.
454 2557 472 2574 1.
484 2563 513 2570 -
525 2552 534 2567 '¹
546 2551 686 2581 Chrys-ost„
700 2551 724 2573 in
735 2550 816 2577 joam,
826 2549 896 2572 hom.
913 2553 950 2578 Π,

183 2597 209 2612 n.
233 2590 254 2612 1.
273 2600 303 2605 —
326 2588 334 2601 ⁸
353 2588 434 2616 Pron„
455 2592 516 2615 xxv,
540 2587 579 2609 27.
594 2599 624 2603 —
641 2587 650 2599 Β
671 2586 752 2614 Pron„
773 2591 844 2613 xxm,
862 2585 901 2607 28.
920 2595 949 2600 -

184 2625 205 2642 ¹⁰
213 2623 302 2654 Ecclae'„
317 2628 356 2653 ιη,
367 2624 406 2646 22.
417 2634 447 2640 —
461 2623 475 2636 ¹¹
491 2622 567 2650 Rom„
582 2627 600 2651 1,
616 2622 654 2645 20.
665 2632 694 2638 —
708 2621 726 2636 ¹·'
739 2621 813 2650 Aug„
827 2620 853 2642 in
867 2619 949 2647 dean.²

694 184 907 216 EVANGELII
930 184 1069 217 SANCTI
1090 185 1254 217 JOANNIS

1003 253 1075 280 Item
1091 252 1109 268 ¹¹
1127 251 1323 281 :aluvisibilia
1335 260 1388 289 per
1403 260 1437 281 ea
1456 261 1522 289 quae
1534 254 1610 282 facta
1623 257 1708 290 sunt,
1722 256 1766 284 in-

1001 297 1115 325 tellecta
1129 298 1358 334 conspiciuntur,
1371 299 1552 335 sempiterna
1565 301 1644 335 ejus,
1667 301 1695 328 id
1709 303 1768 336 est,

1001 343 1068 376 Dei,
1090 344 1180 371 virtus
1204 346 1231 372 ct
1251 344 1397 373 divinitas.
1420 356 1433 371 ι)
1452 346 1601 373 Debuisset
1624 354 1714 382 ergo,
1738 349 1770 375 ut

1001 389 1127 423 videtur,
1141 389 1188 417 hic
1203 391 1382 425 evangelista
1397 392 1555 420 ascendere
1570 392 1609 420 ad
1630 393 1769 428 praedicta

1000 443 1054 471 per
1068 436 1301 472 speculationem
1315 440 1532 471 creaturarum,
1556 441 1583 466 et
1597 447 1659 466 non
1673 440 1712 467 ita
1725 439 1769 467 in-

1001 482 1097 517 cipere
1118 491 1124 509 :
1147 483 1179 509 In
1202 484 1340 517 principio
1364 487 1420 510 erat
1447 485 1578 518 Verbum,
1593 496 1606 510 »
1625 488 1678 513 etc.
1698 487 1770 514 Item

1000 535 1053 563 per
1068 528 1280 556 humanitatem
1293 530 1361 556 Jesu
1371 529 1474 556 Christi
1489 529 1642 559 devenitur
1654 532 1685 559 in
1699 539 1770 567 cog-

1000 574 1143 602 nitionem
1158 582 1217 601 suoe
1231 574 1390 602 divinitatis
1404 584 1410 602 :
1427 583 1513 602 mons
1527 576 1606 604 enim
1618 577 1768 605 illumina-

1000 622 1046 647 tus
1060 628 1077 648 a
1091 620 1171 653 sole,
1192 620 1290 654 dirigit
1309 620 1339 647 in
1363 621 1560 655 cognitionem
1581 622 1674 657 ipsius
1694 623 1768 657 soli,

1001 666 1074 693 sicut
1088 666 1285 702 exemplificat
1296 667 1317 684 ¹²
1328 667 1522 702 Augustinus:
1539 675 1610 703 ergo
1624 668 1706 703 prius
1720 669 1769 697 de-

999 712 1126 745 buisset,
1140 714 1173 739 ut
1185 712 1312 746 videtur,
1322 713 1507 748 Evangelista
1519 713 1716 742 determinare
1730 714 1768 742 de

999 757 1179 786 humanitate
1195 758 1256 785 Filii
1271 758 1336 793 Dei,
1352 766 1443 794 quam
1455 759 1492 786 de
1505 759 1665 788 divinitate.
1682 761 1714 787 Et
1729 760 1768 788 ad

999 803 1054 831 ista
1076 803 1328 841 respondendum,
1357 804 1432 832 sicut
1451 805 1610 840 respondet
1634 807 1768 841 Augusti-

999 857 1054 876 nus
1065 849 1086 866 ¹³
1100 850 1275 878 :«Animalis
1288 850 1380 878 homo
1393 858 1454 878 non
1462 851 1586 887 percipit
1595 859 1629 879 ea
1640 859 1705 888 quae
1718 852 1767 880 Dei

1000 897 1083 930 sunt3
1108 896 1160 923 sed
1185 896 1278 924 aderit
1300 896 1503 924 misericordia
1525 897 1594 931 Dei,
1620 899 1652 925 ut
1663 898 1769 934 .capiat

1001 942 1125 978 quisque
1141 942 1223 977 quod
1237 943 1342 977 potest.
1356 952 1369 968 iv
1387 944 1419 969 Et
1433 943 1580 978 sequitur:
1593 953 1606 969 α
1617 943 1714 972 Dicere
1730 944 1767 972 de
1785 949 1889 970 Hemoda

1000 990 1077 1023 Deo,
1093 988 1203 1016 scilicet
1216 990 1248 1016 ut
1269 990 1328 1022 est,
1349 988 1415 1024 quis
1432 990 1549 1024 potest?
1568 989 1690 1017 forsitan
1714 997 1769 1018 nec
1784 980 1888 1032 3⁰⁶1ss

999 1037 1062 1072 ipse
1075 1037 1202 1064 ,Ioannes
1217 1035 1290 1062 dixit
1305 1037 1336 1062 ut
1351 1037 1410 1069 est,
1427 1036 1479 1063 sed
1489 1036 1552 1071 ipse
1566 1038 1597 1063 ut
1610 1036 1715 1071 potuit.
1731 1038 1769 1064 De
1797 1047 1820 1063 re
1839 1047 1876 1068 po-

1001 1084 1059 1110 Deo
1074 1083 1152 1110 enim
1167 1082 1258 1109 homo
1281 1081 1351 1109 dicit
1365 1081 1522 1117 inspiratus
1536 1089 1554 1109 a
1573 1083 1641 1110 Deo.
1660 1083 1689 1111 Si
1707 1090 1769 1111 non
1783 1072 1888 1122 ¹2⁵²b¹¹i⁸³

1001 1130 1074 1156 esset
1083 1128 1248 1163 inspiratus,
1258 1127 1331 1154 nihil
1342 1127 1462 1154 dixisset
1469 1136 1477 1161 ;
1487 1127 1507 1145 ¹⁴
1515 1127 1551 1155 de
1559 1130 1676 1163 pectore
1688 1129 1770 1157 enim
1788 1108 1882 1159 ἰῡερίτῗ-

1001 1175 1115 1202 Domini
1130 1174 1271 1207 bibebat,
1284 1173 1367 1208 quod
1378 1173 1466 1201 nobis
1475 1174 1688 1209 propinabat.»
1705 1176 1769 1203 Haec
1790 1164 1835 1183 ¹⁰⁵¹

1000 1221 1060 1248 ille.
1076 1222 1123 1248 Est
1136 1228 1206 1254 ergo
1229 1219 1423 1247 determinare
1437 1219 1485 1246 vel
1499 1219 1597 1247 dicere
1612 1220 1713 1256 aliqua
1730 1221 1768 1248 de

1001 1267 1102 1294 divina
1117 1267 1265 1301 maJ'estate
1279 1265 1442 1293 secundum
1452 1265 1543 1301 ipsius
1554 1266 1712 1301 majestatis
1726 1266 1770 1294 in—

1001 1311 1366 1349 comprehensibilitatem,
1389 1311 1470 1339 etsie
1484 1319 1546 1339 non
1560 1314 1655 1347 potest
1678 1312 1769 1340 homo

1002 1359 1038 1386 de
1060 1367 1095 1387 ea
1119 1358 1329 1390 determinare,
1345 1359 1434 1393 prout
1452 1358 1491 1386 ait
1515 1359 1710 1386 Damascenus
1724 1359 1744 1376 ¹⁵
1760 1368 1768 1386 :

1004 1406 1118 1433 «Deum
1133 1412 1218 1432 nemo
1229 1404 1302 1432 vidit
1311 1411 1453 1439 unquam.
1468 1414 1482 1430 »
1494 1406 1526 1432 Et
1539 1405 1692 1440 sequitur:
1708 1406 1771 1432 «In-

1002 1451 1127 1479 effabilis
1139 1452 1190 1484 est,
1201 1450 1517 1485 incomprehensibilis.
1527 1459 1540 1476 i>
1551 1451 1602 1477 Vel
1619 1453 1661 1478 est
1671 1450 1771 1486 aliqua

1003 1498 1197 1525 determInare
1213 1497 1260 1524 vel
1275 1497 1373 1524 dicere
1389 1497 1425 1524 de
1441 1497 1503 1532 ipsa
1518 1497 1666 1531 maiestate
1679 1504 1715 1524 ex
1729 1497 1771 1524 di-

1002 1544 1071 1572 vina
1080 1543 1281 1579 inspiratione,
1290 1545 1318 1570 et
1325 1543 1366 1570 sic
1376 1542 1556 1578 impossibile
1565 1542 1604 1577 (d)
1615 1544 1666 1576 est,
1676 1544 1707 1569 ut
1716 1543 1769 1570 ha-

1001 1591 1097 1618 bitum
1107 1590 1194 1618 estab
1206 1589 1381 1624 Augustino,
1393 1591 1420 1616 et
1431 1590 1462 1615 ut
1473 1588 1512 1616 ait
1526 1590 1721 1616 Damascenus
1730 1589 1749 1605 ¹⁶
1762 1598 1769 1616 ε

1006 1638 1124 1664 «Deum
1143 1644 1231 1664 nemo
1255 1635 1328 1663 vidit
1350 1642 1502 1670 unquam,
1521 1635 1578 1661 nisi
1602 1635 1769 1670 unigenitus

1002 1683 1080 1711 filius
1095 1683 1163 1718 Dei,
1186 1683 1237 1719 qui
1255 1684 1297 1710 est
1318 1682 1348 1709 in
1367 1682 1433 1709 sinu
1448 1682 1555 1715 Patris,
1570 1682 1631 1718 ipse
1652 1690 1769 1710 enarra-

1003 1730 1054 1758 vit.
1064 1740 1077 1756 »
1090 1732 1121 1757 Et
1129 1730 1294 1757 inMatthoeo
1305 1729 1338 1764 (e)
1347 1728 1366 1745 ¹⁷
1377 1737 1403 1755 :«
1413 1728 1482 1761 Quis
1494 1729 1586 1762 novit,
1601 1728 1709 1756 scilicet
1716 1730 1770 1756 Pa-

1002 1778 1096 1810 trem,
1117 1776 1174 1803 nisi
1188 1775 1289 1809 Filius,
1305 1776 1333 1802 et
1348 1775 1394 1802 cui
1408 1775 1536 1802 voluerit
1553 1775 1642 1802 Filius
1658 1774 1771 1802 reve-la-

1004 1825 1081 1851 re‘?›>
1100 1822 1149 1850 Vel
1163 1824 1204 1850 est
1219 1822 1319 1857 aliqua
1337 1821 1433 1848 dicere
1447 1820 1495 1848 vel
1516 1821 1710 1849 determinare
1733 1821 1771 1849 de

1005 1871 1070 1906 ipsa
1085 1869 1187 1897 divina
1205 1868 1371 1902 majestate,
1397 1867 1522 1894 audacia
1543 1867 1679 1895 humanae
1698 1875 1771 1903 prae-

1004 1915 1195 1951 sumptionis,
1210 1914 1257 1941 vel
1272 1913 1423 1941 inflatione
1438 1913 1574 1941 humanae
1589 1913 1773 1948 curiositatis,

1003 1964 1035 1989 ut
1047 1962 1100 1989 fuit
1114 1961 1143 1988 in
1158 1960 1318 1994 Pharisaeis,
1330 1959 1382 1995 qui
1395 1960 1414 1976 ¹⁸
1425 1968 1513 1986 «cum
1522 1961 1613 1987 Deum
1620 1960 1776 1994 cognovis-

1004 2010 1083 2041 sent,
1099 2015 1159 2035 non
1174 2006 1247 2033 sicut
1264 2007 1355 2033 Deum
1371 2006 1618 2040 glorificaverunt.
1634 2016 1648 2032 »
1664 2005 1715 2033 Vel
1728 2014 1774 2033 su-

1003 2053 1172 2090 perstitione
1188 2051 1322 2080 satanicae
1338 2051 1532 2086 instigationis
1544 2073 1552 2086 ,
1565 2054 1596 2079 ut
1610 2052 1663 2079 fuit
1677 2052 1707 2079 in
1717 2052 1774 2079 hae-

1004 2101 1099 2128 rcticis
1114 2110 1120 2128 :
1139 2102 1165 2127 et
1179 2099 1220 2127 sic
1234 2107 1294 2127 non
1310 2101 1351 2126 est
1365 2098 1506 2134 possibile
1520 2098 1620 2133 aliqua
1634 2098 1774 2125 determi-

1004 2155 1074 2174 nare
1089 2146 1251 2174 secundum
1265 2145 1418 2172 veritatem
1433 2144 1470 2171 de
1486 2143 1586 2170 divina
1600 2143 1750 2177 majestate
1762 2162 1772 2176 ,

1006 2193 1061 2220 nisi
1075 2191 1253 2228 inspectione
1269 2192 1468 2218 creaturarum
1481 2210 1490 2223 ,
1505 2192 1533 2216 et
1546 2189 1576 2216 in
1591 2188 1709 2224 speculo
1724 2195 1773 2216 eo-

1006 2247 1082 2274 rum,
1097 2240 1186 2274 prout
1199 2237 1239 2265 ait
1249 2236 1406 2272 Apostolus
1421 2236 1452 2262 ¹⁹.
1468 2237 1500 2262 Et
1514 2235 1656 2271 quoniam
1670 2234 1773 2262 beatus

1004 2287 1130 2313 Joannes
1144 2284 1198 2311 fuit
1212 2283 1317 2319 Spiritu
1333 2283 1433 2309 sancto
1448 2281 1553 2317 plenus
1565 2302 1572 2312 ,
1589 2282 1653 2316 ipso
1669 2280 1772 2316 spiritu

1006 2332 1137 2360 elevante
1147 2351 1156 2364 ,
1171 2332 1199 2358 et
1212 2337 1328 2357 summa
1342 2336 1448 2356 arcana
1462 2327 1609 2355 revelante
1619 2348 1628 2361 ,
1645 2326 1682 2354 de
1697 2326 1771 2354 divi-

1007 2406 1077 2428 tract.
1099 2409 1130 2432 ιι,
1148 2409 1174 2426 n.
1191 2403 1215 2426 5.
1235 2414 1261 2418 —
1282 2401 1297 2414 ¹³
1321 2400 1393 2429 ibid„
1409 2401 1481 2423 tract.
1497 2405 1518 2428 1,
1536 2406 1562 2422 n.
1586 2401 1611 2428 I,
1624 2404 1655 2421 ex
1675 2397 1681 2420 I
1705 2397 1772 2427 Corn,

1007 2445 1035 2469 11,
1048 2440 1083 2462 Μ.
1093 2451 1123 2455 -
1137 2438 1238 2466 ¹⁸Aug.,
1252 2437 1275 2459 in
1286 2436 1366 2464 loun„
1382 2437 1452 2459 tract.
1469 2440 1487 2463 1,
1502 2441 1527 2457 n.
1540 2436 1563 2457 7.
1576 2446 1604 2449 —
1618 2432 1771 2462 ¹¹Dmnasc„

1005 2474 1035 2497 de
1060 2473 1116 2496 Fid.
1139 2471 1250 2499 Orthozl„
1273 2471 1314 2494 lib.
1339 2471 1362 2500 I,
1386 2478 1408 2493 c.
1434 2476 1455 2500 1,
1480 2476 1510 2492 ex
1529 2469 1608 2496 doctr,
1634 2473 1655 2497 1,
1682 2468 1718 2491 18.
1743 2480 1770 2484 —

1008 2509 1026 2525 ¹⁰
1039 2510 1121 2537 loun„
1137 2514 1154 2537 1,
1172 2508 1206 2531 18.
1222 2519 1252 2524 —
1271 2507 1288 2522 ¹⁷
1303 2505 1407 2535 Malui„
1422 2510 1458 2534 XI,
1473 2505 1510 2528 27.
1528 2516 1554 2520 —
1573 2504 1589 2517 ¹⁸
1603 2503 1714 2531 Rom.,1,
1731 2504 1770 2526 2¹.

1005 2557 1035 2562 —
1049 2544 1069 2559 ¹¹²
1085 2543 1158 2573 ibid„
1173 2544 1242 2566 20.—
1257 2542 1289 2571 (a)
1307 2541 1367 2565 Coet.
1382 2541 1440 2564 edit.
1457 2538 1638 2563 evidentiae.—
1652 2538 1686 2568 (h)
1697 2537 1768 2568 Vulq.

1006 2580 1181 2604 sommon—
1198 2578 1224 2606 (c)
1241 2577 1262 2600 F
1263 2578 1315 2600 orte
1329 2575 1424 2607 leqend.
1440 2576 1580 2605 patrum.—
1597 2574 1630 2603 (sl)
1646 2573 1700 2603 Lea.
1714 2580 1772 2604 pos-

1006 2615 1085 2639 sibile.
1102 2626 1132 2631 —-
1144 2614 1175 2644 (e)
1192 2614 1252 2637 Coet.
1267 2612 1328 2635 edit.
1347 2611 1488 2636 Matthaeus.
