1987 3032
185 186 244 216 462
702 181 916 213 EVANGELII
939 182 1077 214 SANCTl
1099 182 1115 214 J
1118 182 1262 214 OANNtS

186 252 251 279 Haec
271 250 330 279 ille.
357 251 390 279 Et
411 251 436 278 si
461 250 550 286 eulpa
576 249 724 277 malorum
752 249 787 276 sit
810 249 954 283 odienda,

184 299 288 326 natura
304 299 401 325 tamen
415 298 457 325 est
480 297 607 325 amanda
626 299 631 314 1
655 306 663 322 :
691 305 704 321 α
728 295 855 323 Perfecto
877 295 955 323 enim

185 343 256 372 odio
271 343 393 371 oderam
407 343 491 376 illos,
511 354 523 367 »
550 342 590 370 ait
609 341 762 377 Propheta.
786 342 877 376 Super
899 341 956 369 1100

185 390 340 424 Gregorius
361 391 387 423 ⁶2,
412 389 494 425 quod
528 398 541 413 t<
563 388 725 424 perfectum
747 387 866 420 odium,
894 395 955 423 quo

185 435 284 464 oditur
298 436 412 470 vitium,
428 438 455 463 et
469 434 599 470 diligitur
612 436 726 462 natura.
744 443 757 460 ι)
775 435 806 461 Et
821 433 862 461 ibi
877 433 955 461 bene

186 482 222 510 de
237 482 303 510 hoc.

220 530 265 556 22.
277 530 308 555 Et
319 528 450 563 sequitur
461 530 565 563 quarta
574 527 734 562 particula,
745 527 774 554 in
784 534 842 562 qua
852 534 955 554 eorum

184 574 422 602 inexcusabilitas
434 595 442 607 ,
458 573 508 609 qui
523 573 563 600 510
579 573 700 606 odiunt,
723 575 750 600 et
770 572 882 600 ratione
903 572 956 599 do-

185 622 389 648 cumentorum
402 620 516 656 primo,
536 622 563 647 et
577 619 689 647 ratione
705 627 829 655 operum
848 626 952 646 secun-

185 666 239 700 do,
256 666 296 693 ibi
313 667 360 694 :Sd
375 674 455 701 opera
466 674 517 693 non
532 667 666 698 fecissem,
683 668 736 693 ete.
753 665 797 692 Ait
813 673 883 699 ergo
902 674 907 692 ε
924 665 955 692 δι’

184 720 236 740 non
249 714 394 746 venissem,
411 714 476 745 etc.‚
494 712 578 748 quasi
592 712 717 739 diceret:
735 711 888 739 Veritatem
905 711 956 738 do·

186 758 231 785 cui
247 766 298 786 eos
313 758 349 785 de
370 758 542 793 diligendo;
563 760 590 786 et
611 760 708 786 tamen
729 757 863 785 oderunt.
887 757 955 784 Ideo

186 805 238 832 ait:
256 805 286 832 St·
298 813 349 831 non
364 807 506 838 venissem,
522 804 630 832 scilicet
642 812 693 840 per
705 803 955 837 incarnationem,

185 851 296 886 supra³
313 861 319 878 ε
339 861 351 876 ι(
366 853 396 878 10
423 850 543 886 propria
567 851 647 878 venit
664 859 669 877 :
688 861 699 874 u
723 851 757 876 Et
782 851 884 876 loeutus
905 857 956 876 71071

185 898 312 931 fuissem,
339 897 446 924 50111001
472 897 608 924 docendo
624 918 633 930 ,
656 898 683 923 et
706 895 896 931 praedicando
915 895 925 910 ⁶
950 905 956 922 ε

189 953 202 968 α
216 943 377 970 Novissime
392 943 421 970 in
437 943 542 970 diebus
556 943 616 969 istis
630 942 746 969 locutus
761 944 803 969 est
825 942 912 969 nobis
929 941 958 968 in

187 989 259 1016 Filio
271 1000 300 1023 ,n
319 997 409 1025 supra
424 990 433 1005 ⁵
450 998 456 1016 ε
472 989 632 1023 «Domine,
648 988 740 1016 verba
751 988 815 1016 vitae
824 988 926 1016 habes.
943 998 955 1013 »

188 1037 325 1062 Peccatum
350 1044 401 1062 non
424 1036 567 1069 haberent,
590 1035 698 1062 seilicet
722 1034 955 1062 incredulitatis:

186 1081 264 1108 Nune
277 1085 365 1109 (tutem
381 1083 574 1108 emcnsatt'onem
588 1089 640 1108 non
659 1082 753 1108 habent
763 1102 772 1115 ,
793 1080 902 1108 scilicet
922 1080 958 1108 de

187 1130 307 1163 peccato
317 1127 506 1155 infidelitatis.
518 1127 597 1155 Unde
608 1127 732 1163 opponit
746 1127 923 1161 Augustinus
932 1125 956 1153 ⁶:

190 1183 204 1199 ιι
224 1174 373 1209 Numquid
402 1174 493 1201 Judaei
522 1174 583 1200 sine
605 1176 726 1209 peccato
755 1176 854 1207 erant,
882 1175 960 1200 ante-

189 1228 279 1256 quam
295 1220 422 1248 Christus
439 1220 627 1247 advenisset?
642 1230 656 1245 »
670 1221 701 1246 Et
717 1219 755 1246 ad
768 1219 825 1246 1100
840 1227 960 1254 respon·

188 1266 251 1299 det,
273 1266 355 1301 quod
380 1266 442 1294 vult
471 1274 613 1300 magnum
638 1267 790 1301 peceatum
814 1265 958 1300 intelligi,

188 1320 247 1348 quo
261 1313 395 1340 tenentur
409 1314 511 1339 cuncta
520 1314 655 1347 peccata,
668 1314 695 1338 et
709 1311 791 1347 quod
803 1312 960 1346 unusquis-

188 1366 246 1393 que
262 1358 284 1385 si
300 1366 360 1385 non
376 1358 525 1391 habuerit,
544 1358 727 1385 dimittuntur
743 1358 769 1385 ei
784 1360 912 1393 peecata.
929 1359 961 1384 Et

187 1404 244 1431 hoe
269 1407 310 1431 est
332 1407 484 1439 peccatum
507 1404 684 1431 infidelitatis
698 1425 708 1438 ,
731 1406 757 1431 et
783 1404 819 1431 de
850 1404 906 1431 hoc
931 1404 960 1430 in

188 1450 298 1478 Glossa.
315 1452 384 1478 ltem
399 1450 523 1486 opponit
537 1450 714 1485 Augustinus
726 1451 747 1484 ⁷,
763 1449 847 1485 quod
861 1457 961 1477 secun-

189 1496 260 1524 dum
276 1497 332 1524 hoc
350 1496 392 1523 1111
403 1518 412 1530 ,
427 1497 466 1523 ad
483 1504 559 1532 quos
574 1504 635 1524 non
650 1496 730 1523 venit
744 1496 872 1524 Christus
883 1517 890 1529 ,
906 1497 961 1524 ha-

188 1542 259 1569 bent
271 1542 491 1570 exeusationem
508 1542 544 1569 de
561 1544 697 1577 peccalo,
714 1542 822 1570 scilieet
835 1542 961 1568 infideli-

189 1589 263 1616 tatis
280 1590 312 1616 Et
326 1588 364 1616 ad
379 1588 436 1616 hoc
456 1588 616 1624 respondet
637 1588 814 1623 Augustinus
833 1589 853 1622 ⁸,
880 1588 962 1624 quod

189 1635 316 1662 Christus
336 1642 389 1670 per
403 1635 533 1670 seipsum
547 1634 627 1662 venit
641 1634 679 1661 ad
694 1634 809 1661 Judaeos
819 1655 828 1668 ,
844 1635 895 1661 sed
910 1642 962 1670 per

190 1681 349 1708 Ecclesiam
367 1688 452 1708 suam
473 1681 587 1708 locutus
603 1682 644 1707 est
669 1681 825 1716 gentibus,
847 1681 877 1708 id
901 1683 960 1715 est,

189 1735 241 1763 per
255 1727 411 1762 Apostolos
426 1729 452 1754 et
464 1726 626 1762 discipulos
636 1734 716 1761 5005,
728 1734 858 1762 quorum
872 1734 962 1754 sonus

190 1773 279 1801 exivit
299 1773 329 1800 in
352 1781 471 1800 omnem
488 1775 596 1800 terram
611 1774 621 1789 ⁹
638 1782 644 1799 :
667 1783 679 1798 «
695 1773 748 1806 Qui
770 1780 824 1800 vos
843 1773 961 1808 recipit,

190 1827 236 1847 me
251 1819 369 1854 recipit;
380 1821 407 1846 et
421 1819 472 1854 qui
484 1827 538 1846 vos
549 1819 673 1854 spernit,
686 1827 732 1846 me
747 1818 888 1854 spernit.»
906 1820 962 1846 Un-

190 1865 227 1892 de
248 1865 288 1893 ait
310 1865 416 1892 Paulus
432 1866 451 1882 ¹⁰
466 1874 472 1892 ε
490 1874 504 1891 (ι
519 1867 561 1892 An
577 1865 810 1900 experimentum
835 1865 962 1901 quaeritis

191 1911 253 1946 ejus
264 1933 271 1945 ,
288 1912 339 1947 qui
353 1912 383 1938 10
403 1919 449 1938 me
468 1911 598 1946 loquitur
619 1911 768 1938 Christus?
785 1921 798 1937 »
821 1912 872 1938 Per
893 1919 963 1946 ergo

191 1958 347 1993 Apostolos
362 1958 476 1985 loeutus
491 1959 534 1984 est
548 1957 676 1984 Christus
692 1957 828 1992 gentibus
838 1978 846 1991 ,
858 1959 885 1985 01
895 1957 963 1986 ideo

192 2004 243 2039 qui
258 2003 417 2031 noluerunt
432 2003 568 2037 credere,
589 2011 651 2030 non
670 2003 781 2030 habent
803 2004 964 2032 excusatio-

192 2058 272 2077 nem.
288 2050 393 2077 Ultimo
409 2049 511 2084 quaerit
525 2049 702 2084 Augustinus
717 2051 733 2065 ¹¹
749 2059 755 2076 τ
774 2061 787 2074 «
802 2051 902 2077 Utrum
916 2050 964 2084 hi,

194 2096 244 2131 qui
266 2096 440 2131 priusquam
462 2095 654 2129 Evangelium
677 2095 832 2130 audirent,
860 2098 887 2123 et
906 2096 964 2124 fine

193 2142 280 2176 hujus
294 2142 360 2169 vitae
375 2144 441 2169 sunt
456 2141 605 2177 praeventi,
621 2144 744 2177 possunt
758 2142 868 2170 habere
881 2150 966 2170 excu—

194 2189 372 2216 sationem.»
398 2189 430 2215 Et
444 2187 619 2223 respondet,
645 2188 728 2223 quod
749 2191 887 2224 possunt,
913 2189 965 2216 sed

195 2243 255 2263 non
282 2238 405 2272 possunt
435 2235 563 2270 effugere
594 2235 817 2263 damnationem
840 2245 846 2263 ε
877 2246 890 2262 ι(
911 2236 965 2269 Qui

196 2282 275 2309 enim
289 2300 300 2316 0
325 2281 386 2308 sine
401 2281 466 2316 lege
485 2283 699 2316 peecaverunt,
726 2282 788 2309 sine
803 2282 868 2317 lege
887 2282 964 2317 peri-

196 2328 278 2354 bunt.
294 2338 306 2352 »
324 2329 413 2354 Tanta
428 2329 525 2355 tamen
547 2330 588 2355 est
607 2328 835 2363 suppliciorum,
856 2330 966 2364 quanta

196 2376 383 2408 peecatorum
399 2373 559 2402 diversitas.
577 2376 609 2402 Et
623 2374 664 2402 ita
680 2374 754 2402 forte
768 2374 861 2402 levius
883 2375 966 2403 dam-

228 2435 236 2450 1
257 2433 323 2457 Psal.
343 2440 470 2464 cxxxvln,
493 2435 531 2457 22.
547 2447 576 2452 -
599 2435 606 2448 ²
625 2436 710 2465 Greg.‚
731 2435 760 2457 ‹Ie
778 2436 878 2458 Pastor.
895 2435 966 2466 Cura,

197 2471 262 2499 part.
279 2469 321 2499 111,
338 2476 361 2493 c.
377 2469 513 2499 ι,ε1(111100.
532 2470 570 2499 23,
585 2472 642 2500 post
654 2470 722 2494 med.
737 2483 768 2488 -
781 2470 791 2486 ³
806 2471 878 2500 sup„
892 2476 910 2500 1,
928 2473 965 2494 Η.

197 2518 228 2522 -
241 2505 249 2518 ⁴
264 2504 349 2534 Helm,
366 2510 382 2533 1,
396 2506 418 2528 2.
432 2517 457 2521 -
473 2505 566 2534 ⁵sup.‚
583 2511 615 2534 vt,
634 2506 672 2529 69.
686 2518 716 2523 —
731 2506 741 2522 θ
755 2506 829 2536 Aug„
843 2506 868 2528 in
883 2506 966 2535 Joan.y

197 2541 269 2563 tract.
293 2544 402 2569 Lxxxnt,
423 2546 449 2562 n.
470 2541 490 2563 ¹.
510 2552 541 2557 -
561 2541 568 2554 ⁷
590 2540 663 2569 mich,
684 2547 710 2564 n.
734 2542 756 2564 2.
777 2554 807 2558 —
825 2540 834 2556 ⁸
854 2541 916 2564 ibid.
937 2554 966 2559 —

198 2576 206 2589 '
222 2574 320 2604 nauh„
336 2580 362 2604 x,
380 2575 414 2598 to.
432 2587 458 2591 -
481 2574 499 2590 '⁰
517 2574 534 2597 tt
553 2576 620 2606 Cor„
636 2581 694 2605 xm,
711 2577 735 2599 3.
753 2589 778 2593 -
796 2576 814 2592 ¹¹
831 2577 906 2606 Aug,
924 2576 967 2600 ubi

197 2617 264 2640 sup„
283 2617 310 2634 n.
331 2612 354 2634 ³.
370 2622 397 2627 —
419 2610 438 2626 ¹²
456 2610 534 2638 Rom„
550 2615 583 2640 11,
603 2613 641 2634 12.
660 2624 691 2629 —
708 2611 728 2628 ¹³
748 2613 822 2642 Aug„
841 2611 885 2635 ubi
898 2618 965 2642 sup„

1011 250 1160 277 nabuntur
1183 249 1248 284 illi,
1277 250 1328 285 qui
1351 250 1469 278 fuerunt
1489 250 1583 278 morte
1603 250 1745 285 praeventi
1770 260 1776 276 :

1012 304 1114 324 omnes
1135 297 1231 323 tamen
1246 295 1394 332 peribunt.
1412 298 1443 324 Et
1457 297 1527 331 quia
1542 296 1614 324 dixit
1630 305 1636 323 ε
1660 297 1720 324 Non
1733 296 1780 323 ha-

1012 343 1070 369 beut
1080 344 1272 369 excusationem
1283 343 1315 370 de
1324 346 1441 377 peccato,
1455 350 1508 370 nec
1515 342 1690 373 crederetur,
1698 341 1781 378 quod

1012 388 1127 415 odirent
1142 390 1254 416 Patrem
1268 408 1277 421 ‚
1291 388 1391 416 subdit
1406 390 1444 423 (v.
1460 390 1503 423 23)
1524 398 1529 415 :
1547 390 1601 422 Qui
1615 396 1655 415 me
1669 388 1740 422 odit,
1756 390 1781 415 et

1012 435 1119 461 Patrem
1140 442 1224 461 meam
1246 434 1314 461 odit.
1345 434 1401 462 Sed
1427 434 1550 470 opponit
1570 434 1747 469 Augustinus
1761 434 1782 451 ¹³

1013 480 1095 515 quod
1110 480 1190 515 prius
1202 481 1241 507 ait
1256 488 1262 506 :
1278 481 1406 507 Nesciunt
1420 489 1493 514 eam,
1508 483 1556 515 qui
1568 489 1609 508 me
1620 482 1714 514 misit,
1729 479 1782 508 sed

1012 534 1072 554 non
1087 529 1209 562 possunt
1223 535 1326 554 ornnes
1337 526 1433 554 odisse
1449 535 1517 554 eum
1533 535 1622 562 quem
1636 527 1780 554 nesciunt.

1012 574 1044 600 Et
1063 572 1101 600 ad
1122 573 1199 600 istud
1220 573 1379 608 respondet
1401 573 1578 607 Augustinus
1598 572 1617 589 ¹⁶
1631 574 1782 609 inquirens

1013 619 1050 646 de
1064 619 1109 646 his
1129 619 1253 654 prolixe.
1271 620 1302 646 Et
1317 621 1358 646 est
1373 626 1507 653 summa,
1524 619 1607 654 quod
1623 618 1714 646 Judoei
1728 626 1782 646 no-

1012 665 1113 693 lebant
1127 673 1180 692 500
1193 665 1268 692 saeta
1283 665 1428 692 damnari.
1447 666 1477 692 Et
1492 665 1548 692 hoc
1560 664 1650 692 habet
1662 665 1781 699 veritas,

1013 714 1045 739 ut
1060 712 1128 739 talia
1147 712 1224 739 faeta
1239 711 1416 738 damnentur
1438 713 1567 745 tantum,
1589 711 1612 738 si
1631 711 1784 739 veritatem

1014 759 1154 792 oderunt,
1173 760 1315 794 quantum
1341 758 1468 786 oderunt
1488 766 1555 786 suas
1574 765 1694 794 poenas,
1710 765 1785 793 quas

1013 805 1121 832 talibus
1136 805 1247 840 irrogat
1260 804 1382 838 veritas,
1403 804 1478 831 hanc
1494 812 1546 839 per
1560 804 1617 832 1100
1634 803 1785 831 veritatem

1014 852 1150 886 oderunt,
1165 859 1224 887 qua
1235 851 1385 886 judicante
1398 850 1588 878 damnantur.
1604 852 1641 878 De
1657 851 1715 878 Deo
1731 857 1784 878 na-

1013 899 1074 924 tam
1089 905 1150 924 esse
1165 897 1316 924 veritatem
1331 896 1511 931 nescierunt,
1527 898 1555 924 et
1571 896 1610 924 ita
1624 896 1722 932 ipsum
1735 903 1786 923 ne-

1014 944 1126 978 sciunt,
1150 947 1177 971 et
1195 943 1330 970 oderunt.
1347 944 1410 970 Haec
1436 943 1623 978 Augustinus.
1650 942 1730 970 Unde
1749 949 1785 970 ex

1013 990 1070 1018 hoc
1085 990 1216 1023 trahitur,
1242 989 1325 1024 quod
1340 991 1381 1017 est
1402 989 1505 1017 odium
1521 989 1664 1017 intentum
1681 991 1709 1021 et
1733 996 1787 1016 vo-

1014 1036 1186 1070 luntarium,
1198 1038 1225 1064 et
1239 1038 1280 1063 est
1295 1035 1398 1064 odium
1411 1035 1672 1070 interpretativum.
1689 1035 1785 1063 Primo

1015 1083 1085 1111 odio
1098 1082 1196 1110 nullus
1211 1082 1272 1109 odit
1286 1083 1385 1114 Deum,
1402 1082 1481 1109 unde
1497 1083 1586 1116 Deus;
1603 1084 1700 1109 tamen
1715 1081 1785 1109 odio

1014 1129 1232 1164 interpretativo
1248 1129 1318 1156 mali
1334 1128 1448 1162 odiunt,
1465 1136 1553 1163 supra
1566 1129 1586 1144 ¹⁵
1603 1137 1628 1155 :u
1643 1127 1698 1160 Qui
1708 1126 1786 1155 male

1015 1176 1089 1210 agit,
1113 1175 1176 1203 odit
1197 1175 1303 1202 lucem.
1314 1184 1328 1200 1)
1353 1174 1433 1201 L'nde
1455 1174 1632 1209 Augustinus
1650 1175 1677 1205 ¹⁶,
1704 1172 1787 1209 quod

1017 1231 1030 1246 «
1047 1221 1138 1256 aliqui
1161 1223 1281 1256 propter
1304 1228 1370 1248 eam
1390 1227 1452 1247 rem
1473 1220 1598 1248 oderunt
1619 1219 1786 1252 veritatem,

1016 1276 1106 1303 quam
1121 1275 1174 1303 pro
1198 1267 1318 1294 veritate
1340 1268 1448 1294 amant.
1469 1269 1574 1294 Amant
1589 1266 1668 1294 enim
1688 1265 1788 1293 lucen-

1016 1316 1073 1342 tem
1084 1335 1093 1348 ,
1110 1314 1236 1341 oderunt
1250 1313 1486 1347 redarguentem.
1499 1322 1512 1338 ι)
1530 1314 1593 1340 Haec
1607 1312 1666 1339 ille.

1050 1362 1095 1388 524.
1112 1361 1144 1387 Et
1159 1360 1289 1395 sequitur
1311 1359 1442 1386 ostensio
1462 1358 1723 1386 inexcusabilitatis
1742 1365 1788 1386 ra-

1017 1406 1094 1434 tione
1109 1414 1233 1442 operum
1250 1414 1256 1432 ι
1273 1406 1304 1432 δι’
1318 1413 1398 1440 opera
1408 1413 1459 1432 non
1473 1406 1604 1439 fecissem,
1618 1406 1684 1439 etc„
1698 1412 1788 1439 pecca-

1018 1455 1073 1480 tum
1084 1461 1135 1480 non
1149 1453 1282 1486 haberent,
1293 1452 1402 1480 scilieet
1417 1452 1492 1479 illud
1508 1459 1660 1486 magnum,
1677 1451 1715 1479 de
1728 1458 1788 1486 quo

1017 1506 1106 1533 supra
1121 1498 1227 1526 eodem
1242 1507 1248 1525 z
1266 1499 1343 1526 Nune
1359 1502 1448 1525 autem
1460 1498 1600 1531 viderunt,
1616 1505 1706 1533 opera
1720 1496 1787 1530 ina,

1017 1546 1044 1571 et
1059 1546 1157 1571 tamen
1175 1553 1181 1571 ε
1197 1545 1232 1570 Et
1244 1544 1355 1571 oderunt
1369 1552 1423 1577 me,
1438 1543 1546 1571 50111001
1560 1543 1713 1571 facientem
1726 1552 1732 1570 ε
1753 1543 1788 1569 Ει

1018 1592 1124 1618 Patrem
1139 1598 1242 1624 meum,
1257 1590 1307 1625 qui
1322 1590 1399 1617 misit
1412 1598 1470 1617 me.
1489 1590 1547 1617 Sed
1561 1589 1662 1624 objicit
1677 1591 1787 1623 Augus-

1018 1636 1120 1664 tinus¹'
1130 1636 1213 1672 quod
1223 1645 1237 1661 «
1248 1636 1331 1664 nulla
1346 1644 1437 1672 opera
1451 1636 1551 1664 Christi
1566 1636 1683 1664 fuerunt
1697 1635 1790 1670 maj0-

1018 1691 1065 1717 ra,
1081 1690 1172 1718 quam
1187 1683 1334 1710 suscitatio
1349 1685 1534 1710 mortuorum
1549 1692 1555 1710 z
1572 1682 1624 1710 sed
1638 1681 1790 1718 prophetae

1019 1729 1132 1764 antiqui
1152 1731 1284 1756 mortuos
1306 1729 1539 1763 suscitaverunt,
1564 1729 1637 1756 sicut
1658 1727 1735 1756 Elias
1763 1730 1790 1755 et

1019 1775 1144 1803 Elisaeus.
1162 1777 1193 1803 Et
1212 1775 1251 1803 ad
1272 1775 1347 1802 illud
1368 1775 1611 1810 respondendum
1624 1773 1789 1802 seeundum

1019 1822 1212 1857 Augustinum
1223 1842 1230 1855 ,
1257 1821 1339 1856 quod
1354 1821 1402 1848 hic
1416 1821 1547 1856 loquitur
1568 1828 1629 1848 non
1645 1822 1789 1856 quantum

1020 1868 1058 1896 ad
1083 1875 1207 1904 operum
1231 1868 1407 1896 arduitatem
1427 1871 1454 1895 et
1475 1867 1712 1901 mirabilitatem‚
1737 1866 1790 1894 sed

1020 1917 1163 1951 quantum
1178 1914 1217 1942 ad
1232 1922 1356 1949 operum
1366 1915 1605 1942 numerositatem
1620 1916 1647 1942 et
1661 1913 1790 1942 multitu-

1021 1961 1136 1995 dinem,
1159 1969 1224 1997 quae
1248 1963 1399 1988 enumerat
1419 1963 1479 1988 tam
1495 1961 1531 1988 de
1551 1960 1724 1988 sanitatibus
1739 1967 1789 1988 eo-

1019 2016 1085 2035 rum
1096 2028 1105 2042 ,
1118 2016 1192 2043 quos
1207 2008 1321 2036 sanavit
1336 2008 1493 2042 Dominus,
1510 2015 1600 2042 quam
1614 2007 1651 2034 de
1666 2006 1741 2034 aliis.
1757 2006 1790 2033 Et

1020 2056 1079 2088 tot,
1102 2056 1130 2081 et
1149 2054 1219 2082 talia
1241 2054 1340 2082 nullus
1362 2054 1437 2082 alius
1462 2053 1537 2081 fecit.
1563 2055 1595 2080 Et
1618 2053 1654 2080 de
1679 2052 1736 2080 hoc
1759 2051 1790 2079 in

1020 2101 1130 2128 Glossa.
1146 2101 1181 2127 Et
1197 2103 1283 2128 tamen
1303 2101 1416 2127 oderunt
1431 2108 1471 2127 me
1486 2102 1510 2127 et
1524 2102 1630 2135 patrem
1641 2106 1744 2130 meum,
1759 2099 1792 2126 ut

1021 2147 1131 2175 dietum
1142 2149 1183 2174 est
1196 2154 1301 2182 supra,
1315 2148 1353 2182 (v.
1370 2147 1411 2178 23)
1428 2147 1460 2173 Ut
1471 2147 1617 2181 impleatur
1628 2152 1728 2178 sermo,
1743 2146 1791 2178 qui

1020 2195 1048 2220 in
1065 2195 1120 2228 Iege
1133 2201 1222 2220 eorum
1243 2195 1361 2227 scriptus
1377 2196 1431 2226 est,
1446 2195 1478 2220 ut
1498 2193 1540 2219 est
1562 2192 1593 2219 in
1616 2192 1742 2219 Psalmis.
1759 2192 1791 2218 Et

1021 2240 1061 2267 sic
1077 2240 1201 2267 sumitur
1219 2239 1266 2266 lex
1281 2238 1483 2266 communiter.
1511 2239 1542 2265 Et
1565 2236 1789 2272 intelligendum

1021 2288 1073 2320 est,
1082 2286 1138 2313 11οο
1151 2285 1262 2313 dictum
1273 2293 1334 2312 esse
1345 2284 1540 2316 consecutive,
1549 2292 1611 2312 non
1622 2283 1788 2316 causaliter,

1021 2334 1048 2359 et
1061 2340 1164 2359 eorum
1183 2332 1280 2367 legem
1295 2331 1364 2359 dicit
1378 2339 1439 2358 non
1453 2331 1491 2359 ab
1504 2331 1545 2358 eis
1559 2331 1721 2363 inventam,
1736 2327 1789 2356 sed

1021 2378 1062 2405 eis
1077 2378 1188 2412 datam,
1203 2378 1242 2405 ait
1256 2378 1433 2413 Augustinus
1443 2378 1474 2406 ¹⁵.
1485 2378 1555 2410 Quia
1567 2377 1628 2404 odio
1641 2376 1788 2403 habuerunt

1022 2432 1062 2451 me
1076 2426 1173 2458 gratis.
1190 2426 1222 2452 Ut
1235 2424 1315 2452 enim
1328 2424 1395 2452 ait¹⁰
1406 2423 1506 2452 Glossa
1517 2423 1640 2451 :uGratis
1653 2421 1724 2455 odit,
1738 2420 1790 2455 qui

1022 2514 1047 2532 0.
1066 2510 1087 2532 5.
1102 2522 1133 2526 —
1156 2509 1174 2525 ¹⁶
1195 2509 1241 2539 td„
1261 2510 1286 2532 in
1305 2509 1385 2538 leam,
1401 2510 1473 2532 tract.
1490 2513 1536 2537 xc,
1553 2513 1579 2530 n.
1597 2507 1620 2529 3.
1636 2518 1667 2523 -
1684 2505 1701 2519 '⁵
1718 2505 1789 2535 Sup.,

1022 2548 1061 2572 111,
1077 2546 1115 2567 20.
1132 2556 1163 2561 —-
1179 2544 1196 2560 ¹⁸
1211 2545 1286 2574 Aug„
1302 2544 1385 2574 Confi,
1402 2543 1444 2566 tib.
1461 2543 1520 2572 ΧΗ,
1535 2548 1556 2565 c.
1572 2546 1650 2565 xxm.
1666 2553 1692 2557 -
1709 2540 1726 2554 ¹⁷
1743 2539 1789 2570 td„

1022 2578 1047 2600 in
1060 2579 1142 2607 doum,
1160 2581 1232 2603 tract.
1249 2585 1301 2609 xm,
1315 2585 1340 2602 n.
1355 2580 1377 2603 Ξ.
1392 2591 1424 2596 -
1439 2578 1460 2594 ¹⁸
1474 2577 1547 2606 thid„
1560 2582 1588 2600 n.
1603 2577 1626 2599 4.
1641 2588 1671 2593 —
1687 2575 1704 2592 ¹⁹
1720 2574 1788 2599 Peal.

1023 2618 1113 2642 xxxiv,
1130 2616 1166 2638 19.
