1987 3032
245 241 299 270 116

240 305 367 337 Primus
382 307 502 346 gradus
516 310 562 338 est
583 308 800 348 incipientium
810 319 817 346 ;
836 308 1007 347 secundus,

241 360 471 398 proficientium
481 372 488 398 ;
500 362 622 399 tertius,
633 362 852 401 perfectorum.
862 361 943 393 Etad
951 363 1011 393 hoc

241 413 346 443 omnis
358 414 470 444 Christi
481 415 620 454 operatio
629 417 659 445 ct
669 415 853 453 evangelica
864 415 1010 454 praedica-

241 465 285 495 tio
295 466 472 504 ordinatur,
487 468 602 498 scilicet
613 470 648 498 ut
659 468 702 497 sic
714 468 876 507 tripliciter
889 467 1010 499 Christo

241 519 543 558 appropinquemus
560 520 597 551 Et
611 521 681 551 idco
694 521 799 551 subdit
813 530 820 551 :
836 522 923 552 Misit
933 522 1010 552 duos

242 571 412 611 discipulos
427 582 509 609 snos,
529 575 569 610 (v.
584 576 632 611 30)
648 573 754 605 dicens
769 583 778 604 :
792 574 839 604 Ile
857 575 890 604 in
906 575 1012 605 castel-

242 623 308 653 lum
322 625 410 664 quod
422 630 532 655 coms-a
547 635 600 656 ros
616 630 670 657 esl.
687 626 746 657 Per
755 627 833 658 duos
843 628 1012 667 discipulos

242 677 354 707 missos
368 678 557 718 intelligitur
572 680 763 711 universitas
781 681 1010 720 discipulorum

242 729 412 760 missorum
422 731 460 761 ad
468 733 717 763 convertendum
728 734 897 772 mundum,
906 737 936 764 ct
948 744 1013 765 ma-

241 782 328 812 xime
353 784 507 823 populum
536 786 694 824 gentium.
726 786 814 817 Unde
847 787 1012 827 Chysosto-

242 845 314 866 mus
329 837 337 853 ¹
349 837 422 867 dicit
441 839 525 877 quod
546 839 595 869 isti
617 840 680 871 duo
697 841 801 880 primo
819 841 1013 880 praedicave-

242 891 317 919 runt
328 890 478 928 gentibus
486 915 494 928 ‚
507 891 587 922 Phili
591 902 671 932 ppus
682 894 716 924 in
728 894 870 925 Samaria
879 919 886 933 ,
900 894 1011 926 Petrus

243 941 275 971 in
284 942 433 973 Caesarea.
445 944 515 975 Ideo
524 947 629 976 autem
639 949 714 977 sunt
722 947 796 986 duo,
807 948 845 978 ad
855 956 1013 978 commen-

242 995 384 1026 dandum
403 1005 524 1028 nexum
540 998 716 1038 charitatis,
735 1009 792 1031 seu
811 1003 938 1041 propter
954 1002 1014 1032 du-

243 1050 356 1089 plicem
380 1052 524 1083 ordinem
547 1054 810 1094 praedicantium,
834 1057 1013 1088 secundum

243 1104 427 1142 qualitatem
473 1107 665 1146 populorum
711 1110 1011 1141 convertendorum.

243 1156 330 1188 Unde
346 1158 453 1190 Glossa
465 1161 476 1176 Ξ
490 1170 498 1191 :
521 1173 534 1190 (ι
550 1161 632 1192 Duos
655 1162 749 1193 mittit
770 1166 898 1204 propter
914 1165 1014 1195 scien·

243 1211 319 1242 tiam
334 1213 490 1252 veritatis⁷
506 1216 537 1244 et
549 1215 740 1246 munditiam
755 1217 861 1256 operis
871 1242 878 1255 ‚
895 1218 946 1249 vel
961 1228 1015 1258 ge-

243 1265 339 1295 minae
357 1265 530 1296 dilectionis
551 1267 604 1298 Dei
623 1270 654 1298 et
673 1269 808 1308 proximi
830 1279 1015 1302 sacramen-

243 1320 312 1348 tum
337 1320 401 1349 toto
426 1320 501 1350 orbe
526 1321 780 1360 praedicandu1n3
812 1324 864 1355 vel
887 1328 1015 1364 propter

243 1370 322 1401 duos
336 1372 462 1403 ordines
476 1374 684 1414 praedicandi,
703 1385 807 1407 unum
829 1377 863 1407 in
884 1378 1016 1409 circum-

243 1424 375 1463 cisione,
394 1428 424 1456 et
441 1426 576 1458 alterum
599 1428 631 1458 in
651 1430 841 1467 gentibus.»
866 1431 902 1461 ln
920 1431 1016 1471 hujus

244 1477 498 1517 designationem
515 1480 631 1511 dicitur
644 1481 654 1497 ⁸
668 1491 676 1512 :
701 1493 716 1511 α
732 1482 816 1514 Misit
836 1484 905 1514 illos
924 1485 1016 1516 binos

244 1533 316 1562 ante
339 1532 451 1563 faciem
472 1542 575 1564 suam.
592 1545 606 1562 ›)
632 1534 719 1566 Unde
739 1536 872 1567 dicitur⁴
890 1548 896 1567 ε
926 1549 939 1566 (ι
955 1538 1016 1568 Me-

244 1583 306 1613 lius
321 1586 368 1614 est
382 1585 462 1616 duos
476 1596 544 1617 esse
558 1587 668 1626 simul,
685 1598 782 1628 quam
798 1599 912 1621 unum.
925 1602 940 1619 »
957 1591 1016 1622 Per

246 1637 409 1668 castellum
424 1639 501 1670 illud
519 1640 603 1679 quod
624 1642 671 1671 est
694 1644 803 1672 contra
825 1643 1015 1683 discipulos,

246 1691 434 1731 intelligitur
448 1695 599 1733 010οᾱ05,
616 1695 654 1726 (10
669 1705 732 1735 quo
747 1696 777 1726 in
791 1697 914 1728 Joanne
933 1698 971 1737 (a)
985 1703 994 1718 ⁵
1009 1708 1016 1729 :

251 1755 265 1771 «
276 1744 309 1773 Si
320 1745 458 1776 mundus
465 1755 522 1776 vos
533 1747 610 1785 odit,
619 1748 726 1778 scitote
735 1749 811 1788 quia
819 1759 870 1780 me
880 1750 1018 1790 priorem

248 1797 339 1827 vobis
353 1798 424 1828 odio
439 1799 564 1830 habuit.
576 1811 590 1829 1)
608 1800 646 1831 Et
660 1803 767 1832 tamen
782 1802 815 1832 in
828 1803 915 1833 hunc
935 1804 1021 1834 misit

248 1849 417 1889 discipulos
433 1852 471 1882 ad
486 1853 737 1892 praedicandum.
756 1855 844 1886 Unde
860 1856 968 1887 Glossa
985 1856 995 1872 ‘³
1011 1867 1018 1886 :

252 1914 265 1931 (κ
279 1903 362 1934 Misit
382 1904 550 1944 discipulos
566 1907 600 1937 in
620 1908 785 1938 castellum
809 1910 893 1948 quod
911 1911 1020 1940 contra

250 1965 303 1987 eos
317 1959 395 1996 erat,
411 1958 442 1989 id
457 1961 503 1990 est
525 1960 666 1991 doctores
680 1962 735 2001 qui
757 1962 882 1993 indocta
897 1972 932 1993 ac
947 1963 1022 1994 bar-

250 2009 328 2040 bara
356 2011 453 2041 totius
467 2012 552 2043 orbis
572 2013 681 2052 latera,
711 2016 801 2055 quasi
816 2016 1020 2055 contrapositi

251 2063 369 2094 castelli
379 2065 508 2104 moenia,
520 2067 770 2106 evangelizando
782 2070 1017 2108 penetrarent.»

252 2116 287 2146 ln
314 2116 374 2147 hoc
408 2118 508 2157 igitur
535 2121 763 2159 praefiguratur
791 2122 1021 2161 discipulorum

252 2168 360 2199 missio
396 2169 435 2199 ad
464 2171 715 2202 convertendum
742 2173 900 2203 mundum
914 2197 921 2210 ‚
949 2182 1022 2212 quae

252 2222 331 2252 facta
346 2224 392 2252 est
406 2225 476 2262 post
495 2224 673 2263 passionem
693 2227 724 2255 et
746 2227 1020 2264 resurrectionem,

253 2275 427 2305 secundum
451 2275 576 2307 illud⁷:
598 2289 612 2306 «
635 2277 719 2308 Dixit
742 2279 787 2309 eis
811 2288 817 2308 :
845 2279 964 2310 Euntes
990 2281 1022 2310 in

254 2328 411 2358 mnndum
438 2329 626 2360 universum
642 2355 649 2369 ,
679 2331 846 2370 praedicate
871 2332 1021 2372 Evange-

253 2380 333 2409 lium
351 2382 438 2411 omni
452 2385 617 2414 creaturae.
633 2395 647 2411 »
667 2383 733 2415 Hoc
749 2393 828 2424 ergo
844 2385 905 2416 fuit
920 2386 1020 2426 impe-

253 2434 338 2464 rium
354 2435 461 2474 pium:
480 2438 510 2466 et
523 2437 583 2468 hoc
597 2438 743 2477 designat
759 2439 1022 2479 appropinquatio

254 2487 293 2517 ad
307 2490 447 2518 montem
469 2488 592 2529 Ohveti,
611 2491 649 2522 de
666 2501 729 2531 quo
746 2491 888 2523 Christus
909 2502 1022 2524 ascen-

253 2539 297 2570 dit
312 2541 344 2571 in
360 2541 487 2572 coelum.

284 2633 289 2648 ¹
308 2633 361 2656 lmo
375 2635 463 2657 auctor
479 2633 550 2663 Oper.
563 2634 662 2664 imperf.
679 2636 704 2658 in
722 2637 824 2665 Mami„
837 2638 908 2662 hom.
920 2643 1020 2669 xxxvii,

253 2667 317 2691 inter
341 2668 387 2698 Op.
412 2668 552 2699 Chryso-an,
574 2670 690 2699 Append.
717 2673 779 2695 tom.
800 2674 844 2697 Vl.
862 2686 892 2691 —-
915 2674 924 2688 ²
939 2674 1021 2698 Gloss.

253 2702 362 2727 interlin.
378 2703 404 2727 in
418 2703 487 2727 huuc
506 2704 554 2728 loc.
570 2717 601 2722 —
618 2706 626 2719 ό
641 2707 714 2736 sup„
729 2712 754 2736 x,
773 2710 795 2730 1.
809 2721 840 2725 -
854 2708 864 2724 ”
879 2709 970 2739 ΕοοΙ0.,
987 2716 1022 2740 iv,

784 241 995 273 EVANGELII
1019 241 1158 274 SANCTI
1179 242 1290 276 LUCAE

1109 310 1263 350 Secundo,
1276 313 1379 352 quoad
1394 313 1579 344 mandatum
1593 314 1763 353 providum
1778 324 1835 355 per

1067 364 1213 403 spiritum
1229 366 1414 404 prophetiae,
1431 366 1535 397 subdit
1553 376 1560 397 :
1575 368 1613 398 In
1634 367 1723 408 quod
1735 368 1833 398 intro-

1068 421 1173 447 euntes
1201 418 1364 449 invenietis
1379 420 1507 458 pullum
1529 421 1628 451 (ιςῐκια-
1654 420 1835 461 alliqatum.

1069 468 1155 505 Quod
1171 471 1299 510 quidem
1326 471 1429 502 dicere
1448 481 1512 503 non
1534 476 1655 512 poterat
1676 464 1839 504 certitudi-

1068 522 1191 560 naliter,
1209 523 1270 553 uisi
1285 525 1360 563 quia
1381 525 1515 556 habebat
1534 527 1765 566 praescientiam
1784 527 1838 558 fu-

1068 576 1225 606 turorum.
1249 576 1475 608 Verumtamen
1499 580 1528 609 et
1555 580 1614 610 hoc
1643 580 1749 620 ipsum
1772 581 1839 612 sine

1069 629 1220 667 mysterio
1239 638 1305 660 esse
1320 639 1384 660 non
1408 633 1520 670 potest,
1536 633 1612 671 quia
1632 633 1698 664 Rex
1717 633 1785 664 coeli
1808 636 1839 664 et

1070 684 1163 712 terrae
1177 682 1291 721 quaerit
1313 683 1449 722 pullum,
1467 686 1497 714 et
1511 694 1576 715 non
1591 694 1836 726 quemcumque,

1069 735 1123 765 sed
1138 735 1338 775 indomitum,
1355 737 1439 767 unde
1452 738 1559 768 subdit
1573 749 1579 768 ι
1599 738 1663 771 Cui
1676 748 1769 770 nemo
1784 749 1842 770 un-

1069 798 1168 828 quam
1185 788 1352 819 hominum
1366 789 1459 827 sedin
1477 800 1534 821 nec
1552 791 1837 832 qualitercumque,

1070 841 1123 871 scd
1139 841 1315 880 alligatum,
1334 845 1461 882 propter
1483 844 1567 883 quod
1593 845 1679 875 addit
1695 856 1702 876 :
1719 845 1841 877 Solvite

1071 898 1099 924 cl
1111 894 1269 925 adducite.
1282 895 1331 926 Ex
1346 904 1409 935 quo
1424 897 1587 928 manifeste
1602 900 1742 937 apparet,
1755 898 1840 938 quod

1070 948 1131 978 hoc
1145 949 1212 978 sine
1223 950 1375 988 mysterio
1390 958 1458 980 esse
1472 959 1537 981 non
1548 953 1659 990 potest.
1672 950 1842 990 Propterea

1070 1000 1315 1040 intelligendum
1334 1004 1397 1040 est,
1422 1003 1506 1042 quod
1530 1004 1611 1034 sicut
1637 1013 1693 1044 per
1718 1004 1841 1034 asinam

1071 1053 1263 1093 intelligitur
1284 1064 1463 1095 synagoga,
1488 1056 1530 1087 ita
1544 1065 1601 1096 per
1621 1056 1745 1096 pullum
1761 1065 1842 1096 gen-

1071 1107 1168 1138 tilitas
1183 1108 1378 1148 designatur.
1391 1109 1479 1140 Unde
1494 1110 1601 1140 Glossa
1614 1121 1621 1140 2
1638 1109 1739 1141 «Tres
1749 1119 1844 1141 evan-

1073 1161 1194 1199 gelistae
1211 1171 1316 1201 graece
1331 1163 1535 1202 scripserunt,
1551 1164 1607 1204 qui
1627 1164 1750 1204 pullum
1771 1166 1841 1194 tan-

1071 1216 1140 1244 tum
1156 1218 1416 1246 commemorant.
1434 1216 1613 1255 Matthaeus,
1625 1217 1679 1257 qui
1695 1217 1842 1248 hebraice

1072 1268 1204 1307 scripsit,
1222 1271 1253 1298 et
1269 1269 1391 1299 asinam
1405 1270 1542 1300 solutam
1564 1273 1594 1300 et
1609 1270 1776 1301 adductam
1791 1280 1841 1301 re-

1072 1321 1142 1359 fert,
1168 1323 1205 1351 ut
1229 1322 1367 1352 hebraeae
1388 1332 1514 1362 quoque
1540 1323 1662 1362 gentis,
1687 1324 1714 1354 si
1741 1324 1844 1364 poeni-

1072 1374 1204 1412 tuerint,
1220 1384 1284 1405 non
1302 1375 1529 1415 desperandam
1544 1379 1698 1408 monstret
1712 1386 1780 1408 esse
1794 1387 1845 1408 sa-

1072 1427 1183 1458 lutem.
1205 1439 1219 1456 ))
1236 1428 1323 1463 Unde
1338 1429 1372 1458 in
1391 1429 1542 1460 Mattlzaeo
1561 1430 1596 1469 (b)
1614 1430 1624 1446 ⁸
1642 1441 1649 1461 :
1667 1441 1682 1459 a
1699 1430 1844 1462 Invenie-

1073 1480 1113 1510 tis
1126 1481 1247 1511 asinam
1271 1481 1445 1520 alligatam,
1471 1485 1501 1512 et
1522 1483 1647 1522 pullum
1666 1492 1740 1514 cum
1761 1493 1808 1514 ea.
1826 1494 1840 1512 u

1073 1533 1192 1564 Dicitur
1207 1536 1314 1565 autem
1330 1535 1468 1574 populus
1483 1536 1611 1574 gentilis
1625 1536 1731 1576 pullus
1746 1537 1844 1568 asinae

1073 1589 1203 1626 propter
1220 1588 1421 1619 stoliditatem
1444 1589 1567 1628 ingenii
1583 1590 1593 1606 ⁹
1611 1599 1619 1620 ε
1642 1602 1657 1619 «
1672 1589 1726 1621 Vir
1741 1599 1846 1621 vanus

1074 1640 1107 1669 in
1128 1640 1309 1679 superbiam
1336 1641 1484 1680 erigitur,
1503 1644 1534 1672 et
1551 1644 1704 1682 tanquam
1721 1642 1846 1682 pullum
1882 1672 1886 1676 .

1075 1693 1190 1732 onagri
1205 1703 1238 1724 se
1259 1694 1395 1724 liberum
1411 1696 1524 1725 natum
1550 1697 1650 1734 putat.
1670 1706 1685 1723 1)
1702 1695 1760 1726 Sed
1783 1695 1848 1726 alli-

1077 1748 1171 1784 gatus
1201 1747 1315 1777 dicitnr
1339 1747 1467 1777 funibus
1490 1750 1707 1787 peccatorum,
1733 1756 1848 1778 secun-.

1075 1799 1153 1829 dum
1168 1799 1244 1830 illud
1260 1800 1280 1816 ¹⁰
1297 1811 1304 1830 :
1323 1811 1338 1829 (ι
1353 1800 1473 1839 impius
1490 1801 1620 1831 funibus
1643 1803 1847 1840 pcccatorum

1076 1861 1210 1883 suorum
1233 1853 1474 1892 constringitur.
1490 1865 1505 1882 »
1518 1853 1556 1884 Et
1572 1854 1622 1884 his
1637 1854 1767 1885 funibus
1781 1863 1848 1884 non

1076 1907 1202 1935 tantum
1222 1905 1358 1945 populus
1388 1906 1535 1944 gentium
1554 1906 1674 1945 ligatus
1694 1908 1779 1945 erat,
1795 1915 1849 1937 ve-

1076 1966 1149 1988 rum
1165 1958 1260 1988 etiam
1273 1967 1451 1997 synagoga.
1468 1958 1556 1989 Unde
1568 1968 1664 1999 supra
1679 1960 1698 1976 ¹¹
1716 1970 1746 1990 z«
1759 1959 1849 1990 Hanc

1077 2013 1183 2041 autem
1197 2011 1297 2041 filiam
1310 2011 1460 2049 Abrahae,
1478 2021 1575 2051 quam
1596 2012 1741 2051 alligavit
1763 2011 1850 2043 Sata-

1077 2072 1135 2093 nas
1147 2072 1218 2094 0000
1233 2064 1341 2095 decem
1365 2067 1396 2094 et
1415 2067 1484 2095 octo
1499 2065 1601 2103 annis,
1622 2074 1686 2096 non
1709 2065 1849 2105 oportuit

1077 2117 1157 2147 solvi
1172 2126 1190 2147 a
1208 2117 1358 2148 vinculo?
1374 2128 1388 2145 »
1409 2117 1446 2148 Et
1467 2118 1582 2149 dicitur
1597 2119 1692 2149 etiam
1716 2119 1850 2150 indomi-

1078 2173 1129 2201 tus
1142 2179 1219 2208 esse,
1235 2171 1310 2210 quia
1331 2170 1457 2201 carebat
1476 2171 1563 2201 omni
1584 2171 1743 2210 regimine
1758 2171 1848 2202 disci-

1078 2224 1173 2263 plinae
1194 2224 1261 2254 Dei.
1284 2223 1371 2254 Unde
1399 2224 1529 2254 Glossa:
1556 2235 1571 2253 <r
1597 2224 1794 2255 Introeuntes
1815 2224 1848 2254 in

1078 2277 1237 2308 mundum
1248 2277 1478 2316 praedicatores,
1490 2277 1682 2308 invenerunt
1692 2277 1848 2317 populum

1078 2330 1244 2361 nationum
1259 2330 1399 2370 perfidiae
1420 2331 1558 2361 vinculis
1580 2330 1750 2368 irretitum,
1766 2330 1846 2361 lihe-

1078 2392 1152 2413 rum
1167 2385 1197 2413 et
1211 2383 1376 2421 lascivum,
1393 2384 1445 2415 cui
1459 2393 1554 2414 nemo
1575 2392 1720 2423 unquam
1738 2383 1848 2414 homi-

1079 2444 1157 2466 num
1174 2436 1340 2475 insederat,
1357 2437 1388 2467 id
1403 2439 1460 2474 est,
1477 2437 1585 2467 nullus
1598 2435 1762 2467 rationalis
1776 2435 1848 2466 doc-

1078 2490 1128 2518 tor
1141 2489 1266 2520 frenum
1288 2490 1488 2521 correctionis
1502 2489 1665 2529 imposuit.
1689 2499 1704 2517 »
1729 2488 1772 2519 De
1786 2489 1847 2520 hoc

1079 2583 1102 2605 9.
1117 2595 1147 2600 —
1161 2583 1171 2599 ¹⁵
1185 2584 1264 2614 doum,
1284 2590 1327 2615 SV,
1346 2586 1384 2608 18.
1400 2597 1429 2603 —
1443 2584 1452 2598 θ
1471 2584 1553 2608 Gloss.
1574 2583 1684 2608 interlin.
1705 2585 1731 2608 in
1745 2584 1847 2615 matth„

1079 2624 1101 2641 c.
1119 2623 1162 2641 xx.
1182 2632 1212 2636 —
1230 2620 1236 2633 ⁷
1251 2620 1340 2648 Mar-c..
1359 2625 1415 2650 xv1‚
1434 2621 1472 2643 14.
1493 2632 1524 2637 —-
1543 2619 1551 2632 ⁸
1575 2619 1677 2649 Mamm,
1700 2625 1755 2649 xxi,
1777 2621 1800 2644 2.
1818 2632 1848 2637 -—

1077 2653 1088 2668 ⁹
1101 2653 1157 2681 lob,
1175 2660 1211 2684 xi,
1228 2656 1263 2678 12.
1275 2669 1300 2672 —
1319 2656 1338 2671 ¹⁰
1353 2656 1438 2685 Prov„
1454 2661 1478 2685 v,
1495 2656 1534 2678 22.
1548 2667 1579 2672 -—
1595 2655 1611 2670 ¹¹
1629 2656 1703 2685 Sap„
1720 2661 1777 2686 xlii,
1794 2656 1830 2679 16.

1110 2711 1143 2740 (a)
1158 2712 1218 2736 Coet*
1232 2713 1292 2738 edit.
1307 2714 1428 2738 Joannes.
1438 2726 1468 2730 —
1484 2713 1516 2743 (b)
1535 2714 1597 2738 Item
1612 2713 1683 2738 Unde
1702 2712 1845 2738 Matthaeus.
