1987 3032
203 232 261 261 292

200 295 239 323 ait
252 294 446 330 imperative?
461 295 533 322 Cum
549 293 609 329 ipse
622 292 794 328 loqueretur
809 292 846 319 de
861 290 972 326 templo

201 341 333 377 corporis
348 341 408 375 sui,
433 348 494 368 non
515 339 617 367 debuit
639 339 784 374 imperare
805 338 846 366 eis
861 337 975 366 solvere

199 388 353 423 templum.
376 388 409 414 Et
433 386 472 414 ad
492 386 548 413 hoe
573 384 731 420 respondet
753 384 870 418 (nossa,
893 383 976 419 quod

200 433 278 461 istud
297 434 350 461 fuit
374 432 547 468 prophetia,
572 440 632 459 non
659 431 737 458 enim
762 431 902 466 imperat,
923 430 975 457 sed

201 481 285 517 quasi
298 481 423 508 diceret:
442 481 498 506 Vos
513 479 648 511 solvetis,
665 478 813 506 seilicetin
826 478 973 513 passione,

201 529 228 554 et
241 535 296 562 ego
313 527 447 554 excitabo
468 526 499 552 in
513 524 735 552 resurrectione.
753 526 784 552 Et
798 524 916 560 proprie
931 524 976 552 lo·

201 573 300 608 quitur
316 582 322 600 :
345 573 489 606 ErcitaIw,
507 571 591 607 quasi
613 571 650 598 de
671 579 776 606 somno
793 571 832 598 ob
848 570 976 598 brevita-

201 621 260 647 tem
275 619 416 654 temporis
438 620 504 646 ante
529 618 788 652 resurrectionem,
811 618 975 645 secundum

200 665 274 693 illud
284 666 399 693 Ρεαῖιηίί
415 674 421 692 :
432 675 445 691 «
456 667 514 700 Ego
524 664 662 699 dormivi,
673 667 700 692 et
709 667 865 700 soporatus
874 672 972 691 sum.»

201 712 281 740 Unde
304 712 410 739 dicitur
425 711 435 726 ²
459 721 466 738 ι
495 711 613 739 «Tertia
637 710 684 738 dic
708 711 860 739 suscitabit
878 718 973 738 nos.»

201 760 233 786 Et
247 759 401 786 occasione
425 759 507 786 istius
528 757 630 792 verbi,
647 758 721 786 sieut
739 757 870 791 eredtur,
896 765 974 784 sum-

201 806 285 840 ptum
304 805 357 832 fuit
374 805 453 832 istud
472 804 579 832 falsum
593 804 793 832 testimonium
808 804 976 831 Judaeorum

202 850 362 879 dicentium
384 852 393 869 ³
417 861 423 879 ι
444 860 457 876 «
474 851 546 878 Dixit
574 860 580 878 :
603 853 725 878 Possum
740 850 888 878 destruere
902 852 975 878 tem-

202 898 286 933 plum
302 899 366 932 Dei,
382 900 409 925 et
424 900 491 934 post
506 898 637 926 triduum
652 898 798 926 aedificare
815 898 898 926 illud.
914 908 926 923 ι)
944 899 977 925 Et

203 946 273 972 nota
284 944 367 980 quod
383 944 460 972 istud
475 945 601 972 verbum
610 947 709 980 posset
722 953 783 972 esse
799 944 976 972 conveniens

204 990 302 1018 thema
330 992 462 1026 tempore
491 991 635 1027 passionis
663 991 709 1019 vel
737 991 956 1019 resurrectionis
967 1011 977 1024 ,

91 1038 189 1072 Quatuor
204 1036 234 1063 in
255 1045 316 1072 quo
340 1037 504 1072 figurantur
531 1040 659 1073 quatuor
688 1045 816 1073 quorum
847 1037 977 1072 primum

82 1069 188 1119 122AE?
204 1085 246 1110 est
261 1083 335 1110 sacri
351 1084 482 1119 corporis
498 1083 560 1110 Filii
576 1083 624 1111 Dei
635 1083 792 1118 singularis
804 1085 831 1110 et
842 1083 977 1111 dedicata

203 1129 352 1162 sanctitas,
369 1129 409 1156 ibi
422 1138 428 1156 :
448 1130 593 1164 Templum.
615 1139 628 1155 «
643 1130 674 1157 In
689 1130 750 1157 sole
766 1129 845 1157 enim
855 1130 865 1145 ¹¹
879 1129 978 1164 posuit

204 1175 426 1203 tabernaculum
441 1183 527 1203 suum
543 1185 549 1203 :
564 1186 576 1201 n
593 1176 672 1203 unde
685 1176 828 1209 figuratur
841 1183 893 1211 per
908 1177 978 1203 tem-

202 1220 286 1256 plum
305 1222 471 1249 Salomonis
481 1223 501 1254 ⁵,
516 1222 547 1249 in
559 1230 618 1257 quo
634 1224 717 1249 erant
728 1222 829 1250 omnia
840 1222 924 1258 quasi
940 1222 976 1249 de

111 1268 188 1286 imma·
203 1275 293 1301 auro,
310 1267 357 1294 vel
379 1275 478 1295 aurea.
506 1269 536 1295 In
560 1276 620 1303 quo
644 1270 762 1296 notatur
789 1268 978 1295 immaculata

83 1298 189 1348 afflatis
203 1313 348 1340 sanctitas.
379 1314 457 1341 Istud
487 1314 566 1341 enim
588 1314 732 1350 templum
758 1322 873 1342 sacrum
899 1317 976 1348 erat,

203 1359 278 1387 illud
291 1360 301 1376 ⁶
318 1370 331 1385 «
344 1360 569 1387 tabernaculum
582 1368 643 1388 non
658 1369 749 1388 manu
763 1361 882 1388 sactum.
899 1370 911 1386 »
931 1361 979 1388 Se-

106 1417 188 1438 93531)
204 1407 302 1434 cundo
326 1407 470 1442 figuratur
492 1407 637 1442 passionis
660 1407 883 1441 universalitas,
907 1407 949 1434 ibi
970 1416 976 1434 ε

85 1455 188 1499 ἳζηζὲῑ
204 1454 303 1481 Solvite
310 1474 318 1488 ,
340 1453 372 1480 id
395 1456 454 1480 est:
483 1454 624 1481 Solvetis:
648 1453 730 1488 quod
751 1453 830 1481 enim
844 1453 978 1487 solvitur,

95 1511 136 1530 tas.
205 1501 338 1536 undique
353 1500 496 1535 deligatur
512 1503 538 1528 et
557 1500 744 1534 dilaceratur,
767 1503 795 1527 et
817 1501 880 1535 eJus
896 1508 977 1527 com-

205 1555 284 1582 pago
305 1547 472 1582 dissipatur.
499 1547 543 1574 Sic
567 1547 620 1574 fuit
635 1547 671 1574 dc
687 1554 770 1574 sacro
787 1554 909 1582 corpore
925 1548 979 1573 Do-

207 1593 295 1627 mini,
313 1593 434 1628 quando
451 1593 542 1620 clavis
556 1593 781 1620 confodiebatur
803 1595 830 1620 et
848 1592 980 1628 persora-

207 1639 303 1666 batur.
329 1640 359 1666 In
378 1639 475 1673 figura
494 1640 505 1656 ⁷
530 1648 536 1666 :
563 1649 576 1664 «
591 1639 722 1667 Concidit
748 1639 782 1673 (a)
800 1647 846 1666 me
861 1639 981 1666 vulnere

208 1693 297 1721 super
314 1685 430 1712 vulnus.
448 1695 460 1711 »
482 1687 513 1712 Et
534 1685 544 1701 ⁸
561 1695 566 1712 :
587 1695 600 1711 «
616 1685 759 1712 Destruxit
780 1693 827 1712 me
848 1685 981 1720 undique

209 1734 237 1759 et
250 1739 350 1767 pereo.
366 1742 378 1757 n
398 1733 429 1758 Et
445 1731 575 1766 sequitur
592 1732 602 1748 ⁹
619 1740 625 1758 ε
648 1742 661 1756 «
676 1732 816 1758 Fecerunt
831 1731 887 1758 sibi
903 1731 983 1759 viam

209 1786 262 1813 per
275 1786 337 1811 me,
352 1780 380 1805 et
395 1778 575 1805 obsederunt
590 1777 619 1804 in
632 1786 705 1813 gyro
721 1778 955 1805 tabernaculum.
965 1788 979 1805 ν

114 1833 196 1853 luviem
211 1826 305 1853 Tertio
320 1824 463 1859 figuratur
479 1825 612 1859 ejusden]
629 1825 736 1851 invicta
750 1827 876 1859 potestas
895 1825 923 1851 in
938 1832 984 1852 re—

91 1866 196 1915 Ξοζῐζῖζ
212 1872 377 1906 surgendo,
401 1871 442 1898 ibi
458 1880 463 1898 :
489 1872 619 1898 Eoecz'tabo
633 1871 712 1897 illud.
730 1872 760 1898 In
778 1879 837 1906 quo
853 1871 984 1898 notanda

93 1925 175 1951 gendo,
212 1919 362 1954 aequalitas
382 1918 530 1953 potestatis
552 1917 613 1944 Filii
629 1926 696 1944 cum
716 1919 806 1944 Patre.
831 1917 911 1944 L'ndc
925 1920 983 1945 Au-

213 1965 344 2000 gustinus
359 1965 378 1981 ¹⁰
395 1974 401 1991 :
423 1965 513 1997 «Quo
536 1963 627 1990 modo
647 1963 764 1991 suscitat
780 1965 876 1997 Pater,
899 1963 939 1991 sic
958 1965 986 1990 et

213 2011 310 2038 Filius.
327 2020 340 2036 »
353 2010 371 2027 ¹¹
387 2020 400 2035 «
416 2012 587 2037 potestatem
599 2010 695 2037 habeo
709 2009 841 2045 ponendi
855 2009 985 2037 animam

213 2065 326 2091 meam,
339 2058 367 2084 et
381 2056 486 2084 iterum
500 2056 636 2084 sumendi
651 2056 741 2083 illam.
757 2066 770 2083 »
789 2057 896 2089 Quarto
911 2056 985 2091 figu-

115 2110 200 2130 Veritas
214 2105 295 2132 ratur
308 2103 414 2131 veritas
427 2103 544 2136 mortis,
560 2105 588 2131 et
601 2103 742 2131 velocitas
755 2102 985 2136 resurrectionis,

96 2141 180 2161 mmm·
215 2151 278 2178 ibi:
296 2151 390 2178 Tribus
404 2150 495 2177 diebus
514 2158 524 2176 :
547 2151 575 2177 et
596 2149 653 2177 hoc
672 2149 781 2177 scilicet
794 2149 834 2177 ad
847 2148 985 2176 manifes-

216 2197 338 2225 tandam
351 2197 504 2224 veritatem
526 2196 627 2223 mortis
642 2198 669 2223 et
687 2196 717 2222 in
732 2195 914 2230 resurgendo
928 2195 986 2222 vir-

216 2246 305 2272 tutem
318 2243 467 2279 potestatis
476 2243 496 2259 ¹²
514 2251 540 2269 z«
549 2242 606 2269 Erit
620 2242 708 2269 Filius
718 2241 845 2269 hominis
857 2241 887 2268 in
897 2241 986 2269 corde

217 2292 298 2317 terrae
313 2290 405 2317 tribus
421 2289 536 2317 diebus.
560 2298 573 2314 >a
601 2288 728 2322 Qualiter
749 2290 847 2315 autem
870 2288 988 2314 fuerunt

216 2338 273 2363 tres
297 2336 373 2370 dies,
398 2338 425 2363 et
445 2338 501 2363 tres
529 2336 652 2362 noctes?
670 2334 847 2369 Augustinus
870 2333 988 2366 bcne¹³,

217 2382 300 2417 quod
317 2392 330 2407 «
346 2382 457 2417 primus
472 2382 550 2416 dieS,
571 2389 589 2409 a
603 2383 684 2416 parte
704 2383 833 2408 extrema
847 2382 923 2407 totus
938 2387 989 2407 an-

217 2431 401 2463 numeratus3
427 2429 558 2456 similiter
572 2428 673 2456 tertius
695 2436 712 2455 a
733 2429 813 2463 parte
837 2426 948 2462 prima,
963 2428 990 2453 et

250 2489 258 2505 ¹
272 2489 338 2513 Psal.
358 2494 398 2518 ιιι,
412 2490 435 2512 G.
447 2501 476 2506 —
490 2489 499 2504 2
511 2490 573 2518 Ore„
590 2494 624 2517 vi,
637 2490 660 2511 3.
677 2501 706 2505 —
722 2488 730 2501 ³
742 2487 843 2515 Mami„
860 2492 931 2515 xxvi,
949 2488 987 2510 ut.

219 2539 242 2543 -
268 2526 276 2539 ⁴
299 2524 366 2548 Psal.
393 2530 472 2553 xv111,
499 2525 522 2546 G.
546 2536 577 2540 --
601 2525 609 2537 ⁵
633 2524 663 2546 111
690 2524 759 2553 Req..
782 2528 833 2552 vu,
857 2524 940 2545 -19-51.
959 2533 989 2538 ——

219 2562 227 2575 ¹³
242 2560 378 2589 Hebr.,1x,
396 2561 473 2582 11.-
489 2558 562 2588 71011,
576 2560 683 2588 xv1‚¹t5.
697 2571 726 2575 —
741 2558 751 2573 ⁸
764 2558 818 2586 Job,
833 2563 890 2585 xix,
908 2558 943 2579 ¹0.
960 2568 990 2572 —

218 2595 316 2625 ¹³1bid,
336 2596 372 2618 42.
386 2607 416 2611 —-
439 2595 459 2610 ¹⁰
475 2595 546 2623 Aug.¹
566 2593 608 2616 ubi
628 2600 693 2623 sup,
709 2600 734 2617 n.
756 2595 793 2617 11.
810 2605 839 2610 —-
857 2593 872 2608 '¹
890 2592 947 2620 lull,
963 2596 989 2620 x,

220 2632 256 2654 18.
269 2643 295 2647 -·-
312 2630 331 2646 ¹²
343 2629 444 2658 Mami„
460 2635 505 2657 xii,
520 2630 557 2652 4⁰.
570 2640 599 2645 —-
614 2628 634 2643 ¹³
645 2630 720 2658 Aug„
733 2627 928 2657 de1·1·1‘111·t.,lib.
946 2626 989 2655 IV,

219 2667 307 2696 VI,10.
323 2677 354 2683 —
369 2665 391 2681 1⁴
406 2665 436 2687 111
453 2664 520 2694 Rey„
537 2669 576 2692 vr,
592 2663 674 2686 257-38.
689 2676 719 2680 —
738 2664 780 2686 ι151
797 2663 882 2691 Εςάν.,
898 2668 932 2690 ιν,
950 2662 988 2684 24.

721 224 933 257 EVANGELH
956 224 1094 256 SANCTI
1116 225 1281 258 JOANNIS

1032 291 1094 327 ipse
1109 294 1185 320 totus
1192 302 1201 327 3
1225 292 1340 320 medius
1361 295 1460 321 autem
1478 292 1611 321 absolute
1631 294 1717 321 totns.
1733 302 1747 319 ι)
1770 294 1803 322 Et

1031 339 1164 374 sequitur
1182 348 1189 366 :
1208 349 1222 365 ιι
1236 339 1279 367 ΑΙ)
1291 340 1365 368 hora
1376 340 1478 368 mortis
1487 347 1580 376 usque
1595 339 1634 368 ad
1649 339 1803 367 diliculum

1032 385 1251 413 resurrectionis
1264 385 1382 414 fuerunt
1391 386 1586 422 quadraginta
1597 386 1687 419 horae,
1695 387 1726 413 ut
1735 393 1803 413 con·

1033 433 1150 465 grueret
1171 432 1231 459 vita
1254 440 1307 460 sua
1327 440 1415 468 super
1429 434 1537 460 terram
1551 433 1592 460 illi
1608 440 1748 466 numero,
1763 431 1803 459 ad

1032 476 1246 505 insinuandum
1274 479 1446 514 mysterium
1473 479 1670 515 perfectionis.
1694 489 1707 505 »
1739 479 1803 506 Haec
1846 496 1848 498 -

1031 523 1096 558 ille,
1113 526 1141 551 ct
1155 524 1195 551 ibi
1212 524 1288 552 bene
1305 525 1341 552 de
1356 525 1422 552 hoe.

1066 570 1110 597 ⁶20.
1128 571 1160 597 Et
1174 571 1304 606 sequitur
1319 571 1450 605 tertium,
1473 572 1581 600 seilicet
1600 572 1702 600 iterata
1718 571 1804 599 inter-

1031 616 1146 650 rogatio
1175 617 1336 645 Judeorum
1355 627 1363 644 .·
1392 619 1525 645 Dixerunt
1552 626 1612 652 erqo
1634 618 1724 645 Judaea·
1738 626 1748 645 .·
1765 617 1803 653 (ὁ)

1034 662 1224 697 Quadraginta
1237 671 1282 691 sea·
1301 666 1394 698 annis,
1417 666 1471 692 ete.
1487 663 1544 691 Sed
1559 664 1707 699 quaeritur,
1731 671 1805 700 qua-

1031 708 1096 736 liter
1110 709 1166 743 ait,
1187 709 1269 744 quod
1283 712 1325 737 tot
1339 709 1423 738 annis
1440 710 1494 737 fuit
1517 709 1660 745 templum
1680 709 1805 738 aedifica-
1827 717 1923 742 Quasfio

1032 757 1108 789 tum,
1125 763 1192 783 cum
1215 756 1245 782 in
1267 763 1316 783 sex
1338 757 1422 784 annis
1442 756 1528 784 fuerit
1542 756 1718 784 {edificatum
1733 758 1805 784 tem·
1817 747 1924 799 ⁶023ssss

1031 801 1132 836 plum,
1148 803 1175 828 ct
1193 801 1317 837 septimo
1340 804 1576 840 consummatum
1593 802 1692 836 fuerit,
1708 804 1739 830 ut
1752 810 1805 838 pa—
1818 809 1904 836 templi.

1032 848 1071 874 tet
1086 846 1115 874 ¹⁶.
1124 847 1242 875 Videtur
1261 848 1339 875 enim
1356 848 1438 884 quod
1453 849 1489 876 sit
1503 848 1704 876 contradictio.
1721 849 1751 876 Et
1765 848 1804 876 ad

1032 893 1110 921 istud
1124 894 1382 929 respondendum,
1406 895 1488 930 quod
1511 895 1640 931 primum
1662 894 1805 930 templum

1032 939 1085 967 fuit
1098 940 1276 968 aedificatum
1292 941 1322 968 in
1337 949 1387 968 sex
1401 942 1500 975 annis,
1515 944 1547 968 ut
1562 941 1673 968 dictum
1687 943 1728 968 est
1734 950 1742 975 3
1758 940 1805 967 hic

1032 994 1102 1014 vero
1117 987 1248 1022 loquitur
1260 988 1296 1015 de
1305 988 1415 1024 templo
1425 988 1602 1016 reaedifieato
1612 987 1667 1015 sub
1681 987 1806 1015 Zoroha-

1032 1032 1096 1067 bel,
1113 1034 1196 1069 eujus
1219 1034 1374 1062 aediticatio
1397 1035 1451 1062 suit
1469 1034 1595 1070 ineoepta
1609 1034 1706 1069 primo
1727 1041 1805 1062 anno

1033 1080 1099 1116 Cyri
1117 1081 1207 1115 regis;
1224 1081 1277 1109 sed
1290 1082 1519 1117 impedientibus
1539 1082 1641 1115 belm,
1660 1083 1702 1109 tot
1722 1082 1806 1109 annis

1031 1126 1085 1154 suit
1098 1127 1224 1162 perfecte
1238 1127 1425 1162 aedificatum,
1439 1130 1469 1155 ut
1481 1130 1559 1163 patet
1572 1129 1602 1155 ¹⁵.
1617 1129 1648 1155 Et
1658 1127 1694 1155 de
1709 1127 1806 1155 hocin

1033 1173 1141 1200 Glossa.
1154 1174 1210 1200 Sed
1226 1176 1327 1201 contra
1341 1174 1397 1202 hoc
1414 1176 1455 1202 est
1469 1174 1554 1208 illud,
1570 1173 1651 1209 quod
1661 1174 1701 1201 ait
1716 1174 1806 1209 Chry-

1033 1221 1179 1246 sostomus
1192 1221 1224 1254 ¹⁶,
1241 1220 1323 1255 quod
1337 1221 1366 1247 in
1384 1220 1487 1255 viginti
1503 1220 1587 1248 annis
1600 1219 1654 1247 fuit
1669 1228 1806 1248 consum—

1033 1268 1112 1293 mata
1132 1273 1269 1293 mensura
1289 1267 1490 1294 aedificationis
1513 1266 1620 1302 prioris
1640 1265 1752 1302 templi.
1773 1267 1806 1294 Et

1033 1311 1072 1338 ad
1090 1311 1167 1339 istud
1181 1314 1223 1339 est
1247 1312 1521 1348 respondendum,·
1535 1312 1617 1348 quod
1638 1312 1682 1340 vis
1703 1314 1746 1340 est
1764 1312 1806 1340 fa-

1033 1358 1138 1385 cienda
1152 1357 1182 1385 in
1196 1358 1252 1385 hoc
1268 1359 1350 1394 quod
1365 1359 1419 1386 ait:
1440 1359 1630 1386 Consummata
1647 1368 1653 1384 :
1671 1360 1807 1386 numerat

1033 1404 1111 1431 enim
1126 1405 1350 1440 Chrysostomus
1363 1407 1390 1432 et
1405 1405 1632 1433 aedificationem
1646 1405 1762 1441 templi,
1778 1407 1806 1433 et

1034 1448 1258 1476 {edificationem
1274 1450 1380 1477 domus
1395 1450 1498 1484 regiae,
1520 1458 1584 1485 quae
1598 1450 1737 1478 tredecim
1756 1458 1806 1478 an-

1034 1495 1079 1522 nis
1099 1497 1141 1522 est
1157 1495 1310 1530 aedificata,
1333 1498 1365 1523 ut
1381 1498 1460 1531 patet
1482 1497 1512 1523 ¹⁷.
1529 1496 1616 1529 Quasi
1634 1504 1704 1531 ergo
1731 1496 1807 1524 dice-

1034 1543 1098 1568 rent
1128 1541 1219 1569 Judaei
1246 1550 1252 1568 :
1282 1542 1465 1577 Impossibile
1496 1544 1551 1577 est,
1584 1543 1740 1578 loquentes
1768 1543 1807 1570 ad

1035 1587 1193 1622 Christum,
1211 1590 1236 1615 te
1257 1589 1382 1616 excitare
1400 1591 1442 1616 tot
1459 1588 1563 1616 diebus
1578 1589 1723 1624 templum
1736 1588 1807 1616 aedi-

1034 1633 1154 1660 ficatum
1171 1635 1212 1661 tot
1226 1634 1310 1661 annis
1325 1634 1355 1661 ¹⁸.

1071 1681 1115 1706 21.
1130 1680 1182 1707 Sed
1197 1681 1243 1707 z‘lle
1257 1681 1361 1707 dicebat
1377 1681 1409 1708 de
1425 1682 1522 1715 templo
1536 1682 1674 1716 corporis,-
1689 1681 1809 1708 utenim

1037 1726 1075 1753 ait
1089 1726 1313 1761 Augustinusw:
1327 1735 1340 1751 «
1354 1727 1403 1754 llle
1418 1727 1605 1762 spiritualiter
1619 1727 1807 1763 loquebatur,

1036 1773 1088 1799 sed
1103 1773 1144 1800 illi
1160 1781 1228 1801 earo
1248 1777 1344 1809 erant,
1363 1777 1390 1802 et
1407 1777 1439 1802 ut
1458 1782 1526 1802 caro
1542 1774 1705 1810 sapiebant.
1721 1785 1734 1800 »
1752 1773 1809 1802 Sed

1037 1820 1175 1855 quaeritur
1189 1820 1226 1847 de
1241 1820 1351 1854 Glossa,
1368 1822 1395 1847 ct
1413 1823 1454 1848 est
1469 1821 1620 1855 Augustini
1635 1822 1666 1854 ²⁰,
1684 1820 1734 1856 qui
1749 1821 1810 1848 haec

1038 1866 1174 1901 exponit,
1197 1874 1263 1902 quae
1285 1866 1385 1894 Glossa
1407 1867 1459 1901 ait,
1486 1866 1569 1902 quod
1587 1866 1811 1902 «quadraginta

1038 1920 1089 1939 sex
1104 1912 1209 1939 diebus
1232 1921 1339 1948 corpus
1357 1913 1476 1946 Christi,
1497 1915 1529 1940 ut
1545 1913 1698 1948 cujuslibet
1716 1912 1811 1940 homi-

1038 1959 1097 1993 nis,
1114 1959 1144 1985 in
1154 1960 1255 1986 ventre
1269 1959 1369 1986 matris
1379 1967 1432 1995 per
1443 1959 1543 1987 omnia
1557 1959 1693 1987 membra
1703 1959 1812 1987 forma-

1039 2008 1093 2032 tur.
1111 2017 1124 2029 u
1142 2005 1197 2033 Sed
1212 2005 1327 2033 videtur
1343 2005 1424 2041 quod
1438 2006 1495 2033 hoc
1512 2013 1574 2033 non
1588 2005 1675 2033 fuerit
1689 2005 1728 2033 ad
1742 2013 1810 2041 pro-

1039 2051 1186 2087 positum,
1208 2052 1279 2087 quia
1293 2052 1420 2079 Christus
1445 2052 1498 2079 fuit
1521 2053 1679 2087 conceptus
1698 2059 1735 2079 ex
1748 2051 1811 2087 Spi-

1039 2098 1095 2125 ritu
1111 2099 1214 2126 Sancto
1223 2098 1255 2125 2¹.
1267 2098 1330 2126 Alia
1342 2106 1467 2133 corpora
1479 2098 1610 2125 humana
1616 2097 1812 2125 fueruntcon-

1041 2145 1125 2179 cepta
1146 2152 1181 2171 ex
1196 2144 1358 2171 seminibus
1373 2144 1552 2178 commixtis,
1567 2145 1599 2170 ut
1618 2146 1696 2179 patet
1709 2151 1810 2179 supra,

1040 2190 1092 2218 ubi
1118 2190 1223 2217 dicitur
1242 2190 1263 2206 '2²
1289 2198 1295 2217 :
1314 2192 1405 2218 «Non
1431 2198 1466 2217 ex
1489 2189 1699 2225 sanguinibus,
1719 2199 1732 2215 »
1755 2191 1809 2216 etc.

1041 2237 1117 2271 Ergo
1131 2244 1193 2264 non
1207 2238 1249 2263 est
1270 2236 1364 2263 simile
1391 2236 1427 2263 de
1450 2244 1573 2271 corpore
1595 2235 1713 2269 Christi,
1732 2237 1760 2262 et
1773 2235 1810 2263 de

1042 2282 1106 2309 aliis
1121 2282 1295 2317 corporibus
1312 2282 1457 2309 humanis.
1481 2283 1551 2310 Item
1570 2282 1631 2317 ipse
1652 2281 1780 2309 Christus
1794 2288 1812 2308 a

1041 2329 1138 2364 primo
1152 2328 1268 2356 instanti
1284 2329 1484 2364 conceptionis
1491 2327 1545 2355 fuit
1554 2327 1698 2364 perfectus
1711 2327 1757 2355 vir
1771 2325 1809 2354 '³:

1046 2384 1059 2400 (ι
1073 2375 1202 2403 Foemina
1215 2374 1409 2403 circumdabit
1423 2375 1529 2402 virum.
1546 2384 1559 2401 »
1581 2376 1656 2408 Ergo
1674 2375 1706 2401 ut
1719 2373 1809 2409 prius.

1043 2468 1100 2491 Viil.
1117 2469 1193 2492 Corn.
1214 2475 1228 2491 a
1249 2468 1336 2498 Lapid.
1352 2468 1376 2491 in
1391 2468 1471 2495 Joan„
1488 2473 1521 2496 11,
1537 2468 1575 2490 ΞΟ.
1593 2479 1621 2483 -
1636 2466 1656 2482 ¹⁰
1670 2455 1810 2496 chrysost„

1044 2504 1069 2526 1'71
1086 2504 1169 2533 Joan„
1189 2503 1259 2527 hom.
1278 2509 1350 2532 xxii,
1367 2503 1400 2526 al.
1416 2508 1496 2532 xxm,
1516 2509 1542 2525 u.
1557 2503 1580 2524 2.
1596 2514 1625 2518 —
1650 2501 1669 2517 ¹⁷
1691 2501 1723 2524 111
1743 2501 1812 2532 Κεφ,

1045 2544 1088 2568 v11,
1108 2541 1165 2561 1.—
1182 2537 1200 2553 '⁸
1216 2538 1288 2567 thid„
1304 2543 1341 2566 lx,
1357 2540 1394 2561 10.
1405 2550 1435 2555 -
1452 2538 1468 2550 ¹⁹
1480 2539 1554 2566 Aug„
1567 2536 1592 2558 in
1602 2536 1684 2564 loun„
1700 2537 1772 2559 tract.
1785 2541 1812 2565 x,

1043 2580 1070 2596 n.
1087 2575 1124 2596 10.
1137 2586 1167 2590 -
1182 2573 1202 2589 ²⁰
1217 2573 1263 2602 ld.,
1277 2572 1307 2595 <le
1322 2573 1422 2601 Trinit.,
1437 2571 1480 2595 lib.
1498 2571 1538 2600 tv,
1555 2578 1577 2594 c.
1593 2576 1617 2594 v,
1632 2583 1658 2587 -
1677 2571 1695 2586 ²¹
1710 2570 1812 2600 Mami„

1046 2614 1063 2637 1,
1077 2610 1116 2631 20.
1133 2621 1163 2625 -—
1177 2609 1198 2624 ²²
1209 2609 1377 2638 Joan.‚1,1f3.
1391 2620 1422 2626 —·
1437 2607 1457 2623 ²⁸
1470 2607 1571 2635 dev-em„
1586 2611 1661 2636 xxxi,
1675 2607 1714 2630 22.

1076 2658 1109 2687 (a)
1126 2657 1187 2680 Coet.
1201 2656 1261 2680 edit.
1278 2657 1410 2680 conscidit.
1421 2668 1450 2674 —
1465 2655 1500 2686 (b)
1516 2655 1577 2679 Coet.
1590 2654 1653 2678 edit.
1668 2654 1725 2679 add.
1741 2655 1780 2679 Et.
