<?xml version="1.0" encoding="UTF-8"?>
<!DOCTYPE html PUBLIC "-//W3C//DTD XHTML 1.0 Transitional//EN"
    "http://www.w3.org/TR/xhtml1/DTD/xhtml1-transitional.dtd">
<html xmlns="http://www.w3.org/1999/xhtml" xml:lang="en" lang="en">
 <head>
  <title>
</title>
<meta http-equiv="Content-Type" content="text/html;charset=utf-8" />
  <meta name='ocr-system' content='tesseract 3.04.00' />
  <meta name='ocr-capabilities' content='ocr_page ocr_carea ocr_par ocr_line ocrx_word'/>
</head>
<body>
  <div class='ocr_page' id='page_1' title='image "./operaomniasixtiv11bonauoft/operaomniasixtiv11bonauoft_0083.png"; bbox 0 0 1987 3032; ppageno 0'>
   <div class='ocr_carea' id='block_1_1' title="bbox 698 184 1740 219">
    <p class='ocr_par' dir='ltr' id='par_1_1' title="bbox 698 184 1740 219">
     <span class='ocr_line' id='line_1_1' title="bbox 698 184 1740 219; baseline -0.009 0"><span class='ocrx_word' id='word_1_1' title='bbox 698 186 902 219; x_wconf 86' lang='lat' dir='ltr'>EXPOSITIO</span> <span class='ocrx_word' id='word_1_2' title='bbox 925 186 964 217; x_wconf 94' lang='lat' dir='ltr'>IN</span> <span class='ocrx_word' id='word_1_3' title='bbox 987 184 1071 217; x_wconf 82' lang='lat' dir='ltr'><strong>GAP.</strong></span> <span class='ocrx_word' id='word_1_4' title='bbox 1095 184 1186 217; x_wconf 86' lang='lat' dir='ltr'><strong>XVII.</strong></span> <span class='ocrx_word' id='word_1_5' title='bbox 1702 187 1740 215; x_wconf 84' lang='lat'>69</span> 
     </span>
    </p>
   </div>
   <div class='ocr_carea' id='block_1_2' title="bbox 146 254 921 2525">
    <p class='ocr_par' dir='ltr' id='par_1_2' title="bbox 147 254 917 664">
     <span class='ocr_line' id='line_1_2' title="bbox 148 254 915 292; baseline -0.005 -4"><span class='ocrx_word' id='word_1_6' title='bbox 148 257 324 288; x_wconf 81' lang='lat' dir='ltr'>severantia</span> <span class='ocrx_word' id='word_1_7' title='bbox 338 256 376 286; x_wconf 90' lang='lat' dir='ltr'>sit</span> <span class='ocrx_word' id='word_1_8' title='bbox 395 254 542 285; x_wconf 90' lang='lat' dir='ltr'>omnibus</span> <span class='ocrx_word' id='word_1_9' title='bbox 556 255 732 285; x_wconf 86' lang='lat' dir='ltr'>necessaria</span> <span class='ocrx_word' id='word_1_10' title='bbox 744 278 752 292; x_wconf 92' lang='lat'>,</span> <span class='ocrx_word' id='word_1_11' title='bbox 775 254 915 284; x_wconf 76' lang='lat' dir='ltr'>maxime</span> 
     </span>
     <span class='ocr_line' id='line_1_3' title="bbox 148 307 915 348; baseline -0.005 -7"><span class='ocrx_word' id='word_1_12' title='bbox 148 313 254 341; x_wconf 86' lang='lat' dir='ltr'>tamen</span> <span class='ocrx_word' id='word_1_13' title='bbox 272 309 458 340; x_wconf 75' lang='lat' dir='ltr'>imminente</span> <span class='ocrx_word' id='word_1_14' title='bbox 480 309 586 339; x_wconf 88' lang='lat' dir='ltr'>futuro</span> <span class='ocrx_word' id='word_1_15' title='bbox 598 309 718 348; x_wconf 80' lang='lat' dir='ltr'>judicio</span> <span class='ocrx_word' id='word_1_16' title='bbox 730 332 737 346; x_wconf 90' lang='lat'>,</span> <span class='ocrx_word' id='word_1_17' title='bbox 764 307 915 347; x_wconf 86' lang='lat' dir='ltr'>quoniam</span> 
     </span>
     <span class='ocr_line' id='line_1_4' title="bbox 148 361 916 400; baseline -0.004 -6"><span class='ocrx_word' id='word_1_18' title='bbox 148 364 309 394; x_wconf 86' lang='lat' dir='ltr'>instabunt</span> <span class='ocrx_word' id='word_1_19' title='bbox 345 362 563 393; x_wconf 77' lang='lat' dir='ltr'>tribulationes</span> <span class='ocrx_word' id='word_1_20' title='bbox 577 386 586 400; x_wconf 85' lang='grc'>,</span> <span class='ocrx_word' id='word_1_21' title='bbox 624 364 655 392; x_wconf 87' lang='lat' dir='ltr'>et</span> <span class='ocrx_word' id='word_1_22' title='bbox 692 361 793 392; x_wconf 86' lang='lat' dir='ltr'>multa</span> <span class='ocrx_word' id='word_1_23' title='bbox 832 361 916 391; x_wconf 80' lang='lat' dir='ltr'>mala</span> 
     </span>
     <span class='ocr_line' id='line_1_5' title="bbox 148 414 916 454; baseline -0.003 -9"><span class='ocrx_word' id='word_1_24' title='bbox 148 415 292 453; x_wconf 83' lang='lat' dir='ltr'>exempla</span> <span class='ocrx_word' id='word_1_25' title='bbox 306 417 336 445; x_wconf 90' lang='lat' dir='ltr'>et</span> <span class='ocrx_word' id='word_1_26' title='bbox 350 415 538 445; x_wconf 84' lang='lat' dir='ltr'>documenta</span> <span class='ocrx_word' id='word_1_27' title='bbox 556 415 563 431; x_wconf 89' lang='lat'><strong>¹</strong></span> <span class='ocrx_word' id='word_1_28' title='bbox 579 425 585 445; x_wconf 88' lang='lat'>:</span> <span class='ocrx_word' id='word_1_29' title='bbox 605 426 620 443; x_wconf 76' lang='lat' dir='ltr'>&lt;c</span> <span class='ocrx_word' id='word_1_30' title='bbox 634 414 916 454; x_wconf 84' lang='lat' dir='ltr'>Pseudoprophetae</span> 
     </span>
     <span class='ocr_line' id='line_1_6' title="bbox 148 467 916 506; baseline -0.003 -8"><span class='ocrx_word' id='word_1_31' title='bbox 148 470 300 506; x_wconf 82' lang='lat' dir='ltr'>surgent,</span> <span class='ocrx_word' id='word_1_32' title='bbox 324 469 354 498; x_wconf 86' lang='lat' dir='ltr'>et</span> <span class='ocrx_word' id='word_1_33' title='bbox 376 467 525 498; x_wconf 83' lang='lat' dir='ltr'>seducent</span> <span class='ocrx_word' id='word_1_34' title='bbox 549 467 677 498; x_wconf 90' lang='lat' dir='ltr'>multos.</span> <span class='ocrx_word' id='word_1_35' title='bbox 702 467 740 497; x_wconf 87' lang='lat' dir='ltr'>Et</span> <span class='ocrx_word' id='word_1_36' title='bbox 766 467 916 506; x_wconf 80' lang='lat' dir='ltr'>quoniam</span> 
     </span>
     <span class='ocr_line' id='line_1_7' title="bbox 147 520 917 560; baseline -0.004 -8"><span class='ocrx_word' id='word_1_37' title='bbox 147 521 320 552; x_wconf 80' lang='lat' dir='ltr'>abundavit</span> <span class='ocrx_word' id='word_1_38' title='bbox 352 521 521 560; x_wconf 82' lang='lat' dir='ltr'>iniquitas,</span> <span class='ocrx_word' id='word_1_39' title='bbox 558 520 743 559; x_wconf 74' lang='lat' dir='ltr'>refrigescet</span> <span class='ocrx_word' id='word_1_40' title='bbox 781 520 917 550; x_wconf 73' lang='lat' dir='ltr'>charitas</span> 
     </span>
     <span class='ocr_line' id='line_1_8' title="bbox 147 573 917 613; baseline -0.001 -10"><span class='ocrx_word' id='word_1_41' title='bbox 147 574 333 604; x_wconf 88' lang='lat' dir='ltr'>multorum.</span> <span class='ocrx_word' id='word_1_42' title='bbox 352 573 410 610; x_wconf 77' lang='lat' dir='ltr'>Qui</span> <span class='ocrx_word' id='word_1_43' title='bbox 426 575 532 604; x_wconf 83' lang='lat' dir='ltr'>autem</span> <span class='ocrx_word' id='word_1_44' title='bbox 547 573 796 613; x_wconf 81' lang='lat' dir='ltr'>perseveraverit</span> <span class='ocrx_word' id='word_1_45' title='bbox 816 582 917 612; x_wconf 85' lang='lat' dir='ltr'>usque</span> 
     </span>
     <span class='ocr_line' id='line_1_9' title="bbox 147 627 408 664; baseline 0 -8"><span class='ocrx_word' id='word_1_46' title='bbox 147 627 180 656; x_wconf 92' lang='lat' dir='ltr'>in</span> <span class='ocrx_word' id='word_1_47' title='bbox 194 627 302 664; x_wconf 87' lang='lat' dir='ltr'>finem,</span> <span class='ocrx_word' id='word_1_48' title='bbox 317 637 331 654; x_wconf 89' lang='lat'>»</span> <span class='ocrx_word' id='word_1_49' title='bbox 351 628 408 656; x_wconf 85' lang='lat' dir='ltr'>etc.</span> 
     </span>
    </p>

    <p class='ocr_par' dir='ltr' id='par_1_3' title="bbox 146 679 921 2525">
     <span class='ocr_line' id='line_1_10' title="bbox 188 679 914 719; baseline -0.001 -9"><span class='ocrx_word' id='word_1_50' title='bbox 188 679 348 717; x_wconf 79' lang='lat' dir='ltr'>Secundo,</span> <span class='ocrx_word' id='word_1_51' title='bbox 377 681 534 718; x_wconf 84' lang='lat' dir='ltr'>quantum</span> <span class='ocrx_word' id='word_1_52' title='bbox 561 680 600 710; x_wconf 83' lang='lat' dir='ltr'>ad</span> <span class='ocrx_word' id='word_1_53' title='bbox 629 680 760 710; x_wconf 88' lang='lat' dir='ltr'>modum</span> <span class='ocrx_word' id='word_1_54' title='bbox 790 679 914 719; x_wconf 88' lang='lat' dir='ltr'>pericli-</span> 
     </span>
     <span class='ocr_line' id='line_1_11' title="bbox 147 732 914 772; baseline 0 -9"><span class='ocrx_word' id='word_1_55' title='bbox 147 733 233 763; x_wconf 86' lang='lat' dir='ltr'>tandi</span> <span class='ocrx_word' id='word_1_56' title='bbox 251 733 307 772; x_wconf 88' lang='lat' dir='ltr'>qui</span> <span class='ocrx_word' id='word_1_57' title='bbox 331 732 422 762; x_wconf 87' lang='lat' dir='ltr'>debet</span> <span class='ocrx_word' id='word_1_58' title='bbox 450 732 618 770; x_wconf 80' lang='lat' dir='ltr'>declinari,</span> <span class='ocrx_word' id='word_1_59' title='bbox 645 732 749 763; x_wconf 83' lang='lat' dir='ltr'>subdit</span> <span class='ocrx_word' id='word_1_60' title='bbox 774 734 816 770; x_wconf 88' lang='lat' dir='ltr'>(v.</span> <span class='ocrx_word' id='word_1_61' title='bbox 842 732 888 772; x_wconf 67' lang='lat'>32)</span> <span class='ocrx_word' id='word_1_62' title='bbox 908 744 914 763; x_wconf 75' lang='grc' dir='ltr'>ε</span> 
     </span>
     <span class='ocr_line' id='line_1_12' title="bbox 147 786 914 825; baseline -0.003 -7"><span class='ocrx_word' id='word_1_63' title='bbox 147 786 302 818; x_wconf 72' lang='lat' dir='ltr'>Memores</span> <span class='ocrx_word' id='word_1_64' title='bbox 313 789 406 815; x_wconf 75' lang='lat' dir='ltr'>estote</span> <span class='ocrx_word' id='word_1_65' title='bbox 420 786 532 815; x_wconf 68' lang='lat' dir='ltr'>uxoris</span> <span class='ocrx_word' id='word_1_66' title='bbox 545 786 614 823; x_wconf 80' lang='lat' dir='ltr'>Lot,</span> <span class='ocrx_word' id='word_1_67' title='bbox 630 786 667 816; x_wconf 92' lang='lat' dir='ltr'>de</span> <span class='ocrx_word' id='word_1_68' title='bbox 682 795 745 825; x_wconf 86' lang='lat' dir='ltr'>qua</span> <span class='ocrx_word' id='word_1_69' title='bbox 758 786 874 816; x_wconf 88' lang='lat' dir='ltr'>dicitur</span> <span class='ocrx_word' id='word_1_70' title='bbox 884 786 895 802; x_wconf 76' lang='lat'>‘²</span> <span class='ocrx_word' id='word_1_71' title='bbox 908 797 914 816; x_wconf 74' lang='grc' dir='ltr'>ε</span> 
     </span>
     <span class='ocr_line' id='line_1_13' title="bbox 152 838 918 878; baseline 0.001 -11"><span class='ocrx_word' id='word_1_72' title='bbox 152 849 166 866; x_wconf 92' lang='lat'>«</span> <span class='ocrx_word' id='word_1_73' title='bbox 181 838 358 878; x_wconf 79' lang='lat' dir='ltr'>Respiciens</span> <span class='ocrx_word' id='word_1_74' title='bbox 374 847 455 868; x_wconf 79' lang='lat' dir='ltr'>uxor</span> <span class='ocrx_word' id='word_1_75' title='bbox 473 838 531 869; x_wconf 87' lang='lat' dir='ltr'>Lot</span> <span class='ocrx_word' id='word_1_76' title='bbox 553 841 623 878; x_wconf 87' lang='lat' dir='ltr'>post</span> <span class='ocrx_word' id='word_1_77' title='bbox 638 848 688 876; x_wconf 87' lang='lat' dir='ltr'>se,</span> <span class='ocrx_word' id='word_1_78' title='bbox 705 848 856 869; x_wconf 85' lang='lat' dir='ltr'>conversa</span> <span class='ocrx_word' id='word_1_79' title='bbox 872 840 918 869; x_wconf 85' lang='lat' dir='ltr'>est</span> 
     </span>
     <span class='ocr_line' id='line_1_14' title="bbox 147 891 918 930; baseline -0.001 -9"><span class='ocrx_word' id='word_1_80' title='bbox 147 892 178 921; x_wconf 92' lang='lat' dir='ltr'>in</span> <span class='ocrx_word' id='word_1_81' title='bbox 200 893 338 922; x_wconf 86' lang='lat' dir='ltr'>statuam</span> <span class='ocrx_word' id='word_1_82' title='bbox 360 891 445 922; x_wconf 83' lang='lat' dir='ltr'>salis.</span> <span class='ocrx_word' id='word_1_83' title='bbox 461 902 475 919; x_wconf 84' lang='grc'>))</span> <span class='ocrx_word' id='word_1_84' title='bbox 495 891 533 922; x_wconf 88' lang='lat' dir='ltr'>Et</span> <span class='ocrx_word' id='word_1_85' title='bbox 551 892 631 922; x_wconf 87' lang='lat' dir='ltr'>ratio</span> <span class='ocrx_word' id='word_1_86' title='bbox 645 893 744 930; x_wconf 86' lang='lat' dir='ltr'>hujus</span> <span class='ocrx_word' id='word_1_87' title='bbox 762 893 808 921; x_wconf 86' lang='lat' dir='ltr'>cst</span> <span class='ocrx_word' id='word_1_88' title='bbox 820 916 827 929; x_wconf 86' lang='lat'>,</span> <span class='ocrx_word' id='word_1_89' title='bbox 845 891 918 930; x_wconf 85' lang='lat' dir='ltr'>quia</span> 
     </span>
     <span class='ocr_line' id='line_1_15' title="bbox 148 945 919 984; baseline 0 -10"><span class='ocrx_word' id='word_1_90' title='bbox 148 946 257 975; x_wconf 85' lang='lat' dir='ltr'>contra</span> <span class='ocrx_word' id='word_1_91' title='bbox 278 945 465 975; x_wconf 88' lang='lat' dir='ltr'>mandatum</span> <span class='ocrx_word' id='word_1_92' title='bbox 490 945 613 975; x_wconf 84' lang='lat' dir='ltr'>Domini</span> <span class='ocrx_word' id='word_1_93' title='bbox 639 945 726 982; x_wconf 85' lang='lat' dir='ltr'>fecit,</span> <span class='ocrx_word' id='word_1_94' title='bbox 753 954 816 984; x_wconf 87' lang='lat' dir='ltr'>quo</span> <span class='ocrx_word' id='word_1_95' title='bbox 840 953 919 984; x_wconf 68' lang='lat' dir='ltr'>prze-</span> 
     </span>
     <span class='ocr_line' id='line_1_16' title="bbox 147 997 919 1038; baseline -0.001 -10"><span class='ocrx_word' id='word_1_96' title='bbox 147 997 273 1028; x_wconf 77' lang='lat' dir='ltr'>dixit³z</span> <span class='ocrx_word' id='word_1_97' title='bbox 295 1009 309 1026; x_wconf 73' lang='grc' dir='ltr'>(ι</span> <span class='ocrx_word' id='word_1_98' title='bbox 329 997 398 1028; x_wconf 91' lang='lat' dir='ltr'>Noli</span> <span class='ocrx_word' id='word_1_99' title='bbox 423 998 576 1038; x_wconf 77' lang='lat' dir='ltr'>respicere</span> <span class='ocrx_word' id='word_1_100' title='bbox 601 1000 670 1038; x_wconf 88' lang='lat' dir='ltr'>post</span> <span class='ocrx_word' id='word_1_101' title='bbox 689 1000 836 1036; x_wconf 86' lang='lat' dir='ltr'>tergum,</span> <span class='ocrx_word' id='word_1_102' title='bbox 862 1007 919 1027; x_wconf 89' lang='lat' dir='ltr'>nec</span> 
     </span>
     <span class='ocr_line' id='line_1_17' title="bbox 147 1050 918 1089; baseline -0.001 -9"><span class='ocrx_word' id='word_1_103' title='bbox 147 1052 209 1081; x_wconf 86' lang='lat' dir='ltr'>stes</span> <span class='ocrx_word' id='word_1_104' title='bbox 232 1051 265 1080; x_wconf 92' lang='lat' dir='ltr'>in</span> <span class='ocrx_word' id='word_1_105' title='bbox 286 1051 373 1081; x_wconf 92' lang='lat' dir='ltr'>omui</span> <span class='ocrx_word' id='word_1_106' title='bbox 398 1051 480 1081; x_wconf 85' lang='lat' dir='ltr'>circa</span> <span class='ocrx_word' id='word_1_107' title='bbox 503 1051 654 1089; x_wconf 75' lang='lat' dir='ltr'>regione,</span> <span class='ocrx_word' id='word_1_108' title='bbox 681 1050 734 1080; x_wconf 88' lang='lat' dir='ltr'>sed</span> <span class='ocrx_word' id='word_1_109' title='bbox 756 1050 789 1079; x_wconf 91' lang='lat' dir='ltr'>in</span> <span class='ocrx_word' id='word_1_110' title='bbox 812 1052 918 1080; x_wconf 90' lang='lat' dir='ltr'>monte</span> 
     </span>
     <span class='ocr_line' id='line_1_18' title="bbox 147 1103 919 1143; baseline -0.001 -9"><span class='ocrx_word' id='word_1_111' title='bbox 147 1103 272 1134; x_wconf 82' lang='lat' dir='ltr'>salvum</span> <span class='ocrx_word' id='word_1_112' title='bbox 296 1105 327 1134; x_wconf 85' lang='lat' dir='ltr'>te</span> <span class='ocrx_word' id='word_1_113' title='bbox 345 1104 406 1141; x_wconf 82' lang='lat' dir='ltr'>fac,</span> <span class='ocrx_word' id='word_1_114' title='bbox 430 1113 469 1133; x_wconf 90' lang='grc'>110</span> <span class='ocrx_word' id='word_1_115' title='bbox 489 1106 518 1133; x_wconf 90' lang='lat' dir='ltr'>et</span> <span class='ocrx_word' id='word_1_116' title='bbox 541 1106 574 1134; x_wconf 89' lang='lat' dir='ltr'>tu</span> <span class='ocrx_word' id='word_1_117' title='bbox 597 1103 692 1134; x_wconf 90' lang='lat' dir='ltr'>simul</span> <span class='ocrx_word' id='word_1_118' title='bbox 711 1112 832 1143; x_wconf 83' lang='lat' dir='ltr'>pereas.</span> <span class='ocrx_word' id='word_1_119' title='bbox 851 1115 864 1131; x_wconf 86' lang='lat'>»</span> <span class='ocrx_word' id='word_1_120' title='bbox 884 1104 919 1133; x_wconf 91' lang='lat' dir='ltr'>In</span> 
     </span>
     <span class='ocr_line' id='line_1_19' title="bbox 148 1156 918 1196; baseline -0.003 -9"><span class='ocrx_word' id='word_1_121' title='bbox 148 1166 211 1196; x_wconf 90' lang='lat' dir='ltr'>quo</span> <span class='ocrx_word' id='word_1_122' title='bbox 232 1156 420 1196; x_wconf 83' lang='lat' dir='ltr'>intelligitur</span> <span class='ocrx_word' id='word_1_123' title='bbox 444 1157 529 1196; x_wconf 81' lang='lat' dir='ltr'>quod</span> <span class='ocrx_word' id='word_1_124' title='bbox 554 1159 655 1186; x_wconf 86' lang='lat' dir='ltr'>totum</span> <span class='ocrx_word' id='word_1_125' title='bbox 680 1156 855 1196; x_wconf 76' lang='lat' dir='ltr'>periculum</span> <span class='ocrx_word' id='word_1_126' title='bbox 886 1156 918 1186; x_wconf 90' lang='lat' dir='ltr'>in</span> 
     </span>
     <span class='ocr_line' id='line_1_20' title="bbox 149 1209 919 1241; baseline -0.001 0"><span class='ocrx_word' id='word_1_127' title='bbox 149 1210 308 1241; x_wconf 85' lang='lat' dir='ltr'>conversis</span> <span class='ocrx_word' id='word_1_128' title='bbox 328 1210 367 1240; x_wconf 87' lang='lat' dir='ltr'>ad</span> <span class='ocrx_word' id='word_1_129' title='bbox 390 1209 549 1241; x_wconf 86' lang='lat' dir='ltr'>Christum</span> <span class='ocrx_word' id='word_1_130' title='bbox 570 1210 711 1240; x_wconf 82' lang='lat' dir='ltr'>consistit</span> <span class='ocrx_word' id='word_1_131' title='bbox 732 1210 765 1240; x_wconf 91' lang='lat' dir='ltr'>in</span> <span class='ocrx_word' id='word_1_132' title='bbox 784 1212 919 1240; x_wconf 87' lang='lat' dir='ltr'>retroce-</span> 
     </span>
     <span class='ocr_line' id='line_1_21' title="bbox 149 1263 919 1294; baseline -0.003 0"><span class='ocrx_word' id='word_1_133' title='bbox 149 1263 260 1294; x_wconf 82' lang='lat' dir='ltr'>dendo.</span> <span class='ocrx_word' id='word_1_134' title='bbox 275 1263 362 1293; x_wconf 89' lang='lat' dir='ltr'>Unde</span> <span class='ocrx_word' id='word_1_135' title='bbox 380 1263 491 1294; x_wconf 88' lang='lat' dir='ltr'>Petrus</span> <span class='ocrx_word' id='word_1_136' title='bbox 505 1263 515 1279; x_wconf 49' lang='grc'>1</span> <span class='ocrx_word' id='word_1_137' title='bbox 531 1274 537 1294; x_wconf 91' lang='lat'>:</span> <span class='ocrx_word' id='word_1_138' title='bbox 555 1263 690 1294; x_wconf 86' lang='lat' dir='ltr'>«Melius</span> <span class='ocrx_word' id='word_1_139' title='bbox 704 1265 771 1293; x_wconf 84' lang='lat' dir='ltr'>erat</span> <span class='ocrx_word' id='word_1_140' title='bbox 783 1263 843 1292; x_wconf 89' lang='lat' dir='ltr'>illis</span> <span class='ocrx_word' id='word_1_141' title='bbox 854 1272 919 1293; x_wconf 90' lang='grc'>11011</span> 
     </span>
     <span class='ocr_line' id='line_1_22' title="bbox 149 1316 916 1355; baseline -0.003 -8"><span class='ocrx_word' id='word_1_142' title='bbox 149 1325 338 1355; x_wconf 80' lang='lat' dir='ltr'>cognoscere</span> <span class='ocrx_word' id='word_1_143' title='bbox 353 1316 438 1346; x_wconf 84' lang='lat' dir='ltr'>viam</span> <span class='ocrx_word' id='word_1_144' title='bbox 460 1317 611 1355; x_wconf 71' lang='lat' dir='ltr'>Justitiae,</span> <span class='ocrx_word' id='word_1_145' title='bbox 628 1325 725 1355; x_wconf 86' lang='lat' dir='ltr'>quam</span> <span class='ocrx_word' id='word_1_146' title='bbox 740 1318 808 1355; x_wconf 80' lang='lat' dir='ltr'>post</span> <span class='ocrx_word' id='word_1_147' title='bbox 826 1316 916 1354; x_wconf 85' lang='lat' dir='ltr'>agni-</span> 
     </span>
     <span class='ocr_line' id='line_1_23' title="bbox 150 1369 919 1400; baseline -0.001 -1"><span class='ocrx_word' id='word_1_148' title='bbox 150 1370 268 1400; x_wconf 88' lang='lat' dir='ltr'>tionem</span> <span class='ocrx_word' id='word_1_149' title='bbox 295 1371 471 1399; x_wconf 86' lang='lat' dir='ltr'>retrorsum</span> <span class='ocrx_word' id='word_1_150' title='bbox 494 1369 675 1399; x_wconf 77' lang='lat' dir='ltr'>converti.»</span> <span class='ocrx_word' id='word_1_151' title='bbox 703 1369 739 1399; x_wconf 89' lang='lat' dir='ltr'>Et</span> <span class='ocrx_word' id='word_1_152' title='bbox 763 1369 919 1399; x_wconf 82' lang='lat' dir='ltr'>rationem</span> 
     </span>
     <span class='ocr_line' id='line_1_24' title="bbox 149 1422 921 1462; baseline -0.003 -9"><span class='ocrx_word' id='word_1_153' title='bbox 149 1423 246 1462; x_wconf 81' lang='lat' dir='ltr'>hujus</span> <span class='ocrx_word' id='word_1_154' title='bbox 262 1423 374 1460; x_wconf 82' lang='lat' dir='ltr'>reddit,</span> <span class='ocrx_word' id='word_1_155' title='bbox 392 1431 465 1453; x_wconf 88' lang='lat' dir='ltr'>cum</span> <span class='ocrx_word' id='word_1_156' title='bbox 483 1423 647 1461; x_wconf 84' lang='lat' dir='ltr'>praemittit</span> <span class='ocrx_word' id='word_1_157' title='bbox 664 1433 669 1451; x_wconf 93' lang='lat'>:</span> <span class='ocrx_word' id='word_1_158' title='bbox 693 1434 706 1450; x_wconf 67' lang='grc' dir='ltr'>(ι</span> <span class='ocrx_word' id='word_1_159' title='bbox 724 1422 755 1452; x_wconf 86' lang='lat' dir='ltr'>Si</span> <span class='ocrx_word' id='word_1_160' title='bbox 773 1423 857 1452; x_wconf 90' lang='lat' dir='ltr'>enim</span> <span class='ocrx_word' id='word_1_161' title='bbox 874 1431 921 1452; x_wconf 88' lang='lat' dir='ltr'>re-</span> 
     </span>
     <span class='ocr_line' id='line_1_25' title="bbox 148 1475 918 1515; baseline -0.001 -9"><span class='ocrx_word' id='word_1_162' title='bbox 148 1475 305 1514; x_wconf 78' lang='lat' dir='ltr'>fugientes</span> <span class='ocrx_word' id='word_1_163' title='bbox 327 1475 599 1515; x_wconf 80' lang='lat' dir='ltr'>coinquinationes</span> <span class='ocrx_word' id='word_1_164' title='bbox 615 1475 725 1505; x_wconf 87' lang='lat' dir='ltr'>mundi</span> <span class='ocrx_word' id='word_1_165' title='bbox 748 1475 780 1505; x_wconf 86' lang='lat' dir='ltr'>in</span> <span class='ocrx_word' id='word_1_166' title='bbox 805 1475 918 1514; x_wconf 85' lang='lat' dir='ltr'>cogni—</span> 
     </span>
     <span class='ocr_line' id='line_1_26' title="bbox 147 1527 917 1559; baseline 0 -1"><span class='ocrx_word' id='word_1_167' title='bbox 147 1528 231 1558; x_wconf 88' lang='lat' dir='ltr'>tione</span> <span class='ocrx_word' id='word_1_168' title='bbox 245 1527 372 1558; x_wconf 87' lang='lat' dir='ltr'>Domini</span> <span class='ocrx_word' id='word_1_169' title='bbox 387 1528 485 1558; x_wconf 84' lang='lat' dir='ltr'>nostri</span> <span class='ocrx_word' id='word_1_170' title='bbox 501 1530 531 1558; x_wconf 92' lang='lat' dir='ltr'>et</span> <span class='ocrx_word' id='word_1_171' title='bbox 550 1527 722 1559; x_wconf 81' lang='lat' dir='ltr'>Salvatoris</span> <span class='ocrx_word' id='word_1_172' title='bbox 737 1528 810 1559; x_wconf 86' lang='lat' dir='ltr'>Jesu</span> <span class='ocrx_word' id='word_1_173' title='bbox 831 1528 917 1558; x_wconf 91' lang='lat' dir='ltr'>Chri-</span> 
     </span>
     <span class='ocr_line' id='line_1_27' title="bbox 148 1581 919 1621; baseline 0 -10"><span class='ocrx_word' id='word_1_174' title='bbox 148 1581 200 1619; x_wconf 85' lang='lat' dir='ltr'>sti,</span> <span class='ocrx_word' id='word_1_175' title='bbox 227 1581 275 1611; x_wconf 90' lang='lat' dir='ltr'>his</span> <span class='ocrx_word' id='word_1_176' title='bbox 301 1590 412 1611; x_wconf 87' lang='lat' dir='ltr'>rursus</span> <span class='ocrx_word' id='word_1_177' title='bbox 432 1581 583 1621; x_wconf 79' lang='lat' dir='ltr'>implicati</span> <span class='ocrx_word' id='word_1_178' title='bbox 608 1584 818 1621; x_wconf 82' lang='lat' dir='ltr'>superantur,</span> <span class='ocrx_word' id='word_1_179' title='bbox 840 1582 919 1612; x_wconf 83' lang='lat' dir='ltr'>facta</span> 
     </span>
     <span class='ocr_line' id='line_1_28' title="bbox 148 1634 920 1674; baseline 0.003 -10"><span class='ocrx_word' id='word_1_180' title='bbox 148 1636 224 1664; x_wconf 87' lang='lat' dir='ltr'>sunt</span> <span class='ocrx_word' id='word_1_181' title='bbox 245 1634 289 1664; x_wconf 88' lang='lat' dir='ltr'>eis</span> <span class='ocrx_word' id='word_1_182' title='bbox 303 1635 477 1674; x_wconf 83' lang='lat' dir='ltr'>posteriora</span> <span class='ocrx_word' id='word_1_183' title='bbox 491 1635 647 1665; x_wconf 84' lang='lat' dir='ltr'>deteriora</span> <span class='ocrx_word' id='word_1_184' title='bbox 661 1635 831 1674; x_wconf 85' lang='lat' dir='ltr'>prioribus.</span> <span class='ocrx_word' id='word_1_185' title='bbox 849 1647 862 1663; x_wconf 83' lang='grc'>»</span> <span class='ocrx_word' id='word_1_186' title='bbox 882 1635 920 1666; x_wconf 87' lang='lat' dir='ltr'>Et</span> 
     </span>
     <span class='ocr_line' id='line_1_29' title="bbox 148 1688 919 1728; baseline 0.001 -10"><span class='ocrx_word' id='word_1_187' title='bbox 148 1690 331 1728; x_wconf 83' lang='lat' dir='ltr'>propterea,</span> <span class='ocrx_word' id='word_1_188' title='bbox 353 1688 392 1718; x_wconf 86' lang='lat' dir='ltr'>ad</span> <span class='ocrx_word' id='word_1_189' title='bbox 415 1688 652 1718; x_wconf 86' lang='lat' dir='ltr'>detestationem</span> <span class='ocrx_word' id='word_1_190' title='bbox 680 1689 847 1728; x_wconf 74' lang='lat' dir='ltr'>apostasiae</span> <span class='ocrx_word' id='word_1_191' title='bbox 869 1698 919 1719; x_wconf 87' lang='lat' dir='ltr'>rc-</span> 
     </span>
     <span class='ocr_line' id='line_1_30' title="bbox 147 1741 919 1779; baseline 0 -8"><span class='ocrx_word' id='word_1_192' title='bbox 147 1741 238 1772; x_wconf 90' lang='lat' dir='ltr'>cidivi</span> <span class='ocrx_word' id='word_1_193' title='bbox 254 1743 284 1771; x_wconf 89' lang='lat' dir='ltr'>et</span> <span class='ocrx_word' id='word_1_194' title='bbox 295 1741 529 1772; x_wconf 78' lang='lat' dir='ltr'>retrocessionis</span> <span class='ocrx_word' id='word_1_195' title='bbox 541 1765 549 1779; x_wconf 91' lang='lat'>‚</span> <span class='ocrx_word' id='word_1_196' title='bbox 567 1741 719 1772; x_wconf 87' lang='lat' dir='ltr'>Dominus</span> <span class='ocrx_word' id='word_1_197' title='bbox 736 1741 919 1771; x_wconf 81' lang='lat' dir='ltr'>memoriale</span> 
     </span>
     <span class='ocr_line' id='line_1_31' title="bbox 147 1793 917 1833; baseline -0.001 -9"><span class='ocrx_word' id='word_1_198' title='bbox 147 1794 223 1825; x_wconf 85' lang='lat' dir='ltr'>illud</span> <span class='ocrx_word' id='word_1_199' title='bbox 239 1795 346 1833; x_wconf 91' lang='lat' dir='ltr'>posuit</span> <span class='ocrx_word' id='word_1_200' title='bbox 360 1794 398 1824; x_wconf 89' lang='lat' dir='ltr'>de</span> <span class='ocrx_word' id='word_1_201' title='bbox 410 1803 511 1824; x_wconf 79' lang='lat' dir='ltr'>uxore</span> <span class='ocrx_word' id='word_1_202' title='bbox 526 1793 593 1830; x_wconf 82' lang='lat' dir='ltr'>Lot,</span> <span class='ocrx_word' id='word_1_203' title='bbox 608 1794 646 1823; x_wconf 88' lang='lat' dir='ltr'>de</span> <span class='ocrx_word' id='word_1_204' title='bbox 663 1803 726 1833; x_wconf 83' lang='lat' dir='ltr'>qua</span> <span class='ocrx_word' id='word_1_205' title='bbox 737 1793 868 1833; x_wconf 88' lang='lat' dir='ltr'>Sapiens</span> <span class='ocrx_word' id='word_1_206' title='bbox 884 1795 893 1810; x_wconf 79' lang='lat'>⁵</span> <span class='ocrx_word' id='word_1_207' title='bbox 911 1805 917 1824; x_wconf 89' lang='lat'>:</span> 
     </span>
     <span class='ocr_line' id='line_1_32' title="bbox 151 1846 920 1885; baseline 0.001 -10"><span class='ocrx_word' id='word_1_208' title='bbox 151 1846 367 1877; x_wconf 86' lang='lat' dir='ltr'>«Incredibilis</span> <span class='ocrx_word' id='word_1_209' title='bbox 382 1847 497 1876; x_wconf 82' lang='lat' dir='ltr'>animae</span> <span class='ocrx_word' id='word_1_210' title='bbox 513 1846 666 1876; x_wconf 83' lang='lat' dir='ltr'>memoria</span> <span class='ocrx_word' id='word_1_211' title='bbox 681 1848 767 1876; x_wconf 82' lang='lat' dir='ltr'>stans</span> <span class='ocrx_word' id='word_1_212' title='bbox 787 1848 920 1885; x_wconf 83' lang='lat' dir='ltr'>figmen-</span> 
     </span>
     <span class='ocr_line' id='line_1_33' title="bbox 147 1899 919 1938; baseline 0 -8"><span class='ocrx_word' id='word_1_213' title='bbox 147 1902 218 1930; x_wconf 90' lang='lat' dir='ltr'>tum</span> <span class='ocrx_word' id='word_1_214' title='bbox 232 1899 305 1930; x_wconf 85' lang='lat' dir='ltr'>salis</span> <span class='ocrx_word' id='word_1_215' title='bbox 317 1924 324 1937; x_wconf 85' lang='lat'>,</span> <span class='ocrx_word' id='word_1_216' title='bbox 344 1911 358 1927; x_wconf 86' lang='lat'>»</span> <span class='ocrx_word' id='word_1_217' title='bbox 377 1901 434 1929; x_wconf 90' lang='lat' dir='ltr'>etc.</span> <span class='ocrx_word' id='word_1_218' title='bbox 453 1899 523 1930; x_wconf 87' lang='lat' dir='ltr'>Ideo</span> <span class='ocrx_word' id='word_1_219' title='bbox 538 1899 703 1938; x_wconf 82' lang='lat' dir='ltr'>signanter</span> <span class='ocrx_word' id='word_1_220' title='bbox 723 1900 795 1930; x_wconf 91' lang='lat' dir='ltr'>dicit</span> <span class='ocrx_word' id='word_1_221' title='bbox 817 1910 824 1930; x_wconf 94' lang='lat'><strong>:</strong></span> <span class='ocrx_word' id='word_1_222' title='bbox 850 1900 919 1931; x_wconf 79' lang='lat' dir='ltr'>Me-</span> 
     </span>
     <span class='ocr_line' id='line_1_34' title="bbox 148 1952 919 1984; baseline 0 -1"><span class='ocrx_word' id='word_1_223' title='bbox 148 1962 250 1984; x_wconf 81' lang='lat' dir='ltr'>mores</span> <span class='ocrx_word' id='word_1_224' title='bbox 264 1956 358 1983; x_wconf 76' lang='lat' dir='ltr'>estote</span> <span class='ocrx_word' id='word_1_225' title='bbox 375 1954 484 1983; x_wconf 59' lang='lat' dir='ltr'>umoris</span> <span class='ocrx_word' id='word_1_226' title='bbox 498 1953 565 1983; x_wconf 72' lang='lat' dir='ltr'>Lot.</span> <span class='ocrx_word' id='word_1_227' title='bbox 583 1952 662 1983; x_wconf 82' lang='lat' dir='ltr'>Nam</span> <span class='ocrx_word' id='word_1_228' title='bbox 683 1952 753 1984; x_wconf 82' lang='lat' dir='ltr'>ideo</span> <span class='ocrx_word' id='word_1_229' title='bbox 767 1962 858 1984; x_wconf 86' lang='lat' dir='ltr'>versa</span> <span class='ocrx_word' id='word_1_230' title='bbox 874 1955 919 1984; x_wconf 79' lang='lat' dir='ltr'>est</span> 
     </span>
     <span class='ocr_line' id='line_1_35' title="bbox 148 2006 918 2044; baseline 0.001 -8"><span class='ocrx_word' id='word_1_231' title='bbox 148 2006 181 2036; x_wconf 94' lang='lat' dir='ltr'>in</span> <span class='ocrx_word' id='word_1_232' title='bbox 194 2008 329 2036; x_wconf 80' lang='lat' dir='ltr'>statuam</span> <span class='ocrx_word' id='word_1_233' title='bbox 341 2006 431 2044; x_wconf 84' lang='grc'>53115,</span> <span class='ocrx_word' id='word_1_234' title='bbox 442 2008 477 2036; x_wconf 86' lang='lat' dir='ltr'>ut</span> <span class='ocrx_word' id='word_1_235' title='bbox 492 2007 535 2036; x_wconf 87' lang='lat' dir='ltr'>sic</span> <span class='ocrx_word' id='word_1_236' title='bbox 552 2016 586 2036; x_wconf 83' lang='lat' dir='ltr'>os</span> <span class='ocrx_word' id='word_1_237' title='bbox 601 2007 756 2038; x_wconf 86' lang='lat' dir='ltr'>tendendo</span> <span class='ocrx_word' id='word_1_238' title='bbox 771 2016 861 2037; x_wconf 85' lang='lat' dir='ltr'>suam</span> <span class='ocrx_word' id='word_1_239' title='bbox 872 2008 918 2037; x_wconf 85' lang='lat' dir='ltr'>sa-</span> 
     </span>
     <span class='ocr_line' id='line_1_36' title="bbox 148 2059 915 2099; baseline 0.001 -10"><span class='ocrx_word' id='word_1_240' title='bbox 148 2060 302 2097; x_wconf 88' lang='lat' dir='ltr'>tuitatem,</span> <span class='ocrx_word' id='word_1_241' title='bbox 322 2060 373 2090; x_wconf 86' lang='lat' dir='ltr'>det</span> <span class='ocrx_word' id='word_1_242' title='bbox 394 2059 464 2090; x_wconf 81' lang='lat' dir='ltr'>aliis</span> <span class='ocrx_word' id='word_1_243' title='bbox 486 2059 649 2099; x_wconf 63' lang='lat' dir='ltr'>sapientiae</span> <span class='ocrx_word' id='word_1_244' title='bbox 665 2060 915 2098; x_wconf 84' lang='lat' dir='ltr'>condimentum,</span> 
     </span>
     <span class='ocr_line' id='line_1_37' title="bbox 146 2113 917 2153; baseline 0.001 -10"><span class='ocrx_word' id='word_1_245' title='bbox 146 2115 180 2143; x_wconf 91' lang='lat' dir='ltr'>ut</span> <span class='ocrx_word' id='word_1_246' title='bbox 191 2113 296 2143; x_wconf 89' lang='lat' dir='ltr'>nullus</span> <span class='ocrx_word' id='word_1_247' title='bbox 311 2113 441 2153; x_wconf 82' lang='lat' dir='ltr'>aspiciat</span> <span class='ocrx_word' id='word_1_248' title='bbox 455 2115 640 2151; x_wconf 75' lang='lat' dir='ltr'>retrorsum,</span> <span class='ocrx_word' id='word_1_249' title='bbox 651 2114 825 2144; x_wconf 84' lang='lat' dir='ltr'>secundum</span> <span class='ocrx_word' id='word_1_250' title='bbox 840 2114 917 2145; x_wconf 87' lang='lat' dir='ltr'>illud</span> 
     </span>
     <span class='ocr_line' id='line_1_38' title="bbox 146 2166 918 2206; baseline 0 -9"><span class='ocrx_word' id='word_1_251' title='bbox 146 2167 229 2206; x_wconf 89' lang='lat' dir='ltr'>quod</span> <span class='ocrx_word' id='word_1_252' title='bbox 245 2166 360 2197; x_wconf 89' lang='lat' dir='ltr'>dicitur</span> <span class='ocrx_word' id='word_1_253' title='bbox 373 2167 383 2183; x_wconf 83' lang='lat'>⁶</span> <span class='ocrx_word' id='word_1_254' title='bbox 409 2177 416 2196; x_wconf 89' lang='grc'>;</span> <span class='ocrx_word' id='word_1_255' title='bbox 437 2178 451 2195; x_wconf 75' lang='grc' dir='ltr'>α</span> <span class='ocrx_word' id='word_1_256' title='bbox 466 2166 590 2197; x_wconf 85' lang='grc' dir='ltr'>Βο1111111</span> <span class='ocrx_word' id='word_1_257' title='bbox 615 2170 660 2197; x_wconf 85' lang='lat' dir='ltr'>est</span> <span class='ocrx_word' id='word_1_258' title='bbox 675 2167 730 2197; x_wconf 78' lang='lat' dir='ltr'>sal.</span> <span class='ocrx_word' id='word_1_259' title='bbox 759 2167 791 2197; x_wconf 91' lang='lat' dir='ltr'>Si</span> <span class='ocrx_word' id='word_1_260' title='bbox 811 2170 918 2198; x_wconf 85' lang='lat' dir='ltr'>autem</span> 
     </span>
     <span class='ocr_line' id='line_1_39' title="bbox 146 2219 918 2259; baseline 0.001 -10"><span class='ocrx_word' id='word_1_261' title='bbox 146 2219 192 2249; x_wconf 85' lang='lat' dir='ltr'>sal</span> <span class='ocrx_word' id='word_1_262' title='bbox 206 2219 381 2257; x_wconf 85' lang='lat' dir='ltr'>evanuerit,</span> <span class='ocrx_word' id='word_1_263' title='bbox 398 2220 430 2249; x_wconf 93' lang='lat' dir='ltr'>in</span> <span class='ocrx_word' id='word_1_264' title='bbox 445 2229 509 2259; x_wconf 83' lang='lat' dir='ltr'>quo</span> <span class='ocrx_word' id='word_1_265' title='bbox 524 2219 688 2250; x_wconf 89' lang='lat' dir='ltr'>condietur</span> <span class='ocrx_word' id='word_1_266' title='bbox 702 2220 716 2249; x_wconf 80' lang='lat'>‘?</span> <span class='ocrx_word' id='word_1_267' title='bbox 731 2230 745 2247; x_wconf 87' lang='lat'>»</span> <span class='ocrx_word' id='word_1_268' title='bbox 764 2219 918 2250; x_wconf 89' lang='lat' dir='ltr'>etc.Unde</span> 
     </span>
     <span class='ocr_line' id='line_1_40' title="bbox 149 2272 918 2311; baseline -0.001 -8"><span class='ocrx_word' id='word_1_269' title='bbox 149 2272 255 2303; x_wconf 89' lang='lat' dir='ltr'>Glossa</span> <span class='ocrx_word' id='word_1_270' title='bbox 271 2281 279 2302; x_wconf 73' lang='grc' dir='ltr'>ε</span> <span class='ocrx_word' id='word_1_271' title='bbox 300 2284 314 2300; x_wconf 88' lang='lat'>«</span> <span class='ocrx_word' id='word_1_272' title='bbox 330 2272 417 2302; x_wconf 78' lang='lat' dir='ltr'>Uxor</span> <span class='ocrx_word' id='word_1_273' title='bbox 431 2272 487 2302; x_wconf 88' lang='lat' dir='ltr'>Lot</span> <span class='ocrx_word' id='word_1_274' title='bbox 508 2272 666 2311; x_wconf 80' lang='lat' dir='ltr'>significat</span> <span class='ocrx_word' id='word_1_275' title='bbox 677 2281 742 2310; x_wconf 89' lang='lat' dir='ltr'>eos,</span> <span class='ocrx_word' id='word_1_276' title='bbox 754 2273 809 2311; x_wconf 90' lang='lat' dir='ltr'>qui</span> <span class='ocrx_word' id='word_1_277' title='bbox 821 2272 855 2302; x_wconf 93' lang='lat' dir='ltr'>in</span> <span class='ocrx_word' id='word_1_278' title='bbox 866 2273 918 2302; x_wconf 91' lang='lat' dir='ltr'>tri-</span> 
     </span>
     <span class='ocr_line' id='line_1_41' title="bbox 147 2325 918 2365; baseline 0.001 -9"><span class='ocrx_word' id='word_1_279' title='bbox 147 2325 307 2356; x_wconf 86' lang='lat' dir='ltr'>bulatione</span> <span class='ocrx_word' id='word_1_280' title='bbox 323 2329 405 2355; x_wconf 88' lang='lat' dir='ltr'>retro</span> <span class='ocrx_word' id='word_1_281' title='bbox 419 2325 601 2364; x_wconf 86' lang='lat' dir='ltr'>respiciunt,</span> <span class='ocrx_word' id='word_1_282' title='bbox 613 2329 643 2356; x_wconf 88' lang='lat' dir='ltr'>et</span> <span class='ocrx_word' id='word_1_283' title='bbox 658 2336 691 2356; x_wconf 89' lang='lat' dir='ltr'>se</span> <span class='ocrx_word' id='word_1_284' title='bbox 702 2336 720 2356; x_wconf 81' lang='lat' dir='ltr'>a</span> <span class='ocrx_word' id='word_1_285' title='bbox 733 2335 787 2365; x_wconf 87' lang='lat' dir='ltr'>spe</span> <span class='ocrx_word' id='word_1_286' title='bbox 801 2326 918 2357; x_wconf 57' lang='lat' dir='ltr'>divinae</span> 
     </span>
     <span class='ocr_line' id='line_1_42' title="bbox 147 2378 918 2418; baseline 0.001 -10"><span class='ocrx_word' id='word_1_287' title='bbox 147 2378 364 2418; x_wconf 89' lang='lat' dir='ltr'>promissionis</span> <span class='ocrx_word' id='word_1_288' title='bbox 379 2381 526 2409; x_wconf 84' lang='lat' dir='ltr'>avertunt</span> <span class='ocrx_word' id='word_1_289' title='bbox 551 2390 557 2409; x_wconf 90' lang='lat'>:</span> <span class='ocrx_word' id='word_1_290' title='bbox 575 2382 604 2409; x_wconf 84' lang='lat' dir='ltr'>ct</span> <span class='ocrx_word' id='word_1_291' title='bbox 629 2379 698 2410; x_wconf 85' lang='lat' dir='ltr'>ideo</span> <span class='ocrx_word' id='word_1_292' title='bbox 716 2381 819 2410; x_wconf 83' lang='lat' dir='ltr'>statua</span> <span class='ocrx_word' id='word_1_293' title='bbox 839 2381 918 2410; x_wconf 83' lang='lat' dir='ltr'>saeta</span> 
     </span>
     <span class='ocr_line' id='line_1_43' title="bbox 148 2431 916 2471; baseline 0.003 -10"><span class='ocrx_word' id='word_1_294' title='bbox 148 2433 194 2462; x_wconf 88' lang='lat' dir='ltr'>est</span> <span class='ocrx_word' id='word_1_295' title='bbox 203 2431 287 2469; x_wconf 86' lang='lat' dir='ltr'>salis,</span> <span class='ocrx_word' id='word_1_296' title='bbox 300 2432 374 2471; x_wconf 83' lang='lat' dir='ltr'>quia</span> <span class='ocrx_word' id='word_1_297' title='bbox 385 2432 418 2462; x_wconf 91' lang='lat' dir='ltr'>in</span> <span class='ocrx_word' id='word_1_298' title='bbox 431 2432 628 2462; x_wconf 82' lang='lat' dir='ltr'>admonendo</span> <span class='ocrx_word' id='word_1_299' title='bbox 643 2433 804 2471; x_wconf 87' lang='grc'>11011111105,</span> <span class='ocrx_word' id='word_1_300' title='bbox 820 2442 859 2463; x_wconf 84' lang='grc'>110</span> <span class='ocrx_word' id='word_1_301' title='bbox 875 2433 916 2463; x_wconf 91' lang='grc'>51-</span> 
     </span>
     <span class='ocr_line' id='line_1_44' title="bbox 148 2486 918 2525; baseline 0.003 -9"><span class='ocrx_word' id='word_1_302' title='bbox 148 2486 237 2516; x_wconf 82' lang='lat' dir='ltr'>milia</span> <span class='ocrx_word' id='word_1_303' title='bbox 254 2486 388 2524; x_wconf 83' lang='lat' dir='ltr'>faciant,</span> <span class='ocrx_word' id='word_1_304' title='bbox 412 2486 506 2516; x_wconf 81' lang='lat' dir='ltr'>corda</span> <span class='ocrx_word' id='word_1_305' title='bbox 526 2495 638 2517; x_wconf 90' lang='lat' dir='ltr'>eorum</span> <span class='ocrx_word' id='word_1_306' title='bbox 656 2487 776 2525; x_wconf 88' lang='lat' dir='ltr'>condit,</span> <span class='ocrx_word' id='word_1_307' title='bbox 797 2496 837 2518; x_wconf 89' lang='lat' dir='ltr'>ne</span> <span class='ocrx_word' id='word_1_308' title='bbox 856 2488 918 2518; x_wconf 89' lang='lat' dir='ltr'>sint</span> 
     </span>
    </p>
   </div>
   <div class='ocr_carea' id='block_1_3' title="bbox 151 2583 917 2685">
    <p class='ocr_par' dir='ltr' id='par_1_4' title="bbox 151 2583 917 2685">
     <span class='ocr_line' id='line_1_45' title="bbox 181 2583 917 2616; baseline 0.003 -9"><span class='ocrx_word' id='word_1_309' title='bbox 181 2585 186 2597; x_wconf 86' lang='lat'>¹</span> <span class='ocrx_word' id='word_1_310' title='bbox 202 2583 302 2614; x_wconf 63' lang='lat' dir='ltr'>Matth„</span> <span class='ocrx_word' id='word_1_311' title='bbox 317 2589 389 2614; x_wconf 81' lang='lat' dir='ltr'>xx1v,</span> <span class='ocrx_word' id='word_1_312' title='bbox 403 2584 484 2608; x_wconf 74' lang='lat'>11-13.</span> <span class='ocrx_word' id='word_1_313' title='bbox 500 2596 528 2601; x_wconf 91' lang='lat'>—-</span> <span class='ocrx_word' id='word_1_314' title='bbox 543 2584 553 2600; x_wconf 80' lang='lat'>²</span> <span class='ocrx_word' id='word_1_315' title='bbox 568 2583 639 2613; x_wconf 67' lang='lat' dir='ltr'>Gen„</span> <span class='ocrx_word' id='word_1_316' title='bbox 654 2589 709 2614; x_wconf 73' lang='lat' dir='ltr'>iux,</span> <span class='ocrx_word' id='word_1_317' title='bbox 724 2585 763 2609; x_wconf 78' lang='lat'>20.</span> <span class='ocrx_word' id='word_1_318' title='bbox 776 2597 802 2602; x_wconf 91' lang='lat'>——</span> <span class='ocrx_word' id='word_1_319' title='bbox 819 2585 829 2600; x_wconf 77' lang='lat'><strong>³</strong></span> <span class='ocrx_word' id='word_1_320' title='bbox 844 2585 917 2616; x_wconf 68' lang='lat' dir='ltr'>ibid„</span> 
     </span>
     <span class='ocr_line' id='line_1_46' title="bbox 152 2618 917 2652; baseline 0.003 -11"><span class='ocrx_word' id='word_1_321' title='bbox 152 2618 229 2641; x_wconf 78' lang='grc' dir='ltr'>1Ἶ.-</span> <span class='ocrx_word' id='word_1_322' title='bbox 241 2618 251 2632; x_wconf 81' lang='lat'><strong>⁴</strong></span> <span class='ocrx_word' id='word_1_323' title='bbox 266 2619 285 2642; x_wconf 90' lang='grc'>11</span> <span class='ocrx_word' id='word_1_324' title='bbox 302 2619 479 2649; x_wconf 73' lang='lat' dir='ltr'>I¹etr.,11,21,</span> <span class='ocrx_word' id='word_1_325' title='bbox 495 2620 534 2643; x_wconf 83' lang='lat'>20.</span> <span class='ocrx_word' id='word_1_326' title='bbox 552 2632 576 2636; x_wconf 82' lang='lat'>——</span> <span class='ocrx_word' id='word_1_327' title='bbox 593 2619 603 2635; x_wconf 78' lang='lat'>⁵</span> <span class='ocrx_word' id='word_1_328' title='bbox 618 2619 689 2650; x_wconf 62' lang='lat' dir='ltr'>Sap„</span> <span class='ocrx_word' id='word_1_329' title='bbox 702 2626 727 2649; x_wconf 82' lang='lat' dir='ltr'>x,</span> <span class='ocrx_word' id='word_1_330' title='bbox 740 2621 761 2644; x_wconf 81' lang='lat'>7.</span> <span class='ocrx_word' id='word_1_331' title='bbox 777 2633 808 2638; x_wconf 89' lang='lat'>—·</span> <span class='ocrx_word' id='word_1_332' title='bbox 824 2621 833 2634; x_wconf 60' lang='grc' dir='ltr'>ὃ</span> <span class='ocrx_word' id='word_1_333' title='bbox 845 2622 917 2652; x_wconf 85' lang='lat' dir='ltr'>Sup.,</span> 
     </span>
     <span class='ocr_line' id='line_1_47' title="bbox 151 2654 917 2685; baseline 0.003 -9"><span class='ocrx_word' id='word_1_334' title='bbox 151 2658 204 2684; x_wconf 81' lang='lat' dir='ltr'>xiv,</span> <span class='ocrx_word' id='word_1_335' title='bbox 219 2654 257 2678; x_wconf 73' lang='lat'>34.</span> <span class='ocrx_word' id='word_1_336' title='bbox 274 2666 303 2671; x_wconf 88' lang='lat'>-</span> <span class='ocrx_word' id='word_1_337' title='bbox 324 2654 332 2668; x_wconf 90' lang='lat'><strong>⁷</strong></span> <span class='ocrx_word' id='word_1_338' title='bbox 347 2654 432 2684; x_wconf 76' lang='lat' dir='ltr'>Levit„</span> <span class='ocrx_word' id='word_1_339' title='bbox 450 2660 520 2684; x_wconf 82' lang='lat' dir='ltr'>xvu,</span> <span class='ocrx_word' id='word_1_340' title='bbox 537 2656 575 2678; x_wconf 82' lang='grc' dir='ltr'>Η.</span> <span class='ocrx_word' id='word_1_341' title='bbox 590 2667 620 2672; x_wconf 91' lang='grc'>-</span> <span class='ocrx_word' id='word_1_342' title='bbox 637 2655 645 2668; x_wconf 78' lang='grc'><em>·</em></span> <span class='ocrx_word' id='word_1_343' title='bbox 663 2655 744 2685; x_wconf 68' lang='lat' dir='ltr'>laam,</span> <span class='ocrx_word' id='word_1_344' title='bbox 765 2660 813 2685; x_wconf 87' lang='lat' dir='ltr'>x11,</span> <span class='ocrx_word' id='word_1_345' title='bbox 834 2657 872 2679; x_wconf 83' lang='lat'>25.</span> <span class='ocrx_word' id='word_1_346' title='bbox 888 2669 917 2674; x_wconf 96' lang='lat'><strong>—</strong></span> 
     </span>
    </p>
   </div>
   <div class='ocr_carea' id='block_1_4' title="bbox 970 251 1749 2685">
    <p class='ocr_par' dir='ltr' id='par_1_5' title="bbox 970 251 1741 600">
     <span class='ocr_line' id='line_1_48' title="bbox 970 251 1740 283; baseline -0.001 0"><span class='ocrx_word' id='word_1_347' title='bbox 970 253 1060 283; x_wconf 83' lang='lat' dir='ltr'>fatui.</span> <span class='ocrx_word' id='word_1_348' title='bbox 1076 263 1090 280; x_wconf 73' lang='lat' dir='ltr'>n</span> <span class='ocrx_word' id='word_1_349' title='bbox 1115 251 1180 282; x_wconf 86' lang='lat' dir='ltr'>Hoc</span> <span class='ocrx_word' id='word_1_350' title='bbox 1205 251 1312 282; x_wconf 85' lang='lat' dir='ltr'>autem</span> <span class='ocrx_word' id='word_1_351' title='bbox 1336 260 1399 281; x_wconf 91' lang='lat' dir='ltr'>non</span> <span class='ocrx_word' id='word_1_352' title='bbox 1419 251 1544 281; x_wconf 84' lang='lat' dir='ltr'>tantum</span> <span class='ocrx_word' id='word_1_353' title='bbox 1559 251 1606 280; x_wconf 89' lang='lat' dir='ltr'>est</span> <span class='ocrx_word' id='word_1_354' title='bbox 1628 259 1740 282; x_wconf 83' lang='lat' dir='ltr'>exem-</span> 
     </span>
     <span class='ocr_line' id='line_1_49' title="bbox 971 303 1737 345; baseline 0 -10"><span class='ocrx_word' id='word_1_355' title='bbox 971 305 1078 345; x_wconf 88' lang='lat' dir='ltr'>plum,</span> <span class='ocrx_word' id='word_1_356' title='bbox 1099 313 1214 335; x_wconf 87' lang='lat' dir='ltr'>verum</span> <span class='ocrx_word' id='word_1_357' title='bbox 1229 304 1325 334; x_wconf 85' lang='lat' dir='ltr'>etiam</span> <span class='ocrx_word' id='word_1_358' title='bbox 1350 303 1509 343; x_wconf 82' lang='lat' dir='ltr'>significat</span> <span class='ocrx_word' id='word_1_359' title='bbox 1532 304 1737 343; x_wconf 81' lang='lat' dir='ltr'>praesagium.</span> 
     </span>
     <span class='ocr_line' id='line_1_50' title="bbox 972 356 1740 395; baseline -0.001 -7"><span class='ocrx_word' id='word_1_360' title='bbox 972 357 1052 388; x_wconf 83' lang='lat' dir='ltr'>Nam</span> <span class='ocrx_word' id='word_1_361' title='bbox 1066 358 1146 387; x_wconf 84' lang='lat' dir='ltr'>sicut</span> <span class='ocrx_word' id='word_1_362' title='bbox 1161 357 1238 387; x_wconf 89' lang='lat' dir='ltr'>illud</span> <span class='ocrx_word' id='word_1_363' title='bbox 1253 357 1436 387; x_wconf 88' lang='lat' dir='ltr'>incendium</span> <span class='ocrx_word' id='word_1_364' title='bbox 1458 356 1562 395; x_wconf 82' lang='lat' dir='ltr'>signat</span> <span class='ocrx_word' id='word_1_365' title='bbox 1585 356 1679 386; x_wconf 83' lang='lat' dir='ltr'>finale</span> <span class='ocrx_word' id='word_1_366' title='bbox 1691 358 1740 395; x_wconf 77' lang='lat' dir='ltr'>Ju-</span> 
     </span>
     <span class='ocr_line' id='line_1_51' title="bbox 971 409 1741 447; baseline -0.001 -7"><span class='ocrx_word' id='word_1_367' title='bbox 971 410 1089 441; x_wconf 86' lang='lat' dir='ltr'>dicium</span> <span class='ocrx_word' id='word_1_368' title='bbox 1112 410 1302 447; x_wconf 80' lang='lat' dir='ltr'>imminens,</span> <span class='ocrx_word' id='word_1_369' title='bbox 1326 409 1370 439; x_wconf 81' lang='grc'>510</span> <span class='ocrx_word' id='word_1_370' title='bbox 1393 418 1474 439; x_wconf 75' lang='lat' dir='ltr'>uxor</span> <span class='ocrx_word' id='word_1_371' title='bbox 1500 409 1556 439; x_wconf 89' lang='lat' dir='ltr'>Lot</span> <span class='ocrx_word' id='word_1_372' title='bbox 1583 411 1667 439; x_wconf 90' lang='lat' dir='ltr'>retro</span> <span class='ocrx_word' id='word_1_373' title='bbox 1691 418 1741 439; x_wconf 85' lang='grc'>35-</span> 
     </span>
     <span class='ocr_line' id='line_1_52' title="bbox 972 462 1740 502; baseline 0.001 -10"><span class='ocrx_word' id='word_1_374' title='bbox 972 463 1109 502; x_wconf 79' lang='lat' dir='ltr'>piciens,</span> <span class='ocrx_word' id='word_1_375' title='bbox 1139 463 1261 492; x_wconf 84' lang='lat' dir='ltr'>animas</span> <span class='ocrx_word' id='word_1_376' title='bbox 1285 462 1406 493; x_wconf 69' lang='grc'>01100135</span> <span class='ocrx_word' id='word_1_377' title='bbox 1429 464 1458 493; x_wconf 89' lang='lat' dir='ltr'>et</span> <span class='ocrx_word' id='word_1_378' title='bbox 1488 462 1643 499; x_wconf 84' lang='lat' dir='ltr'>carnales,</span> <span class='ocrx_word' id='word_1_379' title='bbox 1668 471 1740 502; x_wconf 83' lang='lat' dir='ltr'>quae</span> 
     </span>
     <span class='ocr_line' id='line_1_53' title="bbox 972 515 1741 555; baseline -0.001 -9"><span class='ocrx_word' id='word_1_380' title='bbox 972 516 1169 546; x_wconf 87' lang='lat' dir='ltr'>retrocedent</span> <span class='ocrx_word' id='word_1_381' title='bbox 1190 517 1221 546; x_wconf 91' lang='lat' dir='ltr'>et</span> <span class='ocrx_word' id='word_1_382' title='bbox 1243 516 1464 555; x_wconf 81' lang='lat' dir='ltr'>apostatabunt</span> <span class='ocrx_word' id='word_1_383' title='bbox 1486 515 1520 545; x_wconf 89' lang='lat' dir='ltr'>in</span> <span class='ocrx_word' id='word_1_384' title='bbox 1536 515 1590 545; x_wconf 86' lang='grc'>1113</span> <span class='ocrx_word' id='word_1_385' title='bbox 1605 515 1741 546; x_wconf 83' lang='lat' dir='ltr'>tribula-</span> 
     </span>
     <span class='ocr_line' id='line_1_54' title="bbox 974 570 1069 600; baseline 0 0"><span class='ocrx_word' id='word_1_386' title='bbox 974 570 1069 600; x_wconf 86' lang='lat' dir='ltr'>tione.</span> 
     </span>
    </p>

    <p class='ocr_par' dir='ltr' id='par_1_6' title="bbox 973 621 1749 2634">
     <span class='ocr_line' id='line_1_55' title="bbox 1012 621 1740 662; baseline -0.001 -9"><span class='ocrx_word' id='word_1_387' title='bbox 1012 623 1135 659; x_wconf 85' lang='lat' dir='ltr'>Tertio,</span> <span class='ocrx_word' id='word_1_388' title='bbox 1158 625 1315 662; x_wconf 87' lang='lat' dir='ltr'>quantum</span> <span class='ocrx_word' id='word_1_389' title='bbox 1339 623 1377 653; x_wconf 88' lang='lat' dir='ltr'>ad</span> <span class='ocrx_word' id='word_1_390' title='bbox 1413 622 1567 653; x_wconf 85' lang='lat' dir='ltr'>rationem</span> <span class='ocrx_word' id='word_1_391' title='bbox 1598 621 1740 661; x_wconf 86' lang='lat' dir='ltr'>periculi,</span> 
     </span>
     <span class='ocr_line' id='line_1_56' title="bbox 973 675 1742 716; baseline -0.001 -10"><span class='ocrx_word' id='word_1_392' title='bbox 973 676 1079 707; x_wconf 86' lang='lat' dir='ltr'>subdit</span> <span class='ocrx_word' id='word_1_393' title='bbox 1098 678 1146 714; x_wconf 87' lang='lat' dir='ltr'>(v.</span> <span class='ocrx_word' id='word_1_394' title='bbox 1164 677 1220 715; x_wconf 84' lang='lat'>33)</span> <span class='ocrx_word' id='word_1_395' title='bbox 1246 687 1252 705; x_wconf 93' lang='lat'>:</span> <span class='ocrx_word' id='word_1_396' title='bbox 1273 676 1472 715; x_wconf 74' lang='lat' dir='ltr'>Qm&#39;cwnque</span> <span class='ocrx_word' id='word_1_397' title='bbox 1494 675 1654 716; x_wconf 77' lang='lat' dir='ltr'>quoesierit</span> <span class='ocrx_word' id='word_1_398' title='bbox 1672 675 1742 705; x_wconf 78' lang='lat' dir='ltr'>cmi-</span> 
     </span>
     <span class='ocr_line' id='line_1_57' title="bbox 973 728 1743 768; baseline -0.001 -9"><span class='ocrx_word' id='word_1_399' title='bbox 973 739 1061 759; x_wconf 82' lang='lat' dir='ltr'>mam</span> <span class='ocrx_word' id='word_1_400' title='bbox 1075 739 1167 759; x_wconf 71' lang='lat' dir='ltr'>suam</span> <span class='ocrx_word' id='word_1_401' title='bbox 1179 729 1303 759; x_wconf 73' lang='lat' dir='ltr'>salvam</span> <span class='ocrx_word' id='word_1_402' title='bbox 1319 730 1438 768; x_wconf 78' lang='lat' dir='ltr'>facere,</span> <span class='ocrx_word' id='word_1_403' title='bbox 1454 738 1511 768; x_wconf 86' lang='lat' dir='ltr'>per</span> <span class='ocrx_word' id='word_1_404' title='bbox 1526 737 1666 759; x_wconf 87' lang='lat' dir='ltr'>amorem</span> <span class='ocrx_word' id='word_1_405' title='bbox 1683 728 1743 768; x_wconf 84' lang='lat' dir='ltr'>pri·</span> 
     </span>
     <span class='ocr_line' id='line_1_58' title="bbox 973 782 1743 822; baseline -0.001 -9"><span class='ocrx_word' id='word_1_406' title='bbox 973 785 1105 820; x_wconf 80' lang='lat' dir='ltr'>vatum3</span> <span class='ocrx_word' id='word_1_407' title='bbox 1126 783 1277 822; x_wconf 86' lang='lat' dir='ltr'>accipitur</span> <span class='ocrx_word' id='word_1_408' title='bbox 1294 783 1380 813; x_wconf 89' lang='lat' dir='ltr'>enim</span> <span class='ocrx_word' id='word_1_409' title='bbox 1400 782 1452 812; x_wconf 90' lang='grc'>1110</span> <span class='ocrx_word' id='word_1_410' title='bbox 1469 782 1576 812; x_wconf 84' lang='lat' dir='ltr'>anima</span> <span class='ocrx_word' id='word_1_411' title='bbox 1598 791 1654 821; x_wconf 86' lang='lat' dir='ltr'>pro</span> <span class='ocrx_word' id='word_1_412' title='bbox 1679 782 1743 813; x_wconf 84' lang='lat' dir='ltr'>vita</span> 
     </span>
     <span class='ocr_line' id='line_1_59' title="bbox 973 835 1743 875; baseline -0.001 -10"><span class='ocrx_word' id='word_1_413' title='bbox 973 836 1109 872; x_wconf 84' lang='lat' dir='ltr'>carnali,</span> <span class='ocrx_word' id='word_1_414' title='bbox 1130 836 1168 866; x_wconf 82' lang='lat' dir='ltr'>de</span> <span class='ocrx_word' id='word_1_415' title='bbox 1191 845 1254 875; x_wconf 83' lang='lat' dir='ltr'>qua</span> <span class='ocrx_word' id='word_1_416' title='bbox 1277 835 1391 865; x_wconf 88' lang='lat' dir='ltr'>dicitur</span> <span class='ocrx_word' id='word_1_417' title='bbox 1404 835 1414 851; x_wconf 89' lang='lat'>&#39;¹</span> <span class='ocrx_word' id='word_1_418' title='bbox 1433 844 1440 865; x_wconf 94' lang='lat'><strong>:</strong></span> <span class='ocrx_word' id='word_1_419' title='bbox 1468 846 1482 863; x_wconf 84' lang='lat'>«</span> <span class='ocrx_word' id='word_1_420' title='bbox 1500 835 1616 865; x_wconf 87' lang='lat' dir='ltr'>Anima</span> <span class='ocrx_word' id='word_1_421' title='bbox 1638 835 1743 865; x_wconf 89' lang='lat' dir='ltr'>omnis</span> 
     </span>
     <span class='ocr_line' id='line_1_60' title="bbox 974 887 1743 927; baseline -0.001 -8"><span class='ocrx_word' id='word_1_422' title='bbox 974 889 1076 919; x_wconf 83' lang='lat' dir='ltr'>carnis</span> <span class='ocrx_word' id='word_1_423' title='bbox 1087 889 1120 918; x_wconf 92' lang='lat' dir='ltr'>in</span> <span class='ocrx_word' id='word_1_424' title='bbox 1131 889 1287 927; x_wconf 86' lang='lat' dir='ltr'>sanguine</span> <span class='ocrx_word' id='word_1_425' title='bbox 1303 890 1359 918; x_wconf 86' lang='lat' dir='ltr'>est.</span> <span class='ocrx_word' id='word_1_426' title='bbox 1376 898 1390 915; x_wconf 88' lang='lat'>»</span> <span class='ocrx_word' id='word_1_427' title='bbox 1409 887 1515 918; x_wconf 75' lang='lat' dir='ltr'>Glossa</span> <span class='ocrx_word' id='word_1_428' title='bbox 1532 898 1539 918; x_wconf 74' lang='grc' dir='ltr'>ς</span> <span class='ocrx_word' id='word_1_429' title='bbox 1560 887 1629 918; x_wconf 89' lang='grc'>«1111</span> <span class='ocrx_word' id='word_1_430' title='bbox 1643 888 1743 918; x_wconf 83' lang='lat' dir='ltr'>vitam</span> 
     </span>
     <span class='ocr_line' id='line_1_61' title="bbox 974 941 1743 981; baseline -0.001 -9"><span class='ocrx_word' id='word_1_431' title='bbox 974 941 1112 981; x_wconf 86' lang='lat' dir='ltr'>corporis</span> <span class='ocrx_word' id='word_1_432' title='bbox 1127 941 1251 973; x_wconf 80' lang='lat' dir='ltr'>vocavit</span> <span class='ocrx_word' id='word_1_433' title='bbox 1266 950 1330 972; x_wconf 91' lang='lat' dir='ltr'>non</span> <span class='ocrx_word' id='word_1_434' title='bbox 1346 941 1486 972; x_wconf 89' lang='lat' dir='ltr'>animam</span> <span class='ocrx_word' id='word_1_435' title='bbox 1501 950 1574 980; x_wconf 84' lang='lat' dir='ltr'>quae</span> <span class='ocrx_word' id='word_1_436' title='bbox 1590 941 1709 980; x_wconf 81' lang='lat' dir='ltr'>migrat</span> <span class='ocrx_word' id='word_1_437' title='bbox 1725 951 1743 971; x_wconf 88' lang='lat' dir='ltr'>a</span> 
     </span>
     <span class='ocr_line' id='line_1_62' title="bbox 973 994 1745 1034; baseline -0.001 -9"><span class='ocrx_word' id='word_1_438' title='bbox 973 1004 1103 1034; x_wconf 85' lang='lat' dir='ltr'>corpore</span> <span class='ocrx_word' id='word_1_439' title='bbox 1114 1019 1124 1032; x_wconf 88' lang='lat'>,</span> <span class='ocrx_word' id='word_1_440' title='bbox 1153 995 1207 1025; x_wconf 87' lang='lat' dir='ltr'>sed</span> <span class='ocrx_word' id='word_1_441' title='bbox 1236 1003 1308 1034; x_wconf 59' lang='grc' dir='ltr'>(111εο</span> <span class='ocrx_word' id='word_1_442' title='bbox 1340 996 1441 1025; x_wconf 87' lang='lat' dir='ltr'>morte</span> <span class='ocrx_word' id='word_1_443' title='bbox 1468 994 1590 1024; x_wconf 87' lang='lat' dir='ltr'>finitur.</span> <span class='ocrx_word' id='word_1_444' title='bbox 1609 1005 1623 1022; x_wconf 66' lang='lat'>&gt;³</span> <span class='ocrx_word' id='word_1_445' title='bbox 1657 994 1745 1024; x_wconf 85' lang='lat' dir='ltr'>Hanc</span> 
     </span>
     <span class='ocr_line' id='line_1_63' title="bbox 974 1047 1744 1087; baseline 0 -10"><span class='ocrx_word' id='word_1_446' title='bbox 974 1048 1088 1087; x_wconf 58' lang='lat' dir='ltr'>quan-it</span> <span class='ocrx_word' id='word_1_447' title='bbox 1103 1048 1237 1085; x_wconf 84' lang='lat' dir='ltr'>salvare,</span> <span class='ocrx_word' id='word_1_448' title='bbox 1256 1048 1312 1087; x_wconf 86' lang='lat' dir='ltr'>qui</span> <span class='ocrx_word' id='word_1_449' title='bbox 1327 1048 1422 1078; x_wconf 89' lang='lat' dir='ltr'>nimis</span> <span class='ocrx_word' id='word_1_450' title='bbox 1433 1056 1506 1077; x_wconf 82' lang='lat' dir='ltr'>eam</span> <span class='ocrx_word' id='word_1_451' title='bbox 1523 1047 1636 1086; x_wconf 84' lang='lat' dir='ltr'>diligit.</span> <span class='ocrx_word' id='word_1_452' title='bbox 1656 1047 1744 1077; x_wconf 87' lang='lat' dir='ltr'>Unde</span> 
     </span>
     <span class='ocr_line' id='line_1_64' title="bbox 975 1101 1747 1141; baseline -0.001 -9"><span class='ocrx_word' id='word_1_453' title='bbox 975 1101 1082 1132; x_wconf 77' lang='lat' dir='ltr'>Glossa</span> <span class='ocrx_word' id='word_1_454' title='bbox 1104 1111 1198 1141; x_wconf 83' lang='lat' dir='ltr'>super</span> <span class='ocrx_word' id='word_1_455' title='bbox 1220 1102 1305 1132; x_wconf 88' lang='lat' dir='ltr'>istud</span> <span class='ocrx_word' id='word_1_456' title='bbox 1330 1113 1336 1132; x_wconf 87' lang='lat'><strong>:</strong></span> <span class='ocrx_word' id='word_1_457' title='bbox 1363 1102 1562 1141; x_wconf 72' lang='lat' dir='ltr'>Quicumque</span> <span class='ocrx_word' id='word_1_458' title='bbox 1584 1101 1747 1141; x_wconf 66' lang='lat' dir='ltr'>quaesierit</span> 
     </span>
     <span class='ocr_line' id='line_1_65' title="bbox 974 1155 1742 1194; baseline -0.001 -9"><span class='ocrx_word' id='word_1_459' title='bbox 974 1156 1120 1185; x_wconf 74' lang='lat' dir='ltr'>animam</span> <span class='ocrx_word' id='word_1_460' title='bbox 1135 1165 1229 1186; x_wconf 73' lang='lat' dir='ltr'>suam</span> <span class='ocrx_word' id='word_1_461' title='bbox 1243 1155 1367 1185; x_wconf 71' lang='lat' dir='ltr'>salvam</span> <span class='ocrx_word' id='word_1_462' title='bbox 1381 1156 1490 1194; x_wconf 74' lang='lat' dir='ltr'>faeere</span> <span class='ocrx_word' id='word_1_463' title='bbox 1505 1164 1515 1186; x_wconf 92' lang='grc'>.·</span> <span class='ocrx_word' id='word_1_464' title='bbox 1533 1167 1547 1183; x_wconf 85' lang='grc'>«</span> <span class='ocrx_word' id='word_1_465' title='bbox 1563 1155 1597 1186; x_wconf 92' lang='lat' dir='ltr'>Id</span> <span class='ocrx_word' id='word_1_466' title='bbox 1615 1157 1671 1194; x_wconf 89' lang='lat' dir='ltr'>est,</span> <span class='ocrx_word' id='word_1_467' title='bbox 1689 1155 1742 1194; x_wconf 85' lang='lat' dir='ltr'>qui</span> 
     </span>
     <span class='ocr_line' id='line_1_66' title="bbox 974 1209 1746 1248; baseline -0.001 -9"><span class='ocrx_word' id='word_1_468' title='bbox 974 1209 1072 1241; x_wconf 84' lang='lat' dir='ltr'>vitam</span> <span class='ocrx_word' id='word_1_469' title='bbox 1082 1209 1251 1246; x_wconf 80' lang='lat' dir='ltr'>carnalem,</span> <span class='ocrx_word' id='word_1_470' title='bbox 1262 1209 1411 1248; x_wconf 81' lang='lat' dir='ltr'>negando</span> <span class='ocrx_word' id='word_1_471' title='bbox 1423 1209 1593 1246; x_wconf 84' lang='lat' dir='ltr'>Christum,</span> <span class='ocrx_word' id='word_1_472' title='bbox 1610 1209 1643 1238; x_wconf 92' lang='lat' dir='ltr'>in</span> <span class='ocrx_word' id='word_1_473' title='bbox 1655 1218 1746 1238; x_wconf 67' lang='lat' dir='ltr'>mun&lt;</span> 
     </span>
     <span class='ocr_line' id='line_1_67' title="bbox 974 1262 1744 1302; baseline -0.003 -9"><span class='ocrx_word' id='word_1_474' title='bbox 974 1264 1013 1293; x_wconf 93' lang='lat' dir='ltr'>do</span> <span class='ocrx_word' id='word_1_475' title='bbox 1035 1263 1157 1293; x_wconf 84' lang='lat' dir='ltr'>salvare</span> <span class='ocrx_word' id='word_1_476' title='bbox 1179 1263 1353 1293; x_wconf 78' lang='lat' dir='ltr'>voluerit.»</span> <span class='ocrx_word' id='word_1_477' title='bbox 1379 1262 1421 1292; x_wconf 90' lang='lat' dir='ltr'>De</span> <span class='ocrx_word' id='word_1_478' title='bbox 1435 1272 1499 1302; x_wconf 89' lang='lat' dir='ltr'>quo</span> <span class='ocrx_word' id='word_1_479' title='bbox 1515 1262 1646 1293; x_wconf 86' lang='lat' dir='ltr'>subdit:</span> <span class='ocrx_word' id='word_1_480' title='bbox 1667 1262 1744 1293; x_wconf 82' lang='lat' dir='ltr'>Per-</span> 
     </span>
     <span class='ocr_line' id='line_1_68' title="bbox 975 1315 1742 1356; baseline -0.003 -9"><span class='ocrx_word' id='word_1_481' title='bbox 975 1317 1027 1347; x_wconf 76' lang='lat' dir='ltr'>det</span> <span class='ocrx_word' id='word_1_482' title='bbox 1036 1317 1075 1356; x_wconf 80' lang='lat' dir='ltr'>(a)</span> <span class='ocrx_word' id='word_1_483' title='bbox 1085 1316 1185 1354; x_wconf 70' lang='lat' dir='ltr'>illam,</span> <span class='ocrx_word' id='word_1_484' title='bbox 1197 1317 1312 1347; x_wconf 86' lang='lat' dir='ltr'>scilicet</span> <span class='ocrx_word' id='word_1_485' title='bbox 1324 1326 1379 1355; x_wconf 87' lang='lat' dir='ltr'>per</span> <span class='ocrx_word' id='word_1_486' title='bbox 1389 1316 1535 1346; x_wconf 89' lang='lat' dir='ltr'>divinum</span> <span class='ocrx_word' id='word_1_487' title='bbox 1542 1316 1701 1355; x_wconf 85' lang='lat' dir='ltr'>judicium</span> <span class='ocrx_word' id='word_1_488' title='bbox 1711 1315 1722 1332; x_wconf 80' lang='lat'>⁸</span> <span class='ocrx_word' id='word_1_489' title='bbox 1735 1327 1742 1346; x_wconf 77' lang='lat' dir='ltr'>z</span> 
     </span>
     <span class='ocr_line' id='line_1_69' title="bbox 980 1369 1745 1408; baseline 0 -10"><span class='ocrx_word' id='word_1_490' title='bbox 980 1381 993 1397; x_wconf 76' lang='grc' dir='ltr'>α</span> <span class='ocrx_word' id='word_1_491' title='bbox 1009 1369 1067 1405; x_wconf 76' lang='lat' dir='ltr'>Qui</span> <span class='ocrx_word' id='word_1_492' title='bbox 1082 1371 1166 1398; x_wconf 86' lang='lat' dir='ltr'>amat</span> <span class='ocrx_word' id='word_1_493' title='bbox 1183 1369 1322 1399; x_wconf 84' lang='lat' dir='ltr'>animam</span> <span class='ocrx_word' id='word_1_494' title='bbox 1335 1378 1437 1406; x_wconf 87' lang='grc'>5113111,</span> <span class='ocrx_word' id='word_1_495' title='bbox 1452 1369 1560 1408; x_wconf 90' lang='lat' dir='ltr'>perdet</span> <span class='ocrx_word' id='word_1_496' title='bbox 1575 1377 1658 1399; x_wconf 81' lang='lat' dir='ltr'>eam.</span> <span class='ocrx_word' id='word_1_497' title='bbox 1673 1379 1688 1397; x_wconf 88' lang='lat'>»</span> <span class='ocrx_word' id='word_1_498' title='bbox 1708 1370 1745 1398; x_wconf 89' lang='lat' dir='ltr'>Et</span> 
     </span>
     <span class='ocr_line' id='line_1_70' title="bbox 975 1421 1745 1462; baseline 0.001 -11"><span class='ocrx_word' id='word_1_499' title='bbox 975 1422 1103 1462; x_wconf 78' lang='lat' dir='ltr'>quidem</span> <span class='ocrx_word' id='word_1_500' title='bbox 1116 1422 1177 1452; x_wconf 89' lang='lat' dir='ltr'>hoc</span> <span class='ocrx_word' id='word_1_501' title='bbox 1192 1423 1245 1452; x_wconf 87' lang='lat' dir='ltr'>fiet</span> <span class='ocrx_word' id='word_1_502' title='bbox 1255 1424 1341 1461; x_wconf 87' lang='lat' dir='ltr'>justo</span> <span class='ocrx_word' id='word_1_503' title='bbox 1356 1421 1409 1452; x_wconf 91' lang='lat' dir='ltr'>Dei</span> <span class='ocrx_word' id='word_1_504' title='bbox 1422 1422 1559 1460; x_wconf 66' lang='grc' dir='ltr'>ι11101010,</span> <span class='ocrx_word' id='word_1_505' title='bbox 1576 1423 1613 1451; x_wconf 88' lang='lat' dir='ltr'>ut</span> <span class='ocrx_word' id='word_1_506' title='bbox 1626 1422 1681 1461; x_wconf 86' lang='lat' dir='ltr'>qui</span> <span class='ocrx_word' id='word_1_507' title='bbox 1696 1423 1745 1452; x_wconf 91' lang='lat' dir='ltr'>sui</span> 
     </span>
     <span class='ocr_line' id='line_1_71' title="bbox 975 1474 1747 1514; baseline 0 -9"><span class='ocrx_word' id='word_1_508' title='bbox 975 1484 1083 1506; x_wconf 81' lang='lat' dir='ltr'>amore</span> <span class='ocrx_word' id='word_1_509' title='bbox 1106 1475 1314 1505; x_wconf 78' lang='lat' dir='ltr'>immoderato</span> <span class='ocrx_word' id='word_1_510' title='bbox 1341 1474 1486 1513; x_wconf 82' lang='lat' dir='ltr'>offendit,</span> <span class='ocrx_word' id='word_1_511' title='bbox 1513 1475 1609 1505; x_wconf 81' lang='lat' dir='ltr'>simul</span> <span class='ocrx_word' id='word_1_512' title='bbox 1636 1474 1747 1514; x_wconf 78' lang='lat' dir='ltr'>perdat</span> 
     </span>
     <span class='ocr_line' id='line_1_72' title="bbox 976 1527 1747 1565; baseline -0.001 -6"><span class='ocrx_word' id='word_1_513' title='bbox 976 1528 1118 1560; x_wconf 82' lang='lat' dir='ltr'>divinam</span> <span class='ocrx_word' id='word_1_514' title='bbox 1135 1528 1332 1565; x_wconf 86' lang='lat' dir='ltr'>felicitatem,</span> <span class='ocrx_word' id='word_1_515' title='bbox 1356 1530 1387 1558; x_wconf 88' lang='lat' dir='ltr'>et</span> <span class='ocrx_word' id='word_1_516' title='bbox 1404 1527 1520 1558; x_wconf 82' lang='grc' dir='ltr'>3111111εο</span> <span class='ocrx_word' id='word_1_517' title='bbox 1541 1527 1687 1558; x_wconf 82' lang='lat' dir='ltr'>salutem.</span> <span class='ocrx_word' id='word_1_518' title='bbox 1710 1527 1747 1558; x_wconf 87' lang='lat' dir='ltr'>Et</span> 
     </span>
     <span class='ocr_line' id='line_1_73' title="bbox 975 1580 1749 1620; baseline -0.003 -8"><span class='ocrx_word' id='word_1_519' title='bbox 975 1582 1034 1612; x_wconf 91' lang='grc'>1100</span> <span class='ocrx_word' id='word_1_520' title='bbox 1048 1583 1111 1619; x_wconf 89' lang='lat' dir='ltr'>est,</span> <span class='ocrx_word' id='word_1_521' title='bbox 1128 1581 1203 1620; x_wconf 80' lang='lat' dir='ltr'>quia</span> <span class='ocrx_word' id='word_1_522' title='bbox 1219 1583 1304 1611; x_wconf 85' lang='lat' dir='ltr'>amat</span> <span class='ocrx_word' id='word_1_523' title='bbox 1320 1581 1442 1611; x_wconf 86' lang='lat' dir='ltr'>bonum</span> <span class='ocrx_word' id='word_1_524' title='bbox 1457 1580 1682 1611; x_wconf 81' lang='lat' dir='ltr'>commutabile</span> <span class='ocrx_word' id='word_1_525' title='bbox 1697 1589 1749 1611; x_wconf 89' lang='lat' dir='ltr'>su-</span> 
     </span>
     <span class='ocr_line' id='line_1_74' title="bbox 976 1633 1745 1674; baseline -0.001 -9"><span class='ocrx_word' id='word_1_526' title='bbox 976 1644 1032 1674; x_wconf 81' lang='lat' dir='ltr'>per</span> <span class='ocrx_word' id='word_1_527' title='bbox 1053 1634 1324 1664; x_wconf 82' lang='lat' dir='ltr'>incommutabile.</span> <span class='ocrx_word' id='word_1_528' title='bbox 1353 1645 1367 1663; x_wconf 84' lang='lat'>«</span> <span class='ocrx_word' id='word_1_529' title='bbox 1389 1633 1448 1670; x_wconf 77' lang='lat' dir='ltr'>Qui</span> <span class='ocrx_word' id='word_1_530' title='bbox 1469 1633 1575 1672; x_wconf 84' lang='lat' dir='ltr'>diligit</span> <span class='ocrx_word' id='word_1_531' title='bbox 1596 1633 1745 1673; x_wconf 83' lang='lat' dir='ltr'>iniquita-</span> 
     </span>
     <span class='ocr_line' id='line_1_75' title="bbox 975 1687 1745 1728; baseline 0 -9"><span class='ocrx_word' id='word_1_532' title='bbox 975 1692 1054 1726; x_wconf 85' lang='lat' dir='ltr'>tem,</span> <span class='ocrx_word' id='word_1_533' title='bbox 1071 1688 1136 1719; x_wconf 90' lang='lat' dir='ltr'>odit</span> <span class='ocrx_word' id='word_1_534' title='bbox 1150 1688 1291 1718; x_wconf 82' lang='lat' dir='ltr'>animam</span> <span class='ocrx_word' id='word_1_535' title='bbox 1306 1697 1398 1719; x_wconf 86' lang='lat' dir='ltr'>suam</span> <span class='ocrx_word' id='word_1_536' title='bbox 1412 1690 1436 1718; x_wconf 73' lang='lat'>⁹.</span> <span class='ocrx_word' id='word_1_537' title='bbox 1451 1698 1466 1717; x_wconf 71' lang='lat' dir='ltr'>n</span> <span class='ocrx_word' id='word_1_538' title='bbox 1485 1687 1524 1719; x_wconf 90' lang='lat' dir='ltr'>Et</span> <span class='ocrx_word' id='word_1_539' title='bbox 1544 1697 1637 1727; x_wconf 88' lang='lat' dir='ltr'>vere,</span> <span class='ocrx_word' id='word_1_540' title='bbox 1653 1689 1745 1728; x_wconf 80' lang='lat' dir='ltr'>quia,</span> 
     </span>
     <span class='ocr_line' id='line_1_76' title="bbox 976 1741 1747 1781; baseline 0.001 -10"><span class='ocrx_word' id='word_1_541' title='bbox 976 1742 1056 1772; x_wconf 86' lang='lat' dir='ltr'>sicut</span> <span class='ocrx_word' id='word_1_542' title='bbox 1074 1742 1191 1771; x_wconf 83' lang='lat' dir='ltr'>dicitur</span> <span class='ocrx_word' id='word_1_543' title='bbox 1210 1741 1231 1759; x_wconf 83' lang='lat'>¹⁰</span> <span class='ocrx_word' id='word_1_544' title='bbox 1252 1751 1259 1771; x_wconf 92' lang='lat'><strong>:</strong></span> <span class='ocrx_word' id='word_1_545' title='bbox 1280 1741 1389 1778; x_wconf 81' lang='lat' dir='ltr'>«Quid</span> <span class='ocrx_word' id='word_1_546' title='bbox 1412 1741 1538 1781; x_wconf 89' lang='lat' dir='ltr'>prodest</span> <span class='ocrx_word' id='word_1_547' title='bbox 1558 1741 1696 1780; x_wconf 89' lang='lat' dir='ltr'>homini,</span> <span class='ocrx_word' id='word_1_548' title='bbox 1719 1742 1747 1772; x_wconf 92' lang='lat' dir='ltr'>si</span> 
     </span>
     <span class='ocr_line' id='line_1_77' title="bbox 977 1794 1747 1832; baseline 0 -8"><span class='ocrx_word' id='word_1_549' title='bbox 977 1794 1163 1824; x_wconf 86' lang='lat' dir='ltr'>universum</span> <span class='ocrx_word' id='word_1_550' title='bbox 1185 1794 1344 1824; x_wconf 89' lang='lat' dir='ltr'>mundum</span> <span class='ocrx_word' id='word_1_551' title='bbox 1359 1795 1511 1832; x_wconf 88' lang='lat' dir='ltr'>lucretur,</span> <span class='ocrx_word' id='word_1_552' title='bbox 1534 1794 1649 1825; x_wconf 83' lang='lat' dir='ltr'>animae</span> <span class='ocrx_word' id='word_1_553' title='bbox 1670 1803 1747 1826; x_wconf 89' lang='lat' dir='ltr'>vero</span> 
     </span>
     <span class='ocr_line' id='line_1_78' title="bbox 977 1847 1747 1887; baseline -0.001 -9"><span class='ocrx_word' id='word_1_554' title='bbox 977 1856 1044 1878; x_wconf 85' lang='lat' dir='ltr'>suae</span> <span class='ocrx_word' id='word_1_555' title='bbox 1061 1847 1287 1877; x_wconf 87' lang='lat' dir='ltr'>detrimentum</span> <span class='ocrx_word' id='word_1_556' title='bbox 1309 1847 1467 1886; x_wconf 85' lang='lat' dir='ltr'>patiatur?</span> <span class='ocrx_word' id='word_1_557' title='bbox 1486 1858 1501 1876; x_wconf 87' lang='lat'>))</span> <span class='ocrx_word' id='word_1_558' title='bbox 1522 1847 1632 1878; x_wconf 90' lang='lat' dir='ltr'>Totius</span> <span class='ocrx_word' id='word_1_559' title='bbox 1646 1847 1747 1887; x_wconf 90' lang='lat' dir='ltr'>igitur</span> 
     </span>
     <span class='ocr_line' id='line_1_79' title="bbox 976 1900 1746 1940; baseline 0.001 -10"><span class='ocrx_word' id='word_1_560' title='bbox 976 1900 1060 1930; x_wconf 87' lang='grc'>1111115</span> <span class='ocrx_word' id='word_1_561' title='bbox 1070 1900 1201 1939; x_wconf 85' lang='lat' dir='ltr'>periculi</span> <span class='ocrx_word' id='word_1_562' title='bbox 1213 1900 1293 1930; x_wconf 83' lang='lat' dir='ltr'>ratio</span> <span class='ocrx_word' id='word_1_563' title='bbox 1304 1902 1349 1930; x_wconf 86' lang='lat' dir='ltr'>est</span> <span class='ocrx_word' id='word_1_564' title='bbox 1360 1900 1524 1931; x_wconf 88' lang='lat' dir='ltr'>conversio</span> <span class='ocrx_word' id='word_1_565' title='bbox 1536 1901 1573 1931; x_wconf 84' lang='lat' dir='ltr'>ad</span> <span class='ocrx_word' id='word_1_566' title='bbox 1584 1900 1746 1940; x_wconf 80' lang='lat' dir='ltr'>privatum</span> 
     </span>
     <span class='ocr_line' id='line_1_80' title="bbox 976 1953 1745 1994; baseline 0.001 -10"><span class='ocrx_word' id='word_1_567' title='bbox 976 1954 1096 1984; x_wconf 89' lang='lat' dir='ltr'>bonum</span> <span class='ocrx_word' id='word_1_568' title='bbox 1109 1978 1116 1990; x_wconf 85' lang='lat'>,</span> <span class='ocrx_word' id='word_1_569' title='bbox 1135 1963 1199 1993; x_wconf 87' lang='lat' dir='ltr'>quo</span> <span class='ocrx_word' id='word_1_570' title='bbox 1213 1954 1284 1993; x_wconf 86' lang='lat' dir='ltr'>quis</span> <span class='ocrx_word' id='word_1_571' title='bbox 1299 1953 1394 1984; x_wconf 89' lang='lat' dir='ltr'>nimis</span> <span class='ocrx_word' id='word_1_572' title='bbox 1410 1954 1552 1993; x_wconf 90' lang='lat' dir='ltr'>seipsum</span> <span class='ocrx_word' id='word_1_573' title='bbox 1566 1954 1690 1994; x_wconf 84' lang='lat' dir='ltr'>diligit,</span> <span class='ocrx_word' id='word_1_574' title='bbox 1703 1956 1745 1992; x_wconf 86' lang='lat' dir='ltr'>et,</span> 
     </span>
     <span class='ocr_line' id='line_1_81' title="bbox 976 2007 1746 2047; baseline -0.001 -8"><span class='ocrx_word' id='word_1_575' title='bbox 976 2009 1115 2047; x_wconf 87' lang='lat' dir='ltr'>seipsum</span> <span class='ocrx_word' id='word_1_576' title='bbox 1125 2007 1220 2037; x_wconf 90' lang='lat' dir='ltr'>nimis</span> <span class='ocrx_word' id='word_1_577' title='bbox 1230 2007 1404 2046; x_wconf 77' lang='lat' dir='ltr'>diligendo,</span> <span class='ocrx_word' id='word_1_578' title='bbox 1416 2008 1487 2047; x_wconf 88' lang='lat' dir='ltr'>plus</span> <span class='ocrx_word' id='word_1_579' title='bbox 1496 2007 1599 2038; x_wconf 91' lang='lat' dir='ltr'>debito</span> <span class='ocrx_word' id='word_1_580' title='bbox 1610 2008 1746 2039; x_wconf 83' lang='lat' dir='ltr'>afficitur</span> 
     </span>
     <span class='ocr_line' id='line_1_82' title="bbox 976 2060 1745 2100; baseline 0 -9"><span class='ocrx_word' id='word_1_581' title='bbox 976 2062 1057 2092; x_wconf 81' lang='lat' dir='ltr'>circa</span> <span class='ocrx_word' id='word_1_582' title='bbox 1068 2062 1189 2091; x_wconf 88' lang='lat' dir='ltr'>bonum</span> <span class='ocrx_word' id='word_1_583' title='bbox 1200 2060 1374 2099; x_wconf 83' lang='lat' dir='ltr'>privatum,</span> <span class='ocrx_word' id='word_1_584' title='bbox 1387 2060 1542 2099; x_wconf 85' lang='lat' dir='ltr'>sperando</span> <span class='ocrx_word' id='word_1_585' title='bbox 1551 2063 1581 2091; x_wconf 92' lang='lat' dir='ltr'>et</span> <span class='ocrx_word' id='word_1_586' title='bbox 1597 2061 1745 2100; x_wconf 82' lang='lat' dir='ltr'>gauden-</span> 
     </span>
     <span class='ocr_line' id='line_1_83' title="bbox 976 2113 1746 2152; baseline 0 -7"><span class='ocrx_word' id='word_1_587' title='bbox 976 2115 1025 2152; x_wconf 89' lang='lat' dir='ltr'>do,</span> <span class='ocrx_word' id='word_1_588' title='bbox 1039 2115 1076 2144; x_wconf 83' lang='lat' dir='ltr'>de</span> <span class='ocrx_word' id='word_1_589' title='bbox 1088 2115 1158 2152; x_wconf 74' lang='lat' dir='ltr'>ejus</span> <span class='ocrx_word' id='word_1_590' title='bbox 1172 2113 1350 2152; x_wconf 77' lang='lat' dir='ltr'>praesentia,</span> <span class='ocrx_word' id='word_1_591' title='bbox 1366 2113 1505 2143; x_wconf 89' lang='lat' dir='ltr'>timendo</span> <span class='ocrx_word' id='word_1_592' title='bbox 1517 2116 1548 2143; x_wconf 90' lang='lat' dir='ltr'>et</span> <span class='ocrx_word' id='word_1_593' title='bbox 1560 2113 1693 2145; x_wconf 89' lang='lat' dir='ltr'>dolendo</span> <span class='ocrx_word' id='word_1_594' title='bbox 1708 2114 1746 2145; x_wconf 88' lang='lat' dir='ltr'>de</span> 
     </span>
     <span class='ocr_line' id='line_1_84' title="bbox 975 2165 1746 2208; baseline -0.001 -10"><span class='ocrx_word' id='word_1_595' title='bbox 975 2169 1043 2208; x_wconf 78' lang='lat' dir='ltr'>eJus</span> <span class='ocrx_word' id='word_1_596' title='bbox 1058 2167 1211 2197; x_wconf 85' lang='lat' dir='ltr'>absentia.</span> <span class='ocrx_word' id='word_1_597' title='bbox 1228 2165 1266 2196; x_wconf 87' lang='lat' dir='ltr'>Et</span> <span class='ocrx_word' id='word_1_598' title='bbox 1286 2166 1345 2196; x_wconf 89' lang='lat' dir='ltr'>hoc</span> <span class='ocrx_word' id='word_1_599' title='bbox 1358 2167 1459 2196; x_wconf 86' lang='lat' dir='ltr'>totum</span> <span class='ocrx_word' id='word_1_600' title='bbox 1474 2167 1563 2196; x_wconf 90' lang='lat' dir='ltr'>venit</span> <span class='ocrx_word' id='word_1_601' title='bbox 1577 2175 1616 2197; x_wconf 78' lang='lat' dir='ltr'>ex</span> <span class='ocrx_word' id='word_1_602' title='bbox 1637 2175 1746 2198; x_wconf 84' lang='lat' dir='ltr'>amore</span> 
     </span>
     <span class='ocr_line' id='line_1_85' title="bbox 975 2219 1746 2261; baseline 0 -10"><span class='ocrx_word' id='word_1_603' title='bbox 975 2221 1092 2261; x_wconf 80' lang='lat' dir='ltr'>privati</span> <span class='ocrx_word' id='word_1_604' title='bbox 1112 2220 1204 2257; x_wconf 86' lang='lat' dir='ltr'>boni,</span> <span class='ocrx_word' id='word_1_605' title='bbox 1226 2219 1281 2258; x_wconf 90' lang='lat' dir='ltr'>qui</span> <span class='ocrx_word' id='word_1_606' title='bbox 1302 2220 1441 2249; x_wconf 78' lang='lat' dir='ltr'>maxime</span> <span class='ocrx_word' id='word_1_607' title='bbox 1463 2219 1612 2258; x_wconf 82' lang='lat' dir='ltr'>regnabit</span> <span class='ocrx_word' id='word_1_608' title='bbox 1627 2220 1659 2250; x_wconf 91' lang='lat' dir='ltr'>in</span> <span class='ocrx_word' id='word_1_609' title='bbox 1682 2220 1746 2252; x_wconf 86' lang='lat' dir='ltr'>fine</span> 
     </span>
     <span class='ocr_line' id='line_1_86' title="bbox 975 2272 1746 2305; baseline -0.001 0"><span class='ocrx_word' id='word_1_610' title='bbox 975 2274 1087 2305; x_wconf 83' lang='lat' dir='ltr'>mnndi</span> <span class='ocrx_word' id='word_1_611' title='bbox 1103 2275 1123 2292; x_wconf 90' lang='lat'>¹¹</span> <span class='ocrx_word' id='word_1_612' title='bbox 1149 2284 1155 2304; x_wconf 89' lang='lat'>:</span> <span class='ocrx_word' id='word_1_613' title='bbox 1177 2285 1190 2302; x_wconf 88' lang='lat'>«</span> <span class='ocrx_word' id='word_1_614' title='bbox 1207 2273 1241 2303; x_wconf 91' lang='lat' dir='ltr'>In</span> <span class='ocrx_word' id='word_1_615' title='bbox 1256 2273 1439 2303; x_wconf 83' lang='lat' dir='ltr'>novissimis</span> <span class='ocrx_word' id='word_1_616' title='bbox 1458 2272 1568 2302; x_wconf 89' lang='lat' dir='ltr'>diebus</span> <span class='ocrx_word' id='word_1_617' title='bbox 1582 2272 1746 2304; x_wconf 86' lang='lat' dir='ltr'>instabunt</span> 
     </span>
     <span class='ocr_line' id='line_1_87' title="bbox 975 2325 1746 2367; baseline -0.001 -9"><span class='ocrx_word' id='word_1_618' title='bbox 975 2330 1118 2367; x_wconf 82' lang='lat' dir='ltr'>tempora</span> <span class='ocrx_word' id='word_1_619' title='bbox 1130 2326 1313 2366; x_wconf 82' lang='lat' dir='ltr'>periculosa,</span> <span class='ocrx_word' id='word_1_620' title='bbox 1328 2327 1358 2355; x_wconf 82' lang='lat' dir='ltr'>ct</span> <span class='ocrx_word' id='word_1_621' title='bbox 1368 2327 1463 2355; x_wconf 85' lang='lat' dir='ltr'>erunt</span> <span class='ocrx_word' id='word_1_622' title='bbox 1472 2325 1617 2357; x_wconf 88' lang='lat' dir='ltr'>homiues</span> <span class='ocrx_word' id='word_1_623' title='bbox 1628 2326 1746 2366; x_wconf 87' lang='lat' dir='ltr'>seipsos</span> 
     </span>
     <span class='ocr_line' id='line_1_88' title="bbox 975 2378 1745 2418; baseline -0.003 -7"><span class='ocrx_word' id='word_1_624' title='bbox 975 2382 1133 2418; x_wconf 80' lang='lat' dir='ltr'>amantes,</span> <span class='ocrx_word' id='word_1_625' title='bbox 1153 2379 1272 2418; x_wconf 83' lang='lat' dir='ltr'>cupidi,</span> <span class='ocrx_word' id='word_1_626' title='bbox 1289 2378 1378 2415; x_wconf 79' lang='lat' dir='ltr'>elati,</span> <span class='ocrx_word' id='word_1_627' title='bbox 1394 2388 1409 2406; x_wconf 85' lang='grc'>))</span> <span class='ocrx_word' id='word_1_628' title='bbox 1428 2380 1486 2409; x_wconf 85' lang='lat' dir='ltr'>etc.</span> <span class='ocrx_word' id='word_1_629' title='bbox 1505 2378 1607 2409; x_wconf 90' lang='lat' dir='ltr'>Nimis</span> <span class='ocrx_word' id='word_1_630' title='bbox 1628 2379 1745 2418; x_wconf 86' lang='lat' dir='ltr'>seipsos</span> 
     </span>
     <span class='ocr_line' id='line_1_89' title="bbox 975 2431 1746 2472; baseline -0.003 -8"><span class='ocrx_word' id='word_1_631' title='bbox 975 2433 1154 2472; x_wconf 79' lang='lat' dir='ltr'>diligendo,</span> <span class='ocrx_word' id='word_1_632' title='bbox 1173 2432 1234 2462; x_wconf 86' lang='lat' dir='ltr'>Deo</span> <span class='ocrx_word' id='word_1_633' title='bbox 1248 2440 1281 2461; x_wconf 87' lang='lat' dir='ltr'>se</span> <span class='ocrx_word' id='word_1_634' title='bbox 1296 2431 1431 2462; x_wconf 87' lang='lat' dir='ltr'>reddunt</span> <span class='ocrx_word' id='word_1_635' title='bbox 1443 2441 1555 2462; x_wconf 79' lang='lat' dir='ltr'>exosos</span> <span class='ocrx_word' id='word_1_636' title='bbox 1570 2432 1591 2451; x_wconf 74' lang='lat'>¹⁹</span> <span class='ocrx_word' id='word_1_637' title='bbox 1604 2443 1610 2463; x_wconf 93' lang='lat'>:</span> <span class='ocrx_word' id='word_1_638' title='bbox 1626 2443 1640 2461; x_wconf 75' lang='grc' dir='ltr'>ε(</span> <span class='ocrx_word' id='word_1_639' title='bbox 1652 2432 1746 2463; x_wconf 86' lang='lat' dir='ltr'>Coan-</span> 
     </span>
     <span class='ocr_line' id='line_1_90' title="bbox 975 2485 1740 2527; baseline -0.001 -10"><span class='ocrx_word' id='word_1_640' title='bbox 975 2488 1140 2527; x_wconf 80' lang='lat' dir='ltr'>gustatum</span> <span class='ocrx_word' id='word_1_641' title='bbox 1156 2487 1202 2515; x_wconf 90' lang='lat' dir='ltr'>est</span> <span class='ocrx_word' id='word_1_642' title='bbox 1216 2486 1367 2523; x_wconf 77' lang='lat' dir='ltr'>stratum,</span> <span class='ocrx_word' id='word_1_643' title='bbox 1392 2485 1434 2515; x_wconf 87' lang='lat' dir='ltr'>ita</span> <span class='ocrx_word' id='word_1_644' title='bbox 1449 2487 1484 2516; x_wconf 92' lang='lat' dir='ltr'>ut</span> <span class='ocrx_word' id='word_1_645' title='bbox 1503 2485 1582 2516; x_wconf 87' lang='lat' dir='ltr'>alter</span> <span class='ocrx_word' id='word_1_646' title='bbox 1597 2486 1718 2517; x_wconf 84' lang='lat' dir='ltr'>decidat</span> <span class='ocrx_word' id='word_1_647' title='bbox 1735 2497 1740 2516; x_wconf 93' lang='lat'>:</span> 
     </span>
     <span class='ocr_line' id='line_1_91' title="bbox 974 2569 1743 2600; baseline 0 -6"><span class='ocrx_word' id='word_1_648' title='bbox 974 2572 983 2586; x_wconf 88' lang='lat'>⁰</span> <span class='ocrx_word' id='word_1_649' title='bbox 998 2571 1065 2595; x_wconf 81' lang='lat' dir='ltr'>Psal.</span> <span class='ocrx_word' id='word_1_650' title='bbox 1082 2577 1113 2599; x_wconf 83' lang='lat' dir='ltr'>x,</span> <span class='ocrx_word' id='word_1_651' title='bbox 1127 2572 1151 2593; x_wconf 82' lang='grc'>6.</span> <span class='ocrx_word' id='word_1_652' title='bbox 1168 2581 1198 2587; x_wconf 94' lang='grc'>-</span> <span class='ocrx_word' id='word_1_653' title='bbox 1213 2569 1232 2584; x_wconf 83' lang='lat'>¹⁰</span> <span class='ocrx_word' id='word_1_654' title='bbox 1246 2569 1345 2596; x_wconf 72' lang='lat' dir='ltr'>Mattlz„</span> <span class='ocrx_word' id='word_1_655' title='bbox 1362 2575 1420 2599; x_wconf 73' lang='lat' dir='ltr'>xvx,</span> <span class='ocrx_word' id='word_1_656' title='bbox 1439 2571 1479 2599; x_wconf 75' lang='lat'>26,</span> <span class='ocrx_word' id='word_1_657' title='bbox 1493 2581 1523 2587; x_wconf 94' lang='lat'>—</span> <span class='ocrx_word' id='word_1_658' title='bbox 1540 2571 1558 2586; x_wconf 88' lang='lat'>¹¹</span> <span class='ocrx_word' id='word_1_659' title='bbox 1576 2570 1595 2593; x_wconf 88' lang='grc'>11</span> <span class='ocrx_word' id='word_1_660' title='bbox 1615 2569 1683 2600; x_wconf 64' lang='lat' dir='ltr'>Tim,</span> <span class='ocrx_word' id='word_1_661' title='bbox 1703 2576 1743 2600; x_wconf 82' lang='grc'>111,</span> 
     </span>
     <span class='ocr_line' id='line_1_92' title="bbox 977 2605 1343 2634; baseline -0.011 -4"><span class='ocrx_word' id='word_1_662' title='bbox 977 2608 1023 2630; x_wconf 74' lang='grc'>1-2.</span> <span class='ocrx_word' id='word_1_663' title='bbox 1040 2618 1070 2623; x_wconf 90' lang='lat'><em>-</em></span> <span class='ocrx_word' id='word_1_664' title='bbox 1087 2605 1103 2619; x_wconf 83' lang='lat'>¹²</span> <span class='ocrx_word' id='word_1_665' title='bbox 1118 2605 1176 2632; x_wconf 52' lang='lat' dir='ltr'>Iso-³</span> <span class='ocrx_word' id='word_1_666' title='bbox 1194 2610 1290 2634; x_wconf 72' lang='lat' dir='ltr'>xxvin,</span> <span class='ocrx_word' id='word_1_667' title='bbox 1306 2605 1343 2628; x_wconf 81' lang='lat'>20.</span> 
     </span>
    </p>

    <p class='ocr_par' dir='ltr' id='par_1_7' title="bbox 1009 2654 1264 2685">
     <span class='ocr_line' id='line_1_93' title="bbox 1009 2654 1264 2685; baseline -0.012 -7"><span class='ocrx_word' id='word_1_668' title='bbox 1009 2655 1043 2685; x_wconf 83' lang='grc' dir='ltr'>(α)</span> <span class='ocrx_word' id='word_1_669' title='bbox 1056 2654 1116 2679; x_wconf 79' lang='lat' dir='ltr'>Caet.</span> <span class='ocrx_word' id='word_1_670' title='bbox 1133 2654 1193 2678; x_wconf 79' lang='lat' dir='ltr'>edit.</span> <span class='ocrx_word' id='word_1_671' title='bbox 1211 2655 1264 2676; x_wconf 82' lang='lat' dir='ltr'>Per.</span> 
     </span>
    </p>
   </div>
  </div>
 </body>
</html>
