1987 3032
231 208 289 236 466
749 201 961 233 EVANGELH
985 200 1121 232 SANCTI
1144 200 1306 232 JOANNIS

230 271 266 297 sit
280 269 414 298 ordinata
429 279 436 296 :
454 278 524 304 ergo
542 277 559 297 a
573 268 660 296 simili
682 276 716 295 ex
735 270 817 303 parte
837 268 900 295 ista.
920 269 951 294 Et
961 267 999 294 ad

229 316 306 343 istud
334 315 575 351 respondendum
598 314 761 341 seeundum
787 314 998 347 Augustinum,

229 362 302 390 sicut
316 364 423 389 tactum
434 364 485 395 est,
500 360 581 396 quod
592 360 676 393 laete,
690 360 720 387 id
735 362 786 393 est,
803 360 897 386 Verbo
913 366 999 386 carne

228 407 315 441 facto,
331 410 412 435 erant
433 406 559 434 contenti
579 406 618 433 ob
644 406 878 440 magnitudinem
898 412 1000 432 conso-

228 453 357 487 lationis,
381 460 472 488 quam
491 452 642 483 habebant
663 452 691 478 in
716 452 781 487 ipso
810 451 921 478 Christo
944 451 998 477 ho-

228 500 315 527 mine.
333 500 339 514 ¹
354 509 366 524 11
381 501 444 526 Νο11
459 500 581 534 possunt
593 498 645 525 filii
656 498 755 533 sponsi
770 498 882 532 lugere,
897 504 999 532 quam-

229 545 280 572 diu
294 553 419 580 sponsus
434 546 476 571 est
490 552 558 571 eum
578 544 644 571 illis.
661 554 673 569 »
693 544 735 571 (ib
756 551 826 577 ergo
842 543 998 570 vehemen-

228 592 298 618 tiam
314 590 490 623 dilectionis,
506 598 596 625 quain
611 590 762 617 habebant
777 589 805 616 in
821 589 932 615 Christo
947 588 1000 614 ho-

228 636 306 664 mine
318 658 326 670 ,
363 645 424 672 qua
461 638 543 663 erant
574 635 717 663 consolati
751 634 944 670 corporaliter
972 635 999 660 et

228 683 411 713 sensibiliter,
442 690 503 710 non
530 684 611 709 erant
635 681 739 708 elevati
764 681 803 708 ad
832 681 944 715 ipsum,
969 679 998 706 in

229 731 370 764 quantum
386 728 514 755 Verbum
536 730 677 754 aeternum
694 736 700 753 ε
718 728 745 754 et
769 726 837 753 ideo
863 733 922 752 non
947 725 1000 752 fuit

228 775 350 810 Spiritus
361 775 456 807 datus,
472 776 631 808 antequam
647 773 708 808 ipse
724 772 827 800 abiret.
844 771 923 799 Unde
943 774 998 798 Au-

228 820 377 855 gustinus²
394 829 400 847 z
424 830 436 845 «
459 820 487 848 Si
508 820 587 846 carni
611 818 764 846 carnaliter
784 817 933 850 haeseritis,
950 825 997 844 ca-

227 874 314 902 paces
329 866 449 902 Spiritus
464 873 525 892 non
537 865 615 892 eritis
631 874 637 890 :
653 876 664 888 n
676 872 736 891 non
749 863 831 899 quod
846 864 998 889 Carnali'ter

229 912 306 939 dicat
320 911 575 939 deordinationem
597 910 716 944 amoris,
733 910 785 936 sed
806 909 877 944 quia
891 908 997 943 dilige-

226 958 299 985 bant
313 966 381 985 enm
397 958 426 984 in
441 965 494 984 sua
508 956 697 983 humanitate.
712 957 722 972 ³
732 966 744 980 «
755 958 786 983 Et
796 955 998 982 sinoverimus

227 1004 370 1031 Christum
395 1002 559 1030 secundum
585 1010 721 1036 carnem,
747 1002 810 1036 jam
830 1009 890 1028 non
915 1000 997 1028 novi-

227 1057 302 1076 mus.
319 1059 332 1074 »
352 1050 420 1076 ltem
435 1048 493 1075 alia
514 1048 588 1075 ratio
606 1048 658 1075 fuit
679 1056 696 1075 a
710 1050 791 1082 parte
805 1047 910 1080 dantis,
928 1046 998 1082 quia

227 1095 314 1122 Filius
329 1094 377 1121 [lei
392 1094 473 1121 dedit
488 1093 567 1121 dona
585 1102 638 1120 sua
655 1095 721 1128 post
744 1092 908 1126 victoriam,
926 1094 953 1119 et
968 1092 997 1118 in

227 1142 302 1168 statu
325 1140 563 1175 glorificationis,
587 1140 697 1174 5111116.ὁ
720 1148 726 1166 z
755 1149 767 1164 11
791 1138 912 1174 Spiritus
937 1146 997 1164 non

228 1189 289 1214 erat
303 1187 402 1219 datus,
423 1186 493 1221 quia
513 1187 595 1212 Jesus
613 1185 748 1212 nondum
769 1187 829 1211 erat
851 1184 997 1219 glorifica—

228 1235 311 1259 tus.»
330 1234 398 1259 ltem
420 1232 474 1259 fuit
495 1239 627 1266 congrua
650 1231 723 1258 ratio
745 1239 762 1257 a
785 1232 866 1265 parte
890 1232 997 1263 status,

227 1278 296 1313 quia
311 1278 445 1305 nondum
461 1279 522 1304 erat
541 1277 667 1304 Christus
690 1284 810 1312 passus,
832 1283 885 1303 nec
906 1283 998 1309 genus

225 1323 389 1351 humanum
415 1323 624 1350 reconcilatum
646 1324 702 1349 Deo
725 1322 808 1349 Patri.
832 1323 864 1348 Et
889 1322 925 1348 de
953 1321 998 1348 his

226 1369 450 1404 Chrysostomus
465 1369 475 1384 ⁵
499 1377 505 1395 :
532 1380 545 1395 «
567 1371 629 1396 Non
651 1376 743 1404 parva
766 1368 828 1395 haec
854 1367 996 1401 mitigatio

227 1415 299 1442 scire
321 1423 381 1449 eOS,
404 1415 546 1450 quoniam
575 1415 636 1450 ipse
661 1414 785 1441 sciverat
809 1413 926 1441 tristitiae
950 1421 997 1440 su-

225 1461 504 1496 perabundantiam,
527 1471 540 1485 »
566 1461 674 1488 scilieet
692 1463 723 1487 ut
743 1462 826 1487 Deus.
844 1462 876 1487 Et
899 1460 998 1494 sequi—

224 1508 292 1534 tur:
313 1517 325 1531 «
349 1507 375 1533 Si
398 1507 533 1534 nondum
555 1506 661 1541 Spiritu
683 1506 765 1541 digni
784 1506 863 1539 facti,
878 1513 938 1532 non
952 1513 997 1532 re-

225 1552 357 1579 silierunt
371 1552 484 1579 tristitia
503 1552 647 1586 suffocati,
664 1551 798 1586 excogita
819 1551 922 1586 quales
946 1550 997 1577 de-

225 1598 336 1625 bebant
357 1606 418 1625 esse
438 1598 531 1632 gratia
551 1598 672 1632 Spiritus
696 1597 832 1633 potituri,
857 1607 868 1622 »
889 1598 941 1623 etc.
966 1597 997 1622 Ut

226 1645 303 1678 patet
319 1652 388 1677 ergo
405 1652 440 1670 ex
453 1644 608 1678 praedietis,
624 1643 663 1670 ob
680 1643 894 1669 vehementiam
908 1642 996 1668 dilec-

225 1690 311 1716 tionis
326 1690 427 1716 Christi
439 1689 578 1722 hominis,
600 1690 627 1716 et
646 1689 684 1716 ob
706 1688 931 1715 immensitatem
946 1687 997 1714 de-

224 1735 386 1762 lectationis
401 1735 431 1762 in
445 1736 521 1770 ipso,
538 1735 589 1770 qui
605 1736 665 1762 erat
683 1736 759 1762 totus
781 1733 995 1767 desiderabilis,

225 1783 252 1807 et
266 1781 305 1808 ob
326 1781 525 1808 modicitatem
546 1781 684 1808 desiderii
705 1788 838 1815 supernae
861 1779 996 1806 consola-

225 1828 312 1855 tionis
326 1827 492 1863 spiritualiS,
508 1828 535 1854 et
550 1827 589 1854 ob
605 1827 819 1861 congruitatem
834 1826 996 1853 ordinatio-

225 1875 280 1908 nis,
297 1882 357 1900 non
373 1876 433 1901 erat
447 1874 590 1900 missurus
604 1873 753 1908 Spiritum,
773 1873 828 1899 nisi
844 1872 947 1899 abiret.
965 1873 997 1898 Et

225 1919 261 1947 de
277 1920 334 1946 hoc
357 1919 512 1954 Gregorius
527 1920 548 1952 Β,
570 1927 658 1954 super
677 1918 770 1945 iilud⁷
788 1928 794 1945 :
811 1919 997 1946 consolabitur

224 1974 264 1993 me
288 1967 369 1992 lectus
389 1973 481 1992 meus:
502 1975 514 1990 «
532 1966 575 1995 St,
600 1964 705 2000 inquit,
731 1972 783 1991 non
809 1965 909 1998 abiero,
928 1965 996 1998 etc.,

225 2020 258 2039 ac
273 2013 296 2039 si
316 2011 425 2039 diceret
448 2020 454 2038 :
480 2011 507 2039 Si
530 2011 568 2038 ab
591 2010 759 2038 intentionis
780 2012 882 2037 vestrae
904 2009 996 2037 oculis

224 2066 331 2093 corpus
347 2065 408 2085 non
420 2057 572 2089 subtraho,
588 2056 626 2083 ad
641 2056 820 2083 intellectum
832 2064 885 2083 vos
900 2056 997 2082 invisi-

225 2104 317 2130 bilem
344 2111 396 2138 per
424 2102 640 2130 consolatorem
669 2101 806 2136 Spiritum
834 2110 894 2129 non
928 2109 995 2136 per-

225 2151 313 2183 duco,
329 2160 342 2176 »
359 2153 412 2177 etc.
428 2152 460 2177 Et
474 2150 515 2177 ibi
539 2150 614 2176 bene
631 2149 667 2176 de
687 2150 754 2176 hoc.
771 2151 802 2176 Et
822 2149 890 2176 ideo
906 2156 995 2183 expe-

225 2196 325 2223 diebat
340 2196 391 2230 eis,
408 2199 438 2223 ut
454 2197 590 2228 vaderet,
612 2198 643 2223 ut
668 2196 697 2222 in
723 2194 995 2231 superabundantia

224 2242 345 2276 Spiritus
359 2242 480 2276 veniret,
497 2242 547 2277 qui
563 2241 762 2268 testimonium
776 2241 952 2276 perhiberet,
969 2242 997 2267 et

225 2295 275 2314 eos
298 2288 462 2321 roboraret,
480 2288 668 2315 adversantes
687 2290 833 2322 argueret,
854 2287 932 2322 ipsos
952 2287 995 2313 111-

224 2333 298 2360 50105
310 2333 449 2367 erudiret,
468 2336 556 2369 prout
570 2333 694 2361 sumitur
714 2333 761 2360 hic
778 2342 785 2359 :
799 2333 829 2360 Si
842 2341 903 2359 vero
922 2333 994 2359 abie-

223 2386 264 2412 ro,
282 2381 335 2405 etc.

255 2438 262 2453 ¹
279 2437 380 2465 Matllz.v
398 2443 433 2467 ix,
450 2440 524 2461 15.—
537 2439 546 2454 ²
561 2440 637 2469 Aug„
655 2438 697 2462 ubi
715 2445 807 2468 sup.—
821 2438 831 2453 ³
847 2437 866 2461 ΙΙ
884 2438 949 2465 Gor„
969 2442 993 2467 v,

226 2473 262 2495 10.
279 2485 310 2489 —
333 2472 342 2487 ⁴
365 2473 446 2501 loun„
471 2478 520 2501 viI,
546 2474 583 2497 39.
610 2486 638 2490 —-
663 2475 670 2487 ⁵
693 2474 834 2504 Chrysost.,
862 2473 887 2495 in
912 2473 993 2502 loun„

224 2507 293 2530 110111.
318 2513 419 2536 Lxxvii,
442 2507 474 2530 al.
493 2513 605 2537 Lxxull,
626 2516 651 2531 u,
668 2510 690 2532 1.
710 2522 741 2526 —
759 2509 768 2521 Γ»
787 2509 874 2538 Grog„
891 2507 996 2535 Morus„

224 2542 265 2565 lib.
284 2542 355 2571 Viti,
375 2550 397 2564 e.
423 2547 485 2572 xiii,
505 2542 537 2566 al.
558 2548 628 2573 xxiv,
645 2550 670 2566 n.
689 2545 726 2566 41.
744 2556 768 2560 -
786 2543 793 2556 ⁷
807 2542 866 2570 Job,
883 2547 931 2571 vii,
957 2545 992 2565 13.

222 2589 252 2593 —
267 2578 275 2590 ⁸
293 2577 348 2606 lnt'.,
366 2578 402 2600 16.
419 2589 449 2594 ·-
464 2577 474 2592 ⁹
493 2577 550 2606 lus„
565 2579 602 2602 20.
620 2591 650 2595 —
672 2578 763 2607 Ι011;11“.,
785 2579 822 2601 13.
838 2590 868 2595 --
883 2577 900 2592 ¹·
918 2577 993 2607 Aug„

224 2611 248 2633 in
265 2611 345 2639 Jocm„
368 2614 439 2634 tract,
463 2617 519 2639 xcv,
544 2618 568 2635 11.
590 2614 612 2635 2.
628 2626 656 2630 —
678 2613 696 2628 ¹²
716 2613 778 2635 ibid.
798 2625 827 2629 —
850 2612 868 2628 ¹³
889 2611 992 2640 illaIllc.y

1093 269 1118 293 8.
1135 268 1165 293 Et
1180 267 1311 302 sequitur
1325 267 1408 294 tertia
1420 266 1565 302 particula
1579 265 1711 301 capituli,
1725 265 1756 292 in
1768 272 1829 300 qua

1057 314 1267 340 enumerantur
1288 313 1433 348 promissa
1454 313 1495 340 eis
1519 311 1681 346 adjutoria,
1703 311 1745 338 ibi
1766 320 1773 337 :
1794 312 1829 338 Et

1057 366 1114 384 cnm
1124 360 1226 385 venerit
1234 358 1451 392 ille,etc.Etilla
1464 359 1559 385 intres
1575 367 1581 385 :
1597 357 1693 393 primo
1707 356 1830 392 promit-

1057 404 1089 431 tit
1103 404 1150 438 adj
1157 404 1283 431 utorium
1294 404 1387 438 ipsius
1396 404 1517 439 Spiritus
1527 414 1533 437 ;
1546 403 1677 430 seeundo
1686 401 1829 438 promittit

1057 450 1190 477 iteratam
1213 449 1355 476 visionem
1367 450 1411 477 sui
1434 450 1543 485 ipsius’³
1560 459 1567 475 :
1585 449 1736 479 Modicum,
1759 450 1828 480 etc.,·

1057 497 1151 530 tertio,
1167 496 1310 532 promittit
1331 496 1550 524 exauditionem
1568 504 1627 523 suae
1650 494 1798 530 petitionis
1812 502 1830 522 a

1058 542 1176 570 Patre⁹z
1192 544 1288 576 Amen,
1305 551 1394 573 amen,
1417 543 1475 569 dico
1495 542 1580 575 vobis,
1603 544 1656 568 etc.
1680 543 1710 568 ln
1733 540 1830 576 prima

1058 589 1142 615 duo:
1166 588 1263 623 primo
1288 588 1430 623 promittit
1455 587 1634 622 adjutorium
1662 586 1783 622 Spiritus
1799 585 1829 613 in

1057 634 1210 668 arguendo
1230 633 1433 667 adversantes;
1458 632 1599 666 secundo,
1627 632 1688 666 ejus
1712 632 1829 666 adjuto-

1056 680 1133 706 rium
1148 680 1177 706 in
1197 679 1394 707 illuminando
1410 679 1507 714 ipsum
1522 677 1722 713 suscipientes,
1737 677 1778 704 ibi
1792 678 1827 704 ¹⁰:

1057 726 1119 753 Cum
1135 728 1223 752 autem
1237 728 1338 752 venerit
1352 726 1408 759 ille,
1425 726 1478 751 etc.

1092 771 1136 798 Ait
1155 778 1225 805 ergo
1249 779 1254 797 :
1283 771 1348 797 Cum
1372 772 1474 797 venerit
1503 769 1623 804 Spiritus
1646 770 1710 802 ille,
1735 771 1829 803 ιιι-91101

1055 817 1183 844 mundum
1204 817 1235 843 de
1252 819 1372 851 peccato,
1396 816 1505 843 scilicet
1527 814 1747 848 incredulitatis,
1768 822 1828 850 quo

1057 865 1193 889 manente
1214 862 1272 889 alia
1293 864 1412 897 peecata
1431 861 1612 893 detinentur,
1635 861 1674 888 ait
1695 860 1828 895 Augusti-

1055 910 1152 935 nus¹¹.
1175 907 1243 935 ideo
1267 908 1398 943 sequitur
1418 917 1424 934 :
1442 907 1513 939 Quia
1537 915 1588 934 non
1611 906 1782 934 crediderunt
1801 908 1830 932 in

1056 964 1104 982 me.
1119 957 1153 982 Ec
1168 955 1200 981 cle
1209 955 1332 988 justitia,
1357 962 1475 986 eorum,
1501 954 1552 990 qui
1575 953 1719 980 credunt:
1738 963 1751 978 (ι
1766 952 1830 988 ipsa

1055 1002 1134 1029 enim
1148 1001 1282 1028 fidelium
1303 1001 1486 1035 comparatio
1503 1002 1544 1027 est
1567 999 1732 1026 infidelium
1753 998 1830 1026 vitu-

1054 1048 1178 1083 peratio,
1191 1047 1413 1081 aitAugustinus
1426 1046 1564 1073 ¹².¹³1‹viri
1576 1045 1706 1073 Ninivitae
1713 1047 1830 1079 surgent

1054 1094 1085 1120 in
1098 1093 1210 1127 judicio
1227 1101 1295 1120 cum
1315 1092 1502 1127 generatione
1518 1092 1582 1125 ista,
1595 1094 1622 1118 et
1645 1090 1828 1118 condemna-

1055 1139 1129 1166 bunt
1145 1146 1219 1165 eam.
1236 1149 1249 1163 »

1094 1186 1134 1211 10.
1153 1186 1184 1212 Et
1199 1184 1266 1212 ideo
1281 1184 1412 1219 seqnitur
1424 1185 1443 1200 ²³
1460 1193 1486 1210 2«
1500 1183 1578 1210 Fides
1593 1182 1672 1210 enim
1683 1183 1702 1199 ¹⁵
1717 1185 1757 1209 est
1771 1182 1829 1210 sub-

1054 1232 1158 1258 stantia
1172 1239 1260 1257 rerum
1274 1230 1478 1264 sperandarum.
1494 1230 1525 1256 Ut
1539 1236 1610 1263 ergo
1625 1229 1705 1255 notet
1718 1227 1828 1263 persec-

1055 1278 1115 1303 tam
1143 1276 1235 1302 fidem
1262 1276 1392 1302 futuram
1420 1275 1576 1308 fidelium,
1608 1282 1668 1309 qua
1695 1273 1828 1308 arguitur

1054 1322 1242 1349 incredulitas
1261 1321 1447 1355 infidelium,
1472 1321 1540 1348 ideo
1562 1320 1602 1348 ait
1623 1329 1629 1347 :
1653 1320 1699 1346 Aa
1720 1321 1828 1347 Patrem

1054 1369 1140 1400 vado,
1163 1368 1305 1403 quoniam
1329 1367 1359 1394 in
1381 1375 1465 1401 eum,
1482 1374 1571 1402 quem
1590 1373 1651 1394 non
1675 1365 1826 1399 videbitis,

1054 1414 1181 1442 creditis.
1196 1414 1272 1442 Infra
1284 1414 1303 1430 ¹¹³
1319 1423 1325 1440 ι
1346 1423 1358 1439 ιι
1374 1413 1450 1440 Beati
1474 1413 1525 1447 qui
1546 1419 1607 1440 non
1628 1411 1782 1445 viderunt,
1800 1413 1829 1438 et

1057 1460 1255 1487 crediderunt.
1267 1470 1280 1485 »
1291 1461 1354 1486 Non
1364 1459 1510 1492 videbitis,
1527 1458 1660 1493 inquam,
1672 1457 1827 1491 humilem,

1054 1506 1105 1533 sed
1127 1506 1298 1533 excelsum:
1323 1513 1384 1532 non
1414 1504 1581 1537 mortalem,
1604 1503 1657 1530 sed
1675 1503 1827 1538 sempiter-

1054 1560 1126 1578 num
1151 1561 1158 1577 :
1192 1559 1252 1578 non
1288 1550 1504 1585 judicandum,
1534 1549 1587 1576 sed
1618 1548 1825 1583 judicatorem.

1054 1600 1086 1625 Et
1101 1598 1138 1625 de
1156 1598 1211 1624 hae
1230 1597 1300 1630 fide,
1322 1596 1353 1623 id
1373 1598 1427 1630 est,
1451 1595 1561 1630 justitia
1585 1596 1705 1628 nostra,
1731 1594 1828 1629 arguit

1053 1644 1175 1678 Spiritus
1198 1642 1386 1670 incredulum
1411 1641 1570 1669 mundum.
1592 1651 1606 1666 »
1634 1642 1696 1667 Haec
1717 1643 1827 1675 Augus-

1055 1690 1142 1717 tinus.

1092 1737 1134 1763 11.
1151 1736 1219 1762 item
1235 1736 1262 1762 et
1275 1742 1336 1761 non
1351 1733 1448 1761 solum
1462 1733 1529 1767 1100,
1545 1733 1597 1760 sed
1618 1734 1722 1767 arguet
1737 1732 1769 1759 de
1778 1733 1826 1766 ju-

1054 1781 1137 1814 dicio,
1153 1782 1218 1815 quia
1240 1782 1366 1814 princeps
1387 1779 1497 1812 mundi,
1520 1778 1551 1805 id
1578 1780 1620 1806 est
1644 1777 1824 1811 infidelium,

1049 1827 1191 1860 judicatus
1206 1828 1260 1860 esc,
1285 1825 1357 1860 quia
1379 1825 1440 1859 igni
1466 1826 1573 1851 aeterno
1595 1823 1826 1851 irrevocabiliter

1054 1874 1095 1899 est
1110 1872 1280 1899 destinatus.
1299 1881 1313 1896 (ι
1328 1871 1355 1898 Si
1376 1872 1395 1887 ¹⁷
1411 1872 1484 1897 Deus
1505 1869 1618 1904 angelis
1636 1869 1826 1904 peccantibus

1054 1926 1115 1945 11011
1136 1917 1280 1953 pepercit,
1304 1919 1371 1950 etc.,
1406 1915 1560 1951 quomodo
1585 1923 1647 1943 non
1675 1923 1692 1942 a
1719 1915 1826 1950 Spiritu

1053 1967 1154 1992 sancto
1170 1965 1206 1991 de
1222 1965 1278 1991 hoc
1299 1964 1411 1998 judicio
1433 1962 1563 1990 mundus
1588 1962 1742 1996 arguetur?
1756 1972 1769 1988 n
1787 1962 1826 1989 ait

1053 2011 1229 2046 Augustinus
1243 2012 1272 2038 ¹¹³.
1286 2012 1318 2037 Et
1332 2010 1415 2045 quasi
1426 2009 1531 2036 eodem
1547 2008 1638 2036 modo
1654 2008 1725 2043 legit
1738 2008 1826 2043 Chry-

1053 2059 1199 2084 sostomus
1214 2057 1251 2082 ¹⁹:
1270 2064 1283 2081 «
1298 2055 1384 2088 Quod
1399 2058 1467 2083 tunc
1483 2054 1604 2090 Spiritus
1619 2055 1724 2088 arguet
1737 2060 1824 2081 mun-

1054 2103 1136 2135 dum,
1156 2110 1224 2129 cum
1244 2104 1271 2129 et
1291 2101 1374 2136 signa
1393 2101 1507 2135 majora
1530 2100 1624 2133 faciet,
1645 2107 1707 2126 non
1728 2099 1825 2126 solum

1052 2156 1105 2183 per
1133 2156 1196 2181 me,
1226 2148 1278 2175 sed
1306 2147 1393 2174 etiam
1409 2155 1461 2181 per
1483 2154 1545 2173 vos.
1566 2148 1646 2173 Nunc
1662 2145 1740 2172 enim
1758 2153 1825 2180 pos—

1052 2197 1119 2221 sunt
1131 2195 1166 2228 (11)
1179 2193 1286 2226 dicere,
1301 2192 1446 2228 quoniam
1458 2191 1534 2218 filius
1549 2192 1592 2218 est
1602 2190 1688 2224 fabri,
1697 2192 1725 2217 ct
1735 2190 1776 2217 sic
1786 2190 1823 2218 de

1053 2239 1118 2266 aliis
1133 2238 1317 2266 contumeliis
1326 2238 1363 2272 ;“-’ο
1378 2237 1430 2264 sed
1445 2239 1513 2264 tunc
1526 2244 1646 2263 omnem
1659 2236 1822 2264 excusatio-

1051 2293 1121 2312 nem
1136 2284 1288 2312 abscindet
1311 2284 1356 2319 (li).
1374 2294 1386 2307 »
1406 2282 1560 2318 Triplicem
1574 2290 1644 2317 ergo
1661 2282 1764 2309 mundi
1778 2282 1824 2309 in-

1052 2331 1259 2365 gratitudinem
1274 2331 1378 2364 arguet
1393 2329 1514 2364 Spiritus
1530 2337 1536 2355 :
1553 2328 1623 2363 quia
1636 2327 1728 2355 fidem
1743 2326 1821 2354 suffi-

1052 2377 1159 2404 cienter
1174 2377 1214 2404 eis
1229 2376 1397 2403 ostenderat
1419 2373 1613 2408 documentis,
1635 2375 1662 2401 et
1682 2372 1821 2408 operibus

1051 2465 1101 2488 xu,
1122 2460 1160 2482 41.
1186 2472 1212 2476 —
1238 2459 1255 2474 ¹⁸
1282 2458 1382 2481 scilieet
1407 2456 1474 2487 apud
1499 2454 1682 2485 Augustinum,
1700 2454 1743 2478 ubi
1763 2462 1818 2485 sup.

1051 2501 1134 2523 prox„
1149 2500 1174 2517 11.
1191 2495 1213 2517 3.
1229 2506 1259 2511 -
1280 2495 1296 2510 ¹⁵
1312 2493 1395 2521 Helm,
1419 2498 1458 2521 M,
1476 2494 1496 2514 t.
1513 2503 1542 2507 —
1559 2491 1577 2505 ¹⁶
1594 2489 1650 2519 inf„
1672 2496 1720 2518 xx,
1737 2492 1775 2513 29.
1790 2503 1820 2507 —

1050 2530 1067 2544 ¹³
1085 2530 1239 2559 11Petr.,11,
1252 2530 1314 2552 4.—
1331 2529 1347 2542 ¹³
1363 2530 1437 2557 Aug„
1453 2526 1523 2555 ibid„
1534 2526 1634 2548 11.1.-
1646 2526 1665 2540 ¹⁹
1678 2524 1818 2556 Chrysost„

1050 2564 1092 2586 ubi
1107 2571 1164 2594 sup.
1180 2577 1204 2580 —
1222 2564 1242 2578 ¹⁰
1258 2563 1332 2593 ibid„
1352 2570 1377 2586 n.
1393 2563 1417 2585 2.

1082 2613 1113 2639 (ιι)
1131 2612 1191 2634 Cael.
1209 2612 1270 2634 ellit.
1287 2618 1399 2641 possum.
1415 2622 1444 2625 —
1459 2608 1491 2636 (lt)
1509 2607 1567 2630 Item
1581 2607 1702 2632 abscidet.

1967 2796 1981 2870 ³9)-
1970 2758 1977 2777 ο
