1987 3032
102 2003 184 2022 Pascha

85 2032 179 2058 quadiu-

80 2064 139 2090 plcx.

203 210 262 240 434

202 275 300 302 minus
311 274 430 308 Pascha,
449 275 537 310 prout
559 273 601 300 ibi
619 271 807 307 prosequitur
827 271 970 306 Magister.

203 323 235 349 Et
249 321 286 348 de
300 320 356 349 hoc
370 321 397 348 in
412 320 522 353 Glossa,
535 318 666 346 similiter
679 318 736 345 hic.
752 318 860 345 Pascha
874 319 973 345 autem

202 368 307 395 dicitur
322 366 563 403 quadrupliciter,
585 365 749 392 secundum
771 364 971 392 Innocentium

203 414 234 442 de
246 415 336 448 Officio
347 415 438 441 Μίδεω
448 421 458 440 .·
473 412 520 439 vel
540 412 602 438 dics
625 411 734 438 scilicet
749 411 971 444 immolationis,

201 462 310 498 supra¹
329 469 334 486 :
350 470 362 485 «
377 459 547 486 Proximum
563 460 624 485 erat
636 457 745 485 Pascha
759 457 943 491 Judaorum3
956 468 968 483 n

200 507 249 534 vel
270 506 422 533 dicebatur
443 504 553 532 Pascha
575 504 744 531 solemnitas
763 503 837 539 ipsa,
853 506 884 530 ut
898 504 946 531 hic
963 513 969 531 :

200 554 272 580 Ante
283 552 352 578 diem
365 553 463 584 festum
475 551 595 583 Paschoe5
608 549 657 578 vel
668 549 774 577 (licitur
786 549 905 583 Pascha,
918 549 972 576 sci-

200 599 266 626 licet
280 605 373 632 agnus
387 596 550 632 paschalts²
567 605 573 623 :
594 606 606 621 «
621 596 673 623 Ubi
688 596 741 629 vis,
764 603 902 631 paremus
919 595 971 623 tibi

200 644 356 672 comedere
384 643 492 671 Pascha
508 644 522 670 ‘2
547 653 560 668 »
598 642 644 669 vel
676 642 786 669 Pascha
818 642 971 669 dicebatur

199 690 290 718 hora³
309 699 315 717 :
332 701 343 714 ι(
360 691 425 717 Post
438 689 565 716 biduum
579 689 688 716 Pascha
703 688 761 716 liet.
777 698 789 714 »

201 765 360 796 Hebdomas,
375 765 449 795 hora,
467 764 533 796 dies,
549 764 630 795 epulae
649 770 750 795 quoque
770 763 865 787 Pascha
880 770 971 787 vocan-

872 801 911 822 tur
928 800 969 828 (a).

198 877 262 904 Dies
277 884 347 911 crgo
363 876 450 903 festus
463 875 510 902 hic
525 874 632 902 dicitur
647 874 763 901 decima
777 874 880 909 quinta
895 873 968 908 dics,

199 923 269 958 quia
289 922 404 950 decima
416 922 519 957 quinta
540 928 600 948 non
616 921 651 956 (b)
668 923 728 948 erat
741 920 900 954 solemnis,
915 919 969 947 ini-

197 971 269 998 tium
287 970 326 998 atl
350 977 504 1005 vesperam
524 969 533 985 ”’
554 977 560 995 z
581 978 594 993 «
611 968 725 996 Decima
740 969 844 1003 quarta
868 967 915 994 die
930 967 970 994 ad

196 1024 352 1052 vesperum
367 1015 420 1043 crit
434 1015 547 1042 Domini
568 1015 668 1042 Phase.
683 1025 695 1039 »
714 1014 809 1042 Prima
834 1022 904 1048 crgo
921 1013 968 1041 dic

196 1066 373 1098 Azymorum
386 1063 569 1089 accesserunt
587 1060 724 1096 discipuli
747 1060 785 1088 ad
808 1062 925 1093 Jcsum,
942 1061 969 1087 ct

195 1117 320 1145 sequens
335 1109 487 1136 dicebatur
502 1108 564 1135 dies
578 1107 666 1135 festus
680 1107 737 1134 hic.
754 1109 786 1134 Et
800 1110 870 1135 nota
884 1108 968 1142 quod

197 1156 257 1184 ait:
274 1158 349 1182 Diem
367 1157 467 1189 festum
483 1156 598 1181 Pasclzoe.
621 1156 653 1181 Ut
673 1153 751 1181 enim
774 1153 814 1181 ait
835 1153 969 1188 Augusti-

197 1210 251 1229 nus
265 1202 275 1218 ὅ
289 1210 368 1236 super
385 1203 527 1234 loannem,
547 1211 560 1226 «
574 1201 684 1228 Pascha
698 1201 834 1227 transitus
850 1200 968 1233 dicitur,

196 1250 223 1275 ct
233 1250 273 1276 cst
287 1247 459 1275 hebraicum
473 1254 592 1273 nomen.
605 1248 637 1273 Et
648 1246 758 1274 Pascha
771 1246 966 1279 celebramus,

196 1294 317 1330 quando
333 1302 351 1321 a
373 1293 494 1321 diabolo
515 1293 672 1320 transimus
687 1293 725 1319 ad
744 1286 907 1325 Christum3
929 1293 968 1320 ab

196 1340 324 1368 instabili
341 1340 447 1367 saeculo
459 1361 467 1374 ,
485 1340 523 1367 ad
544 1339 782 1366 fundatissimum
801 1346 936 1373 regnum.
953 1348 966 1365 »ι

196 1389 229 1415 Et
246 1387 417 1416 Ambrosius
431 1387 441 1403 θ
458 1395 464 1413 :
486 1396 498 1411 t(
513 1386 622 1413 Pascha
641 1388 683 1413 est
702 1381 839 1412 transitus
861 1392 879 1412 a
892 1385 969 1411 vitiis

196 1433 235 1461 ad
247 1433 367 1460 virtutes
378 1455 386 1467 ,
405 1441 421 1460 a
435 1425 624 1468 passionibus
641 1431 735 1458 carnis
750 1431 788 1458 ad
804 1431 927 1465 gratiam
943 1432 970 1458 et

195 1479 382 1507 sobrietatem
397 1479 538 1506 mentis.»
558 1481 588 1505 Et
604 1478 640 1505 ile
656 1478 711 1504 isto
734 1477 870 1504 Paschate
886 1478 915 1503 in
932 1476 967 1503 fi-

196 1534 269 1561 gura
277 1525 431 1552 dicitur⁷:«
446 1525 534 1552 Phasc
546 1524 661 1551 Domini
669 1524 757 1558 esttc),
774 1523 805 1549 id
815 1525 866 1557 est,
879 1525 968 1550 traus-

196 1572 261 1600 itus.
275 1581 288 1597 n
303 1571 357 1604 Qui
375 1579 446 1606 ergo
460 1571 564 1598 volunt
576 1570 697 1597 transire
713 1578 780 1597 cum
795 1569 906 1597 Christo
922 1576 968 1595 ca-

195 1619 266 1654 pite,
281 1617 390 1645 dcbent
402 1617 550 1644 celebrare
569 1617 677 1644 Pascha
688 1615 869 1643 transeundo
884 1614 969 1641 dictis

196 1665 293 1693 modis
307 1665 317 1681 ⁸
334 1674 340 1691 :
356 1664 495 1698 «Transi,
506 1664 646 1699 hospes.»
658 1662 736 1689 Unde
750 1661 948 1696 Augustinus⁹
960 1670 966 1688 :

199 1724 211 1738 υ
224 1714 303 1740 Utere
318 1712 375 1739 hoc
398 1711 490 1738 modo
505 1711 542 1746 (d)
552 1731 560 1744 ,
575 1718 611 1737 nc
631 1711 659 1736 te
674 1709 801 1744 decipiat
821 1708 968 1742 mundus,

197 1767 285 1795 quem
301 1758 423 1786 intrasti.
443 1758 497 1784 lter
520 1757 602 1791 agis,
617 1756 746 1783 exiturus
761 1755 885 1788 venisti,
907 1761 968 1781 non

196 1813 395 1833 remansurus.
423 1803 577 1832 Stabulum
601 1804 644 1829 est
667 1802 727 1828 hoec
750 1801 808 1828 vita
838 1803 938 1828 nostra
960 1810 967 1828 :

198 1854 279 1880 utere
287 1859 420 1885 nummo,
433 1850 586 1886 quomodo
597 1849 686 1877 utitur
696 1849 791 1876 viator
800 1849 830 1875 in
840 1848 969 1883 stabulo,

197 1906 313 1932 mensa,
330 1897 435 1931 calice,
446 1892 535 1924 urceo
545 1918 552 1930 ,
567 1895 692 1928 lectulo,
708 1895 891 1928 dimissurus,
908 1902 969 1922 non

197 1951 441 1980 permansurus.»
461 1944 525 1970 Haec
545 1942 604 1969 illc.
621 1943 653 1968 Et
665 1949 699 1968 ex
715 1941 760 1967 his
775 1943 870 1976 patet,
886 1940 969 1976 quod

199 1992 241 2017 est
256 1989 443 2025 quadruplex
457 1989 581 2022 Pascha,
597 1988 627 2015 id
643 1990 684 2015 est
697 1997 702 2014 :
720 1987 856 2014 transitus
871 1995 888 2014 a
909 1987 971 2014 dia-

199 2036 270 2063 bolo
286 2036 325 2063 ad
340 2037 446 2070 Deum,
463 2035 524 2062 sivc
540 2043 557 2061 a
570 2034 646 2061 vitiis
661 2034 699 2061 ad
712 2034 833 2060 virtutos
844 2053 853 2067 ,
873 2035 901 2060 et
914 2034 968 2060 hu-

197 2084 244 2119 jus
255 2082 390 2110 transitus
398 2082 495 2117 figura
507 2081 560 2108 fuit
574 2080 694 2114 Pascha,
703 2079 764 2106 sive
775 2080 876 2113 Pham,
888 2079 970 2114 quod

200 2129 360 2157 celebravit
378 2128 506 2164 populus
526 2128 556 2155 in
569 2134 687 2161 egressu
702 2126 738 2153 de
754 2128 878 2161 AEgypto
894 2125 913 2141 ¹⁰
919 2135 927 2160 ;
944 2127 972 2152 et

200 2178 241 2204 est
258 2175 394 2203 transitus
413 2183 431 2202 a
452 2173 640 2210 passionibus
654 2172 749 2200 carnis
769 2172 809 2199 ad
827 2171 970 2199 sobrieta-

200 2225 258 2250 tem
273 2221 396 2253 mentis,
422 2222 450 2248 et
463 2221 551 2255 huJ'us
572 2219 708 2247 transitus
727 2219 824 2252 figura
844 2218 969 2252 Pascha,

202 2268 284 2304 quod
296 2267 453 2295 celebravit
466 2266 595 2302 populus
607 2265 637 2300 (e)
646 2265 663 2281 ¹¹
672 2274 680 2299 3
690 2266 717 2292 et
729 2266 772 2291 est
789 2264 922 2291 transitus
932 2264 970 2292 ab

202 2322 303 2343 amore
311 2322 411 2342 rerum
422 2314 586 2341 creatarum
597 2312 636 2339 ad
647 2318 780 2339 amorem
789 2311 880 2338 solius
889 2311 972 2339 Crea-

233 2396 241 2411 ¹
257 2395 330 2424 Sup.‚
345 2400 380 2423 Vi,
396 2395 418 2417 4.
430 2406 461 2410 —
475 2392 483 2406 ²
497 2391 599 2421 Mami„
616 2392 740 2421 xxv1,17.
752 2403 781 2407 —
795 2391 806 2407 ³
818 2391 890 2421 thid„
907 2393 929 2415 2.
943 2404 969 2409 —

202 2431 213 2447 Α
234 2430 322 2458 Lwit..
346 2434 427 2458 xxiii,
451 2430 475 2451 ὅ.
499 2441 529 2445 —
552 2428 562 2444 ⁵
586 2428 661 2457 Aug„
685 2426 728 2450 ubi
753 2433 819 2456 sup.‚
845 2433 870 2451 n.
897 2429 919 2450 1.
941 2439 971 2444 —-

203 2466 213 2482 ⁶
232 2465 361 2494 Ambros„
376 2464 482 2486 Ilm-aem
496 2481 502 2492 ,
518 2462 560 2486 lib.
579 2463 601 2492 l,
617 2469 639 2486 c.
656 2468 692 2491 tv,
710 2468 735 2484 n.
754 2463 790 2485 14.
808 2474 838 2478 —-
854 2461 860 2475 ²
881 2462 971 2492 Eoeod„

204 2506 254 2530 xu,
278 2502 316 2524 tt.
337 2512 367 2516 —
391 2500 399 2511 ⁸
418 2498 504 2525 Ecclz‘„
524 2503 601 2526 xxix,
623 2498 662 2520 33.
683 2510 712 2514 -
732 2496 742 2512 ⁹
760 2497 834 2526 Aug„
855 2497 880 2520 in
904 2497 970 2521 Pscil.

204 2541 294 2566 xxxiv,
318 2541 343 2558 n.
368 2535 395 2563 ss,
419 2533 502 2563 quoad
525 2539 638 2556 sensum.
662 2545 691 2549 «-
717 2532 734 2548 ¹⁰
758 2531 846 2558 Exodq
871 2537 917 2556 xil.
943 2545 969 2549 -

204 2571 222 2587 ¹¹
239 2571 411 2598 Num.‚1x.-
428 2570 445 2584 ¹²
462 2568 489 2591 tv
508 2568 576 2597 Κεφ,
590 2573 666 2596 xxm,
678 2568 721 2597 2¹&
737 2568 754 2590 tt
771 2567 867 2597 Paret„
880 2573 970 2598 xxxiv,

204 2607 242 2630 33.
265 2619 292 2623 -
319 2604 335 2619 ¹³
361 2605 369 2628 l
393 2603 461 2632 Corn,
485 2608 508 2632 v,
532 2604 555 2625 ⁷.
578 2615 608 2619 —
635 2604 650 2618 ¹⁴
676 2602 816 2633 Chrysost.,
839 2602 865 2625 in
887 2603 970 2632 loun„

204 2641 275 2664 honi.
295 2646 368 2668 mx,
390 2639 422 2662 ai.
444 2644 503 2668 Lxx,
519 2645 545 2661 n.
569 2639 588 2661 t.
604 2651 634 2654 —
652 2638 671 2654 ¹⁵
691 2638 753 2660 thid.
771 2651 800 2654 —
819 2638 836 2650 '¹²
851 2638 924 2667 Aug„
945 2639 970 2661 in

720 204 933 236 EVANGELII
956 203 1098 236 SANCTI
1118 205 1280 238 JOANNIS

1029 272 1100 300 toris
1110 293 1119 306 ,
1135 274 1162 300 et
1177 273 1265 308 hujus
1276 273 1412 302 transitus
1425 273 1522 309 figura
1533 273 1587 302 fuit
1598 274 1708 302 Pascha
1719 275 1803 311 quod

1030 318 1189 346 celebravit
1203 320 1295 347 Josias
1309 319 1339 354 ¹²,
1359 322 1517 355 postquam
1535 320 1677 348 destruxit
1699 328 1803 349 omnes

1029 363 1282 400 abominationes,
1305 368 1358 393 etc.
1368 375 1376 400 ;
1392 367 1420 393 et
1438 369 1479 394 cst
1494 366 1631 394 transitus
1645 374 1663 394 a
1685 367 1744 394 ritu
1757 367 1802 395 le-

1028 410 1102 444 galis
1113 411 1307 438 observantiae
1319 411 1358 438 ad
1369 412 1520 440 veritatem
1530 412 1603 448 legis
1613 413 1800 448 evangelicae,

1028 459 1055 484 et
1069 465 1087 484 a
1100 458 1275 485 mortalitate
1290 457 1380 492 hujus
1394 458 1462 486 vitae
1477 459 1515 486 ad
1533 459 1724 487 mternitatein
1739 459 1802 494 glo-

1027 497 1094 537 riae,
1114 506 1140 531 et
1155 504 1242 539 hujus
1256 504 1393 531 transitus
1407 504 1501 539 figura
1519 505 1573 533 fuit
1592 506 1701 533 Pascha
1718 505 1802 542 quod

1027 550 1187 577 celebravit
1199 550 1228 577 in
1243 550 1380 585 passione
1390 550 1410 567 ¹⁸
1424 558 1430 577 :
1450 551 1583 579 «Pascha
1597 553 1731 580 nostrum
1747 551 1802 580 im-

1027 595 1155 622 molatus
1170 598 1212 623 est
1227 596 1364 631 Christus,
1376 597 1450 624 utin
1463 597 1546 632 ipso,
1563 597 1636 626 sicut
1650 597 1681 626 in
1695 597 1800 634 capite,

1027 645 1218 671 transeamus.
1235 644 1319 677 Quod
1334 652 1405 672 vero
1421 644 1460 672 ait
1482 645 1530 672 hic
1546 653 1552 671 :
1571 644 1635 672 Cum
1661 645 1801 673 dilexisset

1027 697 1104 723 suos,
1121 691 1187 724 etc.,
1209 690 1435 725 intelligendum
1451 692 1510 724 est,
1526 690 1609 726 quod
1629 691 1703 718 nihil
1716 691 1800 720 dere-

1027 735 1113 771 liquit
1128 743 1230 763 eorum
1241 757 1249 770 ‚
1273 744 1339 772 quae
1354 737 1404 772 qui
1420 736 1506 764 valde
1521 738 1619 772 amat,
1636 737 1744 765 decens
1758 738 1802 765 est
1825 758 1830 760 ἡ

1027 781 1122 810 saccre
1138 791 1144 809 :
1161 784 1189 810 et
1203 783 1233 809 in
1248 783 1338 810 finem
1353 783 1456 810 dilexit
1466 804 1475 817 ,
1488 792 1502 808 «
1516 782 1547 810 id
1562 785 1604 811 est
1617 783 1770 818 continue,
1784 794 1798 809 ι)

1027 828 1067 855 ait
1081 828 1306 864 chrysostomus
1317 829 1346 863 ¹⁸,
1358 829 1409 856 ubi
1420 829 1545 856 multum
1559 829 1671 858 dehoc.
1685 831 1717 858 Et
1727 837 1801 866 quo-

1026 874 1106 902 niam
1122 874 1271 902 debebant
1290 875 1392 902 dolere
1411 875 1608 909 vehementer,
1629 875 1740 904 inducit
1758 876 1799 904 cis

1027 920 1273 956 consolationem,
1290 922 1322 948 ut
1334 921 1374 948 ait
1388 920 1468 948 idem
1483 921 1707 957 Chrysostomus
1723 922 1753 949 ¹⁵.
1768 923 1800 950 Et

1026 966 1094 994 ideo
1109 967 1241 1002 sequitur
1256 967 1296 1003 (v.
1318 967 1344 1003 2)
1362 976 1368 994 :
1385 969 1420 995 Et
1433 975 1506 995 coena
1518 970 1593 1001 fucta
1603 989 1612 1002 ,
1633 976 1690 996 cum
1703 968 1800 996 diabo-

1027 1014 1067 1040 lus
1081 1015 1195 1041 misisset
1208 1015 1236 1040 in
1247 1014 1383 1041 coi-Judoe.
1396 1015 1428 1041 Ut
1438 1013 1517 1056 enim
1529 1014 1754 1049 aitAugustinus
1763 1014 1798 1042 ¹⁶:
1844 1051 1846 1053 ,

1025 1067 1086 1086 non
1101 1059 1140 1087 ita
1154 1059 1316 1095 intelligere
1331 1060 1475 1088 debemus
1490 1067 1604 1088 coenam
1617 1060 1736 1094 factam,
1750 1068 1800 1089 ve-

1025 1105 1068 1132 lut
1087 1106 1150 1140 Jam
1171 1108 1376 1141 consumptam
1390 1107 1423 1141 (f)
1450 1115 1456 1133 :
1483 1106 1580 1134 adhuc
1602 1106 1682 1134 enim
1703 1114 1800 1135 coena-

1025 1152 1114 1186 bant,
1132 1160 1199 1180 cum
1224 1152 1363 1180 Dominus
1377 1153 1502 1180 surrexit
1518 1162 1524 1180 :
1541 1160 1611 1180 nam
1633 1155 1735 1188 postea
1751 1161 1797 1181 re-

1025 1198 1142 1233 cubuit,
1167 1201 1195 1226 ct
1208 1199 1358 1226 bucellam
1373 1198 1506 1226 traditori
1531 1199 1645 1227 dedit.»
1665 1199 1732 1226 Cum
1746 1201 1797 1226 mi-

1025 1247 1102 1272 sisset
1117 1245 1239 1271 (liabolus
1254 1247 1284 1272 z'n
1300 1253 1344 1272 cor
1357 1246 1442 1272 Judoe.
1463 1247 1540 1281 Ergo
1559 1245 1723 1273 secundum
1739 1245 1797 1280 hoc

1026 1291 1151 1325 videtur,
1167 1292 1248 1327 quod
1262 1293 1331 1318 tunc
1345 1291 1442 1326 primo
1458 1291 1599 1327 cogitavit
1611 1292 1729 1320 ‘tradere
1743 1293 1799 1320 Do-

1026 1338 1140 1365 minum
1154 1348 1160 1366 :
1174 1339 1219 1373 cuj
1225 1347 1258 1365 us
1273 1339 1453 1366 contrarium
1466 1339 1598 1374 videtum
1615 1347 1704 1376 supra
1718 1339 1799 1367 enim

1026 1384 1137 1412 dictum
1153 1388 1195 1413 cst
1209 1386 1226 1402 ¹⁷
1238 1387 1351 1413 :«L‘nus
1366 1394 1401 1414 ex
1416 1386 1501 1414 vobis
1516 1386 1655 1415 diabolus
1670 1388 1726 1421 est;
1741 1396 1756 1414 »
1771 1389 1799 1415 et

1027 1439 1117 1466 supra
1132 1432 1269 1467 proximo
1282 1432 1302 1448 ¹⁸
1323 1432 1434 1460 dictum
1448 1434 1490 1460 est
1501 1454 1510 1468 ,
1531 1433 1614 1469 quod
1630 1443 1645 1460 <t
1659 1436 1721 1462 erat
1739 1433 1797 1469 fur,

1025 1477 1138 1506 locutos
1156 1478 1279 1505 habens.
1294 1488 1307 1503 »
1324 1480 1393 1506 item
1408 1479 1573 1506 secundum
1596 1479 1654 1508 hoc
1671 1479 1798 1515 videtur,

1027 1524 1110 1559 quod
1132 1524 1269 1551 diabolus
1284 1525 1374 1552 habet
1387 1526 1562 1559 potestatem
1576 1533 1665 1561 super
1683 1525 1797 1554 animas

1025 1570 1202 1605 rationales,
1225 1570 1400 1598 immutandi
1426 1579 1495 1605 eas,
1517 1572 1545 1598 ct
1568 1571 1744 1600 immittendi
1766 1571 1798 1599 in

1027 1624 1076 1643 cas
1101 1624 1167 1651 quae
1190 1617 1252 1644 vult
1273 1626 1279 1644 :
1301 1617 1386 1652 cujus
1408 1617 1588 1644 contrarium
1611 1617 1728 1646 videtur
1744 1625 1798 1654 per

1026 1663 1220 1697 Augustinum
1235 1663 1265 1697 ¹⁹,
1277 1663 1330 1690 ubi
1345 1664 1384 1691 ait
1398 1673 1427 1690 :«
1440 1664 1516 1691 Nihil
1531 1664 1676 1699 potentius
1690 1666 1733 1692 est:
1743 1664 1798 1693 ista

1027 1709 1170 1741 creatura,
1187 1715 1252 1742 quae
1265 1715 1350 1734 mens
1365 1707 1470 1735 dicitur
1483 1708 1644 1744 rationalis,
1659 1709 1734 1737 nihil
1748 1717 1797 1737 su-

1027 1753 1146 1780 blimius
1172 1762 1178 1780 :
1203 1753 1349 1789 quidquid
1377 1761 1466 1789 super
1489 1754 1566 1782 hanc
1589 1757 1651 1790 est,
1679 1755 1798 1784 Creator

1027 1802 1078 1826 cst.
1090 1810 1104 1825 »
1117 1801 1148 1826 Et
1163 1799 1201 1826 ad
1217 1799 1295 1827 istud
1308 1800 1551 1836 respondendum
1566 1800 1730 1829 secundum
1741 1803 1798 1830 Au-

1027 1846 1177 1880 gustinum
1191 1846 1238 1873 hic
1250 1845 1282 1880 2⁰,
1298 1846 1349 1873 ubi
1365 1846 1414 1881 ait,
1431 1847 1514 1882 quod
1528 1856 1541 1872 «
1553 1847 1615 1875 haec
1628 1847 1729 1876 missio
1742 1847 1799 1876 fuit

1026 1893 1142 1927 spiritus
1157 1893 1306 1928 suggestio
1314 1902 1322 1928 ;
1340 1901 1401 1920 non
1414 1902 1467 1930 per
1481 1902 1584 1922 aurem
1593 1915 1603 1929 ‚
1618 1894 1672 1923 sed
1686 1895 1796 1930 cogita-

1026 1941 1135 1968 tionem
1151 1950 1158 1975 3
1184 1948 1245 1967 non
1267 1940 1468 1975 corporaliter,
1493 1941 1545 1968 sed
1569 1941 1794 1977 spiritualiter.»

1026 1986 1162 2014 Similiter
1176 1987 1196 2003 ²¹
1214 1996 1227 2011 «
1243 1986 1330 2014 bonae
1351 1987 1552 2021 suggestiones
1572 1987 1647 2015 fiunt
1670 1995 1688 2016 a
1713 1988 1796 2017 bono

1025 2033 1127 2068 spiritu
1137 2042 1145 2067 ;
1162 2033 1215 2060 sed
1223 2033 1342 2060 interest
1356 2033 1535 2068 quibusnam
1550 2041 1652 2062 earum
1663 2034 1701 2070 (ρ)
1712 2042 1796 2063 mens

1027 2079 1205 2113 consentiat,
1223 2079 1323 2106 divino
1345 2079 1457 2106 auxilio
1482 2079 1518 2114 (Ιι)
1541 2080 1590 2107 vel
1612 2080 1725 2109 deserta
1742 2088 1797 2117 per

1026 2125 1143 2159 merita,
1159 2125 1205 2153 vel
1227 2125 1329 2160 adjuta
1342 2133 1396 2160 per
1414 2126 1548 2160 gratiam.
1564 2136 1577 2152 »
1595 2128 1660 2154 Haec
1673 2126 1733 2154 ille.
1748 2128 1796 2154 Est

1027 2179 1097 2207 crgo
1112 2171 1266 2199 immittere
1282 2172 1313 2198 in
1334 2171 1464 2198 animam
1486 2179 1539 2206 per
1559 2172 1794 2208 suggestionem,

1028 2220 1055 2246 et
1068 2218 1109 2245 sic
1124 2217 1262 2245 diabolus
1276 2217 1415 2251 immittit,
1426 2217 1535 2252 quibus
1549 2217 1649 2246 anima
1660 2226 1697 2246 ex
1708 2218 1796 2247 liber-

1028 2266 1084 2292 tate
1099 2263 1211 2292 arbitrii
1223 2263 1363 2291 consentit
1374 2273 1382 2298 ς
1399 2266 1426 2291 et
1439 2265 1481 2291 est
1495 2264 1648 2292 immittere
1661 2272 1716 2300 per
1727 2272 1796 2300 sug-

1027 2311 1191 2345 gestionem
1215 2318 1232 2337 a
1254 2310 1336 2338 bono
1352 2309 1472 2345 spiritu,
1495 2312 1522 2338 et
1540 2318 1594 2346 per
1612 2310 1796 2342 informatio-

1026 2384 1106 2413 Joan„
1128 2385 1199 2407 tract.
1219 2388 1261 2413 LV,
1281 2389 1307 2406 n.
1322 2384 1345 2407 3.
1360 2396 1391 2401 —
1407 2381 1427 2399 ¹⁷
1443 2383 1516 2413 Sup.,
1535 2388 1574 2414 Vt,
1589 2383 1628 2407 Ἡ.
1644 2396 1675 2401 -
1688 2383 1708 2400 ¹⁸
1722 2383 1793 2414 Sap„

1027 2425 1080 2448 xri,
1099 2420 1122 2442 6.
1145 2431 1176 2436 -
1198 2419 1218 2434 ¹⁹
1241 2419 1316 2448 mig„
1338 2418 1363 2441 in
1380 2418 1461 2448 dmm,⁷
1481 2417 1553 2442 hom.
1573 2423 1654 2449 xxm,
1671 2424 1699 2442 n.
1721 2418 1746 2442 6.
1763 2430 1795 2436 -—

1026 2455 1048 2470 ⁴²0
1064 2454 1109 2484 td.,
1123 2455 1196 2478 tract.
1213 2459 1254 2484 ιν,
1271 2460 1298 2478 ιι.
1312 2454 1336 2476 4.
1351 2465 1382 2471 -
1396 2453 1413 2467 ²¹
1430 2453 1492 2477 thid.

1059 2498 1092 2528 (a)
1116 2498 1175 2522 Caet.
1195 2497 1256 2521 edit.
1280 2499 1395 2521 vocatur.
1418 2510 1449 2514 —
1471 2496 1507 2527 (h)
1530 2497 1644 2520 Fortasse
1665 2496 1794 2528 leqendum

1027 2540 1086 2557 uox.
1099 2546 1127 2550 —
1145 2534 1171 2562 (c)
1189 2533 1248 2557 Coel.
1260 2532 1320 2556 edit.
1336 2532 1446 2562 Domini,
1459 2534 1509 2557 etc.
1521 2544 1552 2549 —
1565 2531 1604 2561 (11)
1620 2531 1674 2562 Ley.
1687 2532 1792 2557 mundo.

1027 2581 1056 2585 —-—
1074 2568 1102 2598 (e)
1123 2568 1209 2599 Suppl.
1228 2568 1254 2591 in
1267 2567 1410 2592 deserto.-—
1428 2567 1462 2598 (f)
1478 2566 1521 2590 Al.
1536 2569 1748 2592 consummatam.
1765 2581 1792 2585 —

1026 2618 1056 2622 —
1073 2604 1107 2634 (q)
1123 2604 1182 2627 Coee.
1200 2603 1258 2627 edit.
1275 2603 1366 2634 quibus
1379 2609 1432 2627 non
1448 2608 1546 2626 eorum.
1561 2615 1592 2621 —
1609 2602 1639 2632 (Ιι)
1656 2603 1716 2627 Coet.
1731 2603 1793 2627 edit.

1027 2646 1072 2662 non
1088 2638 1178 2662 liabent
1192 2637 1279 2662 divino
1294 2637 1395 2662 auxilio.
