1987 3032
107 739 158 758 Pars
169 741 210 760 ter-

105 769 143 789 tia.

230 199 289 229 298

228 264 278 292 det
298 264 381 300 Hugo
404 264 480 292 bene
495 265 515 301 ¹,
532 265 584 293 ubi
600 266 712 302 quaerit,
728 266 849 301 quando
863 266 999 295 homines

227 313 377 347 coeperunt
411 311 537 346 obligari
571 312 670 340 debito
706 312 846 348 baptismi
884 313 1000 348 partici-

225 357 318 392 pandi
342 366 348 384 :
369 359 396 385 et
416 360 457 385 est
478 366 593 385 summa
614 358 823 393 responsioniS,
845 359 927 394 quod
950 359 998 387 hic

226 402 279 431 fuit
300 403 457 431 consilium
472 404 567 431 amico
582 405 741 432 revelatum
754 414 761 438 ;
778 405 899 441 quando
921 406 998 434 misit

227 449 387 485 discipulos
403 452 434 477 ut
447 450 635 486 baptizarent,
649 451 705 479 fuit
719 454 897 487 praeceptum
907 460 998 489 expo-

225 497 327 532 situm;
350 499 509 533 postquam
523 506 593 525 vero
609 497 639 525 in
654 506 773 526 omnem
788 501 894 527 terram
908 500 997 527 exivit

225 551 316 571 sonus
330 551 448 577 eorum,
471 546 686 580 contemptores
705 545 949 574 condemnantur,
967 548 998 574 Et

227 590 268 618 ibi
289 590 364 617 bene
384 590 421 617 de
443 590 511 618 hoc.
527 592 565 618 De
586 590 632 618 his
652 599 724 618 vero
739 592 996 627 generationibus;

225 636 334 664 scilicet
344 636 487 671 spirituali
502 639 529 664 et
541 637 662 672 carnali,
674 638 780 665 dicitur
795 638 824 665 in
840 638 996 668 collatione

224 683 410 718 praedicabili
425 682 445 711 ².

260 731 328 757 9.Et
343 731 472 766 sequitur
486 731 568 759 tertia
582 739 663 767 pars,
678 732 708 760 in
719 733 936 769 quainquisitio
952 734 997 761 Ni—

224 776 361 812 codemi;
387 779 414 804 et
433 777 475 805 ibi
494 777 554 805 duo
577 787 583 805 :
599 778 716 814 primo,
742 779 807 815 ipsa
826 780 994 816 inquisitio;

223 823 366 858 secundo,
381 823 444 851 Filii
460 824 508 852 Dei
521 825 689 860 responsio,
704 825 745 852 ibi
758 834 764 853 :
781 827 930 861 Respondit
945 828 994 854 Νι·-

223 870 345 897 codemus
370 880 378 897 .·
399 871 532 904 Quomodo
551 874 682 906 possunt,
709 874 761 899 etc.
788 872 890 900 Adhuc
915 874 994 901 enim

223 915 348 943 carnalis
369 918 444 948 erat,
461 919 488 944 et
507 917 661 945 carnaliter
684 918 866 953 intelligebat
878 929 885 953 ;
913 922 940 946 et
965 920 995 947 in

222 961 274 989 illo
289 962 380 990 fiebat
395 963 477 998 quod
499 963 612 991 dixerat
638 965 779 993 Dominus
796 974 802 993 τ
822 967 916 993 Vocem
939 967 995 1001 eJ'us

222 1009 316 1043 audis,
332 1010 378 1036 secl
391 1012 475 1037 neseis
489 1011 559 1038 uncle
569 1013 661 1039 veniat
672 1033 681 1046 ‚
698 1012 737 1040 ait
751 1013 930 1048 Augustinus
945 1014 964 1040 ³.

259 1056 300 1083 10.
317 1057 349 1083 Et
373 1057 504 1092 sequitur
526 1057 683 1086 Salvatoris
707 1059 880 1094 responsi03
905 1061 933 1087 et
952 1059 992 1087 ibi

222 1101 299 1129 duo:
313 1102 420 1138 primo,
430 1103 604 1139 inquirentis
615 1104 780 1132 amicabilis
791 1106 916 1140 arguitio
927 1115 935 1140 3
949 1114 992 1133 se-

221 1148 330 1182 cundo,
342 1149 378 1176 de
388 1149 502 1177 arcanis
513 1150 697 1184 doctrinatio,
707 1151 747 1179 ibi
760 1160 766 1179 z
779 1153 861 1179 Nemo
872 1152 993 1179 ascendit

219 1196 249 1221 in
263 1196 363 1230 coelum,
380 1198 433 1223 ete.
450 1196 494 1224 Ait
508 1205 578 1232 ergo
595 1206 601 1224 z
623 1199 702 1224 Discit
721 1200 746 1224 ez*
765 1208 772 1225 .-
793 1199 831 1225 Τα
850 1206 875 1225 es
892 1201 991 1233 maqi's-

220 1243 270 1274 ter,
282 1243 335 1268 ete.
350 1242 469 1269 Utenim
480 1243 752 1279 aitChrysostomus
764 1245 773 1260 ⁶
790 1254 815 1271 ει(
829 1245 906 1277 Vide,
920 1253 989 1272 nus-

220 1294 311 1322 quam
325 1288 488 1323 nequitiam
501 1292 616 1317 accusat
630 1290 702 1324 viri,
719 1290 772 1317 sed
788 1290 950 1318 fatuitatem
965 1294 992 1319 et

218 1333 416 1362 rusticitatem.
429 1335 502 1362 »Sed
514 1336 638 1371 qualiter
644 1337 700 1364 hoc
709 1337 722 1363 ‘i
730 1344 765 1363 ex
777 1345 837 1372 quo
846 1336 899 1364 fuit
910 1337 991 1371 igno-

217 1387 303 1414 rans,
320 1380 469 1408 debuisset
483 1383 610 1418 compati
625 1383 650 1410 ci
663 1383 710 1418 (a),
723 1385 750 1410 et
760 1391 821 1410 non
838 1384 990 1411 insultare.

218 1428 249 1454 Et
263 1427 301 1454 ad
316 1427 393 1454 istud
408 1429 566 1464 respondet
579 1430 755 1464 Augustinus
768 1431 777 1446 ⁵
794 1440 800 1457 :
813 1440 826 1455 «
840 1432 989 1466 Numquid

216 1475 353 1508 putamus
369 1475 525 1502 DomInum
544 1475 682 1504 insultare
702 1476 857 1504 voluisse?
869 1487 881 1502 ν)
902 1479 990 1511 Quasi

217 1519 328 1547 diceret
342 1529 350 1546 .-
366 1522 439 1548 Non.
455 1521 535 1548 «Sed
547 1522 668 1550 volebat
683 1522 767 1550 illum
782 1523 863 1550 nasei
879 1531 915 1550 ex
931 1525 987 1559 spi-

216 1566 273 1593 ritu
289 1575 296 1593 :
313 1568 340 1594 et
354 1567 425 1602 quia
439 1575 526 1595 nemo
542 1568 670 1596 nascitur
682 1577 718 1596 ex
733 1569 835 1604 spiritu
845 1591 852 1602 ,
869 1570 923 1597 nisi
935 1570 988 1598 hu-

215 1612 307 1647 milis,
324 1612 372 1640 ille
387 1615 485 1640 autem
507 1615 676 1649 magisterio
691 1615 810 1643 inflatus
826 1618 900 1649 erat,
917 1616 989 1652 quia

217 1658 320 1686 doctor
341 1659 527 1694 Judaeorum,
553 1660 675 1696 deponit
698 1661 723 1688 ei
745 1662 934 1697 superbiam,
958 1666 988 1691 ut

216 1705 306 1740 possit
321 1706 401 1733 nasei
417 1713 452 1733 ex
468 1706 581 1742 spiritu.
597 1718 609 1733 »
628 1709 691 1734 Haee
718 1707 766 1735 ille
779 1729 787 1742 ,
804 1711 831 1735 et
849 1709 891 1736 ibi
910 1709 987 1737 bene

217 1752 252 1780 de
266 1753 333 1780 hoc.
350 1754 381 1780 Et
395 1753 527 1788 sequitur
540 1763 546 1781 z
562 1755 600 1781 Tu
612 1763 637 1781 es
650 1756 789 1789 magister,
806 1758 830 1782 et
845 1756 898 1783 hoec
913 1758 989 1790 iquo-

215 1801 281 1826 ras?
295 1799 399 1833 «Quasi
413 1799 504 1832 dieat,
522 1801 561 1828 ait
574 1801 770 1836 Augustinus⁵
785 1811 790 1828 :
808 1801 883 1830 Nihil
895 1803 986 1838 nosti,

214 1845 350 1881 princeps
369 1846 495 1882 superbe
513 1856 520 1874 ε
536 1842 655 1875 nascere
674 1856 710 1875 ex
725 1848 828 1883 spiritu
838 1870 846 1882 ,
861 1851 889 1876 et
908 1850 932 1876 si
947 1850 987 1877 sic

214 1895 299 1920 natus
324 1892 432 1927 fueris,
453 1893 515 1920 vias
538 1894 587 1921 Dei
611 1894 733 1922 tenebis.
746 1905 760 1921 »
779 1896 844 1922 Haec
864 1895 923 1923 ille.
940 1897 987 1924 Sic

214 1939 369 1974 Apostolus
390 1939 486 1974 arguit
506 1939 620 1967 tales⁷:
640 1951 653 1965 (ι
666 1941 739 1968 Cum
761 1941 906 1969 deberetis
926 1951 986 1970 csse

214 1985 344 2020 magistri
363 1988 483 2021 propter
498 1987 611 2021 tempus
623 2007 632 2020 ‚
648 1995 765 2014 rursum
780 1988 917 2023 indigetis
928 2010 936 2023 ,
955 1992 986 2017 ut

215 2031 397 2066 doceamini,
413 2042 426 2057 1>
445 2035 497 2060 etc.
519 2034 551 2059 Et
575 2033 644 2068 quia
659 2033 730 2061 dixit
753 2043 759 2061 :
787 2036 842 2061 Hoc
858 2037 984 2071 ignoras,

213 2077 312 2106 subdit
324 2078 363 2113 (v.
380 2078 438 2113 11):
455 2080 525 2112 Quia
537 2088 582 2106 nes
598 2080 669 2114 quod
682 2082 795 2115 scimus,
812 2081 920 2109 scilicet
930 2090 985 2117 ego

213 2132 281 2152 cum
295 2125 437 2159 apostolis
456 2127 483 2152 et
497 2125 666 2160 prophetis,
690 2126 730 2154 ait
750 2127 859 2155 Glossa.
889 2130 986 2162 Loqui-

212 2179 289 2204 mur,
315 2171 542 2199 annuntiando:
564 2172 625 2207 ipse
648 2173 726 2200 enim
752 2173 930 2209 loquebatur
954 2175 985 2202 in

211 2217 351 2251 apostolis
361 2217 371 2233 ⁹
384 2226 390 2244 z
402 2219 484 2252 «Ego
498 2217 577 2245 dabo
588 2218 674 2245 vobis
689 2226 722 2246 os
733 2221 760 2246 et
770 2220 943 2255 sapientiam
952 2230 959 2255 3
968 2232 979 2247 n

211 2263 318 2296 ecquod
331 2263 459 2295 vidimus,
475 2264 505 2291 in
520 2264 706 2299 abscondito,
721 2265 760 2293 ait
774 2266 886 2300 Glossa,
900 2269 982 2294 tesca-

210 2316 269 2335 mur
277 2309 493 2344 praedicand0.⁹
503 2320 516 2335 «
529 2311 615 2344 Quod
628 2311 659 2338 in
670 2319 739 2339 aure
750 2312 866 2346 auditis,
876 2313 981 2348 praedi-

211 2356 272 2382 cate
288 2355 323 2391 (b)
338 2364 425 2392 super
440 2359 548 2385 tecta.»
559 2358 594 2384 Et
608 2359 790 2385 testimonium
802 2361 982 2388 nostrumnon

240 2426 248 2442 ²
263 2426 338 2455 Hug.,
351 2426 380 2449 de
396 2427 517 2457 Sacram,
531 2428 574 2451 lib.
592 2429 622 2459 11,
637 2431 702 2459 part.
720 2430 763 2459 Vl,
780 2437 802 2453 c.
818 2435 842 2453 v.
857 2443 888 2448 —
902 2431 912 2446 ²
924 2432 980 2455 Viti.

209 2459 263 2490 inf„
279 2460 383 2490 Callai„
401 2467 443 2484 xv.
458 2474 489 2480 —
502 2462 512 2478 3
527 2464 602 2493 Aug,
623 2464 648 2487 in
662 2464 744 2492 loon..
761 2466 833 2488 tract.
850 2471 898 2494 xii,
915 2472 940 2489 n.
957 2468 981 2489 6.

210 2508 236 2512 -
256 2496 264 2509 ⁴
284 2495 425 2526 Chrys-ost„
445 2496 470 2519 in
489 2497 572 2526 doen..
587 2498 657 2522 hom.
675 2505 736 2528 XXV,
757 2499 790 2524 al.
814 2505 890 2530 xxvi,
910 2507 936 2523 n.
957 2502 979 2525 ⁴2.

209 2544 239 2550 --
253 2531 263 2547 ⁵
279 2532 354 2561 Aug.,
376 2531 420 2554 ubi
439 2538 495 2562 sup.
516 2545 546 2549 —
568 2534 576 2547 s
596 2534 660 2557 ibid.
675 2547 705 2552 —-
724 2535 731 2548 ⁷
749 2534 834 2565 Helua,
856 2541 880 2565 v,
901 2538 981 2559 12.—

210 2567 218 2580 ⁸
232 2566 298 2596 Luc„
315 2572 375 2597 xxi,
396 2568 433 2590 15.
450 2580 479 2584 —
498 2568 507 2584 ⁹
526 2569 626 2597 Manli„
647 2576 677 2599 x,
700 2572 738 2593 27.
759 2584 789 2587 —
810 2571 826 2585 ¹⁰
846 2572 921 2601 Aug,
937 2571 980 2595 ubi

208 2608 276 2632 sup,
288 2609 314 2625 n.
327 2603 350 2625 7.
362 2615 392 2619 —
409 2603 425 2618 ¹¹
443 2603 515 2632 sup„
531 2608 561 2633 11,
578 2606 615 2627 19.
628 2617 658 2621 —
672 2605 687 2618 ¹³
700 2605 841 2635 Chrysost„
856 2608 880 2629 in
896 2607 979 2634 donn„

209 2636 280 2661 hom.
293 2643 364 2668 xxvr,
377 2637 410 2661 al.
424 2643 506 2668 xxvu,
518 2644 544 2663 n.
563 2640 624 2662 1.—
640 2639 659 2656 ¹³
672 2640 745 2670 Sup.‚
760 2648 783 2665 v.
798 2643 820 2665 δ.
832 2654 862 2658 -
876 2642 895 2657 ¹⁴
909 2642 979 2671 Gen„

748 199 959 231 EVANGELII
982 199 1121 232 SANCTI
1144 200 1308 233 ιῘΟΑΝΝΙΒ

1055 269 1197 302 accipitis,
1219 268 1369 297 eredendo
1384 269 1501 298 scilieet.
1526 271 1558 297 Et
1572 272 1652 306 patet
1677 270 1723 298 hic
1745 271 1823 299 testi-

1053 315 1146 342 monii
1159 315 1300 344 certitudo
1313 318 1341 344 et
1354 317 1470 351 veritas,
1488 317 1558 353 quia
1571 325 1606 344 ex
1616 319 1693 345 certa
1703 317 1823 346 seientia

1054 363 1081 388 et
1096 369 1132 389 ex
1150 361 1214 389 visu
1231 372 1238 389 .-
1257 363 1333 395 Quod
1352 364 1478 398 vidimuS,
1498 366 1627 391 testamur
1634 372 1644 394 ;
1665 366 1693 391 et
1714 363 1823 392 discre-

1053 407 1185 435 dentium
1214 408 1396 443 ignorantia,
1423 410 1483 437 sive
1513 410 1641 443 camitem,
1668 410 1739 446 quia
1761 417 1823 438 non

1053 454 1236 490 accipiebant
1252 455 1461 484 testimonium.

1089 501 1130 527 1⁶2.
1148 501 1178 527 Et
1197 501 1362 528 manifestat
1387 502 1529 537 amplius,
1550 502 1633 538 quod
1657 502 1820 538 przemisit:

1052 545 1083 572 Si
1097 548 1202 573 terrena
1216 547 1278 573 dixi
1287 568 1295 581 ‚
1312 547 1395 582 quasi
1409 548 1486 575 dieat
1502 557 1508 575 :
1523 556 1559 576 ex
1574 557 1633 584 quo
1651 556 1712 576 non
1728 549 1822 577 eredi-

1051 592 1085 620 tis
1097 593 1190 627 magis
1205 593 1406 628 sensibilibus,
1423 602 1482 621 non
1491 595 1614 622 credetis
1629 596 1756 631 amplius
1772 604 1822 624 oc-

1052 639 1149 674 cultis,
1165 639 1265 675 qualia
1279 643 1346 668 sunt
1366 640 1502 669 eoelestia.
1519 641 1576 669 Sed
1591 641 1740 676 quaeritur,
1755 651 1822 678 quae

1051 688 1118 713 sunt
1143 688 1274 721 terrena,
1303 695 1368 722 quae
1401 687 1475 714 dixit
1502 687 1563 714 eis?
1593 687 1710 715 Videtur
1739 689 1822 724 quod

1051 731 1134 759 nulla
1148 740 1155 759 :
1169 733 1276 767 jugiter
1298 735 1339 760 est
1363 733 1442 761 enim
1466 733 1607 769 loquutus
1628 734 1665 761 de
1687 734 1822 769 spiritua-

1050 778 1138 805 libus.
1153 780 1184 806 Et
1197 779 1236 806 ad
1254 780 1310 807 hoc
1325 780 1485 815 respondet
1499 781 1677 815 Augustinus
1693 781 1724 814 ¹⁰,
1739 781 1823 816 quod

1050 826 1198 852 terrenum
1218 829 1317 860 vocat,
1333 826 1415 861 quod
1437 826 1476 854 ait
1502 826 1538 854 de
1558 826 1668 862 templo
1690 827 1822 862 eorporis

1051 871 1110 906 sui,
1132 872 1162 906 (c)
1189 880 1279 907 supra
1304 873 1438 908 proximo
1454 873 1485 905 ¹¹,
1501 873 1586 908 quasi
1601 873 1680 900 dieat
1695 882 1701 900 ;
1718 873 1745 901 Si
1760 881 1822 901 non

1050 917 1166 945 creditis
1180 918 1251 953 quia
1265 919 1407 954 templum
1433 919 1564 954 corporis
1587 927 1708 954 possum
1727 927 1822 947 resus-

1050 964 1152 999 citare,
1183 965 1336 1000 quomodo
1369 965 1511 999 credetis,
1534 965 1604 1001 quia
1628 973 1750 1001 possum
1769 974 1822 1002 per

1048 1011 1182 1046 spiritum
1196 1011 1332 1039 homines
1344 1020 1517 1046 regenerare
1527 1013 1541 1039 ἰ)
1558 1022 1571 1038 »
1589 1014 1651 1039 llaec
1667 1012 1726 1040 ille.
1743 1014 1775 1040 Et
1790 1012 1821 1040 in

1049 1057 1149 1085 Glossa
1163 1057 1200 1084 de
1214 1058 1279 1085 hoc.
1297 1058 1520 1094 chrysostomus
1532 1058 1550 1074 ¹²
1561 1067 1631 1086 vero
1643 1059 1763 1094 exponit
1777 1067 1822 1087 re-

1047 1103 1169 1131 ferendo
1185 1104 1223 1131 ad
1241 1105 1409 1140 exemplum
1425 1105 1461 1132 de
1472 1107 1571 1139 vento,
1587 1107 1618 1132 ut
1632 1113 1721 1141 supra
1737 1106 1757 1122 ¹³
1767 1105 1820 1133 ha-

1048 1149 1143 1177 bitum
1156 1153 1207 1177 est.
1223 1152 1253 1178 Et
1265 1153 1334 1178 nota
1350 1151 1432 1186 quod
1449 1152 1543 1185 arguit
1558 1152 1606 1179 hic
1621 1152 1820 1186 ignorantiam

1047 1196 1078 1223 in
1092 1197 1223 1232 principe
1234 1218 1242 1231 ,
1260 1199 1287 1224 et
1310 1197 1340 1224 in
1363 1198 1502 1232 magistro
1522 1198 1664 1225 similiter.
1680 1199 1726 1225 Est
1741 1198 1819 1226 enim

1046 1243 1183 1277 magister
1196 1243 1294 1271 officio
1310 1244 1486 1279 praesidendi
1499 1245 1535 1280 (11)
1553 1244 1571 1261 ¹²
1584 1254 1610 1272 :«
1620 1244 1820 1272 vendiderunt

1046 1289 1154 1324 Joseph
1169 1289 1308 1324 magistro
1323 1290 1352 1325 (e)
1371 1290 1491 1318 militiae.
1507 1301 1520 1317 »
1537 1292 1605 1318 ltem
1621 1293 1663 1318 est
1680 1291 1819 1326 magister

1049 1335 1146 1362 officio
1169 1335 1352 1370 dijudicandi
1375 1344 1476 1363 causas
1500 1338 1527 1364 et
1546 1337 1815 1365 determinandi¹⁵:

1049 1381 1188 1409 «Judices
1217 1384 1244 1409 et
1268 1382 1423 1416 magistros
1451 1383 1607 1410 constitues
1629 1384 1659 1410 in
1680 1383 1818 1412 omnibus

1046 1429 1137 1463 portis
1152 1428 1216 1455 tuis.
1236 1430 1304 1456 ltem
1318 1430 1359 1456 est
1373 1429 1511 1463 magister
1526 1429 1623 1457 officio
1638 1430 1764 1458 docendi
1779 1431 1815 1458 ¹⁶:

1049 1484 1062 1500 «
1077 1475 1145 1501 Sum
1162 1475 1197 1509 (f)
1218 1475 1392 1510 prffldicator
1412 1478 1439 1503 et
1458 1476 1630 1511 Apostolus,
1645 1478 1672 1504 et
1686 1477 1818 1511 Magister

1045 1521 1206 1555 gentinm.»
1234 1521 1280 1548 llis
1303 1522 1442 1549 omnibus
1469 1524 1551 1558 turpe
1576 1523 1712 1556 ignorare
1728 1523 1817 1559 perti-

1044 1567 1143 1594 nentia
1153 1567 1190 1594 ad
1199 1567 1329 1595 officium
1339 1576 1435 1595 suum.
1452 1569 1601 1603 Magistris,
1613 1569 1709 1604 primo
1724 1570 1815 1597 modo

1045 1614 1140 1648 dictis,
1154 1616 1195 1641 est
1215 1615 1297 1649 turpe
1312 1614 1448 1649 ignorare
1472 1615 1552 1649 leges
1573 1617 1657 1643 reetae
1678 1616 1815 1644 domina-

1043 1660 1148 1695 tionis,
1165 1668 1240 1696 quas
1259 1661 1366 1688 debent
1386 1661 1458 1688 scire
1484 1662 1526 1689 illi
1552 1662 1751 1698 principaliter
1769 1665 1789 1680 ¹⁷
1808 1674 1814 1690 :

1046 1709 1126 1734 «Per
1147 1715 1194 1734 me
1217 1715 1301 1741 reges
1325 1710 1467 1742 regnant,
1483 1710 1510 1735 et
1530 1709 1628 1743 legum
1648 1709 1816 1737 conditores

1041 1754 1118 1788 justa
1142 1754 1311 1781 decernunt.
1328 1764 1342 1779 »
1359 1754 1427 1782 Ideo
1443 1755 1483 1781 ait
1497 1754 1545 1782 ille
1560 1755 1816 1790 nobilis‚,scilicet

1043 1801 1159 1828 Flavius
1175 1801 1308 1835 Vegetius
1323 1800 1358 1836 (9)
1379 1809 1385 1827 :
1405 1811 1417 1825 «
1437 1802 1535 1836 Neque
1557 1809 1740 1837 quemquam
1764 1803 1815 1830 de-

1044 1849 1088 1874 cet
1099 1847 1145 1874 vel
1159 1847 1283 1874 meliora
1298 1847 1384 1881 seire,
1411 1847 1458 1874 vel
1477 1847 1579 1883 plura,
1596 1856 1686 1883 quam
1710 1848 1815 1883 princi-

1043 1901 1122 1929 pem,
1136 1894 1218 1928 cujus
1237 1893 1370 1921 doctrina
1397 1894 1534 1921 omnibus
1555 1896 1650 1930 potest
1674 1894 1813 1930 prodesse

1042 1940 1217 1974 subjectis.»
1243 1940 1310 1967 ldeo
1340 1940 1445 1967 dicitur
1472 1941 1491 1956 ¹⁸
1513 1949 1518 1968 :
1539 1940 1646 1975 «Elige
1669 1941 1718 1976 (Ιι),
1734 1941 1814 1969 viros

1042 1988 1186 2022 potentes,
1197 1996 1209 2011 υ
1230 1986 1288 2014 alia
1300 1986 1404 2020 littera,
1423 1997 1436 2011 «
1451 1987 1604 2022 sapientes.
1621 1997 1634 2012 n
1656 1987 1811 2023 Magistris‚

1043 2033 1173 2060 secundo
1189 2033 1280 2060 modo
1297 2033 1391 2066 dictis,
1408 2034 1450 2060 est
1464 2033 1662 2068 periculosum
1676 2034 1812 2068 ignorare

1042 2079 1123 2114 leges
1142 2079 1326 2114 dijudicandi
1343 2082 1370 2106 et
1385 2079 1572 2106 discernendi
1587 2080 1609 2096 ¹⁹
1631 2088 1638 2106 :
1657 2090 1670 2105 «
1684 2080 1813 2108 Confidis

1041 2128 1068 2153 te
1082 2134 1143 2153 esse
1159 2126 1265 2153 ducem
1277 2134 1433 2159 eaecorum,
1443 2126 1615 2160 magistrum
1627 2126 1808 2154 infantium.»

1041 2174 1182 2208 Magistris
1190 2181 1270 2207 vero,
1286 2174 1370 2200 tertio
1383 2173 1474 2201 modo
1487 2173 1580 2207 dictis,
1592 2175 1634 2200 est
1647 2173 1811 2208 periculum

1041 2220 1178 2255 ignorare
1205 2220 1285 2255 leges
1306 2220 1381 2247 bene
1407 2219 1540 2254 vivendi3
1557 2219 1627 2254 ipsis
1643 2220 1723 2246 enim
1737 2220 1810 2247 diei-

1041 2268 1086 2293 tur
1097 2267 1118 2282 20
1135 2275 1160 2293 :«
1171 2266 1315 2301 Populum
1330 2274 1430 2292 meum
1445 2265 1610 2300 docebunt,
1626 2275 1639 2291 »
1658 2267 1712 2293 ete.
1729 2266 1809 2301 ldeo,

1039 2314 1159 2347 propter
1186 2313 1239 2339 ista
1266 2312 1414 2347 pericula,
1429 2312 1599 2339 dehortatur
1619 2312 1745 2340 Jacobus
1759 2320 1811 2348 ap-

1039 2359 1162 2393 petitum
1186 2358 1346 2393 magisterii
1362 2359 1383 2375 ‘³¹
1400 2367 1406 2385 z
1427 2368 1440 2383 «
1454 2358 1546 2386 Nolite
1565 2358 1663 2394 plures
1679 2359 1809 2394 magistri

1040 2454 1140 2478 xxxvu,
1156 2450 1193 2472 36.
1209 2462 1239 2466 -
1254 2449 1274 2465 ¹⁵
1290 2449 1374 2478 Dent„
1394 2453 1451 2478 xri,
1472 2449 1508 2471 18.
1525 2460 1554 2465 -—
1569 2448 1589 2464 ¹⁶
1605 2448 1624 2471 ll
1645 2447 1717 2475 Tim..
1734 2454 1754 2477 1,
1770 2450 1805 2472 ll.

1038 2496 1070 2501 —
1084 2485 1101 2499 ¹⁷
1113 2486 1199 2513 Prou,
1214 2489 1269 2513 vui,
1289 2485 1323 2507 15.
1334 2497 1364 2501 -
1378 2484 1398 2500 ¹⁸
1411 2483 1500 2512 Esod„
1516 2488 1592 2512 xviii,
1607 2484 1646 2506 21.
1658 2495 1686 2500 —
1700 2483 1718 2499 ¹²*
1730 2483 1806 2514 Rom„

1040 2524 1071 2549 11,
1090 2521 1126 2543 15).
1144 2532 1174 2536 —
1193 2519 1214 2536 ³⁰
1233 2519 1332 2547 Ezecla„
1351 2524 1420 2549 xle,
1443 2520 1482 2542 23.
1503 2531 1533 2535 -—
1552 2518 1570 2534 ²1
1589 2518 1654 2547 lac„
1675 2523 1716 2549 111,
1738 2520 1759 2542 1.

1070 2572 1104 2602 (a)
1125 2572 1186 2595 Coet.
1201 2571 1261 2595 edit.
1275 2572 1318 2595 eis.
1331 2585 1362 2589 —
1374 2571 1407 2601 (b)
1424 2570 1609 2601 proedicutist—
1623 2571 1652 2601 (c)
1664 2571 1752 2602 suppl.
1767 2579 1806 2596 ea—

1038 2607 1096 2637 pite.
1116 2619 1140 2623 -
1164 2607 1199 2637 (d)
1220 2608 1280 2631 Caet.
1295 2607 1354 2630 edit.
1370 2606 1557 2637 possidendi.—
1569 2606 1599 2637 (e)
1615 2607 1807 2637 inagisiiumw-

1038 2643 1072 2672 (f)
1089 2642 1156 2667 Sive.
1169 2656 1199 2660 -
1214 2643 1247 2673 (y)
1260 2643 1380 2673 Vegatus.
1394 2653 1424 2659 —-
1441 2641 1474 2671 (lc)
1493 2641 1565 2672 Vulq.
1581 2643 1698 2667 Provide.

1834 1298 1940 1324 Magister

1847 1330 1925 1355 quotu-

1846 1360 1906 1386 plex.
