1987 3032
699 212 903 245 EXPOSITIO
925 211 963 242 IN
986 212 1071 242 CAP.
1096 211 1187 243 XVII.

146 290 223 315 rum,
238 281 356 316 dejectis
371 281 462 308 oculis
475 280 506 307 in
524 282 632 308 terram
650 281 744 308 oravit
762 289 798 308 ex
818 279 913 307 humi-

145 327 233 355 litate.
249 328 331 354 Pater
346 337 354 354 .·
377 326 448 354 etin
461 326 517 353 hoc
538 326 623 353 docet
640 328 755 354 orantes
774 326 913 353 invocare

146 375 273 401 Patrem·
289 381 295 399 :
318 383 331 398 ι(
342 375 424 400 Pater
447 374 555 400 noster.
573 382 586 397 ³>
606 374 687 400 Venit
702 373 777 407 hora,
793 379 854 399 non
867 379 915 398 ur-

145 421 230 454 gente
243 418 313 452 fato,
327 419 400 446 sicut
415 419 515 446 dicunt
529 419 671 452 haeretici,
692 419 745 446 sed
759 418 912 446 ordinante

146 466 215 498 Deo,
232 467 264 492 ut
285 465 324 491 ait
343 465 521 499 Augustinus
529 464 549 498 ⁵³,
563 465 615 492 ubi
632 465 759 492 multum
783 464 819 491 de
844 464 910 490 hoc.

144 512 237 546 Supra
247 511 256 527 ³
271 519 277 537 :
293 520 306 535 «
320 511 402 538 Venit
420 510 453 546 (α)
468 511 551 538 hora.
568 521 581 536 n
597 511 721 545 Clarifica
733 511 845 543 Filium,
861 509 913 536 sci-

142 556 210 583 licet
222 557 252 583 in
264 557 475 584 resurrectione
494 567 500 584 :
517 557 587 592 quia
600 557 630 584 in
642 556 779 592 passione
793 555 912 582 humili-

142 604 195 635 tas,
208 602 239 629 in
261 603 475 630 resurrectione
490 603 616 636 claritas,
643 602 683 630 ait
702 602 880 637 Augustinus
891 602 912 635 Β,

141 649 194 676 ubi
207 648 332 676 multum
348 649 385 676 de
400 649 466 676 hoc.
491 650 583 684 Supra
595 650 605 665 ⁵
627 658 633 676 ς
658 658 671 673 «
693 648 775 676 Venit
794 648 868 675 hora
881 650 912 675 ut

141 694 315 722 clarificetur
327 695 423 722 Filius.
447 705 460 719 n
482 696 515 722 Ut
536 696 621 722 Filius
645 698 707 722 tuus
728 696 855 728 clarificet
877 697 909 720 te.

141 740 196 768 Sed
206 740 330 776 qualiter
344 741 412 774 hoc,
427 749 494 767 cum
506 741 567 776 ipse
579 743 660 768 Pater
672 748 733 767 non
746 740 838 775 possit
850 747 910 767 esse

141 786 267 814 clarior?
286 788 318 813 Et
335 786 374 813 ad
388 786 467 813 istud
481 786 726 822 respondendum
749 786 911 813 secundum

141 832 334 866 Augustinum
351 833 361 848 ⁶
391 841 396 858 :
423 839 524 859 sensus
545 834 586 859 est
611 841 616 859 :
642 842 654 858 «
679 831 825 859 Resuscita
845 839 910 866 me,

139 880 171 905 ut
184 878 345 905 innotescat
364 877 416 905 toti
435 878 499 904 orbi
521 886 526 904 :
549 877 635 904 Filius
656 877 733 904 enim
754 877 850 912 gloria
865 885 910 904 re-

139 923 325 951 surrectionis
339 923 513 950 clarificatus
533 923 671 951 clarificat
692 925 816 956 Patrem,
841 923 912 958 quia

140 977 208 997 eum
221 969 290 996 facit
304 969 491 996 credentibus
506 971 619 996 notum.
628 980 641 995 »

174 1016 200 1042 2.
214 1015 290 1042 Sicut
306 1016 407 1042 dedisti
424 1017 449 1042 ei
469 1018 627 1050 potestatem
654 1017 738 1042 omnis
762 1017 863 1048 carnis,
879 1015 911 1042 id

140 1063 190 1096 est,
213 1062 308 1088 omnis
330 1061 475 1095 hominis,
498 1061 660 1088 secundum
682 1061 876 1096 Augustinum
889 1062 908 1087 ⁷.

139 1110 243 1142 Aperte
258 1107 337 1134 enim
351 1107 482 1141 signatur
492 1108 570 1134 totus
584 1107 688 1140 homo,
703 1107 787 1141 quasi
803 1107 912 1134 diceret

139 1153 302 1181 secundum
316 1152 525 1187 Augustinum⁸
540 1161 546 1179 :
567 1162 579 1176 «
599 1152 675 1179 Sicut
690 1152 796 1179 dedisti
811 1153 838 1179 ei
853 1160 910 1187 po-

139 1201 269 1227 testatem
283 1198 428 1231 omnium,
443 1200 474 1225 ut
489 1200 514 1225 te
530 1198 684 1233 glorificet,
701 1198 732 1225 id
746 1201 798 1232 est,
814 1200 841 1225 te
856 1207 910 1226 no-

139 1249 202 1274 tum
216 1246 303 1273 faciat
315 1246 395 1273 omni
411 1245 501 1278 carni,
518 1245 549 1272 id
565 1247 616 1279 est,
633 1245 713 1272 omni
728 1244 851 1278 homini,
870 1245 910 1271 sic

140 1292 245 1320 dedisti
260 1291 297 1326 ei,
313 1294 343 1319 ut
359 1291 407 1319 det
422 1291 462 1318 eis
476 1291 566 1318 vitam
580 1292 728 1317 aeternam.

176 1342 201 1366 3.
211 1340 242 1366 Et
251 1338 399 1374 specificat
410 1346 474 1373 quse
484 1339 526 1364 est
535 1337 584 1364 illa
594 1337 654 1364 vita
664 1339 779 1364 aeterna.
789 1338 851 1363 Haec
861 1339 910 1368 est,

141 1385 248 1420 inquit,
264 1386 323 1411 vita
338 1387 436 1411 αἰτίῃ-ιω
446 1404 452 1414 ,
467 1386 496 1410 ut
512 1385 666 1417 cognoscant
680 1386 713 1410 te.
730 1384 763 1410 Et
777 1384 819 1409 est
834 1382 909 1410 ordo

140 1431 296 1459 verborum
319 1429 482 1457 secundum
503 1429 697 1463 Augustinum
712 1429 741 1455 ⁹:
770 1429 803 1455 Ut
825 1431 864 1459 te,
887 1431 911 1455 et

141 1485 217 1512 quem
245 1478 348 1504 misisti
369 1477 472 1509 Jcsum,
511 1478 667 1509 cognoscant
704 1475 788 1501 solum
820 1482 910 1501 verum

140 1524 231 1549 Deum.
266 1524 298 1549 Et
320 1522 357 1549 de
380 1522 436 1548 hoc
455 1521 485 1548 in
507 1521 616 1548 Glossa.
639 1522 672 1547 Ut
695 1521 773 1547 enim
791 1520 831 1547 ait
853 1522 910 1547 Au-

139 1568 270 1603 gustinus
293 1568 313 1582 ²⁰
337 1577 344 1594 :
364 1578 377 1593 (ι
393 1569 454 1594 Non
477 1567 537 1594 duo
565 1566 606 1593 Dii
630 1568 728 1600 Pater,
754 1568 782 1593 et
807 1565 909 1599 Filius,

138 1623 192 1642 nec
206 1616 262 1642 tres
284 1614 339 1647 Dii,
360 1615 452 1647 Pater,
472 1614 499 1640 et
521 1612 624 1646 Filius,
644 1615 671 1639 et
694 1612 813 1647 Spiritus
829 1619 911 1638 sanc-

137 1663 202 1695 tus;
232 1660 284 1688 sed
313 1667 389 1687 unus
419 1660 501 1686 Deus.
531 1669 544 1684 n
577 1658 709 1692 Cognitio
737 1660 834 1684 autem
863 1657 910 1684 Dei

137 1707 241 1742 plena,
259 1707 319 1733 vita
340 1707 470 1732 aeterna:
495 1706 562 1731 tunc
584 1704 690 1730 enim'¹
715 1703 910 1729 «videbimus

138 1761 206 1781 eum
221 1752 303 1779 sicuti
319 1754 370 1779 est.
388 1762 400 1776 υ
419 1750 475 1778 Sed
491 1750 629 1786 quaeritur
645 1758 651 1776 ε
668 1757 703 1776 ex
719 1749 802 1776 dictis
815 1750 909 1784 patet,

138 1799 220 1835 quod
244 1799 332 1826 Filius
355 1797 450 1825 oravit
473 1796 511 1823 ad
533 1798 648 1823 Patrem
670 1803 725 1830 pro
751 1803 804 1822 sua
826 1795 910 1822 clari-

138 1845 283 1872 ficatione.
297 1843 376 1871 Unde
396 1842 546 1878 quaeritur,
565 1849 603 1868 an
621 1841 676 1868 fuit
695 1841 750 1876 ipsi
770 1848 862 1868 orare.
880 1843 912 1868 Et

137 1891 254 1917 videtur
277 1890 360 1925 quod
382 1897 453 1922 non,
477 1888 547 1924 quia
570 1888 664 1915 oratio
688 1890 730 1915 est
755 1895 907 1915 ascensus:

140 1937 300 1964 intellectus
311 1935 410 1963 Christi
420 1943 479 1962 non
488 1935 581 1970 potuit
591 1934 748 1962 ascendere
760 1934 798 1961 ad
810 1935 909 1968 Deum,

140 1985 171 2009 ut
179 1983 219 2010 ait
229 1984 422 2010 Damascenus
435 1981 454 1997 ¹²
467 1989 473 2008 :
491 1981 542 2008 sed
557 1980 720 2008 intellectus
735 1980 834 2007 Christi
851 1988 911 2007 non

141 2029 234 2064 potuit
249 2028 406 2056 ascendere
421 2027 460 2054 ad
475 2029 581 2060 Deum,
597 2027 667 2062 quia
681 2026 735 2053 suit
749 2026 779 2053 in
794 2035 910 2053 summo

141 2075 280 2102 elevatus.
306 2075 375 2101 Item
395 2074 490 2101 omnis
509 2074 609 2109 petitio
633 2077 674 2100 est
696 2073 809 2100 ratione
833 2073 911 2100 indi-

141 2121 254 2155 gentiae,
265 2122 296 2147 ut
306 2120 416 2147 dictum
429 2122 487 2146 est:
499 2120 551 2146 sed
562 2119 645 2146 nulla
660 2119 724 2147 talis
740 2120 769 2146 in
781 2119 909 2147 Christo:

141 2174 222 2201 ergo,
237 2168 268 2193 ut
284 2166 376 2201 prius.
392 2167 461 2193 ltem
475 2165 641 2193 secundum
654 2167 864 2192 Damascenum
880 2166 910 2199 ¹³,

140 2212 367 2240 communicatio
396 2212 572 2239 idiomatum
604 2213 646 2238 est
672 2211 702 2238 in
727 2211 855 2245 Christo,
880 2213 911 2238 ut

141 2266 206 2293 quae
220 2260 287 2284 sunt
300 2257 354 2284 filii
364 2257 502 2291 hominis,
518 2257 604 2284 etiam
619 2258 652 2292 (b)
668 2256 862 2292 praedicentur
874 2256 910 2284 de

141 2312 175 2331 eo
194 2306 226 2331 ut
245 2303 298 2330 filii
320 2303 382 2336 Dei,
401 2306 428 2330 et
448 2311 463 2330 e
489 2303 644 2330 contrario.
665 2304 739 2337 Ergo
766 2302 789 2329 si
812 2302 911 2330 omnia

141 2353 207 2377 sunt
221 2349 273 2376 filii
289 2349 355 2382 Dei,
369 2351 396 2376 et
410 2349 509 2376 omnia
523 2349 576 2376 filii
593 2349 736 2384 hominis3
753 2351 780 2376 et
795 2349 836 2377 ita
850 2356 910 2376 non

176 2419 296 2447 ¹Ma1el1.‚
313 2424 346 2449 vi,
363 2420 384 2442 9.
397 2431 427 2435 —
442 2420 451 2434 2
466 2420 539 2449 Aug„
555 2418 597 2441 ubi
612 2426 668 2448 sup.
684 2425 757 2448 prox.
772 2432 798 2435 —
815 2419 825 2434 ³
838 2420 909 2449 Sup.,

144 2461 192 2485 xn,
206 2456 251 2484 233
271 2454 311 2478 vet
327 2459 371 2484 vn,
387 2455 430 2483 30;
447 2459 502 2483 viu,
518 2456 557 2483 20,
576 2454 715 2477 secuudum
735 2454 808 2477 aliam
825 2454 910 2478 lectio-

143 2497 213 2513 nem.
225 2502 252 2507 ·—
266 2490 275 2505 ὗ
293 2490 367 2519 Aug.¹
383 2489 426 2512 ubi
440 2495 507 2518 sup.,
522 2495 547 2511 n.
563 2490 585 2512 3.
604 2501 629 2505 ——
649 2490 659 2505 ⁵
671 2489 744 2519 Sap„
759 2495 807 2519 xm,
828 2491 866 2513 23,
879 2503 909 2507 -

144 2525 153 2537 ⁶
168 2527 240 2554 Aug„
261 2526 333 2552 tract,
350 2530 389 2552 CV,
404 2530 431 2547 n.
452 2526 471 2547 ¹.
488 2536 517 2540 —
534 2524 539 2536 '¹
559 2523 632 2553 ibid„
648 2530 673 2547 n.
689 2525 712 2547 2.
727 2536 758 2541 —
776 2524 784 2537 ⁸
801 2524 863 2547 ibid.
879 2538 909 2542 —

143 2560 152 2575 ⁹
172 2559 244 2587 thid„
268 2566 293 2583 n.
315 2562 337 2583 3.
363 2572 391 2576 -
417 2559 435 2573 ¹⁰
461 2558 524 2582 ibid.
548 2572 578 2576 —
603 2559 618 2574 ¹¹
645 2560 749 2587 ileon„
769 2564 812 2589 ιιι,
835 2561 858 2583 2.
881 2573 907 2577 -

147 2595 166 2610 ¹²
182 2595 286 2618 Damaso
299 2612 305 2622 ,
326 2594 424 2617 orthod.
443 2594 510 2624 Fid„
526 2594 569 2617 lib.
588 2595 628 2624 lit,
642 2601 663 2617 1·.
679 2599 748 2617 xxiv,
762 2607 791 2611 --
806 2594 824 2610 ¹³
838 2594 908 2623 thid„

144 2636 165 2652 c.
186 2635 225 2653 111.
242 2642 271 2647 -
289 2630 309 2645 ¹⁴
325 2629 389 2658 Luc„
411 2634 479 2659 xxii,
501 2630 538 2652 43.
557 2641 588 2646 —
610 2630 629 2645 ¹⁵
643 2630 718 2660 Aug„
733 2628 766 2652 ad
783 2628 910 2659 Probum„

1680 215 1738 243 475

970 278 1100 313 oportuit
1115 286 1214 312 orare,
1230 279 1316 306 etiam
1333 279 1363 305 in
1378 279 1521 314 quantum
1535 278 1636 306 homo.
1653 280 1684 306 Et
1701 280 1740 306 ad

971 323 1047 351 istud
1062 324 1303 359 respondendum
1318 326 1375 358 est,
1391 324 1474 359 quod
1487 324 1613 351 Christus
1628 325 1739 358 oravit,

969 369 1125 397 ostendens
1140 378 1169 397 se
1189 378 1249 397 esse
1266 378 1368 397 verum
1383 369 1549 403 hominem,
1565 371 1592 396 et
1604 370 1740 404 praebens

969 416 1141 450 exemplum
1155 415 1318 451 discipulis,
1329 417 1355 443 et
1368 416 1477 442 docens
1489 415 1613 442 modum
1623 416 1738 443 orandi.

968 461 1048 488 Unde
1073 462 1272 496 Augustinus:
1298 471 1311 486 «
1334 461 1461 489 Christus
1488 469 1678 496 processurus
1702 462 1740 488 ad

968 507 1116 543 praelium,
1132 510 1158 535 et
1173 509 1301 535 victurus
1316 508 1480 541 mundum,
1496 508 1527 534 in
1545 507 1658 534 mundo
1674 515 1740 535 ora-

968 553 1022 587 vit,
1037 561 1098 580 non
1114 555 1255 589 tanquam
1269 554 1381 580 virtutis
1403 554 1563 589 impotens,
1578 553 1630 580 sed
1645 555 1676 580 ut
1689 561 1740 580 no-

967 599 1028 632 bis,
1050 601 1170 634 propter
1189 600 1271 635 quod
1288 601 1424 633 venerat,
1445 599 1617 627 humilitatis
1635 599 1741 634 magis—

968 645 1072 672 terium
1095 645 1254 673 exhiheret.
1269 655 1282 671 ι)
1304 646 1366 672 tlaec
1381 645 1429 672 ille
1448 646 1474 672 ¹³.
1491 655 1504 671 «
1520 645 1662 673 prolixius
1676 653 1741 673 ora-

967 691 1018 723 vit,
1034 701 1047 716 n
1061 693 1115 718 etc.
1136 701 1149 716 «
1166 691 1217 718 Ubi
1232 692 1266 727 (c)
1282 691 1354 726 quid
1369 691 1450 718 aliud
1466 699 1556 726 quam
1570 691 1656 718 nobis
1670 699 1741 726 prae-

969 736 1060 764 bebat
1075 737 1260 772 exemplum,
1281 738 1311 764 in
1327 739 1458 772 tempore
1478 739 1612 772 precator
1631 745 1740 772 oppor-

970 785 1076 815 tunuS,
1101 791 1168 810 cum
1196 786 1278 819 patre
1305 783 1460 810 exauditor
1489 784 1614 810 aeternus
1628 784 1641 809 ἱ)
1665 793 1677 808 ι)
1702 783 1741 810 ait

966 829 1145 863 Augustinus
1170 830 1187 846 ¹⁵
1202 829 1279 856 illud
1301 836 1461 864 exponens.
1488 830 1518 855 Et
1539 836 1591 863 per
1615 829 1676 855 haec
1700 828 1739 856 ad

968 875 1101 909 objecta:
1118 875 1280 910 loquuntur
1296 874 1374 902 enim
1390 874 1426 901 de
1443 873 1575 901 oratione
1592 882 1664 909 pure
1679 875 1741 901 via-

966 921 1036 948 toris
1058 920 1174 956 proprie
1192 921 1241 955 (d).
1257 920 1383 948 Christus
1402 922 1500 947 autem
1523 920 1616 947 oravit
1631 928 1667 946 ex
1681 920 1739 946 dis-

966 968 1137 1003 pensatione
1159 970 1186 994 et
1209 967 1388 1000 humilitate,
1411 968 1443 993 ut
1464 966 1574 993 dictum
1598 968 1648 993 est.
1669 967 1740 993 Item

967 1014 1104 1049 quaeritur
1118 1013 1242 1049 qualiter
1257 1013 1312 1040 ait:
1331 1013 1457 1046 clarifica
1473 1014 1561 1046 filium
1574 1015 1657 1045 tuum,
1670 1013 1740 1047 quia

966 1067 1055 1095 supra
1073 1060 1113 1086 ait
1126 1060 1163 1086 Ἐς
1181 1068 1195 1083 «
1210 1059 1338 1086 Gloriam
1357 1066 1452 1086 meam
1466 1066 1527 1085 non
1546 1066 1656 1093 quaero.
1672 1068 1684 1082 n
1709 1060 1740 1085 Et

966 1105 1005 1132 ad
1026 1105 1104 1132 istud
1122 1104 1381 1140 respondendum,
1398 1104 1481 1139 quod
1500 1104 1541 1131 ibi
1556 1104 1687 1139 loquitur
1702 1104 1738 1131 de

965 1151 1060 1185 gloria
1074 1150 1219 1184 humana,
1235 1152 1263 1177 et
1276 1150 1314 1177 ab
1332 1150 1451 1177 homine
1461 1159 1468 1183 3
1489 1149 1536 1176 hic
1557 1149 1689 1184 loquitur
1703 1149 1739 1177 de

966 1197 1075 1231 gloria,
1092 1205 1157 1232 quae
1172 1199 1214 1223 est
1232 1204 1249 1223 a
1270 1197 1337 1222 Deo.
1362 1197 1430 1222 ltem
1452 1195 1591 1230 quaeritur
1607 1195 1644 1222 de
1663 1196 1738 1229 hoc,

967 1243 1049 1278 quod
1069 1242 1107 1269 ait
1122 1251 1127 1269 :
1153 1243 1257 1269 Dedisti
1272 1243 1297 1268 ei
1310 1244 1469 1276 potestatem
1484 1243 1568 1268 omnis
1587 1243 1698 1272 carnis,·
1712 1243 1740 1268 et

964 1291 1079 1324 postea:
1097 1290 1128 1315 [ἐ
1140 1289 1183 1315 det
1199 1288 1231 1323 (ε)
1248 1290 1285 1315 eis
1300 1290 1384 1314 vitam
1399 1290 1535 1314 oeternam.
1548 1288 1623 1322 Ergo
1636 1295 1739 1314 secun-

966 1334 1038 1361 dum
1060 1334 1116 1361 hoc
1139 1341 1240 1361 omnes
1262 1333 1463 1361 salvabuntur.
1480 1334 1512 1360 Et
1532 1333 1571 1360 ad
1590 1333 1667 1360 istud
1681 1341 1739 1360 res-

965 1380 1161 1415 pondendum
1177 1382 1233 1413 est,
1251 1379 1334 1415 quod
1349 1379 1469 1414 quando
1484 1379 1541 1406 ait:
1559 1379 1682 1412 Dedisti,
1696 1379 1739 1406 in-

965 1427 1158 1462 telligendum
1179 1429 1237 1461 est,
1260 1427 1342 1462 quod
1361 1427 1428 1454 licet
1443 1426 1557 1453 dederit
1572 1426 1597 1453 ei
1613 1428 1738 1461 potesta-

966 1475 1023 1499 tem
1041 1473 1136 1500 omnis
1157 1473 1268 1507 carnis,
1283 1476 1380 1500 tamen
1402 1475 1434 1499 ut
1448 1472 1597 1499 salventur
1612 1472 1693 1499 dedit
1712 1473 1738 1500 ei

964 1519 1193 1553 praedestinatos.
1211 1520 1304 1554 Supra
1314 1520 1352 1545 ¹⁷:
1372 1528 1384 1543 «
1400 1520 1463 1545 Haec
1483 1520 1524 1545 est
1535 1518 1669 1545 voluntas
1684 1520 1737 1546 Pa-

965 1565 1031 1597 tris,
1046 1567 1078 1592 ut
1094 1572 1180 1592 omne
1196 1564 1279 1600 quod
1292 1564 1374 1591 dedit
1387 1564 1475 1597 mihi,
1489 1572 1550 1591 non
1564 1564 1687 1599 perdam
1703 1572 1738 1591 ex

966 1619 1011 1638 eo.
1029 1621 1042 1636 »
1059 1612 1128 1638 ltem
1149 1611 1288 1646 quaeritur
1309 1611 1346 1638 de
1361 1611 1432 1643 hoc,
1455 1610 1536 1646 quod
1554 1610 1607 1637 ait:
1623 1612 1686 1637 Haec
1700 1614 1738 1637 est

964 1658 1023 1683 vita
1038 1659 1137 1683 aeterna
1153 1659 1183 1683 ut
1202 1660 1358 1690 cognoscant
1376 1660 1410 1683 te.
1424 1657 1494 1683 Cum
1517 1656 1662 1691 quantitas
1677 1664 1738 1683 me-

965 1702 1011 1728 riti
1039 1702 1205 1729 attendatur
1228 1702 1267 1729 ad
1290 1702 1481 1737 quantitatem
1504 1701 1669 1735 charitatis,
1695 1702 1737 1729 vi-

966 1748 1050 1775 detur
1069 1748 1153 1783 quod
1175 1748 1323 1775 debuisset
1344 1747 1472 1774 dixisse:
1494 1749 1560 1774 Vita
1580 1751 1680 1774 oeterna
1698 1750 1737 1774 est

964 1796 994 1820 ut
1010 1794 1141 1828 diligant,
1164 1794 1262 1829 potius
1285 1801 1393 1829 quam,
1414 1796 1443 1820 ut
1461 1796 1485 1820 te
1503 1794 1621 1820 videant.
1642 1795 1674 1820 Et
1697 1794 1735 1820 ad

964 1839 1039 1867 illud
1054 1840 1295 1875 respondendum
1309 1839 1472 1866 secundum
1488 1839 1681 1874 Augustinum
1697 1839 1733 1866 ¹2³:

969 1894 981 1911 κ
1001 1886 1061 1913 Vita
1077 1888 1182 1912 aeterna
1205 1888 1246 1913 est
1268 1885 1298 1912 in
1321 1885 1372 1913 illo.
1393 1885 1654 1920 contemplatione,
1676 1892 1736 1920 qua

965 1939 1026 1959 non
1040 1931 1079 1959 ad
1093 1939 1212 1966 poenam
1227 1931 1342 1958 videtur
1362 1933 1450 1965 Deus,
1473 1931 1524 1958 sed
1539 1930 1577 1957 ad
1593 1930 1735 1965 gaudium

965 1979 1185 2013 sempiternum.
1202 1989 1214 2002 »
1232 1979 1282 2006 Illa
1297 1986 1368 2013 ergo
1383 1978 1456 2005 visio
1473 1986 1532 2005 non
1547 1978 1676 2004 excludit
1691 1978 1733 2004 di-

964 2024 1134 2055 lectionem,
1157 2024 1204 2051 vel
1224 2024 1406 2058 fruitionem,
1432 2024 1484 2051 sed
1503 2023 1634 2050 includit.
1658 2024 1735 2050 Unde

965 2070 1076 2097 ibidem
1091 2071 1110 2087 ¹⁹
1121 2079 1145 2097 :a
1157 2070 1223 2097 Sola
1241 2072 1283 2097 est
1297 2078 1446 2097 summum
1461 2070 1576 2096 bonum
1590 2072 1732 2103 nostrum,

965 2116 1046 2150 cujus
1060 2116 1096 2151 (f)
1106 2116 1287 2151 adipiscendi
1301 2124 1388 2143 causa
1401 2116 1436 2150 (9)
1450 2115 1636 2151 praecipimur
1647 2122 1734 2149 agere

964 2162 1111 2197 quidquid
1131 2164 1207 2189 recte
1229 2162 1353 2196 agimus.
1370 2172 1383 2186 »
1402 2162 1433 2188 Et
1455 2161 1491 2188 de
1511 2161 1568 2188 hoc
1587 2161 1617 2187 in
1638 2161 1734 2188 Colla-

964 2208 1042 2235 tione
1058 2208 1087 2235 ²⁰.
1101 2209 1178 2235 Patet
1193 2215 1229 2234 ex
1244 2208 1329 2235 dixtis
1342 2207 1490 2234 humilitas
1506 2207 1567 2234 Filii
1582 2206 1646 2240 Dei,
1664 2206 1735 2241 quia

965 2254 1074 2287 oravit,
1088 2256 1115 2281 et
1130 2254 1159 2280 in
1175 2254 1288 2281 orando
1302 2253 1476 2288 exemplaris
1490 2252 1732 2286 doctrinabilitas‚

965 2300 1034 2335 quia
1053 2300 1082 2326 in
1103 2300 1216 2327 orando
1236 2299 1360 2334 praebuit
1379 2298 1545 2333 exemplum
1568 2298 1732 2333 discipulis,

963 2345 1126 2373 secundum
1141 2345 1349 2380 Augustinum,
1365 2352 1463 2380 supra.
1478 2346 1509 2371 Et
1524 2344 1560 2371 de
1574 2344 1631 2372 hoc
1645 2344 1734 2380 Chry-

964 2410 1036 2439 epist.
1054 2416 1123 2439 cxxi,
1139 2410 1259 2439 al.cv11¹‚
1274 2416 1296 2432 c.
1312 2415 1338 2437 x,
1352 2415 1377 2431 n.
1399 2410 1433 2432 19.
1450 2420 1479 2426 ·—
1498 2409 1517 2425 ¹⁶
1532 2410 1604 2439 Sup.‚
1622 2414 1678 2438 vm,
1694 2410 1732 2432 50.

963 2458 993 2463 —
1016 2445 1035 2461 ¹⁷
1057 2446 1129 2474 Sap„
1151 2451 1190 2474 Vl,
1212 2446 1249 2468 39.
1266 2457 1294 2460 —
1316 2443 1336 2460 ¹⁸
1351 2445 1466 2474 August„
1488 2444 1516 2467 de
1538 2444 1635 2472 Trinit„
1653 2443 1695 2467 lib.
1715 2444 1732 2472 l,

963 2487 986 2503 c.
1002 2486 1059 2509 xm,
1075 2487 1100 2503 n.
1121 2482 1159 2503 31.
1178 2493 1203 2496 —
1220 2479 1239 2495 ¹⁹
1257 2479 1318 2502 lbid.
1332 2492 1361 2496 —
1375 2480 1393 2493 ²⁰
1408 2479 1464 2503 Vid.
1480 2479 1570 2502 s‘ollat.
1587 2484 1664 2502 Lxxv.

997 2523 1031 2552 (a)
1048 2522 1107 2545 Coet.
1124 2521 1184 2544 edit.
1202 2522 1323 2551 proemill.
1344 2521 1470 2544 Nondum.
1486 2534 1517 2538 —
1540 2521 1572 2550 (b)
1591 2521 1689 2551 etjam.
1704 2533 1730 2537 —-

966 2558 994 2587 (c)
1004 2559 1063 2581 Uel,
1072 2557 1132 2580 edil.
1142 2558 1214 2581 l‘t.—
1225 2556 1257 2585 (d)
1265 2557 1379 2580 For-tasse
1387 2556 1514 2588 legendum
1523 2556 1607 2587 puri...
1620 2555 1729 2586 propria.

963 2607 992 2610 —
1009 2595 1038 2622 (c)
1057 2593 1117 2615 Coet.
1130 2592 1190 2615 edit.
1205 2592 1282 2616 dedit.
1293 2604 1324 2609 —
1339 2592 1372 2622 (f)
1390 2592 1449 2617 Coet.
1465 2592 1525 2616 edit.
1539 2593 1604 2615 deest
1619 2591 1732 2622 cujus.-

965 2630 997 2659 (q)
1010 2629 1070 2651 Item
1089 2634 1174 2651 causa.
