1987 3032
258 244 322 273 594
771 238 1040 271 COLLATIONES
1060 238 1272 270 PRAEDICABl
1281 238 1349 270 LES

257 310 284 336 et
306 307 510 342 laudabimus,
525 317 538 333 n
555 309 608 335 etc.
631 308 662 334 Et
685 313 746 333 non
768 306 864 333 solum
889 305 942 333 erit
963 305 1024 333 haec

256 353 343 381 beata
352 353 426 381 visio
437 353 475 381 ad
491 353 737 381 beatificationem
750 352 854 379 animae
866 359 901 379 ex
914 351 1025 378 visione

257 399 431 433 divinitatis3
447 399 499 426 sed
521 399 574 426 erit
588 398 662 425 visio
677 397 867 424 humanitatis
882 397 1027 432 glorifica·

256 447 292 473 toe
304 447 371 473 Jesu
386 445 497 473 Christi.
516 445 634 479 Propter
655 443 737 479 quod
757 444 796 470 ait
815 443 862 470 hic
878 451 884 469 :
902 444 1026 477 Ecquem

257 494 358 519 misisti
377 493 465 519 ‚lesum
486 492 644 518 Christum:
659 492 691 517 ut
712 489 784 516 visio
810 488 969 516 divinitatis
992 487 1027 514 sit

257 538 296 565 ad
308 537 518 565 beatitudinem
534 536 639 563 animae
655 535 879 569 contemplantis
900 534 972 561 facte
988 533 1027 560 ad

256 584 378 617 faciem;
395 583 448 610 ista
463 581 622 617 speculatio
636 602 644 616 ‚
665 581 725 608 sive
745 580 819 608 visio
838 579 1027 607 humanitatis

257 629 381 663 Christi,
404 628 443 656 ad
463 627 710 655 beatificationem
733 634 834 653 sensus
855 624 1026 658 exterioris,

257 678 289 703 ut
302 676 342 702 sic
357 674 524 709 ingrediens
539 676 565 701 ct
579 673 732 708 egrediens
749 680 860 708 pascua
876 671 1026 704 inveniat,

258 723 346 757 prout
366 721 473 748 dicitur
495 720 575 755 apud
598 718 823 753 Augustinum1.
843 727 855 743 «
880 720 910 745 ln
930 717 1027 752 ipsum

259 767 336 794 enim
350 766 360 782 ²
375 766 541 794 desiderant
564 765 661 800 angeli
690 764 868 800 prospicere.
887 774 900 789 »
923 766 1028 792 Lucer-

258 821 297 841 na
313 814 347 848 (α)
370 813 447 840 enim
469 814 479 829 ³
504 812 585 846 ejus,
604 811 635 838 id
655 813 711 845 est,
734 810 855 837 civitatis
877 817 1028 844 supcrnoe,

259 867 352 894 agnus
380 859 442 886 erit.
468 858 588 885 Multum
615 865 684 891 ergo
714 855 912 884 desideranda
931 855 1029 882 sutura

259 906 367 940 gloria,
384 913 449 940 quae
465 906 505 931 est
519 911 588 931 vera
604 904 730 936 cntitatc,
743 910 846 929 secura
856 901 1026 935 wterffitatc,

261 951 402 978 deliciosa
410 949 649 982 delectabilitate,
659 948 750 975 multa
766 947 984 974 numerositate.
997 948 1029 974 Et

259 997 352 1024 multa
365 997 412 1023 hic
427 994 597 1023 sustinenda
611 996 693 1027 sunt,
705 995 736 1020 ut
750 993 786 1020 de
801 993 855 1020 ista
870 993 945 1027 vita,
964 1000 1030 1028 quae

260 1045 302 1070 est
316 1051 414 1076 mors,
428 1044 460 1069 ut
474 1043 582 1069 tactum
596 1043 654 1072 est,
671 1039 880 1067 transferamur
894 1039 932 1066 ad
947 1039 1030 1066 illam

260 1090 373 1117 vitam:
396 1090 517 1124 propter
541 1087 623 1123 quod
647 1087 753 1114 dicitur
772 1085 782 1100 ⁴
805 1095 813 1112 .·
841 1095 855 1111 «
878 1087 941 1113 Non
965 1087 1031 1112 sunt

260 1136 414 1170 condignae
428 1134 578 1170 passiones
592 1133 679 1167 hujus
692 1132 832 1168 temporis
847 1132 885 1159 ad
900 1132 1030 1159 futuram

261 1182 396 1217 gloriam.
416 1193 428 1205 »

360 1283 474 1310 Collatia
493 1282 766 1316 septuaqesimaseaeta
777 1299 785 1313 ‚
801 1287 877 1313 xvxi,
893 1279 937 1306 14.

296 1367 364 1394 Dedi
386 1368 425 1394 eis
448 1373 588 1393 sermonem
612 1367 705 1395 tuum,
727 1366 751 1390 et
770 1362 886 1390 mundus
909 1369 950 1388 eos
970 1361 1032 1388 odio

260 1414 364 1440 habuit.
380 1413 469 1440 Filius
487 1411 536 1439 Dei
553 1413 691 1444 aeternus,
706 1410 770 1445 ipsa
784 1409 890 1436 veritas
901 1429 910 1442 ‚
927 1410 953 1435 ct
969 1407 1031 1442 ipse

261 1459 340 1487 solus
365 1458 504 1493 magister
519 1478 528 1492 ,
556 1457 607 1492 qui
632 1456 672 1483 ait
694 1463 784 1491 supra
801 1456 812 1472 ⁵
833 1464 838 1481 ε
866 1464 878 1479 «
898 1454 1033 1481 Doctrina

262 1513 328 1532 mea
342 1512 403 1532 non
418 1506 460 1531 est
472 1511 548 1530 mea.
563 1513 577 1528 >›
594 1502 680 1529 Filius
702 1501 750 1528 Dei
770 1503 894 1528 aeternus
906 1501 970 1535 ipsa
981 1506 1032 1526 ve-

262 1550 341 1584 ritas,
353 1558 443 1585 quam
462 1549 544 1576 dedit
561 1547 712 1582 discipulis
729 1546 800 1580 suis,
816 1546 924 1581 quibus
944 1545 1031 1571 etiam

263 1596 390 1624 ostendit
412 1595 516 1623 mundi
541 1594 753 1628 malignitatem
769 1614 778 1626 ,
801 1592 831 1618 in
860 1590 1032 1618 detestando

264 1650 314 1669 eos
332 1644 452 1677 propter
469 1640 607 1668 doctrinae
629 1639 789 1666 veritatem.
806 1637 886 1664 Unde
911 1637 965 1663 tria
988 1636 1032 1662 in-

263 1687 415 1714 sinuantur
434 1687 481 1714 hio
498 1695 504 1712 :
522 1693 650 1721 quorum
674 1684 804 1720 primum
831 1685 872 1710 est
896 1681 1033 1709 salvificae

265 1733 404 1760 doctrinae
423 1732 602 1765 sublimitas,
619 1731 660 1758 ibi
678 1740 684 1757 :
705 1731 855 1757 Sermonem
877 1731 970 1760 tuum3
987 1735 1033 1754 se-

264 1779 395 1806 cundum
417 1781 459 1806 est
477 1777 641 1805 collationis
662 1776 794 1811 ejusdem
810 1775 949 1802 doctrinae
964 1773 1034 1809 ipsis

265 1825 415 1861 discipulis
431 1824 585 1860 gratuitas,
604 1823 733 1857 1131:qu
757 1822 820 1848 (ledi
841 1823 895 1855 eis3
919 1820 1034 1847 tertium

265 1874 306 1899 est
325 1871 471 1898 malitiosa
491 1869 595 1897 mundi
614 1868 808 1905 perversitas,
820 1867 863 1894 ibi
879 1875 885 1893 ε
902 1867 937 1893 Et
958 1875 1035 1893 mun-

266 1918 316 1945 dus
329 1925 370 1945 eos
385 1918 446 1944 odio
461 1918 563 1944 habuit.

300 1963 345 1991 Ait
365 1971 435 1998 ergo
451 1964 622 1990 :Sermonem
645 1962 739 1994 tuum,
763 1959 794 1986 id
819 1961 874 1992 est,
895 1958 1036 1985 doctrinae

266 2010 372 2038 divinae
385 2010 547 2038 veritatem.
563 2009 639 2036 Infra
658 2007 765 2034 eodem
781 2015 787 2033 :
803 2006 891 2033 Sermo
907 2008 968 2032 tuus
988 2012 1036 2031 ve-

265 2058 334 2084 ritas
349 2059 397 2083 est.
413 2056 494 2083 Unde
514 2062 575 2082 non
589 2053 671 2081 dedit
685 2053 712 2080 ei
726 2060 893 2080 sermonem
908 2050 1036 2078 munda-

265 2110 356 2136 num,
375 2102 423 2130 vel
438 2102 620 2134 humanum,
644 2099 692 2127 vel
717 2098 956 2134 philosophicum
982 2104 1034 2124 va-

265 2156 355 2183 num;
367 2148 419 2176 sed
434 2155 601 2175 sermonem
613 2147 761 2180 divinum,
773 2147 861 2181 prout
875 2145 915 2172 ait
928 2144 1034 2172 Paulus

266 2194 297 2222 in
317 2202 445 2230 persona
465 2193 667 2229 apostolorum
689 2193 699 2208 ⁶
722 2201 728 2219 2
759 2191 966 2226 «Sapientiam
991 2189 1035 2217 lo-

268 2241 387 2276 quimur
409 2241 483 2268 inter
503 2240 657 2276 perfectos.
682 2238 859 2274 Sapientiam
883 2245 953 2264 vero
973 2243 1035 2264 non

269 2287 365 2314 saeculi
387 2287 491 2321 hujus,
506 2294 602 2321 neque
624 2284 806 2320 principum,
821 2294 834 2310 >³
853 2286 905 2311 etc.
929 2284 961 2310 Et
981 2282 1037 2309 ibi-

269 2333 338 2360 dem
355 2342 361 2360 :
379 2342 392 2358 «
408 2334 505 2368 Neque
529 2339 625 2359 sermo
644 2339 743 2364 meus,
757 2338 852 2365 neque
867 2328 1036 2364 praedicatio

269 2386 336 2405 mea
354 2378 385 2404 in
399 2377 643 2413 persuasibilibus
658 2376 794 2403 humanse
808 2374 957 2410 sapientiae
971 2381 1038 2401 ver-

268 2423 325 2451 bis.
346 2433 361 2450 »
382 2423 462 2450 Unde
484 2423 536 2450 iste
558 2430 655 2450 sermo
681 2424 723 2449 est
746 2421 859 2457 origine
881 2420 1036 2454 sublimis,

301 2484 309 2499 ¹
327 2483 361 2506 De
374 2483 464 2512 Spirit.
481 2483 503 2504 et
518 2482 611 2511 Arum„
634 2488 655 2505 e.
677 2487 718 2511 ix,
741 2481 807 2511 apud
832 2482 905 2511 Aug..
926 2479 1035 2511 append.

270 2520 331 2542 tom.
350 2518 436 2541 V1.—
460 2517 467 2530 ²
484 2518 502 2540 ll
525 2517 735 2546 Petr.,1‚12.—
753 2516 764 2532 ⁸
779 2518 863 2546 Alme„
880 2521 938 2544 xxx,
953 2516 991 2538 23.
1009 2527 1040 2532 —-

273 2553 372 2582 ⁴Rom.,
387 2557 446 2580 vlu,
465 2552 503 2575 18.
519 2564 547 2568 —
562 2551 572 2567 ⁵
587 2553 658 2581 Sup.,
675 2556 725 2580 vu,
744 2553 778 2574 16.
796 2563 824 2567 -—
839 2552 848 2564 fi
864 2551 869 2573 Ι
887 2551 999 2579 Cor.,1=,
1015 2550 1038 2577 6,

271 2588 294 2617 7,
318 2588 355 2610 13.
375 2599 406 2604 --
428 2586 436 2600 ⁷
459 2585 550 2614 Eccle„
574 2591 634 2614 vni,
654 2587 676 2608 li.
697 2599 727 2602 —
751 2586 759 2598 ⁸
778 2586 848 2615 Sup.,
873 2591 928 2615 xvi,
952 2586 989 2608 12.
1010 2596 1039 2600 —

270 2622 281 2638 ⁹
295 2623 366 2652 Sup.,
383 2627 424 2651 xv,
440 2621 462 2644 3.
479 2633 508 2637 —
525 2621 543 2636 ¹⁰
557 2620 610 2649 lob,
631 2626 685 2650 xv1,
703 2622 725 2643 5.
745 2621 908 2649 —-¹11’1·ou.,
930 2625 979 2646 κη,
1000 2620 1039 2642 25.

273 2669 298 2672 —
315 2657 336 2672 ¹¹
349 2655 404 2684 lob,
419 2661 453 2686 iv,
469 2658 492 2679 4.
504 2668 534 2672 -
551 2655 570 2671 ¹³
584 2655 657 2684 Sup.,
670 2660 728 2685 vui,
744 2656 783 2679 3¹.
799 2668 828 2672 -
843 2655 863 2671 ¹⁸
877 2655 980 2684 Jerenz„
995 2659 1040 2683 xx,

1084 305 1153 340 quia
1169 304 1304 339 divinus,
1318 307 1406 340 prout
1425 305 1464 333 ait
1481 305 1543 340 hic;
1566 307 1593 333 et
1615 307 1657 333 est
1673 306 1788 334 entitate
1802 313 1850 334 ve-

1082 358 1145 384 rus,
1161 350 1231 385 quia
1246 350 1307 385 ipse
1321 358 1418 378 sermo
1438 353 1480 378 est
1501 351 1621 385 veritas,
1643 354 1674 379 ut
1694 352 1734 379 ait
1753 351 1848 386 infra;

1083 397 1111 423 ct
1124 397 1166 423 est
1180 397 1320 431 potestate
1334 396 1481 424 virtuosus
1495 398 1504 414 ⁷
1520 407 1526 424 :
1545 407 1558 422 ιι
1573 398 1673 424 Sermo
1689 398 1768 425 enim
1787 398 1850 432 ejus

1083 443 1125 468 est
1145 443 1286 476 potestate
1310 442 1425 477 plenus.
1451 453 1464 468 n
1480 443 1567 477 Cujus
1588 443 1753 470 virtuositas
1773 445 1851 478 patet

1083 487 1282 522 multipliciter
1299 496 1305 514 :
1323 490 1364 514 est
1383 488 1461 515 enim
1475 488 1579 516 efficax
1594 489 1631 516 ad
1653 489 1818 516 sanandum
1833 497 1851 516 a

1084 533 1194 560 morbis
1215 535 1402 568 peccatorum
1419 534 1428 550 Β
1446 543 1452 561 :
1471 544 1485 559 (ι
1503 536 1600 569 Neque
1625 535 1732 569 herba,
1753 542 1850 571 neque

1082 579 1232 614 malagma
1256 580 1368 607 sanavit
1389 588 1450 614 eos,
1466 580 1518 607 sed
1545 581 1731 616 omnipotens
1754 588 1850 608 sermo

1083 627 1158 652 tuus.
1176 635 1188 650 η
1207 627 1277 652 ltem
1293 628 1334 652 est
1349 625 1451 653 efficax
1468 626 1506 653 ad
1525 627 1744 662 purificandum
1758 635 1776 654 a
1790 635 1852 654 sor-

1083 671 1171 698 dibus
1187 671 1339 704 vitiorum,
1355 680 1444 707 supra
1459 674 1469 689 ⁹
1485 681 1491 699 ε
1509 682 1521 697 u
1534 673 1633 700 Mundi
1651 673 1718 700 estis
1731 674 1852 708 propter

1083 724 1250 744 sermonem
1270 725 1378 744 meum.
1396 727 1407 742 n
1425 720 1495 745 ltem
1516 718 1619 745 efficax
1640 718 1678 745 ad
1698 718 1853 746 consolan-

1084 763 1156 790 dum
1171 771 1188 790 a
1202 763 1321 790 tristitiis
1337 763 1523 791 interioribus
1539 764 1674 791 cordium
1691 764 1710 780 ¹⁰
1727 773 1762 791 :a
1776 766 1852 792 Con-

1082 809 1194 836 solarer
1208 817 1261 836 vos
1279 809 1465 836 sermonibus
1485 810 1567 837 meis.
1583 820 1595 836 »
1615 812 1646 837 Et
1661 810 1679 827 ¹¹
1697 819 1704 837 z
1723 820 1737 836 u
1751 809 1854 837 Laetifl-

1083 855 1197 882 cabitur
1220 863 1355 882 sermone
1378 856 1469 883 bono.
1494 866 1506 881 »
1525 857 1595 883 ltem
1619 858 1660 883 est
1685 856 1790 884 efficax
1813 855 1853 883 ad

1084 901 1322 928 confirmandum
1336 902 1354 917 ¹²
1372 911 1398 928 :u
1413 901 1585 929 vacillantes
1604 902 1854 929 confirmaverunt

1084 955 1234 974 sermones
1250 947 1300 974 tui.
1318 958 1330 973 >³
1349 948 1397 974 Vel
1412 948 1495 974 aliter
1510 956 1606 975 sermo
1623 948 1671 975 Dei
1686 949 1728 974 est
1741 947 1852 974 virtuo-

1084 1000 1144 1026 sus,
1158 995 1185 1020 et
1199 992 1302 1020 efficax
1318 993 1357 1020 ad
1372 993 1613 1027 illuminandum,
1628 1001 1718 1029 supra
1734 993 1754 1010 ¹⁸
1770 1002 1778 1020 :
1797 1001 1812 1018 α
1826 992 1854 1020 Si

1085 1038 1248 1065 manseritis
1265 1039 1293 1065 in
1307 1046 1442 1066 sermone
1458 1047 1538 1073 meo,
1557 1039 1738 1074 cognoscetis
1751 1038 1855 1066 verita-

1086 1086 1152 1111 tem.
1171 1094 1183 1109 »
1206 1085 1275 1111 ltem
1297 1087 1338 1112 est
1362 1085 1465 1112 efticax
1489 1085 1527 1113 ad
1548 1084 1795 1112 inflammandum
1810 1082 1852 1110 ¹⁵:

1089 1131 1212 1157 «Factus
1225 1132 1267 1157 est
1283 1131 1313 1157 in
1323 1131 1412 1158 corde
1427 1139 1493 1158 meo
1510 1131 1594 1166 quasi
1604 1131 1679 1166 ignis
1693 1132 1828 1158 aestuans.
1838 1139 1852 1155 η

1086 1176 1155 1202 ltem
1170 1176 1272 1203 efficax
1288 1179 1329 1203 est
1348 1176 1387 1204 ad
1408 1177 1610 1212 arguendum,
1631 1178 1659 1204 et
1680 1176 1855 1212 convincen-

1087 1221 1159 1248 dum
1177 1223 1197 1239 ¹⁵
1212 1231 1243 1248 :a
1260 1222 1345 1249 Yivus
1358 1224 1400 1249 est
1414 1231 1509 1250 sermo
1526 1223 1590 1257 Dei,
1605 1225 1632 1250 et
1645 1221 1856 1257 penetrabilior

1087 1267 1167 1294 omni
1194 1267 1294 1301 gladio
1319 1268 1448 1304 ancipiti.
1468 1279 1480 1293 n
1501 1270 1533 1296 Et
1552 1276 1642 1304 supra
1658 1267 1677 1285 ¹⁶
1699 1277 1706 1295 :
1725 1268 1854 1295 «Sermo

1087 1320 1177 1347 quem
1200 1313 1314 1340 locutus
1336 1322 1417 1347 sum,
1440 1314 1586 1349 judicabit
1605 1322 1668 1341 vos.
1691 1324 1704 1338 »
1722 1314 1793 1341 ltem
1814 1314 1857 1340 est

1087 1358 1191 1385 efficax
1206 1358 1244 1385 ad
1261 1359 1478 1387 defendendum
1491 1368 1508 1387 a
1523 1359 1667 1395 supplicio
1688 1361 1796 1387 aeterno
1804 1378 1814 1392 ,
1829 1360 1857 1386 et

1088 1404 1336 1432 introducendum
1351 1405 1381 1432 in
1402 1413 1542 1440 regnum,
1558 1413 1647 1441 supra
1659 1404 1678 1421 ¹⁷
1695 1414 1701 1432 2
1720 1405 1775 1432 «Si
1791 1404 1857 1440 quis

1087 1458 1255 1477 sermonem
1271 1459 1371 1478 mcum
1394 1452 1570 1485 servaverit,
1591 1453 1718 1478 mortem
1739 1457 1802 1478 non
1815 1449 1857 1477 vi-

1088 1496 1170 1523 debit
1190 1496 1220 1523 in
1241 1499 1391 1524 aetornum.
1407 1507 1420 1522 »
1437 1499 1468 1524 Et
1488 1497 1575 1524 istum
1594 1504 1762 1526 sermonem
1776 1495 1858 1523 dedit

1088 1543 1233 1576 Christus,
1249 1543 1322 1569 sicut
1343 1543 1475 1578 Magister
1490 1551 1576 1570 verus
1598 1542 1749 1578 discipulis
1777 1541 1856 1575 suis,

1087 1596 1176 1623 supra
1192 1588 1212 1604 ¹⁸
1231 1596 1237 1614 :
1258 1598 1271 1613 «
1291 1589 1394 1615 Omnia
1417 1596 1482 1623 quae
1505 1588 1606 1615 audivi
1627 1596 1645 1615 a
1668 1589 1749 1615 Patre
1773 1594 1856 1620 meo,

1088 1635 1158 1660 nota
1172 1633 1226 1660 l'eci
1245 1634 1340 1660 vobis.
1356 1644 1369 1659 »
1391 1635 1411 1650 ¹⁹
1426 1644 1439 1659 «
1455 1634 1535 1661 Dabo
1553 1634 1639 1660 vobis
1653 1641 1686 1660 os
1704 1635 1731 1660 et
1745 1633 1858 1667 sapien-

1089 1679 1173 1713 tiam,
1187 1690 1199 1704 »
1214 1681 1267 1706 cte.
1278 1678 1298 1695 ΞΟ
1311 1689 1324 1704 α
1339 1679 1425 1712 Quod
1440 1680 1469 1706 in
1485 1687 1554 1707 aure
1570 1679 1688 1712 auditis,
1702 1678 1858 1714 praedicate

1089 1733 1176 1760 super
1199 1728 1282 1752 tecta.
1299 1735 1311 1751 »
1328 1727 1360 1752 Et
1383 1725 1496 1753 ibidem
1512 1735 1520 1752 z
1538 1735 1552 1751 «
1568 1727 1631 1753 Non
1651 1724 1718 1752 estis
1738 1723 1790 1760 qui
1811 1723 1857 1750 lo-

1090 1771 1229 1806 quimini,
1253 1771 1306 1798 scd
1327 1771 1463 1806 Spiritus,
1482 1782 1494 1795 n
1515 1773 1568 1798 etc.
1593 1773 1645 1799 lste
1666 1777 1762 1798 sermo
1779 1769 1820 1796 sic
1841 1776 1859 1796 a

1090 1818 1148 1844 Deo
1165 1817 1263 1850 datus,
1279 1818 1321 1843 est
1339 1817 1370 1844 in
1389 1824 1438 1844 ore
1460 1817 1565 1844 animae
1588 1815 1810 1852 suscipiendus,
1830 1815 1858 1842 et

1089 1863 1227 1890 dentibus
1245 1863 1428 1890 discretionis
1450 1863 1649 1890 masticandus
1661 1862 1682 1879 ²¹
1704 1871 1731 1889 2«
1748 1860 1859 1889 lnventi

1089 1911 1157 1936 sunt
1170 1917 1320 1936 sermones
1334 1909 1374 1936 tui
1386 1930 1394 1943 ,
1409 1910 1436 1936 et
1450 1909 1568 1936 comedi
1582 1908 1659 1936 illos.
1670 1918 1683 1934 n
1702 1910 1733 1936 ln
1746 1914 1858 1935 comes-

1090 1957 1168 1984 tione
1183 1959 1224 1984 est
1239 1956 1428 1984 comestibilis
1442 1956 1587 1991 susceptio
1600 1976 1610 1989 ,
1623 1954 1786 1982 masticatio
1794 1972 1804 1988 ,
1819 1952 1859 1980 ad

1090 2003 1225 2030 intimum
1246 2003 1443 2037 transmissio,
1463 2005 1490 2030 et
1506 2002 1638 2038 ejusdcm
1656 2001 1778 2029 retentio
1796 2010 1803 2028 :
1819 2000 1860 2028 sio

1091 2049 1179 2076 debet
1193 2057 1254 2076 esse
1270 2049 1300 2076 in
1315 2049 1498 2084 susceptione
1513 2048 1607 2076 divini
1619 2047 1773 2076 sermonis.
1787 2047 1859 2074 ltem

1091 2096 1133 2122 est
1147 2095 1177 2122 in
1191 2097 1291 2122 ventre
1302 2095 1452 2122 memoriae
1467 2095 1642 2129 servandus,
1654 2101 1744 2130 supra
1755 2091 1777 2110 ²²
1792 2090 1858 2120 :aSi

1091 2141 1255 2168 manseritis
1276 2141 1308 2168 in
1331 2149 1466 2168 sermone
1483 2148 1566 2176 meo,
1582 2140 1718 2176 discipuli
1732 2139 1791 2167 mei
1805 2137 1860 2166 eri·

1091 2187 1136 2213 tis.
1150 2197 1163 2213 »
1184 2189 1216 2214 Et
1235 2195 1323 2222 supra
1338 2187 1359 2203 ²³
1376 2196 1383 2214 ι
1404 2196 1416 2212 κ
1430 2187 1459 2214 Si
1474 2187 1540 2222 quis
1556 2186 1651 2222 diligit
1664 2194 1730 2221 me,
1745 2192 1859 2213 sermo-

1091 2241 1159 2260 nem
1182 2241 1282 2260 meum
1306 2233 1442 2260 servabit.
1459 2242 1472 2259 »
1492 2235 1561 2260 ltem
1583 2235 1625 2260 est
1645 2231 1785 2267 operibus
1805 2230 1860 2258 im-

1091 2278 1232 2314 plendus,
1248 2278 1381 2305 faciendo
1397 2286 1431 2305 ea
1447 2286 1511 2313 quae
1524 2278 1670 2314 praecipit,
1683 2279 1710 2305 et
1725 2275 1859 2305 cavendo

1092 2332 1127 2351 ea
1150 2332 1214 2359 quae
1238 2324 1407 2358 dissuadet,
1431 2332 1520 2359 supra
1535 2323 1555 2338 ²³
1581 2333 1618 2351 z«
1640 2324 1667 2352 Si
1692 2328 1859 2351 sermonem

1092 2378 1193 2397 meum
1216 2370 1419 2404 servaverint,
1443 2372 1471 2397 et
1494 2372 1623 2397 vestrum
1647 2369 1816 2397 servabunt.
1841 2377 1856 2395 n

1093 2418 1163 2443 ltem
1178 2418 1219 2443 est
1232 2416 1401 2443 induendus
1414 2437 1422 2450 ,
1443 2417 1503 2444 sive
1526 2415 1719 2444 assumendus
1739 2415 1769 2442 in
1789 2421 1861 2441 con-

1094 2499 1117 2521 9.
1132 2510 1163 2514 —
1178 2497 1196 2513 ¹⁵
1210 2496 1296 2524 Πρω,
1314 2503 1350 2526 1v,
1367 2499 1403 2521 12.
1418 2510 1449 2515 —
1467 2498 1486 2513 ¹⁸
1501 2499 1573 2528 Sup.,
1588 2503 1639 2528 xu,
1654 2498 1693 2521 48.
1708 2510 1738 2514 —
1751 2495 1772 2512 ¹⁷
1789 2496 1862 2526 Sup.,

1096 2538 1160 2561 viu,
1177 2534 1215 2555 52.
1232 2545 1262 2549 —
1281 2532 1301 2548 ¹⁸
1315 2534 1386 2563 Sup.,
1407 2539 1449 2563 xv,
1470 2534 1507 2556 15.
1527 2546 1558 2550 —
1576 2532 1595 2548 ¹⁹
1614 2533 1682 2560 Luc„
1699 2537 1757 2561 xm,
1776 2533 1813 2555 15.
1833 2543 1863 2548 —

1096 2567 1117 2584 ²⁰
1132 2568 1233 2598 Mami„
1248 2573 1278 2598 x,
1294 2569 1338 2597 27,
1354 2570 1392 2591 20.
1407 2581 1438 2586 —
1453 2568 1472 2584 ²¹
1486 2569 1586 2598 Mrem„
1602 2573 1644 2596 xv,
1661 2569 1699 2591 16.
1714 2579 1744 2585 —
1761 2566 1779 2580 ²²
1792 2565 1862 2596 Sup.,

1096 2607 1151 2632 vin,
1166 2604 1204 2626 31.
1220 2615 1251 2619 —
1266 2603 1284 2616 ²³
1299 2604 1371 2633 Sup.,
1386 2608 1439 2633 nv,
1455 2604 1492 2626 23.
1510 2615 1541 2620 —
1554 2603 1574 2619 ¹⁴
1589 2603 1662 2632 Sup.,
1677 2603 1699 2626 6,

1127 2652 1162 2682 (a)
1176 2652 1237 2676 coet.
1251 2650 1310 2675 edit.
1325 2652 1455 2675 Lucerum.

1979 1671 1987 1771 ,-—-.
1980 1538 1987 1661 ..n—e-
1984 1507 1987 1509 .

1956 1841 1987 2355 *aim-onm-
1976 1811 1987 1824 v.

1947 2505 1973 2722 *RQ
