1987 3032
72 1151 171 1170 Haereses

86 1180 154 1200 Mani-

85 1211 153 1231 cbaeo-

82 1247 130 1261 rum
137 1243 159 1261 et

67 1272 164 1292 Valenti-

81 1303 158 1322 niano-

91 1340 148 1353 rum.

92 1748 169 1766 Exoes·

65 1778 111 1797 siva
131 1778 170 1797 hu-

74 1808 156 1828 militas

69 1839 117 1858 Filii
128 1838 167 1859 Dei

72 2117 166 2140 Quaestio

62 2152 100 2166 cur
119 2152 166 2166 mn-

62 2177 96 2203 gis
112 2178 165 2197 Vei·-

62 2207 114 2228 bum
129 2214 165 2228 ca-

75 2244 99 2258 ro
108 2239 152 2258 sac-

86 2270 143 2294 tum,

80 2305 144 2324 quum

60 2328 97 2348 lux
107 2344 113 2355 ,
123 2331 164 2350 etc.

772 196 976 228 EXPOSITIO
999 196 1038 226 IN
1058 195 1143 226 CAP.
1167 195 1189 226 Ι.

188 274 269 300 rum,
285 266 338 301 qui
358 264 508 297 dicebant,
532 263 675 302 quoniam
695 263 850 298 phantasia
872 270 953 298 quae-

190 313 260 340 dam
275 314 302 339 et
315 312 393 339 fictio
410 310 526 337 fuerunt
540 310 640 337 omnia
655 318 720 345 quae
738 312 821 337 erant
835 310 954 345 dispen-

188 359 324 392 sationis,
339 357 370 384 id
385 358 442 389 est,
458 355 673 383 incarnationis.
694 365 707 382 »
726 358 757 383 Et
771 356 812 383 ibi
827 356 903 383 bene
919 355 955 383 de

188 405 254 432 hoc.
267 404 345 431 idem
360 402 535 436 Augustinus
552 403 559 419 ¹
578 411 584 429 :
604 412 617 427 «
632 404 730 437 Neque
752 402 792 429 sic
807 403 900 429 faetus
914 403 956 428 est

187 451 293 484 homo,
314 451 345 476 ut
358 448 493 484 perderet
511 448 594 483 quod
619 450 680 475 erat
696 450 778 475 Deus.
794 458 807 474 »
827 448 907 475 ldem
921 447 931 462 '²
947 458 954 474 :

191 507 204 522 ι(
218 498 318 523 Factus
333 497 375 522 est
385 494 468 530 qnod
482 502 542 521 non
556 496 633 528 erat,
649 502 710 521 non
726 494 860 521 amittens
873 494 956 529 quod

187 544 248 570 erat
266 551 272 569 :
289 541 408 568 accessit
420 541 511 568 homo
523 542 594 574 Deo,
606 543 637 568 ut
647 544 719 569 esset
730 541 821 568 homo
832 541 883 576 qui
896 542 956 568 erat

186 590 269 615 Deus.
284 598 297 613 n
314 589 345 614 Et
363 587 403 615 ibi
418 587 494 614 bene
507 587 544 613 de
560 587 628 614 hoc.
644 587 700 614 Sed
719 587 870 622 queeritnr3
889 594 955 613 cum

186 634 273 661 Filius
290 634 338 661 Dei
352 633 508 668 assumpsit
526 634 617 660 totam
642 633 866 666 humanitatem,
881 633 956 659 scili-

187 682 230 707 cet
243 680 372 707 animam
388 681 416 706 et
431 687 566 712 carnem,
583 687 673 714 quare
692 679 731 706 ait
744 689 751 705 :
771 680 882 706 Verbum
895 687 955 706 caro

186 728 289 759 factum
303 726 364 752 est?
386 727 419 752 Et
439 725 478 752 ad
500 725 577 752 istud
602 725 857 760 respondendum,
873 726 955 760 quod

186 772 254 799 licet
277 771 465 806 assumpserit
489 773 580 798 totam
604 771 831 805 humanitatem,
857 773 956 798 tamen

187 818 226 846 ait
242 827 248 844 :
268 819 380 844 Verbum
397 825 455 844 curo
474 818 576 849 fuctum
594 819 640 844 est.
665 817 831 844 Secundum
846 820 957 851 Augus-

186 864 280 891 tinum
289 864 309 897 ³,
326 872 339 888 (ι
352 863 509 898 collyrium
522 862 589 890 fecit
604 863 685 890 unde
699 863 776 890 oculi
794 863 885 890 nostri
900 866 956 890 ter-

187 913 333 947 gerentur.
346 920 359 936 »
378 912 410 937 Et
423 909 552 944 sequitur
566 918 573 936 ι
593 919 606 935 «
619 912 705 937 Terra
719 910 867 937 sauciatus
880 918 955 945 eras,

187 961 214 986 et
227 960 303 984 terra
317 964 395 983 nunc
405 955 536 990 mittitur,
552 958 583 982 ut
597 956 706 983 saneris
720 965 727 982 :
744 964 811 983 caro
824 959 850 984 te
866 965 956 983 excre-

187 1006 312 1037 caverat,
320 1011 388 1030 caro
403 1004 430 1029 te
439 1004 540 1029 sanat:
555 1003 667 1029 Verbum
684 1011 743 1029 caro
755 1005 857 1035 fuctum
873 1005 920 1035 est,
930 1005 957 1030 et

186 1050 255 1077 inde
269 1049 401 1076 medicus
414 1048 481 1075 fecit
495 1048 650 1083 collyrium
659 1070 668 1080 ,
677 1050 709 1075 ut
721 1048 790 1075 vitia
804 1049 898 1075 carnis
909 1057 957 1076 ex-

185 1096 366 1130 tingueret.»
389 1095 431 1122 Ob
456 1102 526 1128 ergo
549 1094 756 1121 medicamenti
782 1102 956 1130 correspon-

186 1141 303 1169 dentem
325 1140 547 1175 congruitatem,
564 1140 631 1167 ideo
649 1140 689 1167 sic
704 1141 757 1173 ait;
777 1141 824 1167 vel
846 1141 885 1167 ad
906 1141 955 1167 eii-

185 1187 378 1215 minationem
398 1186 514 1213 haeresis
539 1186 764 1214 Manichaeorum
784 1187 955 1221 negantium

187 1241 254 1261 eum
269 1233 459 1268 assumpsisse
473 1240 574 1260 veram
591 1240 726 1266 carnem,
741 1233 789 1260 vel
800 1233 839 1260 ad
849 1233 954 1260 elusio-

187 1287 255 1307 nem
262 1279 379 1306 haeresis
390 1278 661 1305 Valentinianorum
674 1279 847 1313 ponentium
858 1279 955 1313 ipsum

187 1333 286 1353 secum
311 1325 446 1352 detulisse
464 1333 568 1360 corpus
592 1325 722 1358 coeleste,
745 1333 800 1352 nec
824 1333 956 1360 assump-

187 1372 256 1399 sisse
271 1379 370 1398 veram
391 1379 509 1398 carnem
529 1379 564 1398 ex
580 1371 704 1405 Virgine.
728 1373 765 1399 De
790 1372 846 1399 1100
867 1372 956 1407 Chry-

186 1416 351 1446 sostomus²
368 1426 374 1444 ε
391 1427 404 1442 «
420 1417 504 1450 Quod
523 1417 591 1444 ideo
616 1418 726 1444 dictum
750 1419 791 1445 est
811 1428 817 1445 ε
841 1419 956 1445 Verbum

186 1473 247 1492 caro
262 1467 365 1497 fuctum
383 1468 432 1498 est,
449 1465 480 1490 ut
494 1472 555 1491 non.
567 1464 752 1498 phantasiam
768 1464 923 1492 existimes.
939 1475 951 1490 n

186 1511 236 1538 Vel
251 1511 317 1538 ideo
333 1510 390 1537 ait:
408 1511 523 1537 Verbum
541 1518 602 1536 caro
615 1511 716 1542 fuctum
732 1512 787 1543 est,
808 1511 845 1537 ad
859 1513 956 1538 osten-

184 1558 298 1585 sionem
312 1556 483 1584 humilitatis
498 1564 619 1583 summae
632 1556 661 1583 in
676 1564 729 1583 sua
743 1556 953 1585 incarnatione.

184 1603 279 1631 Verbo
304 1603 382 1630 enim
405 1602 478 1629 nihil
501 1602 673 1636 sublimius,
696 1602 769 1629 nihil
792 1604 954 1638 potentius,

185 1649 257 1676 nihil
271 1657 353 1685 aeque
373 1649 524 1683 durabile,
546 1648 616 1684 quia
635 1651 791 1683 aeternumg
814 1657 881 1676 caro
904 1658 955 1677 au-

184 1698 243 1723 tem
257 1695 374 1730 infima,
390 1695 553 1730 impotens,
566 1695 714 1728 mortalis,
730 1697 757 1722 et
771 1695 811 1722 sic
826 1696 862 1722 de
877 1696 951 1723 aliiS.

184 1742 227 1769 Ad
243 1742 459 1770 ostendendum
475 1749 546 1776 ergo
565 1741 745 1768 excessu-am
759 1741 954 1770 humilitatem

186 1788 248 1815 Filii
263 1789 311 1815 Dei
327 1788 357 1815 in
374 1796 427 1815 sua
448 1787 665 1821 incarnatione,
684 1787 723 1814 ait
743 1797 749 1814 :
772 1788 879 1814 Verbum
893 1797 953 1816 caro

184 1836 287 1867 factum
303 1837 350 1860 est.
362 1834 430 1861 Ideo
440 1833 469 1860 in
478 1833 622 1860 Psalmoin
633 1841 760 1868 persona
772 1834 817 1860 sui
827 1834 853 1860 5;
871 1837 952 1869 «Ego

184 1879 308 1913 vermis,
329 1882 356 1906 et
377 1887 439 1906 non
455 1879 581 1906 homo.»
604 1880 697 1915 Supra
718 1880 801 1915 quod
819 1881 952 1915 Augusti-

182 1933 239 1953 nus
253 1926 262 1941 ⁶
279 1935 285 1953 :
304 1935 319 1951 ιι
330 1926 458 1953 Verbum
472 1926 502 1953 in
514 1925 657 1961 principio
672 1925 831 1953 factumest
844 1928 952 1955 vermis

183 1974 211 1999 et
224 1972 287 2005 lac,
298 1974 329 1999 ut
341 1974 471 2007 sugeret,
487 1972 537 2007 qui
549 1972 727 2000 manducare
742 1981 802 2000 non
816 1976 922 2008 posset.
935 1985 947 2000 »

183 2018 334 2051 Quaeritur,
349 2026 439 2053 quare
454 2018 548 2053 magis
563 2018 601 2045 ait
617 2028 622 2045 :
643 2020 754 2046 Verbum
770 2028 829 2046 raro
848 2021 951 2053 fuctum

182 2068 238 2098 est,
254 2072 344 2100 quam
359 2066 416 2091 vita
431 2064 479 2091 vel
493 2066 554 2098 luat,
569 2073 604 2092 ex
616 2073 675 2100 quo
691 2065 726 2092 de
738 2067 867 2101 utrisque
879 2075 951 2102 prae-

181 2110 268 2138 misit.
285 2110 534 2146 Respondendum
554 2119 561 2137 :
588 2113 619 2138 ut
641 2111 851 2146 ostenderetur,
869 2114 950 2148 quod

181 2157 254 2184 sicut
268 2157 363 2184 Verbo
374 2158 469 2184 creata
480 2159 546 2184 sunt
556 2157 670 2191 omnia,
685 2158 723 2184 ita
735 2160 761 2184 et
771 2158 865 2186 Verbo
875 2159 950 2187 facta

181 2205 223 2230 est
249 2203 389 2230 recreatio
417 2203 627 2230 salvandorum
654 2205 681 2230 et
704 2205 895 2239 regeneratio.
918 2208 950 2233 Et

180 2256 241 2276 non
256 2249 353 2276 solum
368 2249 408 2276 sic
426 2250 538 2276 Verbum
550 2257 611 2276 curo
626 2251 729 2283 fuctum
745 2254 793 2283 est,
816 2251 849 2285 (a)
866 2254 891 2278 et
902 2252 949 2279 Ιια-

180 2296 278 2322 bitavit
302 2296 330 2321 in
353 2295 444 2330 nobis,
469 2297 627 2331 postquam
648 2298 732 2324 natus
757 2299 818 2324 est:
841 2297 871 2324 in
887 2305 946 2332 quo

179 2342 297 2368 notatur
313 2343 341 2368 et
354 2349 407 2368 sua
428 2341 593 2375 humilitas,
617 2343 645 2369 et
667 2351 719 2370 sua
733 2343 864 2378 bonitas,
880 2352 947 2372 eum

178 2387 256 2415 enim
270 2387 441 2414 hominibus
455 2390 642 2415 conversatus
655 2391 706 2416 est.
723 2389 772 2416 Vel
785 2398 790 2416 :
807 2391 948 2418 nabitavit

209 2448 218 2464 ¹
240 2448 314 2477 Aug„
335 2448 360 2470 in
380 2447 461 2476 Joan„
482 2449 512 2470 tr.
534 2453 596 2477 vm,
615 2455 640 2472 n.
661 2449 683 2471 3.
703 2461 733 2466 —
752 2449 760 2462 ²
781 2449 827 2479 td„
844 2451 874 2473 tr.
890 2457 946 2481 xxi,

178 2490 205 2507 n.
225 2491 243 2506 i.
260 2497 286 2500 —
306 2482 377 2512 ³111„
398 2485 427 2506 tr.
446 2489 479 2512 ιι,
495 2490 520 2506 11.
540 2484 576 2506 16.
593 2496 623 2501 —
639 2484 649 2500 ⁴
667 2484 805 2515 Chrysost.,
822 2486 846 2508 z'n
864 2487 945 2516 loun„

179 2520 209 2542 tr.
229 2524 259 2548 x,
275 2519 307 2542 al.
324 2524 365 2548 xi,
387 2526 413 2542 n.
431 2520 454 2542 2.
474 2532 500 2535 —-
521 2519 530 2535 ἴ·
547 2518 609 2542 Ρειιί.
632 2525 691 2549 xxi,
712 2521 734 2543 7.
753 2533 782 2537 —
802 2524 810 2533 0
825 2522 900 2552 Aug„
919 2523 945 2545 in

178 2554 257 2584 Joan„
273 2557 303 2578 tr.
320 2560 338 2585 ι,
353 2562 378 2578 n.
396 2557 435 2579 13.
448 2567 477 2572 -
492 2555 499 2568 ⁷
515 2555 657 2585 Chrysost.‚
670 2556 712 2579 nbi
725 2563 781 2587 sup.
795 2570 825 2574 —
839 2558 944 2588 ⁸Levit„

180 2594 254 2618 xxm,
271 2591 308 2613 Η.
323 2603 354 2607 -
367 2590 377 2606 ⁹
391 2589 484 2620 limosi„
500 2595 576 2620 xxix,
592 2591 629 2613 45.
649 2604 677 2608 —-
694 2592 712 2607 ¹⁰
727 2593 801 2622 Aug„
820 2593 845 2616 in
861 2593 943 2623 loun„

180 2625 211 2647 tr.
227 2629 291 2654 ii,n.
308 2626 346 2648 16.
359 2637 387 2642 -
400 2625 417 2641 ¹¹
432 2625 439 2647 l
456 2624 728 2654 Yi111.‚v1,16.—¹²1l
745 2627 813 2656 Cor.²
830 2633 867 2657 111,
880 2629 902 2652 7.
913 2640 942 2645 -

1722 196 1780 224 263

1011 264 1041 289 in
1054 262 1146 297 uobis,
1160 262 1252 289 faetus
1265 261 1356 288 homo
1376 261 1450 288 inter
1465 267 1529 287 nos.
1544 259 1625 286 Unde
1639 258 1780 295 Chrysos-

1011 310 1107 336 tomus
1122 309 1132 325 ⁷
1149 317 1155 335 :
1175 317 1188 333 «
1208 309 1327 343 Semper
1344 308 1401 334 1100
1420 307 1532 334 habitat
1546 306 1779 334 tabernaculum.

1011 356 1134 382 Carnem
1154 355 1232 382 enim
1254 356 1385 381 nostram
1413 352 1636 387 circuminduit,
1664 361 1726 380 non
1750 355 1782 380 ut

1011 409 1111 428 rursus
1127 409 1192 428 eam
1206 401 1372 433 relicturus,
1395 400 1447 427 sed
1466 401 1497 426 ut
1516 407 1631 434 semper
1645 406 1711 426 eam
1725 398 1780 426 ha-

1011 446 1134 473 biturus.
1159 457 1171 472 »
1205 447 1284 474 Unde
1310 446 1320 461 ⁵
1345 455 1352 473 ε
1383 455 1397 471 ι(
1420 448 1530 474 Ponam
1557 445 1781 472 tabernaculum

1011 500 1111 518 meum
1126 492 1156 518 in
1176 493 1275 519 medio
1296 492 1392 519 vestri.
1409 502 1421 518 »
1445 493 1476 519 Et
1498 493 1508 508 ⁹
1532 500 1538 518 :
1564 500 1577 516 «
1591 490 1735 518 Habitabo
1751 492 1781 517 in

1011 538 1111 564 medio
1126 538 1256 566 filiorum
1272 539 1368 566 lsrael.
1384 548 1398 564 >›

1047 585 1079 610 Et
1101 585 1231 620 sequitur
1251 585 1287 612 de
1309 584 1455 612 evidentia
1476 583 1634 618 majestatis
1654 582 1717 610 Filii
1732 583 1781 610 Dei

1011 630 1169 664 incarnati,
1185 631 1226 658 ibi
1243 641 1249 658 :
1274 633 1308 658 Et
1322 632 1439 658 vidimus
1455 631 1570 665 gloriam
1585 630 1651 664 ejus.
1667 631 1700 657 Et
1714 637 1782 657 con-

1011 677 1104 704 tinuat
1118 678 1296 712 Augustinus
1312 678 1351 705 sic
1367 678 1386 694 ¹⁰
1403 687 1428 704 η(
1444 677 1589 711 Quoniam
1603 677 1643 704 sic
1659 677 1738 704 venit
1750 679 1782 704 ut

1012 723 1048 750 de
1070 731 1156 750 carne
1178 726 1228 751 tua
1254 724 1324 751 vitia
1349 724 1444 751 carnis
1469 723 1664 758 extingueret,
1688 724 1716 749 et
1744 722 1781 750 de

1011 771 1106 796 morte
1120 772 1246 797 mortem
1262 770 1422 803 occideret3
1446 769 1513 796 ideo
1530 770 1561 804 (b)
1584 770 1701 795 vidimus
1725 770 1781 803 ylo-

1011 817 1082 842 riam
1111 817 1175 849 ejus.
1202 825 1215 841 »
1247 817 1278 843 Et
1306 816 1391 850 quasi
1417 815 1605 843 consimiliter
1633 815 1782 842 continuat

1011 863 1234 898 Chrysostomus
1249 862 1359 895 dicens,
1375 862 1457 897 quod
1469 869 1522 897 per
1532 861 1703 888 consocium
1719 869 1782 888 001·-

1012 917 1067 944 pus
1082 909 1159 943 ejus,
1174 909 1204 936 id
1221 910 1276 942 est,
1294 908 1445 935 consimile
1460 915 1567 943 corpus
1583 908 1660 934 visus
1676 909 1717 934 est
1728 915 1782 934 no—

1010 955 1071 989 bis,
1088 959 1112 982 et
1131 956 1266 981 habitavit
1282 957 1310 981 iu
1328 955 1417 988 nobis,
1432 955 1463 981 ut
1478 955 1506 980 et
1519 953 1603 988 loqui
1618 956 1645 981 et
1660 961 1782 980 conver-

1012 1002 1069 1029 sari
1083 1009 1236 1037 possemus
1259 1009 1326 1028 cum
1341 1009 1386 1028 eo.
1411 1002 1443 1027 Et
1465 1008 1499 1027 ex
1519 1000 1576 1027 hoc
1594 1000 1712 1027 vidimus
1727 1001 1783 1034 qlo-

1011 1050 1081 1075 rz'am
1104 1048 1176 1082 ejus,
1200 1055 1266 1083 quae
1290 1047 1372 1074 aliter
1399 1054 1461 1074 non
1486 1048 1584 1081 posset
1608 1046 1718 1080 videri,
1747 1054 1782 1073 eo

1012 1095 1094 1130 quod
1119 1095 1135 1110 ¹¹
1165 1094 1305 1120 «habitat
1330 1093 1426 1120 lucem
1450 1092 1692 1119 inaccessibilem.
1715 1102 1727 1117 n
1755 1092 1783 1119 Si

1012 1141 1089 1167 enim
1105 1139 1125 1156 ¹²
1143 1140 1196 1167 filii
1219 1139 1307 1167 lsrael
1327 1147 1388 1166 non
1402 1140 1561 1174 potuerunt
1582 1138 1733 1165 intendere
1752 1139 1783 1165 in

1011 1186 1115 1213 faciem
1139 1186 1230 1221 Moysi
1251 1188 1373 1221 propter
1399 1185 1522 1219 gloriam
1545 1184 1643 1211 vultus
1663 1184 1741 1218 ejus,
1766 1195 1780 1210 »

1011 1232 1104 1259 multo
1120 1232 1216 1259 minus
1236 1233 1356 1267 possent
1374 1231 1509 1258 homines
1529 1230 1636 1257 vidisse
1657 1230 1783 1265 gloriam

1011 1279 1074 1306 Filii
1090 1280 1154 1313 Dei,
1177 1279 1232 1306 nisi
1251 1279 1351 1306 fuisset
1374 1278 1552 1305 obumbrata
1572 1278 1651 1304 nube
1675 1277 1780 1305 carnis.

1011 1325 1090 1352 Unde
1108 1326 1145 1352 ¹²³:
1162 1335 1175 1351 «
1190 1325 1287 1352 Solem
1310 1325 1389 1352 nube
1413 1327 1528 1359 tegam3
1545 1334 1558 1349 »
1584 1323 1665 1359 quod
1690 1331 1781 1359 expo-

1011 1371 1053 1398 nit
1066 1371 1242 1406 Augustinus
1259 1371 1278 1387 ¹⁴²
1299 1371 1335 1398 de
1364 1371 1434 1398 Filio
1460 1371 1509 1397 Dei
1532 1371 1694 1397 incarnato.
1720 1371 1783 1398 Fuit

1011 1418 1089 1444 enim
1113 1418 1174 1445 visa
1198 1418 1292 1452 gloria
1315 1425 1367 1444 sua
1389 1417 1528 1459 operibus
1551 1417 1733 1444 miraculosis
1755 1418 1783 1445 et

1011 1464 1194 1491 documentis
1210 1464 1358 1498 gratiosis,
1374 1465 1405 1490 ut
1421 1471 1495 1498 saepe
1511 1465 1589 1498 patet
1603 1463 1639 1490 de
1655 1465 1783 1498 Evange-

1010 1510 1065 1537 liis.
1082 1511 1101 1530 15
1117 1510 1327 1538 «Manisestavit
1337 1510 1461 1544 gloriam
1473 1517 1566 1536 suam.
1580 1518 1593 1535 >³
1608 1511 1639 1536 Et
1652 1509 1673 1525 ¹⁶
1685 1510 1782 1537 :«Haec

1009 1556 1163 1584 infirmitas
1183 1565 1244 1584 non
1264 1559 1306 1584 est
1325 1557 1363 1583 ad
1385 1558 1528 1590 mortem,
1550 1555 1603 1582 sed
1617 1563 1671 1590 pro
1687 1555 1783 1590 gloria

1010 1604 1076 1635 Dei,
1094 1614 1107 1629 »
1125 1605 1178 1630 eto.
1196 1605 1265 1630 Item
1283 1602 1336 1630 suit
1355 1602 1418 1629 visa
1439 1602 1532 1636 gloria
1554 1602 1615 1637 ejus
1638 1602 1670 1628 in
1684 1602 1782 1637 splen-

1010 1649 1081 1677 dore
1096 1649 1377 1684 transfigurationis,
1393 1648 1429 1675 de
1443 1656 1502 1684 qua
1517 1648 1612 1683 gloria
1627 1649 1645 1668 1⁷
1663 1657 1689 1675 :«
1703 1648 1782 1676 Acci-

1008 1696 1092 1731 piens
1112 1704 1129 1723 a
1147 1697 1204 1723 Deo
1225 1697 1305 1722 Patre
1321 1696 1467 1722 honorem
1482 1696 1508 1722 et
1523 1695 1658 1729 gloriam.
1678 1705 1692 1721 »
1710 1696 1781 1722 Item

1008 1742 1062 1768 fuit
1075 1737 1138 1769 visa
1157 1742 1251 1776 gloria
1265 1750 1319 1768 sua
1337 1742 1367 1768 in
1391 1741 1521 1776 trophaeo
1542 1741 1779 1776 resurrectionis,

1009 1790 1036 1816 et
1050 1788 1079 1814 in
1095 1790 1234 1823 potestate
1248 1787 1425 1815 ascensionis
1437 1788 1456 1804 ¹⁸
1471 1796 1499 1814 :«
1509 1789 1610 1814 Nonne
1624 1788 1780 1823 oportebat

1008 1835 1152 1862 Christum
1171 1834 1244 1869 pati,
1262 1836 1289 1861 et
1312 1834 1352 1860 sic
1376 1833 1481 1861 intrare
1502 1834 1532 1860 in
1555 1834 1702 1868 gloriam?
1717 1844 1730 1860 »
1752 1836 1780 1862 et

1008 1881 1149 1916 quoniam
1163 1888 1216 1907 sua
1231 1880 1326 1914 gloria
1338 1880 1391 1906 fuit
1403 1880 1599 1914 excellentior,
1610 1888 1700 1915 quam
1711 1889 1780 1916 pro-

1006 1927 1176 1962 phetarum,
1192 1934 1320 1962 quorum
1336 1926 1430 1961 gloria
1444 1927 1580 1961 apparuit
1591 1927 1777 1962 hominibus,

1006 1975 1037 2000 ut
1059 1973 1149 2008 Moysi
1167 1975 1194 2000 et
1210 1973 1285 2007 Elice,
1306 1974 1336 2000 ut
1358 1973 1396 2000 ait
1414 1973 1637 2007 Chrysostomus
1653 1973 1687 2008 ¹⁹5
1708 1973 1776 2002 ideo

1006 2019 1064 2046 ait:
1083 2020 1201 2046 Gloriam
1219 2021 1299 2053 quasi
1313 2021 1457 2053 unigeniti.
1475 2019 1530 2046 Sed
1546 2021 1614 2046 tunc
1628 2019 1776 2054 objicitur,

1006 2065 1088 2101 quod
1103 2065 1180 2092 male
1196 2065 1235 2092 ait
1250 2067 1341 2099 quasi,
1362 2065 1431 2100 quia
1450 2065 1566 2092 videtur
1584 2065 1680 2092 dicere
1695 2066 1775 2093 simi-

1004 2111 1176 2145 litudinem,
1191 2120 1249 2139 non
1263 2111 1423 2138 veritatem.
1440 2112 1472 2137 Et
1491 2111 1529 2138 ad
1548 2111 1604 2139 hoc
1618 2112 1776 2147 respondet

1005 2159 1227 2194 Chrysostomus
1248 2167 1254 2184 :
1274 2167 1287 2183 «
1304 2159 1400 2191 Quasi,
1424 2157 1520 2192 inquit
1532 2156 1565 2191 ²⁰,
1588 2158 1635 2184 hic
1658 2166 1718 2185 non
1734 2160 1776 2186 est

1004 2205 1212 2239 similitudinis,
1222 2213 1317 2240 neque
1325 2204 1562 2240 comparationis,
1576 2204 1629 2231 sed
1637 2205 1775 2233 certifica-

1004 2252 1089 2279 tionis
1115 2253 1142 2279 et
1165 2251 1370 2279 indubitabilis
1398 2251 1662 2286 determinationis3
1687 2259 1721 2280 ac
1750 2252 1774 2279 si

1004 2299 1113 2326 diceret
1128 2307 1134 2325 ε
1154 2298 1280 2325 Vidimus
1295 2299 1409 2331 glorium
1425 2297 1496 2331 eJ'us,
1516 2297 1634 2332 qualem
1650 2297 1774 2326 decebat

1003 2347 1031 2372 et
1045 2345 1222 2373 conveniens
1238 2347 1279 2371 est
1292 2344 1401 2371 habere
1416 2343 1598 2378 unigenitum
1614 2346 1641 2372 et
1655 2347 1773 2373 natura-

1002 2391 1061 2419 lem
1083 2391 1178 2418 filium
1203 2391 1250 2418 Dei
1273 2391 1357 2425 Regis
1380 2391 1551 2418 omnium.»
1577 2392 1640 2418 Haec
1657 2391 1715 2419 ille.
1731 2391 1772 2420 si-

1002 2446 1023 2463 13
1034 2447 1130 2474 lizecli.¹
1145 2451 1228 2476 xxxii,
1245 2448 1268 2469 7.
1282 2458 1311 2463 —
1328 2445 1347 2461 ¹'¹
1362 2446 1435 2477 Aug.¹
1452 2447 1477 2469 in
1491 2447 1571 2477 Jomz„
1587 2446 1656 2470 hom.
1670 2452 1768 2477 xxxni3

1002 2483 1025 2505 z'n
1042 2482 1108 2505 Psal.
1130 2487 1262 2509 Lxxxvui,
1280 2488 1307 2504 11.
1321 2482 1344 2504 7.
1362 2493 1391 2498 —-
1411 2481 1430 2496 ¹⁵
1450 2481 1507 2511 inf.,
1526 2488 1559 2512 11,
1578 2483 1615 2506 11.
1631 2495 1661 2500 —
1678 2482 1769 2512 11Ἰι1ἰ.,

1001 2524 1041 2546 xn.
1062 2519 1084 2541 4.
1104 2530 1132 2535 —
1154 2518 1170 2533 ¹³
1191 2518 1207 2540 ΙΙ
1230 2517 1306 2547 Pela,
1327 2523 1349 2547 1,
1372 2518 1407 2541 17.
1424 2530 1452 2534 ——
1471 2517 1492 2534 ¹⁸
1511 2518 1578 2547 Luc„
1598 2524 1669 2549 xxm,
1686 2520 1724 2542 26.
1741 2531 1767 2535 -

1000 2554 1019 2569 ¹¹*
1041 2553 1180 2583 Chrysost„
1206 2553 1231 2576 in
1255 2553 1334 2580 loun,
1359 2552 1429 2577 hom.
1454 2559 1495 2584 xi,
1520 2553 1551 2577 al.
1575 2559 1626 2583 xil,
1649 2561 1676 2578 n.
1699 2556 1720 2578 1.
1739 2566 1769 2572 —

1000 2589 1019 2604 ²⁰
1034 2588 1106 2617 ibid„
1122 2588 1196 2618 paulo
1211 2590 1276 2618 post.

1034 2630 1068 2658 (a)
1082 2628 1168 2659 Suppl.
1185 2628 1238 2652 sed.
1253 2641 1277 2645 —-
1293 2628 1324 2659 (b)
1343 2628 1401 2653 Coet.
1417 2628 1478 2652 edet.
1494 2630 1587 2653 tamen.
