1987 3032
214 210 271 239 482

215 274 296 310 quod
311 275 367 302 hoc
382 273 420 301 ait
435 274 553 309 propter
567 271 707 299 unitatem
721 276 869 305 personae‚
885 268 914 294 in
925 276 984 303 qua

214 324 242 349 et
257 324 330 350 Deus
343 321 434 348 homo
450 322 505 353 est,
522 321 549 345 ct
563 318 653 345 liomo
667 318 755 349 Deus3
768 315 841 342 sicut
855 322 943 349 supra
956 314 963 330 ¹
977 324 983 341 z

218 380 231 395 «
245 371 336 397 Nemo
351 367 482 395 ascendit
497 366 526 393 in
547 364 668 397 caelum,
690 362 744 390 nisi
765 362 842 389 filius
856 361 984 388 hominis

214 416 266 451 qui
281 417 323 444 est
333 415 361 442 in
375 413 457 441 coelo.
476 424 489 438 »
505 414 536 439 Et
551 413 627 446 patet
642 410 688 437 hic
703 408 853 443 dignativa
867 407 985 435 bouitas

215 462 279 495 Dei,
294 464 321 488 et
343 459 491 488 excessiva
505 457 630 485 charitas
655 455 716 483 Filii
738 455 800 488 Dei,
820 456 847 481 et
869 453 985 480 vivifica

213 508 332 542 largitas
349 506 412 539 Dei,
426 507 454 532 et
468 504 584 531 urbana
596 501 743 530 curialitas
758 500 818 527 Filii
831 500 890 533 Dei,
902 499 985 535 quod

214 554 276 581 vult
290 555 321 580 ut
335 551 472 580 credituri
486 551 515 577 in
532 557 599 577 eum
612 548 668 575 sint
684 555 751 575 cum
763 547 828 582 ipso
839 546 869 573 in
880 545 984 580 gloria.

213 601 306 634 Supra
320 599 330 614 ²
346 607 352 625 :
373 608 385 623 «
398 597 451 624 Ubi
475 604 529 631 ego
545 603 627 629 sum,
650 595 690 621 ibi
715 596 742 621 et
758 592 888 620 minister
902 599 985 618 meus

213 646 276 673 erit.
292 655 305 670 »
320 646 350 672 Et
365 644 405 671 ibi
421 643 457 670 de
471 643 537 670 hoc.
550 641 629 668 Unde
645 640 822 675 Augustinus
837 640 847 655 ³
865 647 871 665 ε
891 638 985 665 «Cum

212 692 264 719 illo
279 699 356 724 esse,
367 698 510 725 magnum
525 689 638 715 bonum
651 689 701 714 est.
718 696 730 711 »
750 686 781 712 Ut
796 686 824 712 et
837 684 986 718 signanter

213 738 271 766 ait:
293 739 325 764 Ut
340 739 395 763 sinc
411 744 524 768 mertuum
548 742 615 761 euin
635 732 714 759 enim
733 732 795 767 ipse
816 731 852 766 (α)
868 730 904 756 sit
919 730 985 756 ubi-

214 794 271 821 que
288 794 294 812 :
312 795 325 811 «
333 784 480 820 Sapientia
491 782 569 810 enim
580 782 589 798 ι
606 781 653 808 Dei
665 779 777 813 attingit
792 779 880 806 atine
893 785 986 813 usque

213 832 244 859 in
268 832 358 859 finem
381 841 386 856 :
407 841 419 855 ι)
444 829 541 856 miseri
566 836 626 855 non
651 828 681 862 (li)
705 827 829 861 possunt
854 832 916 851 esse
936 823 987 850 ubi

213 878 262 906 ille
289 880 344 911 est,
371 876 513 912 quoniam
536 875 718 908 ubicumque
743 871 865 904 suerint,
892 872 919 897 et
939 869 987 896 ille

214 926 256 952 est
270 925 301 951 ⁵:
328 933 341 948 «
359 922 470 950 Coelum
497 923 524 948 et
549 923 656 947 terram
677 927 732 953 ego
756 918 883 952 imple0;
900 926 912 942 >›
935 915 988 942 sed

214 970 292 998 beati
313 969 367 997 soli
391 970 458 995 sunt
476 976 544 995 eum
566 966 633 1000 illo,
651 965 721 1001 quia
742 964 819 992 beati
841 970 903 990 esse
927 970 987 989 non

214 1018 386 1052 potueruut,
402 1014 456 1042 nisi
478 1014 514 1041 de
538 1013 570 1048 (c)
592 1012 659 1045 illo,
681 1013 770 1047 prout
793 1010 832 1037 ait
853 1008 986 1043 Angusti-

215 1071 270 1090 nus
284 1062 303 1089 ⁶.
320 1061 389 1089 ldeo
405 1061 443 1088 ait
464 1059 571 1087 latroni
591 1059 600 1075 ¹
619 1068 624 1085 z
649 1069 661 1082 n
687 1057 777 1084 Hodie
800 1063 916 1083 mecum
932 1054 987 1081 eris

214 1109 244 1136 in
259 1108 407 1144 paradiso.
426 1117 439 1133 ι)
457 1107 535 1140 Sint,
554 1105 692 1140 inquam,
708 1111 817 1135 mecum,
834 1105 863 1128 ut
878 1102 987 1128 videant

215 1157 366 1182 claritatem
376 1162 469 1181 meam.
485 1152 604 1179 Videant
614 1172 622 1185 ,
637 1151 759 1185 inquam
768 1171 774 1182 .
787 1156 845 1176 non
857 1147 986 1175 eredunt.

219 1212 232 1226 «
246 1201 325 1229 Fidei
338 1201 416 1227 enim
432 1207 542 1226 merces
558 1200 599 1225 est
616 1198 669 1224 ista
684 1196 776 1228 visio,
792 1202 852 1222 non
868 1194 958 1227 fides,
974 1204 985 1218 ι)

216 1248 256 1275 ait
269 1247 447 1282 Augustinus
461 1248 480 1272 ⁸.
509 1247 568 1272 «Et
586 1245 647 1271 hoec
667 1245 709 1270 est
732 1243 791 1269 vita
814 1244 936 1273 aeterna,
958 1242 989 1266 ut

215 1294 335 1321 videant
349 1293 387 1328 (d)
404 1295 445 1325 te,
460 1303 473 1317 »ι
492 1294 557 1325 etc„
573 1298 660 1325 supra
677 1289 812 1324 proximo
824 1289 843 1315 ⁹.
857 1290 888 1315 Et
900 1287 940 1314 ibi
953 1286 989 1313 de

215 1340 281 1367 hoc.
300 1341 322 1357 ¹⁰
339 1350 351 1365 ι(
370 1341 442 1367 Cum
458 1337 639 1373 apparuerit,
655 1336 765 1362 similes
784 1335 809 1361 ei
826 1334 947 1366 erimus,
963 1335 990 1360 et

215 1387 384 1414 videbimus
399 1394 466 1413 eum
487 1385 569 1412 sicuti
590 1386 640 1410 est.
661 1393 674 1409 »
700 1383 785 1414 Quam
802 1381 902 1408 dedisti
923 1380 990 1406 mihi

217 1436 278 1460 ante
292 1433 388 1459 mundi
402 1433 632 1464 constitutionem,
648 1429 680 1456 id
703 1430 760 1461 est,
780 1425 990 1463 praedestinasti

218 1479 280 1507 dari
300 1479 372 1506 mihi
397 1478 509 1506 homini
531 1479 598 1512 post
620 1475 798 1511 passionem.
831 1472 911 1501 Unde
936 1476 990 1500 Au-

217 1526 348 1561 gustinus
364 1525 383 1542 '¹
400 1534 406 1551 :
425 1534 439 1550 «
453 1526 531 1551 Tunc
542 1521 772 1558 praedestinavit‚
789 1519 871 1555 quod
888 1519 917 1546 in
932 1518 990 1545 tine

217 1573 322 1600 mundi
337 1572 465 1599 facturus
481 1571 551 1597 erat.
565 1580 577 1595 »
593 1571 623 1596 Et
638 1569 737 1596 Glossa
754 1576 760 1594 :
785 1567 892 1593 Dedisti
906 1566 990 1599 mihi,

217 1618 331 1647 homini
351 1620 418 1654 post
440 1625 556 1644 crucem
571 1615 588 1632 ¹²
607 1626 612 1642 z
632 1625 645 1640 «
665 1613 835 1642 Humiliavit
856 1612 990 1648 semetip-

219 1674 293 1692 sum.
311 1676 323 1689 n
342 1666 374 1692 Et
387 1664 536 1699 sequitur:
557 1672 570 1687 α
587 1661 668 1688 Dedit
678 1661 704 1687 ei
721 1667 841 1690 nomeu,
853 1659 936 1694 quod
951 1660 993 1685 est

219 1719 307 1747 super
321 1718 408 1739 omne
424 1717 542 1737 nomen.
559 1720 570 1734 »ι
597 1708 668 1734 Vide
684 1707 766 1742 quod
785 1705 993 1733 convenienter

219 1760 315 1795 petat:
331 1758 392 1793 ipse
408 1758 487 1784 enim
502 1757 522 1773 ¹³
541 1766 553 1781 κ
569 1755 712 1783 inhabitat
726 1754 823 1781 lucem
838 1752 992 1780 inaccessi-

219 1805 320 1832 bilem.
337 1815 350 1830 »
369 1806 400 1831 Et
423 1804 461 1831 ad
480 1803 557 1830 istud
576 1801 817 1837 respondendum
839 1802 895 1834 est,
911 1799 993 1835 quod

221 1851 256 1878 sit
269 1851 320 1878 lux
334 1849 557 1883 inaccessibilis,
574 1851 671 1876 tamen
687 1848 716 1874 ιιι
735 1846 829 1882 gloria
843 1846 896 1873 erit
911 1854 993 1873 com-

221 1897 409 1925 municabilis
425 1896 563 1924 omnihus
576 1895 667 1922 beatis
682 1902 735 1930 pro
751 1893 810 1920 suis
826 1892 950 1926 meritis,
967 1894 994 1919 et

222 1944 340 1971 elevans
359 1952 410 1971 eos
430 1943 468 1970 ad
488 1951 571 1970 suam
596 1941 741 1968 visionem
766 1943 792 1967 et
814 1939 993 1967 fruitionem.

222 1990 303 2017 Unde
317 1990 471 2024 Gregorius
488 1998 494 2016 2
514 2000 525 2014 α
542 1987 765 2015 lmmutal)imur
780 1986 810 2013 in
825 1986 889 2021 ipso
905 1993 994 2020 quem

223 2036 390 2063 videbimus
400 2057 406 2069 ,
421 2036 491 2071 quia
506 2038 598 2062 morte
615 2034 796 2066 carebimus,
814 2032 940 2059 videndo
956 2031 995 2058 vi-

223 2086 298 2114 tam;
327 2082 550 2110 mutabilitatem
579 2083 709 2108 nostram
737 2078 995 2111 transcendemus,

224 2130 354 2157 videndo
368 2128 584 2156 immutabilem
593 2137 600 2161 ;
618 2126 805 2162 corruptione
822 2125 905 2152 nulla
919 2126 996 2151 tene-

224 2176 333 2210 bimur,
351 2175 478 2202 vivendo
499 2175 700 2209 incorruptum
717 2173 761 2208 (e).
779 2182 792 2197 ι)
810 2173 874 2199 Haec
890 2170 953 2205 ille3
970 2172 997 2197 et

224 2225 265 2251 ibi
280 2224 356 2252 bene
374 2224 410 2251 de
426 2224 491 2251 hoc.
516 2224 586 2250 ltem
608 2221 724 2248 videtur
743 2219 826 2255 quod
849 2218 998 2246 debuisset

226 2271 333 2298 dixisse
350 2280 356 2297 :
373 2272 406 2297 Ut
419 2272 527 2304 ament,
545 2269 592 2296 vel
608 2268 754 2301 truantur,
778 2266 847 2302 quia
863 2266 883 2282 ¹ss
900 2275 913 2290 κ
929 2265 996 2291 cha-

224 2317 293 2344 ritas
310 2325 464 2352 nunquam
486 2315 603 2343 excidit.
623 2325 636 2340 u
661 2316 693 2342 Et
715 2313 753 2341 ad
775 2312 854 2340 istud
875 2319 996 2347 respon-

259 2401 263 2413 ¹
281 2401 352 2429 sup„
375 2405 418 2426 ιιι,
441 2402 478 2423 1¹0.
500 2412 524 2415 —
545 2399 553 2413 ²
570 2401 641 2428 sup„
662 2403 712 2426 xii,
731 2397 769 2420 26.
790 2408 818 2412 -
835 2396 845 2410 ³
862 2397 935 2424 Aug,
955 2394 997 2417 ubi

226 2442 282 2465 sup.
299 2441 371 2465 prox.
387 2447 417 2451 -—
429 2435 439 2451 δ
453 2436 584 2465 Snp.,v11,
603 2437 622 2457 ι.
635 2446 666 2451 -
680 2434 688 2447 ⁵
703 2433 804 2461 let-em„
820 2436 898 2459 xxm,
914 2430 952 2453 24.
968 2442 997 2446 —

227 2470 236 2486 ὅ
252 2473 326 2500 Aug„
342 2470 383 2492 ubi
397 2477 452 2500 sup.
469 2469 520 2487 —7
541 2470 607 2500 Luc„
624 2473 702 2497 xxiii,
716 2468 754 2491 43.
767 2480 794 2483 —
813 2466 908 2496 8Aug„
925 2465 998 2492 ibid,

227 2512 253 2529 ιι.
274 2508 296 2529 3.
317 2518 343 2522 --
364 2505 374 2521 ⁹
395 2507 467 2535 sup„
483 2507 504 2529 3.
521 2519 551 2522 —
570 2506 590 2521 ¹0
610 2505 615 2527 t
633 2505 714 2533 dorm„
735 2508 778 2531 111,
797 2504 818 2525 2.
835 2514 865 2518 -
887 2501 903 2516 ¹¹
924 2502 998 2530 Aug„

227 2541 298 2569 ibid„
314 2548 340 2564 u.
357 2542 378 2564 4.
393 2553 423 2557 -—-
440 2541 574 2571 ¹²1'liil1'p.‚
593 2546 620 2568 lt,
639 2542 661 2569 8,
678 2541 690 2562 ὓ
718 2537 889 2563 —¹³1T¹1⁷².
906 2542 939 2565 γι,
958 2538 996 2559 16.

227 2589 256 2594 ·—-
282 2577 300 2592 ¹⁸
319 2577 326 2600 l
349 2577 416 2605 Con,
440 2582 501 2604 xm,
522 2578 545 2599 S.
564 2589 593 2593 —
615 2576 634 2591 ¹³
656 2576 770 2604 August„
789 2573 818 2595 [le
841 2573 917 2595 Cim.
943 2572 997 2600 Dei,

226 2612 269 2635 lib.
288 2612 368 2641 ΧΧΙΙ,
389 2619 411 2635 c.
433 2617 493 2634 xxx.
509 2624 539 2628 —
556 2614 572 2623 ¹¹*
589 2610 643 2636 Aoo,
661 2615 760 2638 ιιιιιι,
777 2609 815 2631 26.
832 2620 861 2624 —
880 2608 896 2624 ¹¹¹
912 2607 998 2636 Greg,

228 2647 387 2677 Moml„11b.
404 2647 492 2675 XMV,
508 2654 530 2670 c.
549 2652 571 2674 ι’,
589 2645 620 2668 al.
641 2651 680 2670 vi.
701 2652 726 2667 u·
745 2645 824 2667 10-12-
844 2655 871 2659 -
893 2643 911 2658 ¹⁸
927 2643 998 2672 Sup-.

736 201 948 234 EVANGELII
970 201 1106 232 SANCTI
1129 202 1291 234 ιΙΟΑΝΝιὸ

1041 268 1189 303 dendum,
1206 271 1238 296 ut
1260 271 1367 296 tactum
1391 271 1432 296 est
1455 276 1543 304 supra
1558 268 1713 304 proximo,
1728 269 1810 306 quod

1041 314 1091 341 illa
1110 315 1183 342 visio
1209 315 1295 342 beata
1318 315 1455 350 importat
1476 315 1595 350 plenam
1620 316 1762 343 visionem
1784 319 1812 344 et

1040 361 1208 388 fruitionem
1224 361 1253 387 in
1268 360 1335 387 fine.
1351 362 1361 377 ⁵
1383 371 1395 386 α
1416 362 1476 396 lpse
1491 361 1544 387 erit
1564 360 1629 387 finis
1654 361 1812 390 desiderio-

1041 414 1107 433 rum
1129 409 1312 439 nostrorum,
1337 407 1389 441 qui
1411 407 1473 434 sine
1494 408 1553 434 tine
1576 407 1736 441 videbitur,
1749 407 1811 435 sine

1041 452 1157 480 fastidio
1174 454 1330 487 amabitur,
1347 453 1408 480 sine
1423 454 1481 481 fine
1496 454 1674 482 laudabitur.
1691 465 1703 479 n
1717 455 1728 471 ⁶
1744 464 1757 479 «ι
1769 454 1812 481 vi-

1043 499 1123 526 debit
1137 499 1242 526 fuciem
1258 499 1320 534 ejus
1336 499 1365 526 in
1384 499 1493 534 jubilo.
1512 510 1526 526 ιι
1546 500 1597 527 Ubi
1615 500 1652 528 de
1671 500 1728 528 hoc
1746 501 1813 528 Gre-

1043 546 1144 580 gorius
1155 547 1176 572 ⁷.

1079 594 1121 619 2²2.
1149 594 1179 619 Et
1202 592 1332 628 sequitur
1356 593 1430 620 ratio
1454 600 1585 627 congrua
1609 593 1811 621 exaudiendi:

1044 639 1122 665 Pater
1141 638 1224 671 juste,
1247 640 1300 665 etc.
1318 640 1349 665 Et
1371 641 1412 665 est
1434 638 1524 672 ratio,
1549 647 1640 673 quare
1664 641 1706 666 est
1725 647 1813 667 exau-

1043 684 1153 711 dienda
1167 684 1267 719 petitio
1288 684 1426 719 praedicta
1446 693 1500 720 pro
1517 685 1576 718 eis,
1591 685 1680 720 quia:
1697 685 1814 712 Mundus

1044 733 1067 757 te
1081 739 1131 757 non
1148 733 1285 764 commi-it,
1301 731 1409 758 scilicet
1420 731 1531 765 justum
1543 733 1664 759 Patrem.
1681 731 1774 767 Supra
1785 731 1813 758 ⁸:

1046 786 1058 802 ιι
1075 778 1198 803 Mundus
1221 785 1288 804 eum
1313 785 1373 804 non
1395 777 1543 811 cognovit.
1567 787 1581 803 »
1607 778 1662 811 Ego
1686 780 1771 804 autem
1792 779 1816 804 te

1043 825 1161 857 coynovz'.
1178 824 1210 850 Ut
1225 823 1263 850 ait
1282 823 1457 858 Augustinus
1471 824 1481 840 ⁹
1499 833 1504 850 :
1525 834 1538 848 «
1554 825 1616 859 lpse
1637 823 1702 851 fons
1717 823 1816 858 gratiae

1044 871 1085 896 est
1096 889 1104 902 ,
1118 870 1189 896 Deus
1204 872 1322 901 natum
1337 869 1427 896 homo
1439 872 1537 896 aulem
1550 870 1586 897 de
1599 870 1704 905 Spiritu
1715 871 1816 897 sancto

1044 917 1071 942 et
1096 915 1226 949 Virgine,
1255 915 1397 942 ineffabili
1423 915 1515 950 gratia
1541 916 1601 951 ipse
1628 916 1777 951 cognovit.
1800 926 1813 941 n

1043 962 1135 996 Supra
1151 962 1171 978 ¹⁰
1189 971 1194 988 :
1210 973 1222 986 (ι
1238 962 1328 988 Deum
1343 970 1431 988 nemo
1443 961 1516 989 vidit
1528 970 1670 997 unquam,
1687 962 1742 989 nisi
1755 962 1816 989 uni-

1044 1008 1172 1042 genitus,
1190 1018 1202 1033 »
1220 1010 1271 1034 etc.
1290 1008 1325 1034 Et
1353 1009 1381 1034 hi
1401 1011 1590 1042 cognoverunt,
1612 1016 1664 1044 per
1686 1015 1748 1040 me,
1777 1007 1818 1035 ait

1043 1053 1159 1088 Glossa,
1181 1054 1211 1080 in
1237 1062 1364 1090 persona
1384 1054 1446 1080 Filii
1463 1063 1469 1081 :
1488 1054 1506 1069 ¹¹
1526 1064 1539 1080 (ι
1554 1055 1643 1081 Nemo
1659 1054 1739 1082 novit
1764 1055 1816 1081 Pa-

1044 1103 1117 1129 trem
1132 1102 1186 1128 nisi
1199 1102 1295 1136 Filius,
1305 1104 1333 1129 et
1345 1102 1391 1129 cui
1406 1102 1531 1129 voluerit
1545 1102 1632 1130 Filius
1646 1102 1787 1129 revelare.
1799 1113 1812 1126 »ι

1080 1150 1123 1176 26.
1140 1150 1175 1175 Ec
1189 1151 1277 1175 notum
1292 1150 1343 1181 feci
1358 1151 1396 1176 eis
1416 1157 1509 1176 nomen
1529 1152 1617 1182 tuum,
1639 1149 1747 1176 scilicet
1764 1155 1817 1184 per

1044 1195 1153 1222 tidem:
1177 1196 1210 1221 Ec
1234 1198 1325 1222 notum
1338 1196 1455 1229 faciam,
1475 1195 1583 1222 scilicet
1602 1203 1655 1230 per
1673 1194 1817 1230 speciem,

1044 1244 1075 1268 ut
1090 1242 1128 1268 ait
1143 1242 1319 1275 Augustinus
1332 1240 1361 1268 ¹².
1379 1243 1473 1276 Supra
1488 1242 1595 1269 eodem
1607 1242 1626 1258 ¹¹¹
1643 1251 1670 1269 2«
1684 1241 1817 1269 Manifes-

1045 1288 1104 1315 tavi
1126 1295 1235 1314 nomen
1259 1290 1342 1314 tuum
1367 1288 1490 1315 mundo.
1513 1289 1546 1314 Et
1569 1291 1599 1315 ut
1620 1288 1742 1322 dilectio,
1765 1296 1819 1322 qua

1045 1334 1169 1361 delecisti
1187 1342 1243 1366 me,
1266 1336 1295 1360 ιἰι
1315 1336 1382 1368 ipsis
1399 1336 1452 1367 sit,
1477 1336 1530 1361 etc.
1557 1334 1663 1367 Quaerit
1686 1334 1818 1369 Augusti-

1046 1388 1100 1407 nus
1116 1381 1135 1396 ¹⁸
1152 1389 1158 1407 :
1179 1380 1363 1413 «Quomodo
1385 1379 1518 1414 dilectio,
1539 1388 1599 1416 qua
1618 1380 1719 1408 dilexit
1740 1382 1820 1407 Pater

1046 1426 1165 1459 Filium,
1181 1428 1222 1453 est
1237 1428 1263 1453 et
1279 1427 1311 1461 (f)
1331 1426 1360 1453 in
1376 1426 1483 1453 nobis?
1497 1428 1529 1454 Et
1547 1426 1721 1462 respondet,
1737 1425 1819 1462 quod

1046 1473 1102 1499 hoc
1126 1472 1241 1505 dicitur,
1268 1473 1337 1507 quia
1359 1473 1491 1500 membra
1514 1473 1576 1507 ejus
1600 1481 1716 1507 sumus,
1738 1474 1767 1500 et
1788 1472 1819 1500 in

1046 1518 1099 1545 illo
1113 1518 1277 1552 diligimur,
1293 1527 1360 1545 cum
1379 1519 1441 1554 ipse
1457 1519 1589 1554 diligitur
1603 1521 1699 1553 totus,
1715 1519 1746 1546 id
1761 1521 1818 1553 est,

1047 1569 1135 1602 caput
1153 1568 1181 1593 et
1202 1574 1320 1601 corpus.
1345 1567 1376 1592 Et
1398 1566 1465 1593 ideo
1488 1567 1618 1602 sequitur
1637 1576 1644 1594 ε
1666 1568 1700 1593 Et
1721 1574 1766 1601 eqo
1788 1568 1819 1593 in

1047 1614 1124 1647 ipsis.
1136 1614 1167 1639 Ut
1177 1613 1256 1639 enim
1269 1613 1309 1639 ait
1320 1612 1496 1646 Augustinus
1509 1614 1539 1646 ¹⁵,
1552 1623 1565 1638 «
1574 1613 1657 1640 aliter
1669 1615 1710 1640 est
1721 1613 1756 1640 de
1767 1620 1820 1640 no-

1048 1659 1093 1686 bis
1106 1661 1247 1694 tanquam
1267 1659 1297 1685 in
1312 1658 1421 1693 templo
1436 1667 1489 1686 suo
1500 1680 1507 1692 ,
1531 1659 1613 1686 aliter
1633 1659 1705 1694 quia
1723 1661 1750 1687 et
1764 1667 1819 1686 nos

1049 1714 1150 1733 sumus
1168 1705 1247 1740 ipse,
1264 1705 1334 1740 quia
1348 1705 1410 1740 ipse
1426 1707 1529 1740 caput,
1543 1708 1570 1732 et
1583 1713 1638 1732 nos
1652 1712 1760 1740 corpus
1774 1713 1821 1733 su-

1049 1761 1115 1779 mus
1142 1762 1154 1777 ι)
1172 1753 1237 1779 Haec
1251 1751 1310 1778 ille.
1328 1753 1356 1778 Et
1373 1751 1443 1786 quia
1457 1752 1538 1778 Pater
1551 1751 1661 1786 justus,
1678 1751 1718 1778 sie
1734 1751 1822 1778 disci·

1049 1799 1141 1834 pulis,
1159 1800 1186 1826 et
1200 1798 1353 1825 credituris
1368 1805 1421 1832 per
1436 1805 1500 1831 cOS,
1522 1799 1550 1824 et
1566 1797 1821 1832 perseverantibus

1050 1845 1079 1872 in
1095 1845 1201 1879 gratia,
1215 1845 1327 1879 justum
1342 1845 1384 1870 est
1405 1843 1474 1871 dare
1494 1843 1655 1871 claritatem
1669 1846 1819 1872 aeternam.

1051 1891 1131 1918 Unde
1149 1890 1254 1918 Paulus
1274 1890 1292 1906 ¹⁶
1309 1899 1315 1917 ;
1335 1901 1347 1914 α
1367 1890 1468 1917 Fidem
1489 1890 1618 1924 servavi,
1644 1890 1680 1918 de
1704 1889 1820 1926 reliquo

1050 1937 1178 1972 reposita
1192 1939 1233 1964 est
1248 1936 1319 1963 mihi
1335 1944 1445 1963 corona
1455 1936 1588 1971 justitiae,
1612 1944 1703 1972 quam
1717 1937 1823 1965 reddet

1051 1984 1122 2011 mihi
1142 1984 1235 2018 justus
1257 1983 1360 2018 judex.
1380 1993 1393 2008 ι)
1426 1985 1462 2010 De
1487 1983 1616 2011 claritate
1639 1986 1736 2012 autem
1760 1984 1822 2012 Filii

1052 2030 1202 2066 multiplici
1213 2029 1376 2056 Bernardus
1383 2030 1400 2046 ¹⁷
1409 2029 1545 2064 multum,
1554 2030 1604 2066 qui
1616 2031 1655 2058 ait
1664 2030 1821 2064 :«Quand0

1052 2077 1091 2104 ait
1109 2086 1115 2104 ε
1143 2078 1268 2110 Clurifica
1287 2077 1390 2110 filium,
1408 2076 1455 2103 vel
1474 2085 1567 2104 nomen
1588 2080 1678 2111 tuum,
1697 2085 1758 2104 non
1782 2079 1823 2104 est

1052 2123 1133 2151 aliud
1148 2125 1255 2158 petere,
1273 2130 1363 2157 quam
1378 2130 1407 2149 se
1423 2122 1587 2157 clarificari,
1603 2123 1633 2150 in
1647 2131 1718 2158 quo,
1730 2125 1758 2150 et
1771 2131 1824 2159 per

1053 2178 1141 2206 quen]
1162 2176 1272 2197 nomen
1293 2168 1382 2195 Patris
1405 2169 1509 2204 procul
1532 2169 1624 2196 dubio
1646 2169 1822 2196 clarificare-

1052 2220 1098 2244 tur
1113 2216 1160 2252 (μ).
1177 2226 1189 2241 »
1208 2217 1239 2242 Et
1251 2215 1291 2242 ibi
1307 2215 1343 2242 de
1357 2214 1565 2243 clarificatione
1579 2215 1640 2243 Fitii
1655 2215 1822 2243 testimonio

1054 2263 1142 2290 Patris
1153 2263 1182 2289 in
1193 2262 1350 2296 baptismo,
1364 2261 1429 2288 etin
1443 2262 1577 2290 monte.¹⁸
1585 2273 1598 2288 (ι
1607 2263 1741 2298 Superest
1752 2271 1822 2298 ergo

1054 2351 1075 2374 ι,
1094 2346 1159 2367 10.—
1178 2344 1194 2359 ¹⁹
1211 2344 1285 2373 Aug„
1301 2343 1373 2365 tract.
1391 2347 1446 2371 cm,
1466 2349 1491 2366 ιι.
1508 2345 1559 2366 5.-
1579 2343 1600 2360 ²⁰
1614 2344 1686 2373 Sup„
1705 2349 1722 2371 ι,
1742 2345 1823 2368 18.-

1054 2381 1071 2396 ¹¹
1090 2379 1168 2402 Mami
1183 2396 1189 2406 ,
1205 2384 1240 2408 M,
1256 2378 1294 2400 Ξῖ.
1309 2390 1334 2393 -
1352 2377 1371 2392 ²²
1384 2381 1458 2407 Aug„
1473 2377 1544 2406 ibid.,
1557 2385 1583 2402 n.
1600 2380 1621 2402 6.
1638 2391 1664 2396 ——
1679 2378 1699 2394 ²³
1711 2379 1783 2408 Sup.‚
1798 2379 1820 2401 6.

1054 2429 1083 2433 —-
1099 2416 1117 2431 ι*
1134 2417 1208 2444 Aug,
1224 2413 1283 2437 ibid.
1299 2426 1329 2430 —
1347 2413 1364 2426 ²⁵
1380 2413 1441 2436 lbid.
1454 2427 1484 2430 —
1503 2414 1521 2428 ²⁶
1537 2415 1554 2438 ΙΙ
1573 2414 1648 2439 Tim..
1663 2420 1698 2444 iv,
1713 2415 1736 2443 7,
1753 2414 1776 2437 8.
1792 2426 1822 2430 —

1054 2452 1072 2467 ²⁷
1089 2452 1173 2480 Rern,
1188 2456 1262 2479 supet·
1284 2448 1367 2478 caat„
1385 2455 1461 2472 serm.
1481 2455 1568 2479 mxu,
1583 2456 1608 2472 u.
1625 2451 1647 2473 4.
1662 2462 1693 2466 —
1705 2450 1726 2466 ²⁸
1747 2449 1822 2479 ibid„

1054 2493 1079 2509 ιι.
1096 2488 1119 2510 5.

1089 2536 1118 2565 (ιι)
1140 2535 1200 2558 Coet.
1220 2535 1280 2559 edet.
1299 2536 1361 2566 ipsu.
1384 2549 1413 2553 —
1436 2535 1468 2565 (b)
1491 2535 1549 2558 Item
1569 2539 1640 2563 ergo.
1658 2545 1688 2550 —
1702 2533 1731 2562 tc)
1754 2531 1820 2556 Edit.

1054 2571 1143 2594 Benerl.
1164 2578 1204 2593 ew.
1220 2584 1248 2589 —
1265 2571 1304 2601 (d)
1325 2571 1396 2601 Vuly.
1411 2571 1575 2601 cognoscant.
1592 2581 1622 2586 —-
1637 2569 1667 2598 (e)
1685 2568 1746 2591 Cot.
1761 2568 1821 2591 edit.

1054 2610 1212 2636 corruptum.
1229 2619 1258 2624 —
1278 2608 1310 2636 (s)
1331 2608 1390 2630 Coet.
1410 2608 1468 2628 ean.
1488 2606 1562 2627 esset.
1581 2617 1605 2620 -
1624 2606 1659 2634 (9)
1682 2604 1741 2628 Coet.
1762 2603 1821 2627 edit.

1055 2642 1141 2671 procul
1157 2642 1314 2664 clarificetur.
