1987 3032
62 1539 90 1558 B.
99 1539 167 1559 Joan-

64 1575 103 1589 nes
127 1575 167 1595 po·-

63 1599 107 1619 snit
134 1600 168 1620 ni-

64 1629 116 1650 dum
145 1630 167 1650 in

63 1659 151 1680 divinis.

75 2041 171 2062 Emis

66 2072 89 2092 m
103 2077 130 2092 ex
140 2072 171 2091 di-

65 2102 165 2123 lectione.

91 2407 172 2433 Figura

850 227 1087 260 PROOEMIUM.

177 297 204 322 et
223 295 440 323 irreverberatis
463 294 555 322 oculis
577 294 647 322 solis
665 294 755 322 radiis
776 294 909 321 intendit.
925 304 938 320 »

175 341 250 368 Talis
265 340 449 376 spiritualiter
469 340 523 367 fuit
545 340 649 368 beatus
663 341 788 370 Joannes
802 340 833 367 in
847 347 940 366 secre—

175 387 210 414 tis
224 386 405 420 coelestibus,
422 388 449 413 et
466 386 497 413 in
516 386 794 421 contemplabilibus
812 387 943 413 scrutan-

177 432 231 459 dis.
250 432 329 459 Unde
350 431 526 466 Augustinus
550 432 590 459 ait
608 431 617 447 ¹
639 441 646 459 :
671 443 684 456 (ι
709 433 835 459 Joannes
856 439 943 466 super

175 478 277 505 nubila
291 477 465 505 infirmitatis
478 478 614 505 humanae
637 477 718 505 velut
732 478 831 513 aquila
845 478 943 512 volat,

176 525 203 551 et
222 523 319 550 lucem
342 523 590 551 incommutabilis
616 524 745 551 veritatis
772 523 944 551 acutissimis

175 572 262 606 atque
275 569 449 597 firmissimis
464 570 555 597 oculis
571 570 667 597 cordis
682 570 842 597 intuetur.»
860 571 892 597 Et
907 570 944 596 de

175 615 230 642 hac
252 615 353 650 aquila
382 615 422 642 sic
444 615 562 643 volante
584 616 788 642 Proverbiorum
801 617 834 642 2:
855 615 945 642 «Tria

175 663 242 688 sunt
257 661 403 694 difficilia,
419 671 432 687 »
451 663 504 688 etc.
521 663 553 688 Et
568 661 698 697 sequitur
713 670 719 688 :
739 671 751 686 (ι
766 661 849 689 Viam
861 661 945 696 aqui-

175 706 210 733 1ae
226 707 256 733 in
271 707 345 734 coelo
354 727 362 741 ,
377 717 391 733 »
408 707 440 734 id
455 709 511 741 est,
527 707 720 734 elevationem
733 707 812 734 beati
827 707 946 734 loannis

175 751 206 778 in
229 752 415 787 speculandis
437 753 551 779 arcanis
575 752 751 780 coelestibus.
773 754 807 780 Et
832 753 869 780 de
891 753 946 780 hac

176 798 277 833 aquila
291 798 422 825 similiter
436 799 482 825 Job
496 799 506 815 ³
523 807 529 825 ι
548 808 562 823 «
577 798 655 826 Sicut
674 798 774 834 aquila
789 799 893 826 volans
908 799 947 826 ad

176 851 282 871 escam.
304 854 317 870 »
339 847 372 872 Et
395 845 437 872 ibi
457 845 611 880 Gregorius
625 846 635 861 b
659 845 696 873 de
719 845 947 881 proprietatibus

177 891 248 925 ejus.
265 893 297 918 Et
310 891 340 918 in
359 891 416 918 hoc
430 893 510 927 patet
523 892 663 927 primum.

212 939 237 963 2.
258 937 311 964 Ista
334 937 434 972 aquila
459 938 702 973 superbenedicta
727 938 825 973 posuit
843 938 948 965 nidum

177 982 207 1009 in
232 982 332 1009 arduis
348 1003 356 1015 ,
381 983 411 1009 id
433 985 490 1016 est,
512 984 679 1011 mansivum
699 992 831 1011 amorem
846 984 876 1010 in
890 992 947 1011 coe-

177 1028 308 1055 lestibus.
324 1028 405 1055 Unde
420 1028 463 1055 ibi
483 1029 656 1063 Gregorius⁵
673 1037 680 1056 :
696 1039 709 1054 «
732 1031 762 1056 ln
782 1029 882 1056 arduis
895 1037 948 1064 po-

177 1073 220 1100 nit
242 1073 360 1106 nidum,
386 1074 456 1108 quia
478 1074 508 1100 in
532 1074 665 1109 supernis
690 1074 750 1108 figit
774 1075 949 1108 consilium,

177 1119 225 1145 vel
240 1119 310 1153 quia
325 1121 438 1146 terrena
457 1119 603 1146 desideria
618 1119 781 1154 despiciens
796 1120 832 1147 de
848 1120 948 1147 eoeles-

178 1164 255 1191 tibus
270 1164 392 1191 rimatur
407 1165 454 1199 (a).
470 1175 482 1190 >³
501 1165 581 1192 Unde
596 1164 652 1191 sibi
667 1166 807 1200 competit
828 1166 902 1193 illud
914 1167 924 1182 ⁰
941 1176 946 1192 :

182 1209 373 1237 «Robustum
395 1209 598 1237 habitaculum
615 1212 699 1237 tuum
724 1220 730 1238 z
753 1221 766 1236 »
794 1211 846 1238 sed
874 1211 898 1237 si
920 1211 950 1238 in

178 1257 261 1290 petra
283 1255 417 1290 posueris
443 1255 547 1283 nidum
578 1258 641 1283 tum
656 1277 665 1290 ,
688 1256 719 1283 id
743 1259 804 1290 est,
835 1257 865 1283 in
884 1258 950 1283 Jesu

179 1301 290 1328 Christo
308 1310 315 1327 ε
342 1310 354 1325 t<
373 1303 454 1328 Petra
473 1301 552 1328 enim
573 1303 583 1318 ⁷
608 1303 669 1328 erat
688 1302 826 1329 Christus.
851 1312 863 1327 »
887 1303 950 1336 lpse

181 1347 259 1373 enim
288 1346 342 1373 fuit
366 1346 583 1373 amantissimus
606 1346 721 1374 Domini
740 1368 748 1381 ,
779 1347 815 1374 dc
844 1348 948 1382 quo⁸:

184 1402 198 1417 α
214 1392 434 1419 Amantissimus
456 1392 569 1419 Domini
594 1392 707 1419 habitat
727 1392 918 1420 confidenter.
934 1403 947 1419 »

181 1438 235 1465 Ubi
250 1438 328 1465 enim
352 1440 395 1465 est
419 1446 519 1472 amor,
545 1438 577 1464 id
601 1439 643 1465 est
669 1438 811 1465 habitatio
835 1438 949 1466 animae.

182 1484 263 1510 Unde
277 1484 453 1518 Augustinus
469 1485 479 1500 ⁹
496 1492 502 1510 :
522 1493 536 1508 α
550 1484 684 1510 Amando
704 1484 783 1510 enim
797 1485 886 1511 corde
901 1484 952 1511 ha-

182 1530 319 1557 bitamus.
334 1539 347 1555 »
365 1531 397 1556 Et
419 1529 562 1564 quoniam
580 1531 657 1556 totus
677 1537 761 1556 amor
775 1530 853 1557 beati
867 1531 952 1557 Joan-

182 1575 227 1602 nis
240 1575 295 1602 fuit
309 1575 347 1602 ad
363 1577 453 1602 Deum
468 1577 495 1603 et
509 1575 547 1602 ad
561 1575 677 1609 divina,
694 1575 762 1603 ideo
777 1576 808 1603 in
824 1576 882 1602 illis
901 1584 952 1611 po-

182 1621 238 1648 suit
260 1621 376 1648 nidum.
400 1620 481 1647 Unde
505 1622 533 1647 et
558 1620 594 1647 de
615 1620 741 1656 limpida
761 1621 953 1655 intelligentia

181 1675 235 1694 sua
246 1688 255 1701 ,
268 1669 296 1694 et
305 1666 342 1694 de
357 1666 513 1693 dilectione
535 1674 588 1693 sua
607 1666 719 1694 elevata
738 1666 905 1694 verificatur
919 1667 953 1694 il-

181 1713 235 1740 lud
251 1713 272 1729 ¹0
287 1722 294 1739 :
315 1722 329 1738 «
349 1713 420 1739 Ecce
434 1711 576 1746 intelliget
590 1719 691 1739 servus
712 1720 810 1746 meus,
827 1715 855 1740 et
876 1713 954 1740 exal-

181 1759 305 1792 tabitur,
320 1760 348 1786 et
360 1757 532 1791 elevabitur,
550 1759 578 1784 et
592 1757 726 1784 sublimis
751 1758 804 1785 erit
822 1758 920 1786 valde.
937 1768 950 1785 n

183 1805 352 1838 Elevubz'tur,
372 1804 495 1838 inquam
510 1824 518 1837 ,
539 1802 640 1830 coelica
653 1823 662 1837 ‚
678 1803 738 1830 imo
758 1803 864 1831 deifica
884 1812 954 1832 con·-

182 1850 346 1878 versatione
370 1850 401 1877 in
424 1852 508 1877 statu.
529 1850 562 1876 Et
583 1850 749 1877 exaltabitur
765 1850 912 1879 excessiva
927 1853 954 1878 et

184 1896 333 1930 ecstatica,
353 1895 385 1923 id
408 1897 450 1923 est
471 1895 599 1930 patiente
619 1896 753 1924 ecstasim
765 1917 775 1930 ,
797 1896 953 1925 dilectione

184 1941 214 1969 in
228 1941 342 1969 affectu.
356 1941 486 1968 Sublimis
504 1942 556 1968 erit
578 1942 671 1974 valde,
688 1941 860 1977 suspensiva
882 1950 953 1970 con-

184 1987 373 2022 templatione
388 1986 418 2013 in
432 1985 591 2014 intellectu.

220 2035 246 2060 3.
272 2035 304 2060 Et
329 2032 471 2068 quoniam
497 2032 538 2059 sic
561 2033 670 2060 elevari
694 2033 803 2061 tamin
825 2036 955 2062 contem-

183 2078 296 2115 plando
311 2078 413 2106 divina
431 2081 554 2113 secreta,
575 2087 665 2114 quam
683 2079 714 2106 in
735 2079 879 2114 amando,
894 2089 955 2109 non

183 2124 237 2152 fuit
260 2124 397 2151 humanae
420 2124 561 2158 virtutis„
574 2124 626 2151 sed
645 2124 752 2152 divinae
779 2127 929 2160 potestatis
943 2136 952 2162 ς

185 2169 252 2197 ideo
267 2169 371 2197 merito
384 2169 571 2204 subjungitur
584 2170 632 2197 hic
648 2178 655 2197 :
668 2171 809 2205 Numquid
830 2172 866 2198 ad
880 2181 953 2206 proe-

184 2219 289 2250 ceptum
313 2217 387 2242 tuum
412 2216 580 2243 elevabitur?
601 2216 686 2251 quasi
706 2216 784 2244 dicat
805 2227 812 2243 :
833 2219 896 2245 Non
919 2226 955 2246 ex

184 2269 238 2289 sua
250 2261 382 2288 humana
395 2261 500 2288 virtute
514 2261 567 2288 fuit
587 2261 692 2289 beatus
714 2264 841 2290 Joannes
857 2263 954 2292 cleva-

184 2310 229 2335 tus
243 2307 326 2334 dictis
340 2307 437 2334 modis
447 2327 457 2341 ,
477 2307 529 2334 sed
548 2315 583 2334 ex
608 2315 675 2335 mea
694 2307 799 2335 deifica
815 2311 954 2343 potestate

185 2353 373 2381 sublimante.
389 2353 458 2380 ldeo
477 2354 685 2382 convenienter
698 2355 729 2382 in
749 2355 844 2390 figura
865 2357 955 2392 ipsius

185 2399 290 2428 dicitur
304 2399 385 2435 apud
399 2400 499 2426 lsaiam
514 2399 533 2415 ¹¹
549 2408 556 2426 :
570 2409 584 2425 α
597 2399 732 2435 Implebit
746 2401 955 2437 splendoribus

217 2460 223 2475 ¹
240 2460 316 2489 Aug„
329 2459 359 2482 de
374 2459 445 2482 Cone.
459 2459 566 2489 Evanq„
578 2459 621 2482 ubi
636 2466 759 2489 supra.—
773 2461 783 2476 ²
798 2461 880 2490 Pron„
893 2468 953 2494 xxx,

188 2495 231 2524 18,
247 2496 284 2517 19.
299 2506 330 2511 -
344 2494 354 2510 ³
366 2493 420 2523 ιω),
439 2499 482 2523 1x‚
498 2495 538 2517 26.
554 2507 585 2511 -
602 2494 610 2507 ⁴
628 2494 714 2525 Greg„
734 2496 835 2524 Moror„
851 2496 894 2520 151).
913 2498 954 2528 tx,

188 2535 210 2551 c.
226 2533 283 2558 ni,
299 2528 331 2552 al.
347 2534 434 2557 xxxu,
453 2535 481 2551 u.
499 2530 537 2552 48.
553 2542 579 2546 -
598 2530 606 2542 ⁵
622 2528 695 2559 ibid„
712 2528 754 2553 lib.
776 2531 845 2561 ΧΧΙ,
861 2538 882 2555 c.
899 2538 954 2563 xix,

189 2562 222 2586 al.
238 2568 316 2592 nvn,
330 2570 355 2586 u.
370 2564 410 2592 93,
423 2564 460 2587 os.
472 2576 502 2580 -
517 2563 620 2593 ὅΝιιηι.,
634 2568 704 2594 xx1v,
716 2566 792 2588 21.-—
806 2566 813 2580 '¹
826 2567 832 2589 Ι
847 2566 914 2593 Cor..
928 2573 954 2598 x,

190 2597 214 2620 4.
228 2609 256 2614 —
269 2598 278 2611 ⁰
289 2597 370 2628 Deut„
387 2603 481 2627 xxxxii,
497 2599 536 2622 12.
548 2610 579 2615 —
593 2599 601 2612 ³
614 2598 688 2628 Aug„
705 2599 730 2622 iu
742 2600 822 2629 loun..
836 2602 910 2626 tract.
926 2608 955 2632 11,

190 2637 218 2654 n.
238 2633 275 2656 Η.
290 2644 320 2649 ——
341 2632 359 2649 ¹⁶
377 2632 434 2662 lm,
457 2638 508 2660 ιιι,
529 2634 566 2657 13.
588 2646 619 2651 -
638 2633 656 2649 ¹¹
676 2633 748 2664 ibid„
772 2640 852 2666 Lvin,
873 2639 911 2660 1¹.
925 2649 956 2654 —

1706 241 1764 268 243

997 295 1127 323 animam
1153 297 1244 324 tuam.
1262 306 1275 323 »
1296 298 1329 324 Et
1348 305 1383 325 ex
1407 298 1464 326 hoc
1487 306 1547 326 suae
1569 300 1765 336 intelligentiae
1780 315 1884 336 asom.

998 341 1165 370 acutissima
1192 342 1364 378 limpiditas.
1393 345 1424 371 Et
1444 345 1574 380 sequitur
1590 347 1610 362 ¹²
1634 356 1641 374 :
1660 358 1674 374 «
1687 349 1765 377 Tunc
1779 345 1822 366 ¹¹⁵⁵·

998 385 1188 414 delectaberis
1203 396 1291 423 super
1305 389 1429 417 Domino
1441 410 1450 424 ,
1468 393 1495 418 et
1508 392 1661 420 sustollam
1675 396 1702 421 te
1717 403 1765 422 su-

997 439 1050 466 per
1064 433 1247 462 altitudinem
1261 436 1358 469 terrae,
1379 437 1407 462 et
1425 435 1532 464 cibabo
1554 440 1580 465 te
1599 438 1766 469 haereditate

998 478 1088 512 patris
1102 480 1145 506 tui
1160 489 1166 506 :
1182 490 1195 505 »
1211 483 1355 516 quantum
1370 481 1409 509 ad
1423 482 1566 511 elevatam
1581 493 1664 513 suam
1680 485 1766 514 dilec-

998 523 1123 559 tionem,
1140 526 1168 553 et
1182 527 1346 560 mansivam
1366 529 1397 556 in
1412 529 1518 556 divinis
1537 532 1650 558 arcanis
1665 540 1769 567 specu—.

998 569 1095 597 landis
1123 573 1150 598 et
1177 573 1390 608 amplexandis.
1415 576 1454 602 De
1481 576 1536 604 hac
1567 577 1708 612 singulari
1732 587 1767 607 ac

999 616 1175 652 magnifica,
1200 621 1228 646 et
1252 619 1376 648 mirifica
1401 621 1564 650 elevatione
1592 625 1768 659 Augustinus

999 662 1126 689 multum
1155 664 1194 691 ait
1218 664 1239 682 ¹³
1267 675 1273 692 :
1293 675 1306 692 α
1325 667 1449 694 Joannes
1477 668 1634 704 inspiratus
1659 671 1698 698 ait
1714 680 1720 698 :
1736 673 1769 698 In

999 709 1136 743 principio
1164 712 1221 736 erat
1251 711 1366 738 Verbum
1379 733 1387 744 ‚
1416 715 1441 739 et
1470 715 1583 742 Verbum
1612 719 1668 743 erat
1696 719 1770 752 apud

1001 755 1084 780 Deum
1101 764 1110 787 ,-
1130 757 1308 784 transcendit
1330 758 1408 785 enim
1432 759 1532 787 omnia
1547 763 1726 797 corporalia,
1743 767 1770 791 et

1001 800 1146 835 scipsum,
1162 803 1189 828 et
1203 802 1290 829 etiam
1303 803 1408 830 choros
1423 805 1613 840 angelorum3
1631 818 1644 833 »
1667 808 1698 834 id
1713 811 1768 842 est,

1002 847 1146 879 quantum
1160 847 1199 873 ad
1216 855 1279 874 rem
1295 849 1554 884 contemplandam
1571 861 1577 878 :
1594 863 1608 878 α
1621 853 1677 880 nisi
1692 855 1771 882 enim

1002 898 1032 917 se
1040 892 1272 927 transcendisset,
1282 901 1435 929 nunquam
1442 897 1622 930 pervenisset
1631 899 1670 925 ad
1680 899 1769 927 illud:

1002 937 1034 962 1η
1045 938 1184 972 principio
1201 941 1257 965 erat
1274 940 1402 974 Verbum,
1418 943 1470 968 ete.
1487 952 1500 967 1)
1516 943 1652 971 Similiter
1666 945 1703 972 de
1719 953 1771 973 sua

1002 981 1033 1008 in
1047 982 1190 1017 praedictis
1202 984 1424 1020 chrysostomus
1435 987 1510 1014 benc
1526 991 1553 1015 et
1566 990 1728 1018 multumst.
1740 993 1772 1018 Et

1005 1028 1161 1062 Gregorius
1185 1030 1205 1046 ²5
1227 1040 1234 1056 :
1255 1040 1267 1055 «
1284 1031 1352 1059 Ideo
1376 1033 1477 1067 aquila
1492 1034 1618 1069 desuper
1638 1036 1770 1071 ipsorum

1005 1074 1141 1106 quatuor.
1164 1084 1177 1100 >2
1194 1077 1227 1102 Et
1247 1076 1327 1103 idem
1342 1087 1347 1103 :
1367 1087 1381 1103 «
1396 1079 1469 1110 Quia
1491 1081 1617 1107 ,loannes
1631 1089 1685 1115 per
1699 1082 1771 1116 hoc,

1005 1119 1087 1152 quod
1111 1119 1141 1146 in
1164 1121 1309 1156 principio
1329 1123 1458 1150 Verbum
1475 1124 1560 1158 vidit,
1575 1126 1663 1154 etiam
1686 1136 1774 1163 super

1004 1164 1194 1199 semetipsum
1207 1168 1328 1195 transiit.
1346 1180 1358 1193 »
1374 1171 1414 1196 Ex
1429 1170 1512 1197 dictis
1526 1179 1597 1206 ergo
1612 1175 1730 1208 patent,
1747 1177 1774 1202 et

1005 1209 1118 1236 subtilis
1140 1211 1299 1246 limpiditas
1322 1214 1400 1241 beati
1425 1216 1545 1243 Joannis
1562 1217 1593 1243 in
1608 1219 1774 1247 coelestibus

1006 1262 1040 1282 ac
1064 1255 1170 1283 divinis
1193 1258 1401 1293 speculandis,
1426 1262 1454 1287 et
1475 1261 1580 1289 elevati
1599 1264 1643 1290 sui
1666 1266 1775 1293 amoris

1005 1301 1184 1336 sublimitas,
1195 1311 1213 1330 a
1224 1303 1289 1331 solo
1304 1306 1360 1332 Deo
1377 1305 1415 1332 ad
1429 1307 1569 1341 prredicta
1583 1309 1774 1346 elevabilitas,

1007 1348 1033 1373 et
1047 1346 1134 1381 hujus
1148 1348 1317 1377 elevationis
1331 1352 1501 1380 auctoritate
1518 1354 1649 1383 humana
1664 1356 1775 1392 impos-

1006 1392 1138 1421 sibilitas.
1159 1395 1192 1421 Ut
1216 1395 1327 1422 dictum
1351 1399 1412 1431 est,
1435 1406 1470 1425 ex
1493 1399 1527 1426 iis
1553 1402 1653 1435 patent
1683 1410 1776 1430 causae
1816 1421 1893 1440 causa

1006 1437 1094 1472 hujus
1121 1440 1196 1466 sacri
1224 1441 1372 1476 Evangelii
1396 1463 1405 1475 ,
1433 1444 1516 1478 quod
1542 1447 1583 1472 est
1613 1448 1776 1476 secundum
1790 1451 1838 1485 du4ae
1847 1452 1894 1472 effi-

1006 1484 1160 1511 Joannem.
1183 1487 1277 1514 Causa
1301 1487 1379 1515 enim
1401 1488 1529 1517 efficiens
1550 1491 1720 1528 principalis
1735 1497 1777 1522 cst
1792 1483 1893 1538 3ζὲξέ

1007 1529 1068 1563 ipse
1088 1530 1175 1558 Filius
1193 1532 1258 1566 Dei,
1279 1533 1331 1568 qui
1352 1534 1493 1562 revelavit
1513 1544 1620 1566 arcana
1642 1541 1777 1569 contenta
1792 1542 1895 1563 liisecuffl

1008 1574 1038 1601 in
1052 1575 1109 1602 hoc
1125 1577 1282 1612 Evangelio
1297 1578 1384 1606 beato
1399 1581 1514 1608 Joanni.
1534 1585 1627 1611 Causa
1641 1593 1712 1613 vero
1731 1595 1777 1614 se·
1809 1573 1877 1624 Jdoau-

1008 1621 1151 1650 cundaria
1174 1623 1302 1651 efficiens
1326 1628 1353 1652 et
1374 1627 1654 1664 ministe1=ialiS,suit
1674 1632 1778 1661 beatus
1792 1639 1852 1654 nem.

1008 1666 1152 1701 loannes,
1167 1668 1325 1704 inspiratus
1339 1672 1442 1707 spiritu
1456 1675 1520 1708 Dei,
1538 1678 1568 1702 ut
1593 1676 1704 1705 dictum
1725 1682 1775 1707 est.
1864 1705 1868 1709 .

1008 1712 1101 1740 Causa
1114 1721 1185 1741 vero
1199 1716 1370 1751 materialis,
1387 1718 1524 1747 divinitas
1547 1722 1612 1749 Jesu
1635 1723 1737 1751 Christi
1750 1728 1778 1753 et
1792 1705 1899 1762 liiztzgffs-

1008 1758 1191 1795 humanitas,
1207 1769 1241 1788 ac
1265 1770 1356 1797 opera
1376 1763 1614 1803 dispensationis,
1636 1771 1663 1796 et
1686 1771 1777 1799 docu-
1819 1765 1868 1787 dem

1009 1808 1108 1833 menta
1122 1806 1184 1834 Filii
1203 1808 1262 1835 Dei.
1280 1809 1359 1837 Unde
1378 1812 1554 1846 Augustinus
1569 1813 1588 1830 ¹¹³
1605 1823 1611 1842 z
1626 1825 1639 1840 «
1653 1817 1778 1845 Joannes
1792 1797 1894 1848 iiiiange-

1009 1850 1104 1886 ipsam
1126 1853 1255 1880 maxime
1279 1854 1416 1884 deitatem
1434 1858 1468 1892 (b)
1485 1859 1550 1886 Jesu
1573 1860 1694 1896 Christi,
1719 1872 1779 1899 qua

1008 1897 1084 1924 Patri
1108 1899 1149 1925 est
1168 1899 1306 1934 aequaliS,
1326 1900 1466 1936 intendit,
1483 1912 1608 1940 eamque
1629 1909 1778 1944 praecipue

1009 1950 1063 1970 suo
1074 1944 1243 1979 Evangelio,
1254 1948 1399 1980 quantum
1410 1948 1484 1976 inter
1497 1950 1633 1979 homines
1645 1954 1778 1983 sufficere

1010 1989 1155 2024 credidit,
1179 1992 1388 2020 commendare
1416 1996 1537 2023 curavit.
1567 1989 1666 2034 ltaqu'e
1689 2000 1777 2036 longe

1009 2034 1102 2062 tribus
1112 2035 1177 2063 aliis
1191 2037 1325 2072 superius
1338 2038 1460 2068 fertur.»
1474 2041 1494 2058 ¹⁷
1500 2043 1589 2070 Facies
1598 2047 1695 2078 aquilae
1703 2047 1778 2074 desu-
1797 2047 1894 2067 s⁰rm³fi⁵

1006 2088 1057 2115 per
1070 2082 1189 2116 ipsorum
1207 2085 1331 2117 quatuor.
1353 2085 1446 2113 Causa
1459 2095 1530 2115 vero
1544 2089 1677 2117 formalis
1687 2113 1695 2126 ,
1712 2101 1777 2127 quaa
1793 2078 1895 2134 ἒξέξξὲἶ

1011 2128 1054 2153 est
1067 2127 1175 2154 modus
1189 2129 1314 2163 agendi,
1330 2132 1372 2157 est
1390 2133 1570 2168 narrativus,
1585 2138 1612 2162 et
1629 2128 1783 2165 certitudiss
1793 2140 1824 2159 1⁴¹5-

1010 2171 1101 2206 natis,
1118 2175 1145 2200 et
1168 2175 1337 2209 exquisitus.
1364 2178 1395 2203 Ut
1420 2178 1498 2205 enim
1518 2179 1588 2207 dicit
1607 2182 1778 2217 chrysosto-

1011 2226 1076 2246 mus
1092 2220 1110 2236 ¹⁸
1125 2228 1131 2246 :
1151 2229 1164 2245 «
1179 2220 1228 2248 Hie
1247 2222 1431 2257 Evangelista
1444 2224 1474 2250 in
1489 2227 1637 2255 sententiis
1651 2231 1779 2259 acutissi-

1010 2272 1076 2292 mus
1091 2267 1148 2300 est,
1165 2268 1192 2293 et
1214 2267 1244 2294 in
1266 2268 1415 2296 miraculis
1437 2273 1608 2300 enarrandis
1628 2282 1689 2303 non
1703 2278 1778 2305 mul-

1010 2312 1073 2338 tum
1097 2311 1230 2347 studuit,
1254 2314 1306 2340 sed
1328 2315 1457 2342 maxime
1481 2317 1511 2343 in
1535 2319 1727 2349 concionibus
1752 2326 1779 2351 et

1010 2355 1208 2385 locutionibus
1238 2359 1340 2386 Christi
1362 2361 1400 2387 ad
1423 2363 1569 2397 populum
1587 2373 1593 2391 :
1614 2367 1694 2395 unde
1713 2376 1777 2397 am-

1010 2402 1089 2437 plius
1100 2406 1199 2431 narrat
1212 2412 1295 2432 sacra
1307 2405 1610 2445 Christidocumenta,
1622 2421 1713 2448 quam
1725 2417 1778 2443 mi-

1013 2458 1031 2472 '2
1052 2458 1124 2488 thiu„
1146 2462 1181 2482 Μ.
1198 2471 1227 2476 -·
1249 2460 1270 2475 Η
1288 2462 1363 2491 Aug„
1384 2463 1409 2485 1'11
1428 2463 1509 2494 loun„
1531 2467 1594 2490 tract
1620 2474 1643 2498 ι,
1665 2477 1690 2493 u.
1710 2472 1733 2495 5.
1748 2485 1779 2489 ——

1011 2492 1032 2508 ¹⁶
1044 2493 1185 2524 Chrysost„
1201 2496 1226 2517 :¹11
1241 2496 1322 2524 Joan„
1336 2497 1405 2520 bom.
1423 2504 1440 2521 1.
1455 2513 1486 2517 —
1502 2501 1518 2517 ’ὅ
1535 2502 1620 2533 Grcg.,
1637 2505 1661 2527 ιἰι
1680 2507 1779 2537 [izei-li..

1012 2527 1081 2551 hom.
1103 2535 1137 2558 iv,
1159 2536 1185 2553 n.
1206 2532 1228 2553 3.
1252 2544 1277 2547 -
1300 2531 1317 2547 ¹⁰
1336 2533 1390 2555 Auo
1429 2534 1460 2557 (le
1478 2535 1550 2559 Cone.
1572 2538 1678 2569 Evmzq„
1696 2541 1739 2565 lib.
1760 2543 1778 2571 1,

1825 1673 1897 1694 Causa

1826 2018 1897 2038 Causa

1012 2568 1035 2601 c.
1050 2568 1084 2620 ἂν,
1099 2570 1124 2587 n.
1141 2565 1163 2587 7.
1174 2577 1204 2582 ·-
1221 2565 1237 2581 ¹⁷
1252 2566 1349 2595 Ezech„
1363 2551 1431 2597 boso.
1443 2582 1473 2586 —
1485 2570 1505 2586 ¹⁸
1520 2571 1659 2603 Chrysust„
1677 2576 1777 2607 l’rolog.

1012 2604 1037 2620 m
1066 2605 1120 2622 van.

1042 2636 1076 2666 (a)
1094 2637 1165 2668 Apud
1178 2638 1250 2668 Grey.
1267 2641 1383 2665 nutritur.
1396 2655 1426 2660 —
1441 2643 1475 2674 (b)
1494 2646 1509 2669 ,4
1516 2645 1534 2670 Ι,
1550 2647 1716 2673 divinitatem.
