1987 3032
73 2003 156 2022 Vocem

59 2032 148 2059 spiritus

52 2063 136 2084 audire.

741 210 945 243 EXPOSITIO
969 209 1008 241 IN
1030 209 1113 242 CAP.
1139 211 1192 242 III.

170 283 261 311 homo
279 280 370 309 nescit
388 278 467 307 unde
486 277 604 313 spiritus
624 277 741 312 veniat,
764 278 812 306 vel
833 285 938 306 vocem

172 329 248 363 ejus,
264 327 334 363 quia
344 328 353 344 ¹
370 323 544 360 «inspiratio
561 323 772 359 Omnipotentis
787 325 837 352 dat
850 324 937 352 intel-

170 374 320 410 ligentiam
329 374 342 399 ⁶?
353 382 366 397 1>
378 373 452 405 Ergo
467 370 519 397 ubi
529 372 570 396 est
581 369 734 405 inspiratio
750 370 882 405 spirituS,
895 370 937 397 ibi

171 419 360 454 intelligentia
372 417 408 444 de
421 417 486 452 ipso
500 416 617 452 spiritu,
629 418 656 443 et
671 416 708 443 de
719 416 848 444 adventu
864 416 937 451 eju-5.

171 469 241 495 ltem
255 467 265 482 ‘³
280 474 286 492 :
306 474 319 490 «
330 464 429 491 Unctio
445 456 531 490 docet
546 463 582 490 de
599 463 753 497 omnibus;
766 471 862 498 »ergo
878 470 939 489 ma-

170 513 213 548 gis
228 511 264 539 de
279 511 384 546 seipso.
400 511 432 537 Et
443 508 535 536 infra³
551 518 557 536 :
575 510 668 536 «Cum
679 509 791 536 venerit
804 508 937 544 Spiritus,

170 557 287 586 docebit
301 565 354 584 vos
369 563 489 583 omnem
503 555 655 582 veritatem
671 565 677 582 :
696 565 710 580 n
727 563 797 590 ergo
821 555 939 582 docebit

170 606 197 632 et
207 604 300 638 illam,
312 602 420 630 scilicet
431 601 584 628 hominem
594 601 703 628 habere
715 601 859 636 spiritum.
869 602 939 628 Item

170 650 241 677 alibi
251 650 261 666 ¹·
278 658 284 676 :
297 659 310 674 1(
325 648 445 684 Spiritus
460 647 579 675 docebit
591 655 643 674 vos
658 647 793 674 omnia.»
809 649 840 674 Et
856 648 896 674 ita
908 649 940 674 ut

169 696 261 731 prius.
285 697 317 722 Et
343 694 382 722 ad
407 694 484 721 istud
507 693 748 729 respondendum
777 694 940 721 seeundum

170 742 341 777 Gregorium
371 751 377 769 ε
405 750 419 766 «
443 742 474 769 Si
493 743 594 768 venerit
622 741 657 768 ad
689 749 729 768 me
739 762 748 775 ,
774 749 826 768 non
847 741 939 768 videbo

171 797 229 816 eum
250 790 384 816 ⁵.·Genus
408 787 572 815 humanum
593 787 756 822 seclusum,
774 787 885 822 inquit,
901 787 939 814 ab

170 834 290 862 internis
303 833 434 869 gaudiis,
451 833 582 868 exigente
599 833 703 869 culpa,
716 833 822 861 mentis
838 833 940 860 oculos

170 881 314 917 perdidit,
329 882 356 908 et
368 879 476 916 quibus
489 880 660 907 meritorum
671 888 793 907 suorum
804 880 941 915 passibus

171 927 303 962 graditur
318 926 425 960 nescit,-
441 934 516 962 saepe
532 926 611 953 enim
631 926 744 953 donum
761 928 803 953 est
821 926 919 961 gratiae
930 947 938 960 ,

171 973 254 1009 quod
266 973 339 1001 iram
351 973 471 1008 deputat
476 981 484 1006 ,-
499 974 526 999 et
538 980 613 1008 saepe
630 972 736 1000 divinae
753 972 941 1000 districtionis

171 1020 214 1047 ira
229 1021 284 1054 est,
300 1019 382 1054 quod
398 1019 522 1054 gratiam
533 1020 624 1054 putat.
639 1030 652 1043 u
666 1020 728 1046 Haec
743 1019 792 1046 ille
808 1020 828 1045 ⁶.
845 1020 876 1046 Et
887 1026 942 1054 po-

170 1065 213 1092 nit
227 1065 362 1100 exempla
377 1065 414 1092 dc
427 1066 461 1100 (a)
479 1065 558 1092 dono
571 1065 748 1100 prophetiza,
764 1067 790 1092 et
805 1065 940 1099 magiste-

169 1111 214 1138 rio
230 1111 383 1145 doctrinae,
403 1119 468 1146 quae
483 1111 662 1146 deputantur
678 1119 732 1146 pro
750 1111 842 1146 gratia
860 1120 866 1138 :
887 1119 900 1136 «
914 1112 942 1138 et

170 1159 268 1185 tamen
282 1157 444 1193 aliquando
459 1158 612 1185 securitate
623 1157 737 1184 virtutis
751 1165 835 1185 mens
850 1157 941 1184 resol-

169 1203 256 1238 vitur,
271 1205 299 1231 et
311 1204 394 1239 quasi
410 1204 468 1231 telo
480 1204 570 1231 hostis
584 1204 758 1239 perforatur.
773 1214 785 1229 »
804 1203 941 1231 Similiter

170 1249 366 1285 exemplificat
381 1250 416 1277 de
431 1250 638 1286 prosperitate,
654 1258 720 1285 quae
739 1251 859 1285 putatur
874 1257 941 1284 gra-

169 1297 224 1330 tia,
240 1299 267 1324 et
278 1299 375 1324 tamen
390 1299 431 1324 cst
445 1297 489 1324 ira
495 1306 502 1331 3
520 1298 547 1324 et
562 1297 597 1324 de
613 1296 787 1324 adversitate
797 1317 806 1330 ,
821 1296 870 1323 vel
882 1299 942 1323 ten-

170 1342 296 1377 tatione,
313 1351 378 1378 quae
398 1345 516 1378 putatur
536 1343 596 1377 ira,
613 1345 640 1370 ct
656 1344 754 1370 tamen
776 1343 941 1378 aliquando

170 1391 212 1416 est
225 1389 327 1423 gratia.
342 1391 373 1416 Et
387 1389 428 1416 ibi
439 1389 516 1416 bene
530 1389 566 1416 de
581 1390 648 1416 hoc.
660 1390 707 1416 Est
717 1397 788 1424 ergo
804 1389 887 1424 loqui
905 1389 942 1417 de

170 1435 307 1470 originali
320 1435 433 1462 ratione
447 1435 507 1462 sive
523 1435 677 1462 occasione
698 1435 840 1463 adventus
860 1435 942 1470 spiri-

170 1483 230 1514 tus,
250 1483 277 1508 et
296 1477 337 1507 sic
356 1481 447 1508 homo
472 1481 563 1508 nescit
583 1481 663 1508 unde
683 1481 781 1508 veniat
804 1481 940 1516 spirituS,

169 1527 200 1554 id
214 1528 271 1560 est,
291 1535 351 1562 qua
371 1527 540 1562 occasione,
557 1527 596 1555 ait
616 1527 726 1555 Glossa.
749 1529 781 1555 Et
803 1530 844 1555 est
859 1528 942 1563 loqui

170 1573 207 1600 de
221 1573 323 1608 spiritu
339 1575 484 1608 quantum
499 1573 538 1601 ad
550 1582 658 1609 opera,
675 1582 740 1610 quae
751 1576 866 1602 exercet
876 1577 943 1610 post

169 1628 255 1647 suum
269 1621 446 1655 adventum,
462 1623 489 1648 et
503 1620 542 1648 sic
557 1623 652 1656 potest
666 1621 762 1649 homo
779 1622 852 1649 scire
869 1622 942 1649 sicut

169 1674 203 1694 ex
217 1667 384 1701 conjectura
399 1670 426 1694 et
444 1675 479 1695 ex
499 1668 588 1702 signis
600 1668 610 1685 ⁷
628 1677 633 1695 :
648 1670 688 1695 «A
703 1668 846 1695 fructibus
862 1668 942 1695 enim

170 1722 274 1742 eorum
288 1715 469 1749 cognoscetis
484 1723 545 1742 eos.
565 1726 577 1740 n
602 1717 632 1742 Et
650 1717 690 1742 est
705 1716 788 1751 loqui
807 1715 844 1742 de
859 1716 942 1743 finali

169 1761 385 1795 perseverantia
400 1763 427 1788 et
441 1761 524 1789 finali
538 1761 660 1789 utilitate
673 1771 679 1795 3
697 1763 724 1788 et
740 1762 781 1788 sic
794 1762 818 1788 ²³:
830 1762 943 1790 «Nescit

170 1808 260 1835 homo
276 1816 336 1844 quo
350 1808 483 1842 vadat,»
505 1808 535 1835 id
552 1811 608 1842 est,
623 1809 663 1836 ad
677 1817 770 1845 quam
786 1808 942 1844 perfectio-

171 1863 239 1882 nem
261 1855 425 1889 ducat,‘ait
446 1855 555 1883 Glossa.
572 1856 581 1871 ⁹
605 1856 720 1883 «Nescit
740 1856 831 1883 homo
849 1864 886 1883 an
902 1856 943 1884 di—

172 1901 296 1928 lectione
310 1901 360 1928 vel
376 1901 446 1929 odio
463 1902 498 1929 sit
515 1902 637 1936 dignus,
648 1912 661 1928 »
678 1902 785 1930 scilicet
806 1902 940 1930 finaliter.

209 1947 273 1974 Cum
288 1948 386 1975 audita
399 1950 484 1981 suerit
498 1956 549 1975 vom
561 1949 633 1982 ejus.-
645 1948 686 1976 ibi
698 1949 737 1976 ait
747 1949 902 1983 Gregorius
911 1949 940 1984 ¹⁰,

172 2001 322 2029 exponens
344 1994 421 2021 istud
438 2003 443 2021 :
463 2003 476 2019 «
491 1996 600 2022 Vocem
622 1995 739 2030 spiritus
759 1995 861 2022 audire
878 2016 886 2029 ,
902 1998 944 2023 est

172 2041 201 2067 vi
218 2040 454 2076 compunctionis
468 2041 499 2068 in
519 2049 652 2069 amorem
666 2041 830 2069 Conditoris
845 2049 942 2069 assur-

172 2094 249 2121 gere.
272 2087 328 2114 Sed
346 2095 435 2115 nemo
455 2088 525 2122 scit,
546 2089 616 2123 quia
637 2089 803 2123 ignoratur,
819 2097 871 2124 per
891 2097 943 2117 ora

171 2132 397 2168 praedicantium
416 2134 525 2169 quibus
549 2142 579 2162 se
601 2134 639 2162 ad
662 2142 717 2162 nos
739 2135 942 2163 occasionibus

171 2179 283 2207 fundat.
301 2190 313 2205 »
335 2181 366 2208 Et
379 2180 420 2207 ibi
434 2180 509 2208 bene
526 2180 563 2208 de
574 2180 641 2209 hoc.
654 2183 687 2209 Et
698 2189 751 2217 per
765 2181 822 2209 hoc
838 2182 876 2209 ad
891 2182 943 2210 ob-

168 2226 253 2261 jecta.
274 2226 362 2254 Aliter
386 2228 485 2255 autem
504 2227 574 2262 legit
593 2227 670 2255 istud
692 2228 914 2264 chrysostomus
933 2239 940 2257 .-

171 2272 289 2307 sz'ricus
305 2273 350 2299 ubi
364 2274 421 2300 vult
436 2275 541 2308 spirat,-
557 2274 628 2310 legit
644 2275 678 2311 (b)
695 2275 774 2302 enim
789 2275 825 2302 de
840 2275 943 2311 spiritu

171 2318 222 2354 qui
238 2321 280 2347 est
302 2322 420 2354 ventus,
437 2320 536 2348 dicens
549 2321 567 2338 ¹¹
585 2330 591 2348 :
607 2331 620 2347 «
636 2321 679 2349 Ad
702 2321 791 2349 aliam
810 2322 944 2350 transfert

171 2373 201 2392 se
216 2365 377 2400 imaginem
387 2387 396 2400 ,
412 2365 520 2394 scilicet
535 2366 678 2402 figuram,
698 2368 783 2403 quasi
798 2367 876 2396 dicat
890 2377 896 2395 :
914 2369 942 2396 Si

171 2411 259 2446 hujus
282 2412 418 2447 spiritus,
444 2413 496 2448 qui
511 2415 552 2440 est
570 2416 692 2449 ventus,
717 2415 800 2449 cujus
823 2422 942 2443 sensum

206 2507 211 2519 ¹
227 2506 290 2535 106„
306 2512 393 2536 xxxu,
409 2507 432 2530 8.
448 2519 478 2524 —-
491 2507 501 2523 2
517 2507 524 2530 1
539 2508 620 2538 Joan„
643 2514 676 2538 11,
691 2509 729 2532 2¹1.
747 2521 776 2526 —
791 2509 800 2526 ⁸
817 2510 872 2540 tuf„
888 2516 942 2540 xvs,

176 2541 210 2563 13.
228 2553 258 2558 -
276 2542 283 2555 ⁴
304 2542 360 2571 lut„
381 2547 433 2572 xiv,
453 2544 492 2565 26.
514 2555 544 2560 —
563 2544 570 2556 ⁵
590 2543 647 2573 Job,
667 2549 707 2573 ix,
732 2546 768 2567 11.
783 2557 812 2562 -
831 2546 840 2558 '²
855 2546 941 2576 Grcg.,

174 2575 273 2605 Μοναί..
288 2577 331 2601 lib.
348 2578 388 2608 lx,
405 2584 428 2601 c.
443 2583 490 2608 vn,
505 2577 538 2602 al.
554 2584 612 2609 xm,
628 2585 654 2603 n.
667 2580 706 2602 20.
717 2592 746 2596 —
757 2579 768 2596 ⁷
780 2580 882 2610 Mami„
895 2587 941 2612 vn,

176 2612 210 2633 lG.
235 2624 259 2627 ——
282 2613 290 2624 '¹
306 2613 398 2642 „Ec-cle„
423 2618 463 2642 ix,
488 2615 526 2637 12.
549 2626 577 2630 —
600 2615 609 2624 ‘¹
632 2613 704 2644 thid„
728 2617 748 2638 l.
768 2627 797 2633 —
817 2616 835 2630 ⁴¹⁸
855 2616 940 2647 Greg,

173 2645 273 2675 Marah,
301 2647 343 2671 lib.
375 2648 481 2678 xxvn,
511 2656 534 2672 c.
563 2654 620 2680 111111
648 2650 680 2674 al.
706 2655 768 2680 xxi,
795 2657 820 2674 n.
849 2653 888 2676 41.
912 2665 941 2669 —

1704 215 1761 244 297

994 277 1102 313 accipis
1114 279 1142 305 et
1155 278 1257 306 auditu
1271 280 1299 307 et
1312 280 1404 313 tactu,
1420 278 1513 306 nescis
1526 278 1621 313 viam,
1637 279 1763 314 qualiter

995 323 1087 351 divini
1095 324 1212 360 spiritus
1223 325 1368 353 actionem
1379 324 1624 352 circumscrutaris
1631 345 1639 359 ,
1652 333 1686 352 ea
1697 333 1762 361 quae

995 370 1073 397 venti
1087 373 1154 398 sunt
1167 372 1318 399 nesciens?
1328 382 1341 398 »
1356 373 1417 399 Haec
1432 371 1492 398 ille.
1509 372 1540 398 Et
1552 371 1620 398 idco
1635 371 1674 398 ait
1688 372 1763 400 infra

996 416 1033 451 (v.
1047 417 1091 452 12)
1105 426 1111 444 :
1127 418 1157 445 Si
1172 422 1277 446 terrena
1292 420 1353 446 (lixi
1362 420 1435 446 vobis
1445 440 1453 453 ‚
1470 418 1579 445 scilicet
1593 419 1762 454 exemplum

995 462 1032 489 de
1050 464 1189 499 terrenis,
1208 467 1239 492 ut
1258 465 1294 492 de
1310 468 1411 500 vento,
1431 467 1461 492 ut
1477 465 1517 492 ait
1539 464 1619 492 idem
1639 465 1764 500 Chryso-

995 511 1115 537 stomus.
1131 511 1187 539 Sed
1200 511 1268 538 huic
1278 511 1396 539 lecturae
1408 519 1469 539 non
1480 511 1621 539 consentit
1631 512 1762 546 Augusti-

995 564 1050 583 nus
1063 556 1164 584 dicens
1175 557 1206 591 ¹²,
1220 558 1302 593 quod
1315 567 1327 584 «
1337 559 1405 586 huic
1418 566 1478 586 non
1489 558 1658 592 concordat,
1680 558 1763 593 quod

996 602 1101 630 dicitur
1114 603 1179 630 hic:
1196 605 1284 631 Nescis
1299 605 1369 631 unde
1380 606 1470 632 veniat
1485 609 1507 631 et
1522 612 1572 639 quo
1586 605 1680 631 vadat.
1695 604 1765 638 Quis

996 649 1074 676 enim
1088 657 1149 676 non
1167 649 1267 677 videat
1282 652 1412 678 austrum
1427 658 1444 678 a
1458 650 1580 678 meridie
1595 650 1634 678 ad
1649 649 1765 685 aquilo-

995 702 1078 729 nem,
1094 697 1144 722 aut
1160 695 1251 723 alium
1266 698 1387 723 ventum
1402 697 1567 724 venientem
1586 697 1623 724 ab
1652 696 1763 724 oriente

996 741 1035 768 ad
1053 741 1245 777 aquilonem?
1260 752 1273 769 »
1291 743 1376 778 quasi
1401 743 1508 770 diceret
1525 752 1531 770 z
1548 743 1659 770 NulluS.
1681 743 1764 770 Forte

996 789 1094 815 tamen
1112 788 1242 824 loquitur
1257 789 1480 824 chrysostomus
1495 789 1532 816 de
1555 791 1642 816 vento
1670 797 1764 824 quan-

996 836 1057 861 tum
1073 835 1112 862 ad
1126 835 1225 862 locum
1249 835 1369 870 originis
1381 856 1390 870 ,
1407 835 1455 862 vel
1469 835 1622 863 adventus.
1648 837 1680 862 Et
1695 835 1766 870 quia

997 880 1091 908 dixit:
1111 882 1232 916 Spiritus
1252 882 1299 908 ubi
1322 883 1381 909 vult
1401 883 1508 916 spirat,
1531 881 1598 908 ideo
1615 881 1764 917 sequitur3

996 927 1040 954 Sic
1055 930 1093 954 est
1106 930 1190 955 omnis
1203 930 1250 962 qui
1264 930 1342 955 natus
1354 930 1392 955 est
1405 936 1437 955 eoe
1445 930 1562 963 spiritu,
1575 928 1659 964 quasi
1670 928 1747 955 dicat
1759 937 1766 955 :

997 973 1074 1000 Sicut
1088 973 1230 1001 adventus
1244 974 1361 1009 spiritus
1375 981 1437 1001 non
1453 974 1713 1009 comprehenditur
1728 974 1766 1001 ab

997 1020 1132 1054 homine,
1152 1020 1192 1047 sic
1207 1028 1259 1048 nec
1275 1020 1424 1055 generatio
1440 1028 1477 1047 ex
1500 1020 1618 1056 spiritu,
1635 1028 1669 1048 eo
1685 1020 1768 1056 quod

997 1066 1152 1094 invisibilis
1171 1069 1222 1094 est.
1239 1069 1279 1094 Ex
1294 1067 1378 1094 dictis
1392 1067 1518 1100 videtur,
1535 1067 1618 1102 quod
1631 1067 1686 1093 nisi
1704 1067 1769 1102 quis

997 1112 1082 1140 fuerit
1095 1115 1212 1140 renatus
1232 1121 1267 1140 ex
1293 1121 1372 1148 aqua
1392 1114 1419 1140 et
1438 1112 1555 1148 spiritu,
1580 1120 1641 1140 non
1656 1112 1770 1140 videbit

997 1166 1121 1193 regnum
1136 1159 1200 1186 Dei:
1212 1167 1279 1186 cum
1292 1161 1390 1186 tamen
1402 1158 1539 1186 instantia
1551 1158 1587 1185 sit
1599 1158 1629 1185 in
1645 1158 1770 1194 quibus-

999 1204 1068 1232 dam
1083 1205 1262 1240 martyribus
1282 1206 1405 1233 mortuis
1421 1214 1475 1241 pro
1491 1206 1672 1233 confessione
1692 1205 1770 1233 Chri-

998 1251 1048 1285 sti,
1064 1253 1091 1278 et
1105 1251 1236 1279 similiter
1248 1252 1383 1280 instantia
1402 1252 1438 1280 de
1454 1252 1583 1285 latrone,
1597 1252 1644 1279 cui
1658 1252 1770 1279 dictum

999 1299 1040 1325 est
1054 1298 1071 1313 ¹³
1086 1306 1092 1324 ε
1109 1298 1195 1325 Hodie
1212 1300 1264 1325 eris
1278 1307 1376 1325 mecum
1392 1300 1421 1325 z'n
1435 1299 1578 1331 Pav-adz'so,
1595 1300 1622 1325 et
1635 1298 1671 1325 de
1686 1305 1769 1325 sanc-

998 1343 1111 1371 tificatis
1124 1343 1154 1370 111
1168 1345 1262 1371 utero.
1280 1345 1336 1372 Sed
1352 1345 1388 1372 de
1404 1344 1449 1372 his
1471 1345 1608 1372 omnibus
1621 1365 1630 1378 ,
1644 1345 1769 1380 qualiter

998 1390 1163 1425 salvantur,
1197 1393 1301 1426 quarto
1325 1391 1521 1418 Sententiarum
1540 1392 1561 1408 Π*
1582 1391 1768 1418 sufficienter.

1032 1439 1102 1465 Item
1117 1439 1252 1472 qurerunt
1266 1437 1357 1473 aliqui
1370 1437 1432 1472 hic,
1452 1437 1573 1473 quando
1590 1437 1643 1464 fuit
1662 1437 1770 1473 baptis-

997 1491 1063 1510 mus
1077 1483 1236 1517 institutus,
1254 1483 1324 1519 quia
1345 1492 1420 1519 saepe
1435 1483 1567 1519 loquitur
1586 1483 1717 1511 Salvator
1732 1484 1769 1512 de

996 1530 1061 1565 ipso
1072 1530 1102 1557 in
1110 1530 1278 1565 Evangelio.
1289 1532 1321 1557 Et
1329 1530 1367 1557 ad
1377 1530 1454 1557 istud
1462 1530 1656 1566 respondetur
1665 1531 1771 1564 magis-

998 1576 1115 1610 traliter,
1131 1577 1216 1612 quod
1231 1576 1396 1612 baptismus
1410 1576 1464 1604 fuit
1477 1576 1622 1604 institutus
1637 1576 1770 1604 materia—

997 1622 1072 1657 liter,
1084 1623 1204 1658 quando
1219 1623 1307 1651 Filius
1322 1623 1370 1650 Dei
1385 1623 1548 1658 baptizatus
1560 1625 1612 1656 est,
1627 1631 1717 1658 supra
1730 1623 1750 1640 ¹⁵
1759 1633 1767 1658 ;

998 1669 1129 1696 effective
1148 1677 1218 1697 vero
1240 1669 1295 1697 suit
1314 1670 1476 1705 institutae,
1500 1669 1622 1705 quando
1642 1670 1768 1697 Christus

997 1723 1099 1750 passus
1121 1717 1180 1750 est,
1202 1723 1219 1743 a
1242 1724 1300 1751 qua
1319 1716 1456 1751 passione
1480 1716 1570 1743 habet
1591 1716 1767 1751 efficaciam,

997 1762 1077 1789 unde
1090 1764 1116 1789 et
1126 1762 1163 1789 de
1178 1762 1266 1789 latere
1279 1762 1341 1789 Filii
1356 1762 1405 1789 Dei
1420 1764 1505 1789 eoec'vz't
1521 1764 1632 1797 sanquis
1647 1766 1672 1790 et
1687 1771 1767 1797 aqua,

997 1808 1073 1835 infra
1086 1808 1121 1841 16;
1137 1808 1299 1836 formaliter
1319 1816 1389 1836 vero
1404 1808 1458 1836 suit
1473 1809 1618 1836 institutus
1634 1811 1700 1844 post
1721 1817 1768 1836 re-

997 1855 1208 1882 surrectionem
1221 1875 1229 1889 ,
1259 1855 1380 1890 quando
1408 1855 1496 1883 Filius
1520 1855 1569 1882 Dei
1602 1855 1683 1883 dedit
1709 1855 1769 1883 for-

997 1909 1078 1928 mam
1088 1903 1123 1936 173
1133 1901 1258 1929 finaliter
1273 1909 1343 1929 vero
1354 1902 1407 1929 fuit
1420 1902 1468 1929 hic
1478 1901 1632 1936 institutus,
1648 1902 1769 1937 quando

997 1947 1127 1975 Salvator
1141 1948 1294 1975 utilitatem
1310 1950 1337 1976 et
1350 1948 1552 1976 necessitatem
1567 1948 1706 1983 baptismi
1722 1948 1770 1976 de-

997 1994 1118 2022 claravit
1133 1996 1160 2021 et
1174 1994 1354 2029 divulgavit,
1371 1994 1471 2022 dicens
1486 1994 1529 2021 ibi
1545 2003 1551 2021 :
1567 1995 1631 2023 Nisi
1645 1996 1705 2029 quis
1726 2003 1768 2022 re-

996 2045 1077 2068 natus
1099 2042 1198 2073 faerit,
1221 2042 1274 2068 etc.

1034 2089 1103 2114 ltem
1118 2089 1253 2122 quaerunt
1267 2086 1358 2122 aliqui
1373 2095 1391 2114 a
1406 2095 1465 2122 quo
1480 2088 1612 2123 tempore
1624 2087 1678 2115 fuit
1692 2087 1768 2115 obli-

997 2133 1075 2168 gatio
1094 2133 1133 2160 ad
1147 2133 1338 2168 baptismum.
1356 2133 1476 2160 Videtur
1491 2133 1573 2169 quod
1594 2141 1672 2161 nunc
1683 2154 1692 2168 ,
1708 2134 1768 2161 sive

997 2181 1155 2215 postquam
1176 2179 1310 2207 Salvator
1333 2179 1534 2214 promulgavit
1551 2180 1636 2207 istam
1655 2182 1769 2207 senten-

998 2226 1067 2253 tiam
1084 2234 1090 2253 :
1112 2226 1175 2253 Nisi
1197 2227 1257 2260 quis
1272 2229 1381 2253 renatus
1397 2227 1501 2259 faerit,
1518 2227 1570 2253 etc.
1590 2225 1634 2253 Ad
1656 2227 1769 2254 contra-

997 2272 1074 2300 rium
1093 2272 1220 2306 videtur,
1245 2272 1326 2308 quod
1347 2272 1468 2307 quando
1488 2272 1565 2299 misit
1588 2271 1767 2308 discipulos,

997 2321 1028 2347 ut
1042 2319 1229 2355 baptizarent
1249 2328 1256 2346 z
1272 2326 1342 2353 crgo
1359 2320 1424 2346 ante
1439 2325 1500 2346 non
1515 2317 1632 2346 fuerunt
1645 2318 1768 2354 obligati

996 2365 1132 2394 homines
1155 2365 1194 2393 ad
1217 2364 1409 2400 baptismum.
1432 2366 1465 2392 Et
1487 2364 1526 2392 ad
1541 2365 1619 2393 istud
1645 2373 1768 2402 respon-

999 2455 1015 2471 ¹¹
1028 2455 1169 2486 Chrysost.,
1181 2453 1223 2477 ubi
1238 2460 1294 2484 sup.
1310 2459 1395 2484 prox„
1408 2460 1434 2477 n.
1447 2455 1470 2478 2.
1481 2466 1511 2472 ·-
1526 2453 1543 2468 ¹²
1556 2454 1631 2486 Aug„
1647 2456 1672 2478 z'n
1685 2456 1766 2486 Jocm„

997 2492 1069 2514 tract.
1090 2495 1141 2519 xli,
1157 2495 1182 2513 11.
1199 2490 1221 2512 7.
1238 2501 1264 2506 -
1285 2488 1306 2504 ¹³
1321 2489 1387 2519 Luc„
1406 2494 1481 2519 xxm,
1498 2490 1536 2513 43.
1552 2502 1582 2507 -
1600 2490 1620 2506 ¹³
1639 2490 1669 2514 lV
1688 2490 1767 2519 Seni„

997 2525 1054 2549 dist.
1071 2530 1104 2554 iv,
1120 2524 1173 2555 huj.
1185 2524 1277 2547 nostrae
1288 2523 1347 2548 edit.
1361 2526 1422 2548 tom.
1435 2524 1467 2555 V,
1481 2531 1539 2556 pag.
1554 2526 1607 2549 338.
1618 2536 1649 2542 —
1663 2525 1681 2541 ¹⁵
1693 2526 1765 2556 Sap„

998 2567 1015 2591 1,
1030 2561 1076 2590 33,
1092 2559 1192 2589 Mami„
1208 2564 1249 2589 111,
1265 2559 1301 2583 Π.
1313 2572 1343 2577 -
1356 2559 1449 2590 ¹⁶1nt'.‚
1464 2565 1519 2590 x1x,
1534 2560 1573 2584 34.
1586 2573 1616 2578 -
1632 2560 1650 2576 ¹⁷
1661 2560 1764 2589 Matth„

997 2601 1088 2625 xrvm,
1106 2596 1142 2618 19.

1026 2649 1060 2679 (a)
1076 2648 1136 2672 Coet.
1151 2646 1211 2670 edit.
1231 2648 1264 2670 et.
1282 2659 1312 2664 —-
1326 2646 1357 2677 (b)
1374 2647 1434 2671 Item
1449 2647 1548 2678 legitur.

1807 1443 1890 1470 Baptis-

1810 1481 1860 1495 mus

1794 1505 1881 1533 quando

1794 1537 1879 1557 institu-

1792 1570 1836 1589 tus.
