1987 3032
259 200 316 231 188
795 201 1006 234 EVANGELll
1030 202 1170 234 SANCTl
1193 202 1304 234 LUCAE

258 269 480 309 praesentium,
504 270 609 300 subdit
629 279 636 300 :
663 270 753 301 Dz'oee't
770 278 845 309 erqo
864 269 907 300 eis
931 278 942 300 .·
960 269 1029 301 Sed

258 331 344 353 mme
360 323 418 362 qui
430 323 522 353 habel
544 323 720 361 sacculum,
738 323 828 353 tollat
841 323 986 353 simllz'cer
997 326 1026 352 et

254 385 387 416 peram,
411 376 449 406 ad
470 375 740 407 sustentationem.
769 376 856 406 Unde
884 375 989 406 Glossa
1014 385 1021 406 ε

260 440 274 458 <1
295 428 431 459 instante
446 438 521 459 vero
540 429 650 459 mortis
670 430 813 467 articulo,
838 432 869 459 et
890 432 954 460 tota
973 430 1025 460 illa

258 484 353 521 gente
382 484 539 521 pastorem
570 482 664 512 simul
691 485 721 513 et
749 491 884 521 gregem
916 492 1024 522 perse-

257 537 384 574 quente,
401 544 577 573 congruam
600 535 734 575 tempori
754 536 901 574 regulam
917 536 1023 565 decer-

258 589 315 625 nit,
332 587 515 627 permittens
532 590 568 618 ut
588 588 699 619 tollant
718 589 893 619 necessaria
913 589 1022 627 victui,

256 641 356 671 donec.
369 641 469 679 sopita
487 643 723 680 persecutorum
744 642 866 672 insania
877 666 884 678 ‚
900 646 1025 681 tempus

257 693 494 732 evangelizandi
505 694 622 724 redeat.
634 705 648 722 »
665 694 762 725 Datur
775 697 881 725 autem
899 694 950 725 hic
965 695 1023 725 sor-

256 756 319 784 ma,
335 748 370 777 ut
385 747 467 777 inter
482 747 624 777 infideles
638 750 668 778 et
678 750 860 786 extraneos,
872 750 901 778 et
917 757 1023 787 perse-

257 802 390 840 quentes
403 800 577 830 doctrinam
591 801 744 839 veritatis,
761 810 825 831 non
840 801 1025 839 negligatur

256 853 394 893 provisio
416 854 663 884 sustentationis.
690 853 777 884 Unde
801 854 909 884 Glossa
928 864 936 884 ι
962 854 1024 885 «Si

256 917 312 946 per
335 907 539 946 inhospitales
562 908 708 946 regiones
730 908 912 947 pergimus,
936 909 1025 948 plura

255 960 361 990 viatici
375 969 470 990 causa
484 960 556 991 licet
568 961 658 998 t'erri,
674 970 772 1000 quam
787 961 871 992 domi
886 961 1023 992 habeba-

255 1022 336 1044 mus.
359 1023 374 1041 »
400 1013 438 1043 Et
458 1014 533 1053 quia
556 1014 589 1044 in
614 1015 830 1054 persecutione
849 1024 912 1045 non
931 1015 1025 1046 instat

255 1067 359 1097 solum
367 1067 543 1106 periculum
555 1068 645 1098 famis
655 1068 694 1097 ab
704 1068 798 1106 intra,
806 1077 921 1099 verum
929 1069 1023 1099 etiam

254 1120 432 1159 periculum
455 1121 665 1160 oppressionis
688 1121 728 1151 ab
754 1124 854 1159 extra,
876 1121 946 1152 ideo
967 1122 1022 1152 ad-

255 1173 300 1202 dit
312 1184 318 1202 :
329 1173 360 1204 E
362 1177 374 1202 t
383 1174 441 1213 qui
452 1174 628 1211 nonhabet,
643 1174 760 1204 vendat
769 1175 909 1204 [unicam
918 1185 1021 1211 suam,

256 1231 285 1256 et
299 1231 383 1257 emat
396 1227 560 1266 ylaclz‘um,
578 1228 616 1258 ad
635 1229 860 1259 defensionem.
879 1229 917 1259 Et
934 1229 1024 1259 debet

255 1280 393 1319 suppleri
411 1281 600 1311 affirmative
616 1289 623 1310 :
639 1281 676 1311 Et
691 1282 745 1321 qui
758 1281 852 1312 habet
866 1282 1022 1320 gladium,

255 1332 343 1363 tollat
357 1333 483 1371 scilicet,
508 1336 537 1364 et
560 1335 615 1373 qui
635 1343 699 1365 non
720 1334 823 1371 hahet,
848 1338 941 1365 emat.
964 1334 1023 1366 Sed

255 1395 327 1416 oum
344 1386 497 1417 Dominus
518 1388 595 1417 nolit
619 1388 790 1419 vindictam
804 1388 872 1418 fieri
892 1398 910 1418 a
928 1389 1022 1427 spiri-

255 1439 394 1470 tualibus
409 1440 498 1477 viris,
514 1441 627 1480 utquid
642 1441 770 1471 mandat
784 1441 927 1480 gladium
942 1442 1022 1472 emi?

255 1491 342 1522 Unde
357 1493 542 1524 Ambrosius
557 1495 565 1510 ¹
587 1505 593 1524 z
619 1506 634 1523 (ι
654 1494 716 1525 Cur
730 1504 834 1525 emere
845 1495 939 1533 jubes
953 1495 1024 1533 gla-

255 1545 354 1584 dium,
374 1546 429 1586 qui
451 1556 501 1576 me
523 1547 616 1577 ferire
637 1548 806 1587 prohibes?
831 1548 893 1578 Cur
913 1549 1023 1579 haberi

255 1599 409 1638 praecipis,
432 1609 529 1639 quem
552 1602 639 1631 vetas
655 1601 781 1640 promi?
807 1600 872 1631 Nisi
891 1602 970 1631 sorte
988 1605 1023 1632 ut

254 1651 293 1681 sit
304 1654 413 1691 parata
423 1653 571 1690 defensio,
586 1662 650 1684 non
658 1654 736 1684 ultio
745 1655 930 1691 necessaria,
940 1657 969 1685 et
978 1655 1024 1685 vi-

253 1704 328 1735 dear
342 1706 479 1744 potuisse
490 1706 654 1743 vindicari,
669 1707 724 1737 sod
737 1707 908 1737 noluisse.»
920 1707 1023 1738 Potest

253 1757 348 1788 etiam
363 1758 439 1797 diei,
455 1759 539 1798 quod
555 1759 593 1789 ad
614 1760 810 1799 spiritualem
829 1760 1023 1790 intellectum

254 1811 398 1849 refertur,
423 1814 459 1842 ut
477 1821 533 1851 per
551 1822 664 1852 peram
679 1813 877 1852 intelligatur
891 1814 1024 1844 ass‘ectus

253 1864 388 1902 pietatis,
413 1865 587 1896 secundum
614 1865 693 1896 illud
711 1866 721 1882 ²
743 1876 749 1895 z
781 1877 795 1894 «
815 1866 1023 1906 Eleemosyna

253 1917 313 1947 viri
326 1917 417 1956 quasi
429 1918 574 1948 sacculus
592 1918 630 1957 (α)
648 1928 720 1949 cum
734 1919 813 1958 ipso.
830 1930 843 1947 n
863 1919 900 1950 Et
916 1919 948 1949 in
964 1920 1023 1950 hac

253 1979 328 2009 pera
342 1973 543 2010 reponuntur
556 1971 675 2010 lapides
697 1972 735 2002 de
749 1974 887 2003 torrente
902 1974 1022 2013 passio—

252 2023 318 2061 nis,
344 2024 520 2054 secundum
539 2024 618 2055 illud
637 2025 647 2041 ³
664 2036 670 2055 z
693 2037 706 2054 α
731 2025 835 2064 Elegit
848 2026 906 2056 sibi
924 2026 1022 2057 David

252 2076 395 2116 quinque
416 2077 652 2117 limpidissimos
673 2078 792 2117 lapides
812 2079 850 2110 de
871 2082 1019 2117 torrente,

252 2132 283 2160 et
295 2130 380 2160 misit
394 2139 446 2160 eos
461 2130 492 2160 in
508 2139 616 2170 peram
629 2132 830 2171 pastoralem.
845 2144 859 2161 »
881 2133 941 2164 Per
957 2133 1022 2171 gla-

251 2183 340 2214 dium
348 2186 453 2214 autem
464 2184 655 2223 intelligitur
664 2185 751 2215 zelus
760 2186 912 2224 veritatis,
926 2196 1022 2226 quem

251 2236 343 2267 debet
358 2237 453 2268 homo
468 2238 570 2277 primo
584 2238 644 2268 sibi
659 2239 857 2278 praecingere
867 2249 924 2280 per
935 2249 1020 2270 mor-

252 2289 454 2321 tificationem
493 2291 685 2322 carnalitatis
717 2293 873 2332 propriae,
909 2303 1021 2324 secun-

252 2341 329 2372 dum
343 2343 421 2374 illud
439 2344 448 2360 ⁶
464 2355 471 2374 :
493 2355 507 2373 α
529 2344 705 2384 Accingere
719 2346 825 2385 gladio
847 2349 902 2377 tuo
925 2356 1021 2386 super

253 2394 356 2425 femur
370 2398 475 2434 tuum,
495 2398 722 2437 potentissime.
739 2410 753 2427 »
772 2398 810 2429 Et
823 2400 832 2415 ⁵
849 2410 855 2429 :
878 2411 892 2428 «
905 2399 1021 2431 Unius-

252 2449 406 2488 cujusque
427 2451 510 2480 ensis
533 2460 628 2490 super
642 2452 870 2492 femursuum,
893 2456 1022 2493 propter

252 2501 382 2532 timores
401 2505 581 2534 nocturnos.
599 2514 614 2532 »
637 2504 675 2535 Et
696 2506 788 2536 debet
801 2506 967 2545 evaginari
982 2507 1020 2537 ad

283 2599 291 2615 ¹
305 2598 422 2623 Ambros.
438 2600 463 2623 in
478 2600 556 2630 Luem,
571 2600 613 2625 lib.
631 2602 661 2631 x,
677 2608 702 2625 n.
721 2604 758 2626 53.
775 2617 804 2621 —
825 2603 836 2619 ¹
851 2603 940 2633 Ecctz'„
956 2609 1021 2633 xvn,

254 2635 290 2658 18.
305 2649 336 2653 --
350 2634 464 2666 ⁸1Req.,
481 2641 543 2665 xvii,
558 2637 595 2659 40.
611 2649 640 2653 —
658 2638 662 2650 ⁸
679 2637 743 2661 I'sul.
761 2644 828 2667 λων,
845 2640 899 2662 4.-
914 2639 924 2655 ⁸
939 2639 1021 2669 Cant„

253 2675 292 2700 111,
312 2671 333 2695 8.
353 2683 383 2688 -
399 2671 408 2685 ⁶
422 2671 522 2700 let-em„
539 2677 637 2701 xuni,
655 2674 691 2696 ιο.
710 2685 739 2690 -
756 2673 764 2688 ⁷
784 2674 857 2704 Jnel„
877 2680 917 2704 111,
940 2675 975 2698 10.
993 2687 1021 2692 -

1080 269 1340 307 redargutionem
1367 271 1558 301 carnalitatis
1586 270 1708 309 alienae,
1738 280 1849 303 secun-

1079 322 1157 352 dum
1172 322 1249 352 illud
1264 321 1275 338 ⁶
1290 334 1296 352 ε
1319 333 1332 351 α
1349 323 1528 354 Maledictus
1548 324 1603 363 qui
1621 323 1765 363 prohibet
1779 323 1848 362 gla-

1079 373 1168 403 dium
1183 382 1278 403 suum
1301 383 1319 404 a
1338 375 1507 413 sanguine.
1525 386 1539 402 υ
1559 374 1596 405 Et
1611 375 1642 404 ⁷:
1662 386 1676 403 α
1691 374 1848 405 Concidite

1079 429 1183 457 aratra
1200 429 1302 457 vestra
1313 426 1343 456 in
1356 427 1488 465 gladios,
1503 430 1534 458 et
1548 428 1671 466 ligones
1684 429 1804 458 vestros
1815 428 1848 458 in

1079 480 1212 510 lanceas.
1227 480 1372 510 infirmus
1380 480 1475 511 dicat:
1487 481 1566 517 Quia
1574 482 1662 512 t'ortis
1670 490 1732 519 ego
1742 490 1844 511 sum.»

1080 532 1154 563 Haec
1164 533 1236 571 duo,
1255 532 1369 563 scilicet
1384 542 1458 572 pera
1471 536 1501 564 et
1509 534 1646 572 gladius,
1659 534 1848 565 assumenda

1079 588 1153 615 sunt
1177 586 1210 616 in
1235 586 1447 622 tribulatione,
1468 588 1504 617 ut
1524 587 1671 626 pietatem
1695 587 1734 618 ad
1753 589 1846 618 natu‘-

1079 649 1148 670 ram
1164 640 1215 679 (b),
1232 640 1333 670 zelum
1350 650 1425 671 vero
1439 643 1548 671 contra
1565 641 1642 671 vitia
1660 641 1846 672 habeamus.

1119 693 1233 731 Tertio,
1252 696 1408 733 quantum
1423 694 1460 724 ad
1477 693 1709 733 providentiam
1723 694 1847 725 futuro-

1079 755 1169 783 rum,
1187 746 1356 785 subjungit
1371 748 1414 784 (v.
1439 749 1486 784 37)
1510 756 1518 776 :
1542 747 1618 777 Dico
1642 747 1727 777 enim
1750 746 1848 784 vobis,

1079 800 1232 839 quoniam
1247 799 1350 829 adhuc
1365 799 1452 839 quod
1459 799 1516 830 lzoc
1525 800 1679 839 scriptum
1692 803 1746 837 est,
1760 808 1851 840 opor-

1080 856 1122 882 tet
1137 852 1265 892 impleri
1279 853 1312 882 ῖη
1326 862 1395 882 me:
1411 853 1536 884 Etcum
1550 853 1668 892 iniquis
1682 852 1850 892 deputam

1080 910 1134 936 est.
1159 908 1169 925 ⁸
1195 917 1209 934 «
1226 905 1366 936 Tradidit
1387 906 1418 936 in
1438 909 1573 937 mortem
1589 906 1730 936 animam
1745 915 1848 944 suam,

1079 961 1110 989 et
1119 968 1192 989 cum
1202 958 1359 989 sceleratis
1368 961 1532 998 reputatus
1541 961 1597 990 est.
1610 970 1624 987 ι)
1640 959 1702 990 Con
1706 967 1788 997 grue
1797 968 1852 989 au-

1078 1014 1144 1042 tem
1160 1012 1220 1042 hoc
1236 1011 1387 1042 Dominus
1401 1012 1543 1051 praedicit
1563 1012 1618 1050 eis,
1642 1014 1679 1042 ut
1692 1020 1733 1042 ex
1747 1012 1851 1042 consi-

1079 1063 1186 1093 derata
1210 1063 1351 1101 passione
1379 1072 1436 1092 sua
1464 1065 1630 1093 armentur
1652 1065 1683 1093 et
1703 1062 1850 1093 animen-

1079 1118 1144 1152 tur,
1173 1115 1348 1145 secundum
1377 1115 1454 1146 illud
1483 1116 1493 1131 ⁹
1522 1127 1528 1145 :
1557 1127 1571 1144 α
1600 1115 1722 1146 Christo
1749 1115 1851 1154 igitur

1079 1177 1182 1208 passo,
1197 1180 1212 1196 »
1231 1170 1302 1205 etc„
1322 1180 1336 1196 «
1351 1171 1381 1199 et
1396 1177 1453 1199 vos
1469 1168 1579 1199 eadem
1598 1168 1788 1207 cogitatione
1803 1178 1850 1199 ar-

1079 1221 1221 1252 mamini.
1233 1233 1248 1249 »
1268 1221 1342 1251 llaee
1356 1224 1403 1252 est
1418 1224 1579 1252 armatura
1593 1221 1784 1261 accipienda,
1801 1231 1848 1253 se-

1079 1275 1221 1305 cundum
1236 1274 1314 1304 illud
1330 1275 1351 1290 ¹⁰
1368 1285 1374 1304 :
1392 1286 1406 1303 t(
1421 1275 1557 1314 Accipite
1572 1277 1768 1305 armaturam
1783 1274 1848 1312 Dei,

1080 1330 1117 1358 ut
1133 1327 1256 1366 possitis
1276 1327 1421 1357 resistere
1443 1327 1475 1357 in
1498 1327 1548 1357 die
1572 1327 1666 1358 malo.
1683 1338 1697 1355 n
1717 1327 1754 1358 Et
1769 1336 1849 1367 quo-

1079 1381 1166 1410 niam
1180 1379 1260 1410 nihil
1276 1380 1381 1418 magis
1396 1380 1517 1410 animat
1531 1379 1695 1410 hominem
1711 1380 1744 1410 in
1754 1380 1851 1410 tribu-

1079 1435 1205 1471 latione,
1223 1443 1319 1473 quam
1331 1433 1538 1464 consideratio
1549 1433 1631 1471 finis,
1646 1433 1715 1463 ideo
1726 1433 1851 1463 subdit:

1079 1488 1209 1519 Etenim
1231 1495 1269 1516 ea
1289 1496 1362 1526 qzcce
1377 1490 1451 1516 sunt
1471 1486 1509 1516 [le
1531 1496 1593 1523 me,
1608 1486 1706 1524 finem
1721 1485 1848 1523 habent,

1076 1541 1196 1571 scilicet
1221 1549 1276 1579 per
1304 1539 1483 1579 passionem
1507 1538 1742 1568 imminentem.
1769 1537 1849 1568 Nam

1079 1602 1177 1633 supra
1194 1593 1308 1623 dicitur
1325 1594 1343 1609 ²¹
1363 1603 1369 1623 z
1384 1604 1398 1621 «
1414 1591 1729 1622 Consummabuntur
1743 1591 1851 1621 omnia

1079 1656 1152 1686 quae
1173 1647 1287 1685 scripta
1309 1648 1382 1676 sunt
1396 1654 1452 1685 per
1470 1644 1644 1684 Prophetas
1659 1643 1696 1674 de
1711 1643 1778 1674 filio
1792 1643 1848 1674 ho-

1080 1703 1185 1732 minis.
1207 1713 1221 1730 ›>
1251 1702 1285 1732 In
1305 1702 1364 1731 hac
1386 1701 1514 1740 quidem
1536 1700 1623 1730 finali
1649 1699 1850 1730 tribulatione

1079 1764 1144 1786 non
1159 1755 1251 1786 debet
1272 1764 1339 1785 esse
1358 1754 1496 1784 defectus
1516 1752 1686 1792 spiritualis
1704 1755 1850 1783 armatu-

1079 1818 1135 1846 rae,
1153 1818 1225 1849 quae
1241 1816 1407 1847 nunquam
1421 1807 1521 1837 deerit
1533 1806 1696 1843 Ecclesiae;
1711 1806 1743 1835 in
1759 1806 1851 1845 cujus

1079 1862 1331 1902 designationem
1355 1860 1460 1891 subdit
1482 1861 1524 1897 (v.
1548 1861 1596 1896 38)
1616 1869 1622 1889 :
1645 1860 1687 1890 At
1701 1858 1750 1889 illi
1761 1858 1849 1889 dixe-

1080 1919 1156 1946 runt
1171 1924 1181 1945 .·
1198 1915 1344 1951 Domine,
1370 1922 1436 1943 ecee
1458 1912 1560 1951 (slatle'i
1576 1911 1639 1941 cluo
1656 1911 1716 1942 lze'c.
1739 1912 1780 1943 Ac
1799 1912 1851 1943 ille

1079 1968 1161 1998 dixit
1185 1968 1228 1998 eis
1251 1976 1261 1998 :
1284 1967 1373 1998 Satis
1397 1970 1451 1996 est.
1474 1965 1522 1995 Ex
1537 1974 1600 2004 quo
1615 1966 1745 2004 apparet
1765 1965 1850 2004 quod

1079 2022 1214 2053 verbum
1231 2019 1345 2050 Christi
1367 2018 1438 2058 plus
1452 2018 1588 2048 refertur
1602 2017 1641 2048 ad
1657 2017 1849 2049 intellectum

1079 2073 1293 2114 spiritualem,
1310 2081 1406 2112 quam
1419 2071 1589 2102 carnalem.
1607 2070 1686 2102 Nam
1703 2071 1766 2102 duo
1779 2070 1851 2110 gla-

1078 2126 1121 2156 dii
1147 2133 1312 2164 uunquam
1343 2123 1417 2153 satis
1442 2124 1545 2152 essent
1570 2122 1608 2152 ad
1637 2121 1849 2164 defensionem

1079 2181 1186 2210 contra
1209 2178 1294 2208 illam
1318 2174 1584 2206 innumerabilem
1598 2174 1847 2212 multitudinem,

1079 2233 1135 2273 qui
1151 2241 1224 2262 cum
1240 2230 1352 2270 gladiis
1376 2231 1406 2259 et
1422 2228 1556 2259 fustibus
1570 2229 1738 2257 venerunt.
1760 2227 1848 2264 Quod

1079 2295 1159 2325 ergo
1174 2285 1257 2321 dicit,
1276 2283 1364 2315 Satis
1380 2285 1435 2318 est,
1453 2280 1640 2319 intelligitur
1656 2280 1694 2310 de
1709 2280 1847 2319 signato.

1078 2340 1157 2372 Nam
1178 2347 1234 2378 per
1248 2337 1327 2368 duos
1342 2336 1400 2366 hos
1413 2334 1534 2373 gladios
1550 2333 1772 2372 intelliguntur
1786 2333 1849 2364 duo

1079 2393 1280 2424 Testamenta
1297 2391 1329 2427 ¹²,
1349 2389 1382 2419 in
1397 2388 1514 2428 quibus
1529 2386 1688 2417 sufficiens
1707 2386 1847 2417 contine-

1078 2449 1130 2478 tur
1154 2444 1310 2480 doctrina,
1334 2442 1373 2473 ad
1396 2440 1622 2471 defendendam
1636 2438 1848 2470 universalem

1081 2524 1089 2535 ⁸
1102 2522 1161 2551 lxm,
1177 2526 1234 2550 ΜΗ,
1251 2520 1288 2543 12.
1307 2531 1337 2536 -
1352 2517 1379 2540 '³1
1396 2517 1518 2545 Petr.,1v,
1530 2516 1552 2537 1.
1568 2526 1598 2531 -—
1613 2513 1633 2530 ¹0
1644 2512 1745 2552 fijplnes.³
1760 2518 1796 2551 rt,
1810 2514 1847 2538 ¹3.

1080 2558 1095 2573 ¹¹
1113 2559 1187 2587 sup„
1207 2560 1288 2584 xvni,
1304 2554 1342 2577 31.
1355 2566 1381 2569 —
1405 2551 1423 2568 ¹²
1446 2550 1481 2573 lta
1496 2549 1624 2577 Ambros.,
1639 2555 1663 2571 m
1680 2548 1745 2577 Luc„
1761 2548 1803 2572 llb.
1817 2549 1848 2579 X,

1078 2600 1104 2616 n.
1119 2601 1158 2616 ου.

1112 2638 1141 2667 (o)
1164 2635 1234 2666 Vuly.
1250 2633 1417 2665 signaculum.
1433 2643 1462 2648 —
1481 2628 1512 2658 (ὁ)
1534 2628 1606 2652 Forte
1625 2627 1753 2657 (cqc-ndum
1772 2628 1849 2652 virtu-

1079 2675 1139 2697 tem.
