1987 3032
691 216 894 250 EXPOSITIO
918 217 956 248 IN
978 217 1063 248 CAP.
1086 217 1152 248 Xll.

125 292 256 317 catorum
275 291 302 316 et
321 287 512 324 cupiditatum
527 287 534 302 ¹
549 294 555 312 :
575 295 588 310 «
602 285 697 312 Traxit
711 284 785 312 illud
799 284 829 311 in
843 291 890 310 sa-

124 344 200 370 gena
214 343 276 362 sua.
293 345 306 360 »
323 334 380 362 Sed
394 333 480 360 Filius
496 331 544 359 Dei
556 331 640 358 trahit
656 331 695 358 ad
710 339 739 357 se
751 330 809 357 fide
824 337 890 365 pas-

125 382 214 409 sionis
238 384 265 409 et
289 378 522 411 resurrectionis,
544 380 576 405 ut
599 376 705 404 dicitur
732 376 789 403 hic.
812 376 890 403 Unde

125 427 304 455 Bernardus:
324 436 337 451 «
352 426 479 458 Coelum,
495 426 522 452 et
535 426 653 457 terram,
669 425 696 450 et
709 422 809 450 omnia
827 431 891 458 quae

124 474 154 501 in
170 475 210 501 eis
225 474 306 506 sunt,
323 471 407 499 traxit
421 471 460 498 ad
476 471 589 505 lignum
604 470 669 497 vitae
683 470 713 496 in
728 469 892 504 medio-pa-

124 520 222 547 radisi.
237 529 249 544 »
269 520 337 545 ltem
353 517 440 545 trahit
459 525 561 544 omues
581 516 620 543 ad
635 524 665 543 se
680 515 893 543 beneficiorum

123 565 254 600 largitate
272 564 297 591 2:
317 573 330 588 «
348 563 485 591 Miserans
507 562 610 590 attraxi
631 565 667 589 te.
688 571 701 587 »
718 563 787 590 Item
808 560 893 588 traxit

122 613 188 646 post
202 618 231 637 se
246 609 447 637 infirmitatum
459 608 679 644 supportatione
695 609 704 625 ³
718 616 724 634 z
740 618 753 633 «
769 609 800 634 ln
814 606 891 634 funi-

122 657 195 685 culis
215 657 285 684 Adae
304 656 417 684 traham
432 664 491 683 eos.
508 666 520 680 »
539 657 608 682 Item
629 654 716 682 traxit
735 661 837 680 omnes
855 652 893 680 ad.

122 712 151 730 se
172 703 322 730 bonorum
343 710 467 738 operum
488 704 515 729 et
534 701 738 736 exemplorum
757 700 849 727 odore
865 698 891 725 '·:

125 759 137 775 «
152 749 243 776 Trahe
262 757 308 776 me
330 750 396 784 post
417 751 461 782 te,
480 748 510 775 in
532 748 656 775 odorem
675 748 893 781 unguentorum

122 797 239 822 tuorum
255 803 414 822 curremus.
431 805 444 819 »
454 796 522 821 item
537 796 618 821 Pater
634 793 721 820 trahit
735 793 774 820 ad
790 792 894 819 Filium

121 841 220 875 gratiae
234 841 422 876 inspiratione
432 864 439 874 ‚
455 842 482 868 et
507 839 720 867 desideriorum
736 838 894 866 coelestium

121 887 284 921 infusione,
298 895 387 922 supra
407 887 440 913 ⁵:
460 897 473 911 «
488 888 578 913 Nemo
601 886 680 913 venit
699 885 738 912 ad
759 892 817 918 me,
838 884 893 910 nisi

123 935 203 961 Pater
218 934 337 961 traxerit
352 941 430 960 eum.
453 943 466 958 »
483 934 515 960 Et
529 932 570 960 ihi
584 933 658 959 bene
674 932 710 959 de
726 932 792 958 hoc.

158 981 202 1007 34.
221 982 251 1007 Et
263 980 394 1015 sequitur
411 979 552 1015 expositio
571 979 678 1011 turbae,
700 977 746 1004 vel
763 976 894 1011 ejusdem

123 1026 272 1061 inquisitio
285 1035 291 1053 :
303 1027 447 1060 Respondit
468 1028 493 1053 ei
512 1026 589 1052 turba
605 1035 612 1051 :
628 1026 681 1052 Nos
695 1024 847 1051 audivimus
862 1030 895 1049 επ

123 1073 191 1106 Iege,
208 1076 272 1106 quia
292 1073 412 1100 Christus
427 1075 514 1099 manet
527 1074 556 1098 z'n
572 1075 698 1098 oelernum
712 1071 721 1086 ⁶
739 1079 745 1096 :
763 1080 775 1094 «
791 1068 894 1104 Requi-

124 1125 224 1145 escens
239 1118 398 1145 accubuisti
413 1120 444 1145 ut
457 1118 520 1152 leo,
537 1117 602 1153 quis
618 1116 767 1143 suscitabit
781 1115 866 1142 cum?
879 1124 890 1139 n

125 1163 174 1190 Vel
190 1172 222 1190 ew
237 1165 307 1198 que,
323 1163 466 1191 sumendo
482 1164 577 1198 Iegem
593 1163 692 1197 large⁷
708 1172 714 1189 :
730 1172 742 1187 ι(
758 1163 895 1196 Egressus

123 1210 185 1244 ejus
199 1218 216 1237 a
231 1209 375 1245 principio
391 1209 568 1237 (eternitatis.
587 1220 599 1234 u
619 1208 669 1235 Vel
683 1210 692 1224 ⁸
709 1217 715 1234 :
742 1219 753 1232 u
769 1209 895 1234 Potestas

124 1257 202 1290 ejus,
217 1258 343 1291 potestas
358 1258 474 1283 [eterna.
498 1266 511 1280 »
538 1257 569 1282 Et
592 1254 660 1281 ideo
682 1254 804 1281 dicunt:
828 1254 896 1285 Quo-

123 1303 198 1329 modo
213 1306 243 1329 tu
258 1303 326 1329 dicis
339 1312 346 1328 :
362 1303 470 1336 Oportet
483 1303 622 1328 exaltari?
634 1300 741 1328 seilicet
755 1300 785 1326 in
798 1307 894 1332 cruce,

124 1352 151 1375 et
166 1348 206 1375 sic
221 1349 314 1382 mori,
331 1350 397 1382 etc.,
413 1348 496 1383 quasi
512 1347 642 1375 dicerent
656 1356 662 1374 ;
680 1347 735 1373 hoe
748 1354 809 1373 non
823 1353 894 1372 con-

125 1395 203 1422 venit
217 1395 338 1422 Christo.
356 1396 387 1422 Ut
400 1395 479 1421 enim
489 1394 528 1421 ait
542 1394 763 1428 Chrysostomus
773 1393 783 1408 ⁹
799 1401 806 1417 :
820 1393 896 1418 «No-

125 1443 240 1474 verant,
275 1441 417 1475 quoniam
444 1440 570 1467 Christus
596 1438 768 1466 immortalis
789 1438 837 1473 (α).
866 1440 898 1464 Et

125 1489 222 1514 tamen
238 1487 323 1514 lsaias
339 1487 377 1514 ait
392 1487 411 1503 ¹⁰
428 1495 434 1513 :
452 1496 465 1511 «
481 1486 557 1513 Sicut
578 1485 640 1513 ovis
657 1485 696 1513 ad
717 1484 894 1512 occisionem

125 1533 228 1560 ductus
244 1534 294 1560 est.
309 1542 321 1558 »ι
341 1533 419 1559 Unde
435 1533 630 1559 existimantes
646 1532 796 1559 obstruere
812 1538 895 1564 eum,

125 1582 152 1607 et
167 1579 319 1606 ostendero
335 1587 395 1606 non
410 1587 471 1606 esse
487 1579 644 1612 Christum,
660 1578 721 1604 haec
739 1577 849 1604 dicunt.
863 1578 895 1603 Et

125 1628 223 1653 tamen
237 1625 334 1661 passio
349 1633 410 1652 non
425 1627 467 1652 est
484 1624 730 1660 impedimentum
744 1623 895 1650 immorta-

124 1671 225 1705 litatis3
247 1671 388 1706 quoniam
410 1678 489 1697 mors
508 1671 570 1704 ejus
595 1669 810 1703 transmigratio
839 1670 896 1701 est,

126 1717 208 1745 nulla
221 1720 262 1744 est
276 1717 435 1752 prohibitio
452 1716 490 1744 ad
506 1715 688 1743 manendum
699 1715 728 1741 in
744 1717 895 1741 aeternum.

130 1765 161 1791 Et
172 1763 255 1799 ponit
266 1763 435 1798 exemplum
445 1763 462 1778 ¹¹
477 1762 545 1789 :lux
561 1761 663 1788 solaris
678 1769 738 1788 non
753 1760 894 1788 interimi-

127 1814 182 1846 tur,
198 1811 305 1838 scilicct
319 1811 348 1837 in
363 1813 462 1843 nocte5
479 1809 531 1836 sed
546 1817 651 1844 parum
670 1808 819 1842 recedens,
836 1816 898 1835 rur-

128 1865 176 1883 sus
186 1859 316 1891 apparet,
325 1856 434 1883 scilicet
444 1856 473 1882 in
489 1855 546 1888 die,
559 1857 589 1882 et
599 1855 623 1881 si
638 1855 657 1871 ¹2
670 1854 846 1881 «crucifixus
862 1862 897 1881 cx

128 1902 310 1936 infirmitate,
324 1902 397 1929 vivit
412 1904 508 1929 tamen
528 1909 563 1928 ex
579 1901 691 1928 virtute.
706 1911 719 1926 »

165 1950 208 1975 35.
226 1950 257 1975 Et
271 1948 402 1983 sequitur
414 1948 463 1975 illa
478 1956 560 1982 pars,
576 1947 605 1974 in
619 1955 678 1982 qua
693 1946 826 1974 doctrina
840 1946 899 1974 Sal-

131 1995 249 2029 vatoris,
265 1997 291 2022 et
305 1994 429 2022 eruditio
446 1994 585 2028 veritatis,
602 1995 629 2020 et
641 1993 692 2020 illa
707 1993 737 2020 in
752 1995 896 2028 quatuor:

130 2041 243 2076 primo,
265 2048 368 2068 corum
393 2040 555 2067 exhortatio
578 2039 616 2066 ad
636 2039 711 2067 benc
734 2039 897 2074 agendum,

130 2087 275 2120 secundo,
303 2087 364 2121 ejus
389 2085 542 2113 absconsio
567 2086 604 2113 ab
630 2086 671 2112 eis
693 2093 759 2112 cum
779 2093 832 2112 sua
855 2092 900 2112 ra-

130 2133 219 2167 tionc,
235 2133 277 2160 ibi
289 2134 308 2149 ¹³
321 2142 327 2160 2
339 2134 400 2160 llaec
417 2134 516 2159 Iocutus
531 2135 567 2159 esc
582 2134 630 2165 eis,
646 2133 715 2166 etc.;
733 2131 815 2158 tertio
827 2151 835 2165 ,
848 2131 899 2158 dc-

130 2179 248 2214 scriptio
264 2179 438 2214 imperfectae
460 2178 637 2205 credulitatis
657 2177 856 2213 quorumdam
870 2177 900 2204 in

131 2234 198 2253 eum
213 2225 254 2253 ibi
272 2225 291 2242 ¹⁸
307 2235 313 2252 :
334 2227 529 2252 verumtamem
545 2227 568 2251 ct
583 2232 616 2252 επ
629 2224 813 2258 principibus,
829 2225 898 2258 ete.;

131 2274 235 2306 quarto
246 2271 348 2299 talium
359 2271 507 2298 instructio
524 2271 561 2298 ad
576 2273 652 2297 recte
668 2270 848 2297 credendum
858 2269 877 2285 ¹³
892 2279 898 2297 z

130 2318 204 2344 Jesus
220 2320 308 2344 autem
323 2319 462 2352 clamavit,
479 2319 532 2344 etc.

167 2364 211 2391 Ait
226 2371 296 2399 ergo
312 2373 318 2390 :
336 2365 413 2391 Dixit
428 2365 464 2390 eis
479 2364 552 2390 Jesus
573 2373 580 2390 :
602 2363 698 2390 Adhuc
713 2362 843 2389 modicum
859 2364 900 2390 lu-

165 2437 173 2453 1
187 2435 288 2463 Habea,
305 2442 322 2465 1,
340 2437 377 2460 15.
398 2448 423 2452 —
440 2435 449 2451 ²
462 2436 561 2464 Jerem„
577 2440 653 2464 xxm,
672 2436 695 2458 3.
709 2446 740 2451 —-
757 2434 767 2450 ³
785 2434 848 2464 Ose„
863 2440 899 2465 xi,

133 2472 155 2494 4.
170 2483 199 2488 —·
216 2472 223 2485 ⁴
241 2472 323 2499 Cant„
341 2477 358 2501 1,
374 2472 397 2495 3.
413 2483 442 2488 —
457 2471 465 2483 ⁵
481 2471 552 2500 Sup„
569 2475 603 2499 vt,
620 2470 657 2493 44.
674 2481 702 2487 ·--
718 2470 727 2485 ⁶
743 2470 815 2498 Gen„
829 2475 899 2500 XLIX,

134 2507 156 2529 9.
171 2518 201 2523 —
213 2506 222 2521 7
237 2507 323 2536 Mica,
340 2512 363 2535 ν,
378 2507 400 2529 2.
415 2518 444 2523 -
459 2505 469 2521 ⁸
483 2506 557 2535 Dum,
575 2511 623 2535 νιι,
641 2506 676 2528 14.
694 2518 719 2521 -
736 2505 745 2520 ⁹
760 2504 899 2535 Chrysost„

134 2540 160 2562 in
171 2541 252 2570 loun„
267 2541 335 2564 hcm.
352 2547 436 2571 van,
452 2541 483 2564 al.
501 2545 594 2570 mviii,
610 2546 636 2563 n.
654 2542 674 2563 1.
690 2552 720 2557 —-
737 2540 756 2556 10
770 2540 829 2569 Istc.y
844 2545 898 2569 Lui,

134 2576 155 2597 7.
170 2587 198 2592 —
214 2576 230 2591 ¹¹
247 2576 302 2606 lus„
316 2578 354 2607 35,
370 2578 408 2600 36,
421 2589 451 2593 -
466 2577 483 2591 ¹2
498 2576 515 2598 11
531 2575 597 2603 Cor„
611 2581 670 2605 xm,
682 2576 744 2599 4.-
761 2575 778 2590 ¹³
794 2575 898 2605 1111.,36.

133 2622 162 2628 --
179 2611 198 2626 Γ·
215 2611 253 2634 {ni
264 2628 271 2640 ‚
285 2612 323 2634 ·i..¹.
339 2624 369 2629 —-
389 2612 408 2627 ¹5
431 2610 486 2641 ius„
502 2613 539 2634 42.
556 2623 581 2626 —-
600 2610 771 2641 ¹⁶>C11rysost.,
786 2610 828 2633 uhi
843 2618 899 2641 sup.

133 2657 164 2662 —
179 2645 196 2662 ¹⁷
212 2646 284 2676 Sup.‚
302 2652 338 2676 ix,
353 2647 376 2670 5.
395 2646 455 2663 -18
472 2648 548 2676 Item„
565 2651 623 2676 xiii,
645 2647 681 2669 12.
696 2659 720 2662 -
738 2646 757 2661 ¹⁴³
771 2647 844 2676 Aug„
857 2646 900 2670 ubi

1659 222 1717 250 429

945 291 1020 317 men,
1035 285 1086 310 etc.
1098 305 1104 316 ‚
1121 283 1204 319 quasi
1219 283 1344 317 diceret,
1366 283 1529 310 secundum
1547 283 1717 318 Chrysosto-

947 338 1028 357 mum
1044 331 1065 347 ¹ss
1078 339 1083 356 :
1101 339 1114 355 «
1129 329 1229 357 Adhuc
1245 337 1337 365 parvo
1351 330 1484 364 tempore
1499 328 1551 356 lux
1563 329 1718 357 vobiscum

948 378 989 403 est
1005 385 1011 402 :
1029 386 1042 402 ›>
1057 376 1226 410 ostendens,
1252 376 1393 411 quoniam
1407 383 1487 402 mors
1508 375 1570 410 ejus
1585 377 1718 403 transmi-

949 422 1041 456 gratio
1063 424 1120 455 est,
1145 424 1171 449 et
1194 429 1253 450 non
1277 421 1450 455 destructio,
1474 429 1642 457 praeparans
1666 430 1717 449 eos

948 467 987 494 ad
1006 467 1106 495 fidem.
1128 468 1172 495 Ait
1193 468 1273 495 idem
1295 476 1301 494 :
1328 469 1396 494 Dum
1427 469 1508 495 lucem
1526 468 1642 502 habetis,
1662 476 1718 495 am-

949 513 1053 547 bulate,
1075 513 1106 540 id
1127 516 1182 548 est,
1207 513 1389 549 praesentiam
1414 521 1527 548 meam,
1549 521 1637 549 supra
1662 515 1682 531 ¹⁷
1711 523 1716 541 :

951 559 1123 592 «Quamdiu
1142 568 1206 587 sum
1226 560 1257 586 in
1277 560 1406 594 mundo,
1426 559 1478 587 lux
1492 568 1557 587 sum
1573 559 1686 587 mundi.
1704 570 1717 585 »

953 607 984 632 Ut
1001 606 1128 640 tenebrae,
1145 606 1254 633 scilicet
1268 605 1456 640 infidelitatis,
1471 614 1515 633 vos
1529 614 1581 633 non
1600 614 1718 640 compre-

949 652 1075 678 hendant.
1093 650 1112 668 ’Β
1140 661 1152 677 κ
1166 652 1344 686 Abjiciamus
1366 660 1457 688 opera
1479 652 1678 679 tenebrarum.
1704 662 1717 677 »

951 698 1000 725 Vel
1033 698 1196 725 secundum
1226 698 1417 732 Augustinum
1442 698 1462 715 ¹⁹
1486 707 1492 725 :
1521 707 1533 723 «
1554 698 1720 732 Ambulate,

949 744 1091 778 accedite,
1119 746 1209 772 totum
1237 743 1403 779 intelligite,
1426 746 1452 770 et
1484 744 1627 771 Christum
1655 752 1720 771 mo-

948 790 1091 824 riturum,
1125 791 1152 817 et
1187 790 1330 817 Christum
1366 790 1527 823 victurum,
1566 790 1636 825 quia
1675 791 1723 824 quz'

949 837 1067 863 ambulat
1096 838 1125 862 in
1154 837 1284 870 tenebris,
1306 836 1415 863 scilicet
1442 836 1632 870 ignorantiae,
1662 835 1722 862 sive

950 883 1137 918 infidelitatis,
1147 885 1230 910 nescit
1240 892 1290 918 quo
1303 883 1395 910 vadat.
1405 893 1418 908 ι)
1430 883 1523 918 Supra
1536 881 1557 898 ²⁰
1571 891 1598 910 z«
1607 882 1660 915 Qui
1676 890 1721 909 se-

950 930 1048 965 quitur
1063 938 1125 963 me,
1145 937 1205 957 non
1224 929 1356 957 ambulat
1372 929 1402 956 in
1418 929 1554 956 tenebris.
1572 939 1585 955 »
1607 930 1638 955 Et
1653 928 1721 955 ideo

950 978 1033 1012 quasi
1045 977 1222 1012 exponendo
1238 977 1277 1004 ait
1294 977 1330 1011 (v.
1345 977 1388 1011 36)
1405 985 1411 1003 ;
1430 978 1498 1003 Dum
1510 977 1592 1002 lucem
1608 975 1722 1008 habetes,

950 1023 981 1050 id
1005 1026 1060 1057 est,
1092 1023 1163 1050 dum
1187 1023 1300 1059 aliquid
1333 1023 1394 1051 veri
1429 1023 1562 1050 auditum
1595 1022 1721 1049 habetis.

953 1079 966 1094 4(
981 1069 1093 1097 Credite
1108 1069 1138 1096 in
1154 1070 1319 1103 veritatem,
1342 1071 1373 1096 ut
1393 1069 1586 1096 renascamini
1602 1069 1631 1095 in
1649 1068 1724 1095 veri-

951 1118 1018 1149 tate,
1028 1126 1040 1140 »
1059 1115 1097 1142 ait
1108 1115 1284 1150 Augustinus
1294 1116 1325 1142 2²¹.
1343 1117 1405 1143 Non
1420 1115 1486 1142 estis
1498 1115 1528 1141 in
1542 1115 1670 1142 tenebris
1680 1113 1721 1147 ‘³²;

952 1163 1087 1189 «Omnes
1110 1161 1162 1188 tilii
1187 1161 1260 1188 lucis
1283 1161 1358 1188 estis.
1381 1172 1394 1187 ›>
1418 1163 1449 1188 Et
1471 1162 1541 1188 nota
1561 1161 1643 1196 quod
1664 1160 1722 1187 ait:

950 1208 1111 1241 Ambulare,
1138 1207 1201 1234 dum
1226 1209 1308 1234 lucem
1332 1208 1433 1234 habetis
1454 1217 1460 1234 ι
1489 1209 1517 1234 et
1542 1207 1640 1242 posset
1664 1214 1724 1233 esse

950 1254 1047 1281 thema
1063 1253 1101 1280 ad
1114 1253 1301 1289 peregrinos,
1316 1253 1363 1280 vel
1377 1253 1415 1280 ad
1430 1253 1612 1288 poenitentes.
1636 1255 1668 1280 Et
1681 1253 1725 1279 in-

950 1301 1102 1327 sinuantur
1114 1300 1177 1332 tria,
1193 1307 1321 1334 quorum
1333 1299 1462 1334 primum
1475 1301 1517 1326 est
1528 1299 1603 1326 bene
1615 1299 1725 1333 agendi

951 1347 1164 1382 opportunitas,
1177 1347 1218 1374 ibi
1233 1355 1239 1373 ε
1254 1348 1321 1373 Dum
1337 1347 1418 1373 lucem
1431 1345 1723 1380 hubetz'33secundum

951 1395 992 1420 est
1002 1392 1174 1428 proficiendi
1184 1393 1213 1419 in
1227 1393 1275 1419 via
1285 1392 1333 1419 Dei
1347 1392 1540 1426 hortabilitas,
1550 1391 1607 1418 ibi:
1623 1392 1725 1418 Ambu-

951 1440 1019 1471 late;
1035 1439 1161 1471 tertium,
1169 1438 1516 1474 proficiendinecessitas,
1530 1438 1587 1465 ibi:
1604 1439 1725 1465 Tenebrae

949 1493 994 1512 vos
1005 1494 1056 1512 non
1070 1485 1300 1519 comprehendunt.
1318 1485 1361 1511 Ait
1371 1492 1440 1519 ergo
1455 1493 1460 1511 :
1475 1485 1631 1511 Dumlucem
1646 1485 1724 1511 habe-

951 1534 995 1565 είς,
1012 1531 1041 1558 id
1054 1533 1105 1564 est,
1114 1531 1144 1558 in
1158 1531 1311 1566 praesentia
1325 1530 1385 1557 Filii
1399 1531 1457 1563 Dei,
1473 1530 1524 1566 qui
1537 1533 1578 1558 est
1593 1531 1644 1557 lux
1657 1530 1724 1557 illu-

950 1578 1076 1610 minans,
1091 1580 1178 1613 prout
1194 1577 1299 1604 dicitur
1313 1577 1359 1604 hic
1367 1576 1388 1593 ²³
1399 1585 1425 1603 :a
1439 1576 1631 1604 Ambulemus
1642 1577 1672 1603 in
1682 1577 1726 1603 lu-

950 1624 1028 1651 mine
1050 1624 1084 1658 (b)
1102 1623 1215 1650 Domini
1230 1623 1331 1650 nostri.
1355 1633 1367 1648 >i
1392 1623 1442 1650 Vel
1459 1631 1464 1649 :
1489 1624 1557 1649 Dum
1578 1624 1661 1650 lucem
1676 1623 1725 1650 Ιια-

953 1670 1031 1702 betis,
1049 1669 1156 1696 scilicet
1170 1669 1257 1703 hujus
1271 1669 1336 1696 vitae
1352 1668 1587 1703 diuturnitatem,
1604 1677 1669 1704 quae
1685 1671 1727 1696 est

951 1716 1035 1751 quasi
1050 1715 1187 1751 quaedam
1202 1715 1269 1748 lux,
1282 1717 1308 1742 et
1321 1715 1404 1750 quasi
1421 1715 1483 1742 dies
1498 1715 1596 1742 brevis
1609 1715 1648 1742 ad
1659 1723 1726 1750 pro-

951 1761 1141 1788 ficiscendum
1156 1762 1177 1777 ²²³
1195 1770 1200 1787 :
1219 1770 1234 1786 ‹<
1247 1763 1328 1789 Mane
1341 1760 1453 1788 semina
1463 1769 1561 1788 semen
1580 1762 1663 1788 tuum
1673 1782 1681 1796 ,
1697 1763 1724 1788 et

951 1815 1071 1842 vespere
1087 1815 1148 1834 non
1162 1808 1252 1834 cesset
1266 1814 1371 1834 manus
1384 1808 1443 1840 tua,
1459 1817 1471 1832 »
1490 1809 1542 1834 etc.
1559 1806 1578 1821 ²³
1595 1816 1608 1832 ιι
1623 1808 1726 1842 Surge,

952 1853 1003 1888 qui
1018 1854 1146 1887 dormis,
1171 1856 1198 1881 et
1218 1853 1398 1880 illuminabit
1419 1855 1445 1880 te
1468 1853 1606 1880 Christus.
1623 1863 1636 1879 »
1655 1853 1724 1880 Vel:

951 1901 1019 1926 Dum
1034 1901 1116 1927 lucem
1127 1901 1238 1932 habetis,
1254 1899 1362 1926 scilicet
1376 1899 1456 1933 fidei,
1472 1899 1519 1926 vel
1532 1899 1673 1927 doctrinae
1685 1900 1704 1918 2¹⁵
1718 1908 1724 1927 :

956 1956 968 1970 (ι
982 1946 1082 1973 Fuistis
1095 1946 1258 1981 aliquando
1275 1945 1411 1978 tenebrae,
1424 1953 1502 1972 nunc
1518 1948 1616 1973 autem
1630 1945 1680 1973 lux
1696 1946 1726 1973 in

952 1992 1086 2025 Domino,
1098 1995 1128 2020 ut
1138 1992 1191 2018 filii
1202 1992 1275 2019 lucis
1290 1991 1473 2019 ambulate.»
1490 1993 1520 2019 Et
1532 1991 1598 2019 ideo
1611 1992 1662 2027 qui
1673 1992 1727 2019 ha-

953 2038 1022 2065 bent
1036 2038 1111 2065 hanc
1126 2038 1233 2072 lucem,
1247 2038 1355 2065 debent
1373 2038 1526 2065 ambulare
1538 2038 1726 2073 proficiscen-

953 2084 992 2112 do
1017 2084 1048 2119 (ο)
1064 2084 1101 2111 ad
1117 2086 1217 2112 Deum.
1234 2084 1397 2111 Bernardus
1412 2084 1451 2112 ait
1467 2083 1488 2101 ‘³⁷
1505 2093 1511 2111 :
1532 2084 1725 2117 «Ambulare,

953 2132 995 2158 est
1009 2131 1163 2166 proficere.
1180 2140 1193 2157 »
1212 2131 1291 2158 Unde
1304 2131 1480 2165 Augustinus
1493 2131 1511 2147 ²⁸
1529 2140 1534 2157 z
1551 2131 1639 2158 «Noli
1653 2131 1728 2158 avia

954 2178 1118 2212 declinare,
1135 2178 1197 2205 noli
1222 2178 1263 2205 ihi
1282 2186 1451 2212 remanere,
1471 2178 1533 2205 noli
1548 2180 1624 2205 retro
1638 2178 1727 2213 respi-

954 2232 1033 2258 cere,
1050 2232 1205 2259 persevera
1219 2224 1250 2251 in
1265 2224 1459 2252 ambulando.
1476 2234 1489 2249 »
1504 2223 1525 2241 ²⁹
1544 2234 1557 2250 «
1567 2224 1728 2251 Ambuletis

954 2270 1042 2305 digne
1057 2272 1124 2298 Deo.
1142 2281 1155 2297 »
1171 2272 1202 2298 Et
1217 2271 1237 2287 ³⁰
1250 2279 1256 2297 ;
1268 2281 1281 2296 ιι
1293 2270 1399 2305 Spiritu
1410 2270 1567 2297 ambulate.
1584 2280 1597 2295 1)
1615 2272 1646 2298 Et
1659 2270 1726 2306 hoe,

954 2319 982 2343 uc
998 2317 1109 2344 tenebrae
1126 2325 1167 2344 ros
1189 2325 1241 2344 non
1262 2317 1498 2351 comprehendant,
1519 2316 1626 2344 scilicet
1644 2316 1728 2352 igno-

954 2396 1020 2420 sup.,
1037 2396 1062 2412 u.
1089 2390 1124 2413 13.
1142 2402 1167 2406 —
1185 2390 1205 2403 ²⁰
1221 2390 1293 2419 Sup„
1309 2395 1372 2418 vni,
1394 2390 1432 2412 12.
1447 2401 1476 2406 —
1492 2389 1508 2404 ²¹
1526 2390 1601 2419 Aug„
1616 2389 1658 2413 ubi
1672 2397 1728 2420 sup.

954 2432 1028 2455 prox.
1040 2438 1070 2442 —
1083 2425 1104 2440 ²2
1121 2425 1126 2447 Ι
1142 2424 1233 2455 Thess„
1251 2430 1274 2453 ν1
1291 2426 1313 2448 5.
1325 2437 1352 2441 -—
1367 2424 1387 2440 ²³
1403 2424 1462 2453 Isa.,
1478 2430 1505 2454 11,
1523 2426 1545 2449 5.
1558 2438 1584 2441 -
1601 2424 1621 2440 ²⁴
1637 2425 1729 2455 Eccle„

954 2466 995 2490 xl,
1011 2462 1033 2484 6.
1051 2473 1079 2476 -
1099 2460 1118 2476 ²⁵
1134 2459 1234 2489 Ephes..
1256 2465 1276 2489 v,
1297 2461 1333 2483 14.
1347 2472 1376 2476 —
1391 2459 1410 2473 ²¹1
1430 2459 1502 2488 lbid.,
1521 2462 1545 2483 S.
1561 2473 1587 2476 -
1606 2460 1624 2476 ²⁷
1643 2460 1727 2490 Beru.,

955 2495 980 2517 in
1004 2494 1087 2523 Cant„
1110 2501 1187 2517 serm.
1209 2500 1285 2524 xmx,
1308 2500 1334 2518 n.
1354 2496 1376 2517 Τ.
1393 2506 1424 2511 --
1442 2494 1461 2508 ²¹¹
1480 2495 1596 2525 August„
1616 2495 1645 2518 cle
1662 2495 1726 2518 verb.

954 2531 1048 2560 Aliost„
1070 2536 1146 2553 serni.
1170 2535 1219 2560 xv,
1244 2529 1276 2553 al.
1303 2535 1395 2559 cmx,
1417 2535 1444 2552 n.
1468 2531 1505 2554 18.
1530 2543 1559 2547 —
1581 2531 1599 2544 ²⁴³
1624 2530 1727 2559 Colossv,

956 2571 974 2595 1,
993 2567 1030 2588 10,
1046 2578 1076 2582 —
1091 2564 1110 2581 ³⁸
1125 2564 1193 2594 Gal„
1208 2570 1232 2594 v,
1251 2566 1288 2588 16.

988 2611 1017 2640 (α)
1038 2610 1096 2633 Cret.
1114 2609 1173 2633 mlii.
1195 2609 1307 2633 moralis.
1324 2609 1404 2633 Gracc.
1421 2609 1537 2637 ἀθάνατος
1550 2611 1584 2637 τίς
1600 2611 1680 2634 ἐστι...
1698 2623 1726 2627 -

956 2646 989 2675 (1,)
1007 2645 1066 2670 ΟΜ,
1082 2644 1141 2668 edit.
1157 2645 1270 2668 nomine.
1287 2658 1313 2662 -
1331 2645 1362 2674 (c)
1379 2645 1435 2675 Ley.
1454 2645 1617 2675 proficiendo.
