1987 3032
678 214 880 246 EXPOSITIO
903 213 943 243 IN
967 213 1052 244 CAP.
1075 212 1151 244 XXI.

121 282 270 317 omnibus,
296 290 357 311 non
380 283 475 318 potest
501 289 584 309 meus
605 290 666 309 esse
685 281 855 316 discipulus.
873 290 885 304 n

121 331 190 357 Item
205 331 247 357 est
260 329 423 357 necessaria
437 328 600 355 carnalium
624 328 782 355 affectuum
805 325 890 354 abdi-

122 377 206 411 catio,
223 376 283 403 sive
296 375 537 403 mortificabilitas
555 376 559 388 ¹
577 384 583 402 ;
603 385 615 400 «
630 375 684 408 Qui
699 382 759 401 non
778 372 890 407 bajulat

122 430 238 449 crucem
254 429 350 455 suam,
365 423 430 455 ete„
445 429 505 448 non
526 423 620 456 potest
643 429 725 448 meus
749 427 808 447 esse
833 418 890 445 dis-

122 468 245 503 cipulus.
272 477 285 492 »
310 469 379 494 Item
402 469 443 494 est
470 467 635 494 necessaria
662 463 890 493 conversationis

122 513 329 546 mansuetudo,
345 513 406 539 sive
428 513 593 547 benignitas
607 513 617 528 2
634 520 640 538 :
664 522 677 537 «
692 511 760 544 Quis
775 510 890 545 sapiens

123 561 149 586 et
171 558 370 593 disciplinatus
399 558 473 585 inter
496 559 572 585 vos?
599 557 732 585 ostendat
754 564 789 584 ex
811 556 891 582 bona

122 606 342 631 conversatione
359 611 449 639 opera
463 611 525 630 sua.
542 613 554 628 u
572 605 640 630 Item
666 604 707 630 est
728 600 890 629 necessaria

123 650 187 677 vitae
203 651 269 677 Jesu
285 650 385 677 Christi
398 650 587 682 imitabilitas,
608 650 636 676 et
653 649 715 683 ejus
735 646 892 675 conformi-

123 697 165 722 tas
180 696 190 711 ³
206 704 212 721 :
230 705 244 720 α
260 695 367 722 Sufficit
382 695 537 730 discipulo,
561 695 583 721 si
609 695 644 721 sit
659 694 733 720 sieut
756 693 892 727 magister

124 742 196 776 ejus.
211 751 223 766 »
246 742 308 768 11ωο
337 741 436 768 omnia
458 740 574 768 fuerunt
602 740 632 767 in
659 740 745 766 beato
771 740 890 766 Joanne.

124 787 191 814 Ideo
206 787 352 821 signanter
367 788 459 822 potest
475 786 531 813 dici
546 786 594 813 ille
611 786 762 820 Discipulus
782 785 892 811 discre-

124 833 180 860 tive
195 833 243 859 vel
264 833 434 859 eminenter.
460 832 594 859 Secunda
621 831 814 867 praerogativa
832 831 894 864 ejus

124 881 165 905 est
179 878 335 914 peculiaris
355 878 564 913 acceptibilitas
579 877 650 904 Filio
662 877 720 910 Dei,
734 876 774 903 ibi
791 885 797 902 τ
813 877 894 908 Quem

123 925 254 958 diligebat
276 925 360 958 Jesus,
375 923 444 958 quia
463 923 545 958 quod
561 923 664 957 diligit,
688 924 748 949 erat
767 922 805 948 ob
827 929 894 948 suas

124 970 254 1003 virtutes,
270 972 300 996 ut
324 969 434 996 (lictum
450 972 491 996 est
507 977 604 1004 supra.
618 969 627 984 ⁴
647 979 659 992 «
674 968 894 996 Amantissimus

125 1015 239 1042 Domini
258 1015 401 1042 habitabit
425 1014 615 1041 confidenter.
639 1024 651 1039 i)
675 1014 767 1041 Tertia
788 1021 896 1048 praero-

125 1061 222 1096 gativa
237 1061 299 1095 ejus
314 1063 356 1088 est
369 1061 496 1096 perfecta
512 1061 613 1087 Christi
628 1060 820 1093 imitabilitas,
834 1059 873 1086 ibi
888 1068 894 1086 :

124 1109 277 1141 Sequentem
297 1115 365 1134 eum.
389 1116 402 1131 «
421 1107 507 1141 Sequi
524 1106 603 1133 enim
622 1108 663 1133 est
684 1106 801 1138 imitari,
822 1116 834 1131 n
857 1105 897 1132 ait

126 1153 302 1186 Augustinus
312 1153 321 1167 '³
334 1153 452 1187 proprie
461 1152 498 1179 de
512 1151 576 1187 ipso
589 1161 595 1178 z
608 1155 668 1178 erat
676 1152 753 1178 enim
763 1151 857 1186 virgo,
870 1153 897 1178 et

127 1199 162 1224 de
190 1197 262 1232 illis,
293 1198 329 1224 de
351 1198 459 1233 quibus
489 1198 593 1225 dicitur
619 1198 628 1213 ¹³
653 1206 658 1224 :
690 1208 703 1223 (ι
731 1198 897 1232 Sequuntur

128 1246 242 1278 Aguum
259 1251 448 1279 quocumque
463 1243 536 1270 ierit.
553 1254 565 1269 »
583 1245 689 1276 Quarta
703 1243 897 1279 praerogativa

129 1290 190 1323 ejus
212 1289 333 1316 honoris
355 1289 541 1324 peculiaritas
569 1289 649 1324 apud
671 1289 774 1316 Filium
796 1289 854 1321 Dei,
871 1290 898 1315 et

128 1336 305 1362 secretorum
320 1335 408 1369 plena
422 1334 572 1367 revelatio,
594 1335 653 1361 sive
674 1334 896 1367 ostendibilitas,

129 1380 169 1407 ibi
186 1389 192 1407 :
210 1381 337 1407 Recubut't
352 1388 436 1414 supra
451 1384 551 1413 peetus.
564 1381 596 1406 Et
614 1380 719 1414 hoc,ut
734 1380 773 1406 ait
788 1383 898 1414 Augus-

130 1426 205 1453 tinus
225 1426 271 1453 hic
286 1425 307 1459 7,
329 1435 342 1451 <‹
367 1426 404 1452 de
425 1426 503 1452 sonte
527 1425 669 1452 Doininici
692 1426 816 1460 pectoris
837 1433 897 1452 non

129 1471 208 1499 solus
223 1471 310 1505 bibit3
327 1471 379 1498 sed
401 1472 462 1506 ipse
484 1471 622 1498 Dominus
642 1471 833 1505 Evangelium
852 1472 898 1506 ip-

129 1526 193 1544 sum
208 1525 262 1552 pro
277 1525 329 1543 sua
344 1517 486 1551 cujusque
502 1517 660 1551 capacitate
680 1517 818 1544 omnibus
839 1517 898 1544 suis

129 1563 292 1590 bibendum
307 1565 367 1589 toto
388 1563 459 1589 orbe
475 1564 618 1589 terrarum
642 1562 768 1589 diffudit.
795 1574 806 1587 ι)
836 1563 898 1589 Haee

128 1608 187 1635 ille.
203 1610 234 1635 Et
249 1608 286 1635 de
301 1608 346 1634 his
362 1608 500 1635 omnibus
515 1616 604 1643 supra
620 1608 765 1635 diffusius.

163 1656 206 1680 22.
224 1655 254 1680 Et
269 1653 399 1688 sequitur
415 1654 517 1680 Christi
529 1654 680 1689 responsio
698 1663 704 1680 :
727 1655 799 1680 Dt'cz't
817 1656 841 1680 ei
852 1655 898 1680 Je—

127 1707 171 1726 sus
185 1707 194 1725 .·
206 1699 249 1726 sic
263 1708 322 1726 eum
336 1701 393 1726 volo
408 1708 522 1732 munere,
537 1700 609 1726 sicut
622 1699 692 1734 legit
702 1699 812 1727 Glossa.
826 1700 898 1726 Nolo

128 1753 194 1772 eun)
215 1753 267 1780 per
290 1746 464 1780 martyrium
484 1753 704 1779 consummare,
724 1745 776 1772 sed
796 1753 899 1780 expec-

129 1793 189 1818 tare
205 1791 299 1818 donec
319 1799 387 1818 eum
402 1791 543 1825 recipiam
566 1801 570 1815 :
596 1791 719 1818 Domino
739 1791 817 1818 enim
833 1791 900 1817 visi-

129 1839 216 1870 tante,
228 1837 376 1872 placidam
388 1839 512 1864 mortem
524 1837 644 1872 accepit.
662 1839 692 1864 Et
705 1837 741 1864 de
756 1837 812 1864 1100
824 1837 901 1863 simi-

129 1883 194 1910 liter
208 1883 237 1909 in
250 1891 304 1910 sua
318 1883 454 1917 legenda.
473 1884 545 1914 Quid
558 1884 593 1909 ad
607 1884 652 1909 te?
667 1884 676 1899 ⁸
687 1893 699 1907 «
716 1885 768 1910 Per
778 1883 846 1917 hoc,
862 1883 901 1910 ait

130 1929 353 1963 Chrysostomus
364 1928 500 1955 erudiens
512 1937 565 1955 nos
577 1937 637 1955 non
646 1930 771 1956 multum
782 1929 900 1956 investi-

129 1983 210 2009 gare,
231 1982 326 2009 neque
340 1974 415 2001 ultra
429 1982 473 2008 ca,
487 1983 552 2009 quse
566 1974 682 2009 placent
697 1975 735 2008 ei,
750 1975 780 2001 id
795 1976 837 2002 est
858 1975 901 2001 Fi-

130 2020 170 2047 lio
186 2020 245 2053 Dei,
261 2027 400 2055 quaerere.
417 2020 490 2052 Quia
506 2020 584 2046 enim
599 2022 697 2047 Petrus
722 2020 760 2047 ad
776 2020 847 2047 tales
859 2020 901 2046 in-

131 2066 340 2100 terrogationes
367 2066 496 2093 fervidus
525 2068 585 2093 erat
596 2087 604 2100 ,
635 2067 811 2094 abscindens
839 2067 901 2102 eJ'us

130 2111 290 2145 fervorem,
316 2114 343 2138 01
368 2111 504 2138 erudiens
531 2120 584 2139 nos
608 2120 669 2139 non
698 2112 788 2146 ultra,
811 2120 902 2148 quam

131 2160 254 2193 oportet,
271 2158 403 2191 scrutari,
418 2157 474 2184 hoc
491 2157 538 2184 ait.
555 2169 567 2182 »
593 2160 655 2185 Ilaec
671 2158 748 2185 ille.9
765 2167 778 2183 ι(
794 2160 823 2185 In
839 2158 902 2193 plu-

131 2203 212 2230 ribus
227 2203 367 2238 operibus
382 2211 418 2229 ne
430 2203 468 2229 sis
482 2203 623 2230 curiosus.
639 2215 652 2228 η
674 2206 712 2231 Tu
728 2212 767 2230 me
785 2211 902 2237 sequere,

132 2257 184 2283 per
199 2249 402 2282 imilatlonem,
418 2249 593 2283 perferendo
615 2249 694 2276 mala
717 2249 901 2284 temporalia,

134 2296 164 2320 ut
176 2293 216 2320 ait
232 2294 409 2328 Augustinus
426 2294 444 2309 ¹⁰
461 2303 467 2320 ε
489 2296 516 2320 et
533 2305 545 2319 ι(
561 2295 617 2322 1100
641 2295 706 2330 ipso
729 2295 903 2330 martyrium

135 2339 212 2366 beati
232 2339 304 2366 Petri
325 2339 508 2374 personavit,
531 2350 543 2365 »
570 2340 601 2367 id
625 2342 675 2374 est,
698 2341 842 2376 praedixit,
866 2341 904 2367 ait

136 2385 370 2420 chrysostomus,
392 2393 481 2419 supra
497 2385 526 2412 ¹¹.
543 2386 598 2413 Sed
621 2386 773 2421 quzeritur,
790 2394 825 2413 ex
844 2394 903 2421 quo

137 2431 219 2467 sequi
236 2432 278 2458 e..t
291 2430 408 2464 imitari,
423 2431 547 2466 qualiter
567 2431 607 2458 ait
626 2432 778 2460 discretive
799 2434 879 2460 Petro
895 2440 902 2459 ι

171 2515 177 2529 ¹
193 2515 260 2542 Luc„
276 2520 329 2544 xlv,
344 2515 382 2538 27.
396 2526 424 2531 —
440 2515 449 2530 ²
462 2515 523 2542 Juc..
541 2521 581 2544 ιιι,
595 2517 631 2538 13.
643 2528 673 2532 -
686 2516 695 2532 ³
708 2515 807 2544 illeille,
823 2522 848 2546 x,
865 2518 904 2539 25.

139 2561 168 2565 —
181 2549 188 2562 ⁴
207 2549 288 2577 Dent„
304 2554 403 2579 XXXIII,
422 2551 457 2572 12.
477 2562 506 2566 —
517 2550 526 2565 θ
539 2551 612 2579 Aug„
627 2549 657 2572 tle
678 2550 796 2580 I'z'rymit.
810 2551 904 2579 Senot„

141 2590 167 2606 11.
180 2584 218 2606 Ξῖ.
232 2596 256 2599 -
276 2583 378 2613 ⁸Apoc..
395 2589 447 2613 xiv,
464 2585 485 2606 sI·
502 2597 526 2600 —
543 2584 553 2599 ⁷
567 2587 640 2614 Aug„
654 2587 725 2608 tract.
741 2590 825 2613 cmm,
842 2592 867 2608 11.
882 2586 905 2608 7.

141 2631 171 2634 —
186 2620 193 2631 ¹⁴
205 2618 344 2647 chrysost„
358 2618 501 2648 1111101111.-
516 2621 524 2630 ‘¹
540 2619 628 2649 Ecvlz„
645 2625 689 2648 ιιι,
703 2622 740 2643 222.
755 2633 780 2636 -
798 2620 817 2635 ¹⁰
832 2621 905 2649 Aug„

1651 211 1706 239 527

946 281 984 306 Τιι
999 288 1038 307 me
1052 287 1168 314 sequere,
1181 279 1220 314 (a)
1238 286 1329 314 quam
1343 276 1467 305 Ioanni?
1482 277 1552 304 Item
1571 283 1662 310 quare
1695 275 1717 303 it

943 325 980 352 de
1004 326 1091 352 beato
1115 327 1226 352 Joanne
1243 333 1249 352 ι
1269 325 1333 352 Volo
1356 331 1414 351 eum
1433 330 1548 355 manere,
1570 322 1649 348 donec
1669 329 1714 347 ve-

943 372 1034 398 m'am‘?
1048 371 1122 398 sicut
1137 371 1239 406 quaerit
1253 369 1430 405 Augustinus
1444 367 1472 394 ¹².
1490 367 1515 395 Si
1536 367 1715 401 respondea-

944 418 1000 450 tur,
1025 417 1107 452 quod
1131 417 1188 444 hoc
1213 417 1267 450 ait,
1297 415 1366 451 quia
1386 422 1447 441 non
1467 415 1528 441 erat
1548 412 1716 446 moriturus,

943 463 999 490 hoc
1014 465 1145 490 removet
1166 462 1259 489 littera
1281 469 1406 496 sequens
1429 469 1434 487 :
1461 461 1522 487 Non
1540 459 1613 485 dz‘oez‘t
1630 459 1715 490 Jesus,

944 510 1074 542 quianon
1096 510 1220 542 moritur,
1247 510 1300 535 etc.
1321 509 1391 535 Item
1415 505 1599 541 praemissum
1616 505 1657 531 est
1681 504 1717 530 de

944 554 1030 581 beato
1054 555 1165 581 Joanne
1195 562 1201 579 τ
1231 553 1309 580 Vidit
1333 554 1427 579 Petrus
1449 553 1527 577 illum
1556 550 1718 584 discipulum

944 603 1101 635 sequentem.
1117 601 1211 633 Quare
1227 600 1296 634 ergo
1312 599 1404 633 magis
1420 597 1490 624 dicit
1505 599 1607 624 Petro:
1626 597 1663 622 Tu
1678 603 1718 622 me

945 654 1064 681 sequere,
1086 654 1176 681 quam
1191 645 1314 674 Ioanni?
1341 646 1373 672 Et
1391 644 1428 671 ad
1451 643 1579 678 primum
1598 649 1720 676 respon-

946 693 1077 720 dendum
1093 694 1143 727 cst,
1170 693 1252 728 quod
1276 694 1356 719 Petro
1379 691 1421 718 ait
1443 699 1449 717 τ
1477 691 1515 716 Tu
1539 697 1579 715 me
1601 695 1717 722 sequere,

945 739 1054 765 scilicet
1067 738 1097 765 in
1118 738 1211 765 crucis
1233 738 1380 773 passione,
1402 736 1442 763 ait
1461 735 1571 762 Glossa.
1589 734 1717 761 Christus

946 792 1016 819 ergo
1031 784 1181 811 insinuans
1197 786 1278 811 Petro
1294 791 1379 810 suam
1394 781 1561 817 passionem
1576 779 1719 813 futuram,

947 832 974 857 et
989 830 1075 857 etiam
1090 830 1191 865 aliquo
1207 829 1298 856 modo
1310 837 1401 863 genus
1413 826 1567 863 passionis,
1581 826 1651 861 quia
1661 827 1722 852 erat

948 876 1106 903 moriturus
1122 876 1151 902 in
1166 883 1263 909 cruce,
1278 875 1317 902 ait
1335 882 1340 900 :
1361 875 1399 900 Τιι
1411 881 1451 900 me
1466 880 1580 907 sequere.
1596 873 1722 898 Ioannes

948 924 1044 949 autem
1060 923 1087 948 et
1102 921 1151 948 alii
1166 920 1301 956 discipuli
1316 919 1406 946 secuti
1431 920 1497 945 sunt
1515 916 1643 953 perfecta
1657 916 1722 943 vitae

948 968 1118 995 imitatione.
1136 967 1304 994 Secundum
1320 965 1436 1000 aliquos
1451 971 1522 991 vero
1542 963 1598 990 1100
1614 962 1655 989 ait
1670 963 1721 989 Pe-

949 1016 1008 1047 tro,
1029 1015 1060 1040 ut
1084 1014 1145 1040 erat
1167 1014 1254 1048 caput
1284 1011 1415 1038 Ecclesiae
1440 1012 1467 1037 et
1492 1009 1625 1037 omnium
1645 1015 1723 1035 mar-

949 1061 1056 1094 tyrum,
1073 1061 1100 1086 et
1114 1061 1145 1085 nt
1159 1060 1219 1085 erat
1233 1065 1336 1092 gerens
1352 1063 1509 1092 personam
1524 1055 1669 1082 Ecclesiae.
1680 1053 1723 1080 Ad

950 1105 1031 1132 aliud
1045 1104 1286 1140 respondendum
1301 1105 1352 1137 est,
1369 1101 1452 1138 quod
1473 1102 1509 1128 de
1527 1102 1639 1128 Joanne
1659 1099 1698 1127 ait
1715 1109 1722 1126 :

950 1152 993 1179 Sic
1007 1152 1064 1178 volo
1079 1159 1136 1177 eum
1149 1158 1255 1177 manere
1270 1150 1349 1176 donec
1362 1149 1479 1180 veniam,
1500 1146 1607 1173 scilicet
1620 1145 1658 1172 ad
1677 1153 1724 1172 ac-

951 1196 1120 1232 cipiendum
1135 1204 1203 1223 eum
1221 1195 1250 1222 in
1265 1197 1370 1228 morte,
1388 1196 1418 1221 ut
1436 1193 1490 1220 suit
1504 1193 1622 1226 factum,
1638 1193 1725 1227 prout

952 1243 1056 1270 (licitur
1071 1243 1100 1269 in
1121 1242 1252 1277 legenda
1271 1250 1334 1275 sua,
1350 1242 1377 1267 et
1390 1242 1422 1267 ut
1436 1239 1474 1266 ait
1495 1239 1595 1266 Glossa
1613 1238 1669 1264 1110.
1695 1239 1726 1264 Et

951 1289 1007 1315 hoc
1022 1288 1074 1315 fult
1089 1295 1256 1322 congruum
1277 1286 1440 1314 secundum
1454 1285 1569 1320 aliquos
1584 1293 1590 1311 z
1603 1286 1634 1311 ut
1648 1283 1725 1310 enim

952 1335 990 1361 ait
1005 1334 1127 1369 quidam
1144 1334 1307 1369 expositor,
1323 1333 1446 1367 longum
1470 1330 1642 1365 martyrium
1665 1336 1726 1355 sus-

953 1380 1037 1407 tinuit
1058 1382 1193 1414 Joannes,
1218 1380 1279 1406 sive
1302 1379 1402 1412 duxit,
1423 1378 1452 1405 in
1471 1377 1640 1411 contemptu
1659 1375 1725 1402 vitas

952 1427 1100 1461 praesentis
1127 1429 1154 1454 et
1180 1426 1334 1453 tolerantia
1358 1423 1528 1459 multiplicis
1551 1422 1724 1450 afflictionis.

953 1474 1022 1500 110111
1038 1473 1068 1499 111
1085 1472 1202 1499 dolium
1227 1471 1363 1499 ferventis
1383 1471 1439 1498 olei
1454 1470 1508 1496 fuit
1526 1469 1640 1496 missus.
1657 1469 1727 1495 Item

954 1518 1099 1545 intensum
1115 1517 1289 1552 martyrium
1300 1516 1435 1544 sustinuit
1445 1515 1541 1543 cordis
1550 1515 1580 1541 in
1592 1514 1727 1549 passione

954 1564 1068 1591 Domini
1086 1563 1221 1590 assistens
1235 1563 1374 1597 magistro
1396 1570 1463 1589 eum
1484 1561 1615 1595 diligenti
1638 1567 1726 1595 pecu—

954 1610 1072 1637 liariter.
1091 1611 1161 1637 Item
1177 1609 1331 1644 deputatus
1350 1608 1404 1635 fuit
1420 1608 1459 1635 ad
1478 1615 1579 1634 curam
1598 1606 1726 1633 0101150-

955 1656 1058 1690 quium
1074 1655 1167 1682 lJeatae
1185 1655 1279 1682 Matris
1302 1654 1426 1687 Domini,
1443 1655 1469 1680 et
1489 1653 1571 1687 virgo
1595 1652 1649 1679 fuit
1671 1660 1677 1677 τ
1700 1653 1728 1678 et

954 1701 1022 1728 ideo
1038 1701 1135 1728 decuit
1154 1701 1304 1736 placidam
1319 1702 1443 1727 mortem
1468 1700 1628 1733 expectare.
1647 1697 1726 1724 Unde

955 1747 1056 1774 Glossa
1068 1756 1073 1773 :
1086 1746 1244 1773 «Ultimum
1259 1746 1289 1772 in
1304 1753 1376 1780 pace
1391 1745 1506 1772 senium
1518 1744 1621 1771 finivit.
1633 1753 1646 1769 »
1658 1745 1727 1771 Item

955 1793 1013 1820 vita
1028 1792 1256 1827 contemplativa
1270 1792 1300 1818 in
1319 1791 1499 1819 beatitudine
1515 1799 1567 1826 per
1580 1791 1678 1826 ipsum
1692 1790 1728 1817 si-

956 1841 1071 1874 gnatur,
1083 1847 1148 1874 quae
1160 1845 1274 1873 semper
1290 1840 1398 1871 manet,
1410 1839 1441 1863 ut
1457 1837 1496 1864 ait
1508 1837 1684 1871 Augustinus
1697 1838 1726 1864 ¹³.

956 1887 987 1912 Et
1001 1885 1069 1912 ideo
1085 1885 1196 1912 ratione
1218 1884 1282 1910 vitre
1304 1891 1356 1918 per
1371 1891 1440 1910 eum
1464 1883 1605 1917 figuratae,
1623 1891 1729 1910 conve-

956 1932 1068 1958 nienter
1084 1931 1123 1957 ait
1141 1939 1146 1956 :
1163 1930 1206 1957 Sic
1220 1931 1276 1956 volo
1292 1938 1349 1956 eum
1363 1937 1476 1956 manere.
1496 1930 1527 1955 Et
1543 1929 1578 1955 de
1597 1929 1654 1956 1100
1676 1932 1728 1955 Au-

956 1976 1088 2011 gustinus
1105 1977 1132 2001 ¹t.
1150 1978 1180 2003 Et
1194 1976 1224 2002 111
1238 1975 1338 2003 Glossa
1354 1984 1361 2001 :
1380 1976 1435 2001 Cur
1448 1976 1591 2002 Joannem
1605 1974 1672 2010 plus
1687 1974 1729 2001 di—

956 2022 1059 2050 lexerit
1084 2022 1234 2055 Dominus,
1252 2029 1318 2048 cum
1335 2024 1431 2048 tamen
1452 2022 1550 2047 Petrus
1573 2021 1639 2055 plus
1660 2028 1728 2047 eum

957 2068 1110 2095 dilexerit?
1137 2067 1215 2094 Unde
1239 2075 1337 2101 supra,
1355 2066 1471 2099 codem,
1492 2066 1531 2093 ait
1557 2065 1696 2092 Dominus
1721 2073 1726 2091 :

956 2114 1047 2140 Scmon
1061 2114 1182 2145 Joamzz‘s,
1199 2113 1294 2146 diligis
1318 2120 1357 2139 me
1371 2113 1432 2146 plus
1453 2113 1494 2138 lu's
1506 2114 1519 2138 P
1541 2112 1631 2146 Super
1647 2110 1728 2146 quod

958 2160 1133 2194 Augustinus
1157 2159 1173 2174 ¹³
1192 2167 1197 2185 :
1216 2158 1328 2191 «Quod
1343 2158 1463 2192 sciebat,
1482 2158 1620 2185 Dominus
1644 2157 1730 2184 inter-

958 2205 1096 2239 rogabat,
1109 2206 1140 2231 ut
1151 2212 1204 2231 nos
1218 2212 1317 2231 amare
1333 2207 1446 2230 Petrum
1463 2203 1571 2230 scilicet
1586 2204 1615 2238 (l.)
1630 2210 1730 2230 nosce-

960 2259 1067 2278 remus.
1082 2260 1093 2275 »
1105 2252 1135 2276 Et
1147 2250 1262 2276 videtur
1273 2249 1355 2284 quod
1367 2249 1461 2283 magis
1473 2249 1592 2275 deberet
1607 2248 1729 2282 diligere

960 2297 1085 2330 Petrum,
1102 2296 1172 2330 quia
1186 2296 1236 2322 ille
1251 2296 1317 2330 plus
1337 2295 1446 2322 dilexit.
1467 2296 1547 2329 Item,
1568 2296 1599 2320 ut
1613 2293 1652 2321 ait
1673 2296 1730 2321 Au-

960 2342 1103 2376 gns-tinus,
1118 2341 1170 2368 ubi
1185 2349 1273 2375 supra
1288 2341 1307 2357 ¹⁶
1324 2349 1329 2367 :
1342 2351 1353 2366 «
1369 2341 1468 2368 Melior
1483 2343 1524 2367 est
1538 2341 1590 2376 qui
1605 2340 1671 2376 plus
1686 2340 1731 2367 di-

959 2387 1022 2421 ligit
1036 2387 1181 2414 Christum
1199 2395 1205 2413 z
1221 2397 1233 2411 »
1255 2394 1324 2421 ergo
1340 2386 1434 2420 magis
1449 2386 1618 2421 diligendus
1631 2386 1668 2413 ab
1684 2394 1731 2413 or-

961 2433 1058 2460 dinate
1074 2433 1224 2468 diligente,
1241 2432 1338 2467 qualis
1353 2434 1413 2459 erat
1432 2432 1518 2459 Filius
1533 2433 1591 2459 Dei.
1608 2434 1677 2460 Item
1691 2431 1731 2458 di-

963 2517 1004 2539 11111
1024 2524 1090 2546 sup,
1112 2524 1138 2539 n.
1158 2518 1181 2539 5.
1196 2529 1227 2534 —
1247 2517 1264 2531 ¹¹
1282 2516 1421 2546 Chrysost„
1444 2516 1484 2539 ubi
1501 2523 1556 2546 sup.
1573 2529 1602 2532 —
1620 2516 1639 2531 ¹²
1656 2516 1730 2545 Aug,

963 2551 1005 2574 uhi
1024 2559 1079 2581 sup.
1102 2565 1131 2568 —
1154 2552 1170 2567 '³
1189 2551 1250 2574 thid.
1268 2564 1299 2568 -
1318 2551 1336 2566 ¹*
1359 2550 1421 2574 ibid.
1440 2564 1470 2568 —
1492 2551 1512 2567 ¹⁶
1535 2551 1596 2574 ibid.
1617 2557 1642 2573 ιι.
1661 2551 1683 2572 11.
1702 2562 1731 2566 -

963 2587 982 2602 ¹⁶
1000 2586 1063 2610 Ibid.
1078 2599 1109 2604 —-
1125 2587 1154 2616 (a)
1174 2586 1263 2616 Suppl.
1279 2585 1363 2616 potius
1388 2599 1419 2604 —-
1436 2586 1467 2616 (b)
1482 2586 1537 2616 Leq.
1554 2591 1666 2609 amorem
1682 2584 1731 2607 Pe-

964 2621 994 2643 tri
1016 2628 1077 2651 erga
1095 2621 1238 2644 Dominum.
