1987 3032
191 176 247 204 424

191 243 272 270 bavit
288 242 404 270 turbam
421 251 426 269 :
444 241 515 277 qnid
526 241 659 276 invides,
676 247 750 267 cfeea
764 239 875 267 turba?
891 239 961 275 quia

190 292 257 326 post
271 298 338 318 eum
353 290 388 321 it,
405 290 436 316 id
452 291 510 323 est,
526 288 621 320 vadit,
642 295 694 322 per
709 294 796 322 quem
813 286 904 314 faetus
919 288 960 314 est

191 337 329 365 mundus,
344 346 358 362 »
375 337 438 363 11180
454 335 510 362 ille.
527 336 557 361 Et
572 335 603 360 ut
614 333 654 360 ait
669 332 768 360 Glossa
785 341 790 359 :
807 332 877 359 «Ilio
892 340 960 368 pro-

190 385 311 420 phetant
326 382 485 410 nescientes
496 402 504 414 ‚
526 382 592 415 post
607 379 686 406 enim
700 378 957 413 resurrectionem,

191 433 266 458 totus
280 429 409 457 mundus
420 427 543 455 credidit
558 426 586 453 in
603 433 687 458 eum,
700 425 730 452 id
747 427 806 458 est,
822 424 905 452 multi
921 425 957 452 de

192 477 229 504 de
246 478 305 504 toto
320 475 433 502 mundo
449 483 482 501 ε»
497 474 654 508 postquam
670 471 699 498 in
716 479 834 498 omnem
850 472 958 498 terram

192 523 280 550 exivit
295 529 384 549 sonus
399 520 612 556 apostolorum,
628 518 701 545 sieut
713 517 766 545 ruit
780 518 959 553 promissum

191 577 243 605 per
271 567 444 602 prophetam
475 566 482 582 ¹
516 575 521 592 :
553 575 566 590 «
580 566 685 592 Omnes
713 564 757 591 isti
790 563 959 598 congregati

190 617 273 648 sunt,
291 609 434 641 venerunt
452 612 540 639 tibi.»
557 611 567 625 ²
584 621 596 636 (1
612 610 690 638 Multi
712 610 749 637 ab
773 610 886 638 Oriente
909 617 959 637 ve-

191 661 288 694 nient,
300 671 314 687 v>
332 662 383 687 ete.

225 708 269 734 ⁶20.
287 708 318 734 Et
332 706 462 741 sequitur
476 704 528 731 illa
543 711 610 739 pars
624 704 655 730 in
673 702 879 738 praedictione,
899 702 959 728 sive

191 753 371 781 revelatione
391 751 494 778 futura¹
510 749 668 786 passionis,
685 752 712 776 et
735 748 876 784 implicita
892 756 959 775 eru-

191 799 302 827 ditione
327 801 354 825 et
379 797 580 825 exhortatione
609 795 822 830 discipulorum
843 804 849 822 :
872 796 961 821 Erant

191 849 279 873 autem
295 845 405 879 qnidam
420 845 530 878 gentiles
542 864 548 876 ‚
567 843 620 874 ete,
637 843 669 869 Et
682 842 743 869 hcec
757 849 825 876 pars
841 842 870 868 in
886 841 960 868 duas

190 894 286 927 partes
303 900 309 918 ι
328 890 425 926 primo
440 891 574 917 narratur
590 888 626 915 de
643 888 770 915 adventu
787 887 938 921 gentilium
951 908 960 921 ‚

191 940 218 965 et
234 938 270 965 de
285 937 443 973 petitione;
460 935 607 968 secundo,
623 935 659 961 de
681 934 826 970 passionis
850 933 960 961 revela·

190 985 269 1012 tione
282 1005 290 1017 ,
306 983 346 1011 1111
359 986 368 1000 ²¹
387 993 392 1010 ;
409 983 555 1017 Respondit
571 985 659 1008 antem
673 983 759 1014 Jesus,
775 983 828 1008 ete..

225 1032 257 1059 Et
271 1031 328 1058 hoc
343 1033 398 1064 est,
410 1029 492 1065 quod
508 1029 547 1056 ait
564 1038 569 1055 :
584 1029 670 1055 Erant
684 1032 772 1055 antem
786 1029 904 1061 gentiles.
917 1027 961 1055 Ait

191 1087 260 1114 ergo
289 1079 389 1106 Glossa
409 1087 415 1104 :
436 1079 501 1104 «De
525 1076 631 1104 Judaeis
655 1077 754 1109 erant,
779 1075 830 1110 qui
851 1075 960 1102 elama-

190 1126 277 1159 bant;
292 1124 384 1152 modo
405 1123 527 1158 gentiles
543 1123 684 1158 quaerunt.
701 1131 714 1146 u
732 1121 859 1149 christus
881 1121 959 1148 enim

189 1172 241 1199 suit
256 1170 331 1206 lapis
352 1169 502 1204 angularis
524 1169 705 1202 conjungens
729 1169 886 1203 utrumque
904 1175 959 1202 po-

188 1218 309 1253 pulum,
326 1216 409 1252 quasi
431 1215 506 1243 duos
527 1215 651 1251 parietes
667 1215 696 1240 ¹²:
716 1224 729 1239 «
751 1215 821 1241 Eece
846 1213 958 1240 mittam

189 1265 218 1291 in
234 1262 431 1290 fundamentis
445 1262 512 1289 Sion
527 1261 667 1296 lapidem.
683 1271 695 1285 u
710 1260 757 1287 llic
774 1259 853 1286 enim
864 1260 959 1286 311130-

190 1313 233 1337 tus
248 1311 289 1336 est
305 1309 333 1336 in
349 1310 435 1344 eaput
449 1308 564 1342 anguli,
582 1317 595 1332 >›
613 1307 652 1333 ait
673 1306 825 1342 Propheta.
851 1307 892 1332 Em
918 1307 959 1332 lzz‘s

189 1358 236 1391 qui
257 1355 448 1388 ascenderant,
468 1356 521 1381 ete.
537 1355 546 1369 ‘³'
563 1364 575 1378 α
591 1353 760 1387 Alienigena
776 1353 826 1388 qui
847 1352 959 1379 venerit

189 1403 225 1430 de
238 1405 313 1429 terra
329 1401 505 1436 longinqua,
521 1402 548 1427 et
562 1399 730 1427 adoraverit
750 1399 780 1426 in
797 1399 864 1426 loeo
885 1399 958 1431 isto,

188 1451 218 1476 tu
232 1448 371 1475 exaudies
383 1467 391 1480 ,
408 1458 419 1471 n
439 1449 491 1474 ete.
512 1456 523 1471 «
539 1446 570 1473 Ei
586 1446 665 1472 enim
679 1447 761 1472 erant
772 1445 928 1480 proselyti,
943 1455 955 1470 »

189 1495 227 1522 ait
241 1495 351 1522 Glossa.
369 1495 400 1520 Et
418 1493 464 1528 (v.
486 1494 516 1519 21
532 1493 539 1526 )
555 1494 715 1518 accesserunt
735 1492 771 1518 ad
790 1492 955 1525 Philippum.

188 1542 221 1568 Et
234 1540 302 1567 ideo
322 1540 395 1566 forte
411 1539 449 1566 ad
464 1538 548 1565 illum
569 1539 767 1571 accesserunt,
785 1537 853 1572 quia
876 1539 959 1564 erant

189 1586 225 1613 de
241 1586 344 1613 eadem
359 1585 469 1620 patria,
491 1587 544 1611 ete,
566 1586 596 1611 Et
615 1584 663 1611 ille
684 1584 729 1619 (v.
749 1584 803 1618 22)
819 1584 886 1609 <licit
900 1584 958 1609 An-

189 1633 271 1665 ἄνεω,
287 1631 337 1667 qui
361 1631 442 1666 prius
464 1630 640 1661 crediderat,
659 1637 748 1665 supra
762 1631 781 1656 Τ.
799 1631 830 1656 Et
851 1629 879 1656 in
901 1629 958 1656 hoe

189 1678 338 1705 humilitas
355 1677 488 1712 Philippi.
508 1678 542 1703 Et
563 1676 689 1702 discernat
706 1677 784 1709 Jesu,
802 1675 871 1710 quia
884 1675 958 1702 forte

190 1724 380 1757 dubitabant,
399 1731 434 1751 eo
459 1723 541 1758 quod
565 1722 678 1749 dixerat
701 1721 839 1748 Dominus
851 1723 880 1748 ⁸:
901 1732 913 1747 «
929 1723 959 1749 In

190 1770 266 1797 viam*
278 1770 408 1804 gentium
423 1777 459 1796 ne
475 1768 612 1802 abieritis,
624 1778 637 1793 »i
649 1768 721 1794 sieut
736 1769 813 1803 patet
825 1775 860 1795 ex
873 1767 960 1803 Chry-

189 1818 330 1844 sostomo.
355 1817 386 1842 Ut
409 1815 486 1842 enim
509 1815 589 1842 idem
608 1815 853 1849 Chrysostomus⁹
870 1823 874 1841 :
897 1824 910 1840 «
925 1815 957 1841 Hi

191 1862 312 1897 gentiles
324 1869 416 1897 prope
432 1861 584 1888 existentes
608 1862 749 1887 venerant
769 1860 894 1887 adorare
905 1881 914 1894 ,
930 1863 961 1888 ut

190 1907 330 1943 proselyti
345 1908 426 1934 fiant.
442 1918 455 1933 »
475 1907 611 1934 Dicuntur
627 1909 724 1933 autem
740 1906 893 1942 proselyti,
909 1907 961 1942 qui

191 1963 227 1981 ex
249 1954 383 1989 gentibus
409 1953 499 1988 judaei
521 1952 732 1979 efficiebantur.
756 1954 787 1979 Et
809 1954 888 1988 patet
914 1952 961 1979 hie

193 2000 405 2035 discipulorum
425 1999 607 2034 benignitas,
630 1999 710 2034 quod
732 1998 889 2026 audierunt
911 2007 961 2034 pe-

192 2047 324 2073 titionem
348 2046 514 2081 gentilium,
537 2047 564 2071 et
585 2045 782 2080 appetibilitas
800 2045 899 2072 salutis
914 2053 961 2072 eo-

192 2101 268 2119 rum.
284 2094 353 2119 Item
367 2093 446 2127 patet
459 2091 672 2119 honorabilitas
686 2099 788 2118 eorum
810 2091 847 2118 ad
860 2091 962 2126 Magis-

193 2140 283 2172 trum,
298 2140 324 2165 et
336 2137 518 2165 discretionis
528 2137 643 2164 veritas
660 2139 726 2164 Post
740 2139 837 2164 autem
851 2137 963 2164 delibe-

193 2185 336 2211 rationem
346 2186 374 2211 et
389 2184 576 2211 collationem
593 2184 628 2210 de
644 2183 782 2218 petitione
797 2183 961 2217 gentilium,

194 2232 335 2257 venerunt
362 2230 401 2257 ad
429 2231 535 2257 Jesum.
562 2231 593 2256 Et
617 2231 695 2264 patet
721 2229 767 2255 hie
794 2229 963 2264 exemplum

195 2275 443 2303 commorantibus
458 2276 488 2302 in
504 2275 639 2302 societate
662 2276 833 2309 magnatum
846 2295 852 2307 ‚
874 2283 963 2310 expo-

194 2329 263 2349 nere
279 2322 319 2349 eis
334 2322 486 2356 petitiones
500 2329 674 2356 pauperum.

230 2369 273 2395 23.
287 2368 458 2402 Etsequitur
470 2367 520 2394 illa
533 2375 610 2402 pars,
622 2367 650 2394 in
667 2375 726 2402 qua
740 2367 776 2393 (le
788 2367 963 2395 revelatione

227 2427 234 2442 ¹
249 2427 308 2456 lsa„
323 2433 397 2455 xmx,
418 2428 452 2450 ts.
467 2440 498 2444 —
514 2427 523 2442 ‘2
538 2427 637 2456 Mami„
655 2432 712 2456 x'111,
730 2428 766 2450 11.
784 2439 812 2444 -
828 2426 908 2457 31111Ἰ
924 2428 962 2450 23.

194 2476 223 2479 —
235 2463 242 2476 ⁴
259 2462 317 2492 lsa„
334 2467 425 2492 xxvlu,
440 2463 517 2485 1ὓ.-
529 2462 538 2478 5
552 2462 623 2485 psal,
637 2467 716 2490 cxvii,
732 2463 809 2485 *22-
824 2462 833 2478 ⁰
851 2462 878 2485 tll
896 2462 962 2492 1³09„

194 2503 254 2527 viu,
278 2499 315 2521 skl-
343 2510 372 2514 —
395 2497 402 2511 ⁷
431 2498 502 2526 sup,
528 2503 550 2525 1,
573 2498 610 2520 40.
632 2509 660 2513 —-
683 2498 691 2509 ³
708 2497 810 2526 Mami„
836 2503 864 2526 x,
887 2498 909 2519 5.
935 2509 960 2513 —

194 2534 202 2546 '²
217 2533 359 2563 Chrysost„
376 2532 417 2555 ubi
433 2539 498 2561 sup.J
517 2538 541 2554 11.
563 2534 585 2555 2.
605 2532 680 2555 Aliter
698 2533 784 2555 tumen
799 2532 865 2555 inune
879 2532 962 2555 locum

194 2567 372 2598 interpretatus
393 2569 431 2590 est
456 2567 598 2590 Bernartius
618 2567 648 2589 «le
671 2567 848 2598 Moiitsiitieoii,
868 2567 964 2591 scilieet

195 2602 233 2625 liis
255 2603 337 2626 verbis
363 2610 368 2626 t
395 2610 407 2624 «
431 2602 494 2626 Cum
516 2602 568 2630 jam
596 2608 673 2631 prope
700 2603 766 2625 esset
790 2604 816 2626 ut
841 2602 962 2633 proselyti

707 173 912 204 {QVANGELH
937 173 1075 204 SANCTl
1101 172 1266 205 JOANNIS

1015 240 1178 276 passionis;
1193 242 1221 268 et
1235 240 1285 269 illa
1299 248 1367 277 pars
1381 242 1410 269 in
1426 243 1482 270 tres
1501 250 1507 269 :
1521 242 1634 278 primo,
1648 244 1686 272 de
1700 252 1785 273 reve-

1016 287 1125 314 latione
1139 286 1300 322 passionis,
1315 289 1342 315 et
1359 288 1421 323 ejus
1435 288 1548 316 ratione
1557 298 1565 323 ;
1580 290 1727 325 seeundo,
1743 291 1780 319 de

1016 333 1215 361 testificatione
1246 333 1462 362 clarificationis
1492 336 1640 371 sequentis
1666 337 1783 372 passio-

1016 387 1100 413 nem,
1118 379 1158 406 ibi
1171 379 1192 397 ¹0
1207 389 1215 407 :
1231 381 1312 407 Venit
1327 388 1386 414 erqo
1400 389 1467 415 vom,
1483 383 1553 414 ete.,·
1569 381 1662 417 tertio,
1676 382 1713 410 de
1726 382 1782 411 du-

1016 426 1156 453 bitatione
1175 426 1268 453 turbae
1291 425 1450 460 audientis,
1467 429 1495 455 et
1514 428 1577 463 ejus
1599 428 1782 463 eruditione,

1015 471 1057 499 ibi
1074 473 1093 489 ¹¹
1112 480 1118 498 :
1141 472 1229 499 Turba
1243 479 1320 506 erqo,
1341 474 1394 500 ete.

1051 518 1095 545 Ait
1110 525 1203 552 ergo:
1224 519 1299 545 Jesus
1322 521 1410 546 autem
1433 520 1582 555 respondit:
1607 522 1685 548 Venit
1706 522 1781 549 hora.

1017 563 1096 591 Unde
1121 563 1162 591 ibi
1187 563 1285 591 adhuc
1308 564 1362 592 tria
1385 574 1391 592 ε
1418 565 1530 600 prImo,
1551 566 1614 602 ipsa
1640 567 1781 595 revelatio

1015 610 1173 645 passionis;
1188 610 1329 644 seeundo,
1340 611 1402 645 ejus
1414 611 1497 645 ratio,
1508 611 1549 639 ibi
1565 613 1586 630 ¹²
1601 621 1610 640 ι
1626 613 1711 641 Amen
1724 614 1783 641 dico

1015 657 1088 684 vohis
1099 677 1106 690 ‚
1123 658 1195 691 ete.;
1211 656 1309 691 tertio,
1325 657 1416 692 ipsius
1437 658 1547 693 oratio,
1564 659 1624 686 sive
1638 659 1785 696 supplica-

1017 703 1072 737 tio,
1087 703 1129 730 ibi
1145 703 1164 720 ¹³
1180 712 1187 730 :
1203 704 1281 731 Nunc
1295 705 1386 730 anima
1399 712 1472 738 mea,
1487 706 1539 732 ete.

1052 749 1097 776 Ait
1109 757 1180 784 ergo
1194 759 1199 776 :
1217 750 1297 776 Venit
1311 750 1393 783 hora,
1408 752 1439 781 ut
1460 751 1632 785 clarificetur,
1656 752 1710 779 etc.
1728 751 1784 779 Sed

1018 795 1167 830 quaeritur,
1181 794 1306 831 qualiter
1319 795 1386 830 hoe,
1402 796 1472 832 quia
1486 797 1605 824 modica
1623 797 1679 824 fuit
1697 797 1784 826 elari-

1017 842 1114 869 fieatio
1127 842 1164 868 ab
1176 841 1221 868 his
1231 841 1409 877 gentilibus?
1419 843 1452 869 Et
1462 842 1501 869 ad
1515 842 1595 870 istud
1605 843 1787 879 responden-

1017 888 1089 915 dum
1105 888 1268 915 secundum
1284 887 1426 922 Glossam,
1444 888 1526 923 quod
1540 888 1601 916 haee
1615 889 1785 918 clarificatio

1016 942 1078 962 non
1088 934 1141 962 t'uit
1149 934 1186 961 de
1202 934 1262 961 istis
1272 944 1279 968 3
1292 934 1343 961 sed
1354 934 1508 961 occasione
1518 942 1622 962 eorum
1633 936 1787 965 annuntiat

1016 980 1230 1016 plenitudinem
1251 980 1381 1014 gentium
1404 982 1423 997 ¹³·
1444 980 1609 1009 futurarum
1631 984 1785 1010 venturam

1016 1027 1054 1054 ad
1070 1026 1168 1054 finem.
1192 1029 1224 1054 Et
1241 1027 1382 1062 quoniam
1397 1027 1579 1054 altitudinem
1595 1027 1784 1063 glorificatio-

1016 1073 1060 1100 nis
1075 1073 1204 1108 oportuit
1218 1075 1249 1100 ut
1263 1073 1439 1109 prceeederet
1453 1074 1601 1102 humilitas
1622 1075 1783 1110 passionis,

1016 1119 1088 1146 sicut
1112 1119 1262 1147 continuat
1290 1120 1467 1155 Augustinus
1488 1121 1508 1138 ¹¹⁵
1519 1142 1527 1155 ,
1557 1121 1625 1148 ideo
1653 1122 1784 1157 sequitur

1017 1168 1023 1201 (
1041 1175 1068 1193 V.
1090 1167 1159 1200 024),
1175 1166 1280 1193 seilicet
1302 1166 1375 1194 ratio
1400 1166 1544 1202 passionis
1561 1168 1647 1195 :Nisi
1669 1176 1783 1202 ymnum

1015 1214 1145 1245 frumenti·
1159 1214 1290 1239 mortuum
1305 1214 1390 1245 fuerit
1400 1234 1408 1246 ,
1428 1215 1480 1240 ete.
1498 1214 1529 1240 Et
1543 1215 1574 1240 ut
1595 1213 1635 1241 ait
1647 1214 1784 1249 Augusti-

1015 1267 1070 1285 nus
1085 1258 1114 1293 ¹·³,
1128 1268 1141 1283 «
1156 1259 1217 1294 ipse
1232 1258 1286 1285 fuit
1300 1265 1424 1292 granum
1438 1259 1675 1287 mortificandum
1690 1259 1720 1287 in
1737 1260 1784 1287 in-

1014 1304 1153 1331 fidelitate
1176 1304 1343 1332 Judaeorum
1358 1326 1367 1338 ,
1391 1304 1650 1341 multiplicandum
1672 1306 1703 1332 in
1722 1305 1781 1334 fide

1014 1351 1205 1387 populorum.
1222 1361 1235 1376 »
1253 1351 1340 1378 Filius
1355 1352 1434 1379 enim
1450 1351 1499 1379 Dei
1514 1353 1575 1379 erat
1589 1359 1715 1387 granum
1728 1360 1783 1388 pu-

1014 1406 1096 1431 rum,
1112 1397 1244 1425 vividum
1254 1419 1263 1432 ,
1285 1400 1312 1425 et
1333 1398 1504 1433 vigor-osum
1519 1419 1526 1431 ‚
1542 1400 1569 1426 et
1583 1398 1720 1434 sapidum
1730 1419 1739 1433 ‚
1756 1400 1784 1427 et

1013 1444 1204 1471 fructuosum.
1222 1445 1240 1460 ¹⁷
1266 1454 1277 1468 κ
1302 1444 1377 1477 Quid
1401 1444 1514 1471 bonum
1529 1465 1537 1478 ,
1564 1445 1591 1472 et
1619 1444 1692 1479 quid
1720 1444 1784 1480 pul-

1014 1489 1132 1523 chrum,
1155 1489 1210 1516 nisi
1234 1489 1427 1524 frumentum,
1443 1491 1471 1517 et
1490 1489 1591 1517 vinum
1614 1490 1781 1525 germinans

1013 1535 1160 1569 virgines?
1175 1545 1187 1560 u
1206 1537 1238 1562 Et
1258 1535 1333 1562 istud
1359 1543 1485 1570 granum
1504 1535 1557 1563 fuit
1578 1537 1728 1564 mortuum
1751 1536 1782 1563 in

1013 1581 1168 1616 passione,
1189 1584 1215 1609 et
1237 1581 1331 1608 attulit
1352 1581 1477 1608 multum
1500 1581 1644 1616 fructum,
1668 1582 1698 1609 id
1721 1584 1783 1616 est,

1014 1627 1232 1654 multitudinem
1247 1627 1438 1654 reedentium.
1456 1627 1500 1655 Sic
1515 1628 1536 1645 ¹⁸
1551 1636 1556 1654 :
1577 1637 1589 1653 «
1605 1628 1632 1655 Si
1651 1629 1784 1664 posuerit

1015 1673 1144 1700 animam
1167 1681 1220 1708 pro
1246 1675 1382 1709 peceato,
1410 1673 1523 1701 videbit
1547 1681 1646 1701 semen
1672 1673 1784 1709 Iongae-

1014 1727 1094 1746 vum.
1113 1730 1124 1743 n
1143 1721 1174 1746 Et
1194 1719 1230 1746 de
1245 1719 1301 1746 hoe
1323 1719 1353 1746 in
1371 1719 1530 1747 Collatione
1554 1719 1736 1755 praedicabili
1750 1721 1780 1747 ¹⁹.

1015 1767 1046 1792 Et
1068 1766 1138 1801 quia
1155 1766 1195 1793 sie
1219 1768 1279 1793 erat
1301 1765 1459 1794 moriturus
1473 1766 1561 1794 Filius
1576 1767 1634 1801 Dei,
1649 1767 1783 1795 hortatur

1015 1812 1053 1839 ad
1074 1812 1218 1848 passionis
1243 1820 1301 1839 suae
1325 1812 1463 1840 sectanda
1486 1812 1608 1848 vestigia
1629 1812 1682 1848 (v.
1703 1812 1758 1849 25)
1775 1822 1781 1840 :

1017 1859 1069 1891 Qui
1083 1862 1156 1886 amat
1170 1860 1287 1886 (mimam
1301 1866 1393 1893 suam,
1409 1860 1462 1886 etc.
1480 1858 1557 1886 Siout
1571 1859 1720 1887 continuat
1729 1861 1785 1887 Au-

1015 1905 1147 1940 gustinus
1161 1906 1194 1938 ²0,
1211 1905 1242 1932 id
1258 1907 1310 1939 est,
1330 1905 1406 1940 «qui
1420 1906 1499 1932 amat
1521 1905 1652 1932 animam
1675 1913 1760 1933 suam
1775 1926 1785 1940 ,

1015 1951 1118 1986 perdet
1143 1961 1149 1978 :
1175 1953 1202 1978 et
1228 1951 1296 1978 ideo
1320 1952 1342 1977 si
1367 1951 1449 1986 cupis
1474 1951 1564 1979 vitam
1590 1953 1689 1979 tenere
1717 1959 1786 1979 cum

1016 1997 1144 2031 Christo,
1160 1997 1222 2024 noli
1241 1997 1343 2025 timere
1364 1999 1489 2025 mortem
1511 2005 1566 2033 pro
1589 1997 1710 2026 Christo.
1727 2007 1740 2022 »
1755 1999 1787 2026 Et

1017 2043 1216 2077 consimiliter,
1228 2045 1276 2078 qui
1297 2043 1355 2070 odit
1369 2045 1487 2070 animam
1506 2051 1591 2077 suam,
1605 2053 1618 2069 (ι
1633 2043 1741 2071 seilicet
1756 2043 1786 2071 in

1016 2089 1072 2116 hoe
1087 2089 1212 2123 mundo,
1228 2092 1316 2117 amat.
1333 2099 1346 2114 »
1360 2091 1391 2116 Ut
1401 2089 1440 2116 ait
1451 2090 1626 2124 Augustinus
1635 2090 1653 2106 ²¹
1670 2099 1676 2117 z
1691 2100 1704 2116 α
1719 2090 1787 2118 Mira

1017 2135 1175 2169 sententia,
1191 2135 1447 2171 quemadmodum
1466 2135 1501 2163 sit
1523 2135 1650 2162 hominis
1671 2136 1702 2163 in
1722 2136 1786 2163 aui-

1018 2189 1097 2208 mam
1112 2189 1194 2209 suam
1216 2189 1316 2214 amor,
1332 2183 1363 2208 ut
1389 2183 1508 2216 pereat,
1535 2181 1652 2216 odium,
1677 2189 1715 2209 ne
1737 2189 1787 2217 pe-

1018 2230 1093 2262 reat,
1116 2231 1169 2255 ete.
1190 2227 1246 2255 Sed
1270 2227 1427 2262 quoeritur,
1452 2227 1577 2263 qualiter
1603 2229 1698 2263 potest
1721 2228 1787 2263 quis

1019 2275 1100 2302 odire
1116 2274 1255 2307 animam,
1272 2281 1340 2300 eum
1355 2273 1468 2300 dicatur
1483 2274 1502 2290 ²⁴2
1519 2282 1524 2300 :
1538 2284 1551 2299 «ι
1565 2275 1655 2302 Nemo
1667 2282 1786 2302 earnem

1018 2330 1101 2348 suam
1117 2320 1187 2348 odio
1201 2320 1314 2347 habuit.
1332 2321 1388 2346 »Et
1402 2319 1440 2347 ad
1453 2319 1530 2347 istud
1544 2320 1786 2356 respondendum

1018 2393 1119 2422 fierent,
1136 2400 1149 2413 »
1172 2393 1221 2415 ete.
1244 2391 1331 2414 Graeca
1350 2390 1425 2414 lectio
1447 2389 1481 2414 sie
1504 2390 1581 2414 habet
1598 2398 1604 2413 ε
1624 2391 1700 2421 Εγγὺς
1720 2391 1785 2418 ὄντες

1018 2429 1101 2451 λοιπὸν
1128 2430 1170 2450 τοῦ
1194 2427 1343 2457 προσήλυτοι
1368 2426 1484 2456 γίνεσθαι.
1512 2438 1542 2442 -
1566 2426 1585 2442 ¹⁰
1612 2425 1669 2454 ins„
1693 2426 1731 2449 28.
1756 2438 1786 2443 --

1021 2464 1037 2478 ²¹
1053 2462 1109 2492 inf,
1125 2463 1162 2486 29.
1179 2475 1206 2478 —
1223 2462 1241 2477 ¹²
1258 2460 1410 2490 111f.,2i.—
1427 2461 1445 2476 ¹³
1460 2460 1515 2490 inf„
1529 2462 1567 2484 27.
1579 2473 1606 2477 -
1623 2461 1640 2476 ¹⁴
1654 2460 1732 2486 nom..
1748 2466 1784 2490 xi,

1018 2498 1057 2520 ⁶25.
1070 2510 1099 2514 —
1113 2497 1133 2513 ¹⁵
1148 2497 1222 2526 Aug„
1239 2495 1282 2519 ubi
1296 2502 1361 2525 sup„
1377 2502 1405 2518 n.
1422 2495 1445 2518 9.
1461 2507 1490 2511 -
1511 2494 1605 2518 16111111.
1619 2494 1682 2511 -17
1698 2494 1784 2524 Zoela,

1020 2537 1055 2561 ix,
1070 2532 1107 2554 27.
1124 2544 1154 2548 —-
1169 2532 1185 2545 ¹⁵⁴
1200 2531 1256 2554 Isa..
1274 2536 1334 2560 Lm,
1351 2532 1387 2552 10.
1403 2543 1432 2547 -
1452 2530 1469 2546 '⁹
1484 2529 1540 2553 Vid.
1562 2528 1663 2559 fallat„
1678 2535 1741 2553 nvn.
1757 2542 1786 2547 -

1018 2567 1036 2580 ²⁴*
1059 2567 1133 2597 Aug„
1159 2566 1201 2590 ubi
1222 2572 1289 2596 sup„
1311 2572 1336 2588 11.
1363 2566 1397 2588 to.
1420 2577 1448 2582 —
1469 2565 1487 2579 ²¹
1509 2564 1570 2587 ibid.
1590 2577 1619 2581 —
1642 2564 1662 2580 2²
1685 2565 1785 2595 Ephes„

1020 2606 1043 2631 v,
1058 2603 1095 2624 2¹).
