1987 3032
712 211 918 242 EXPOSlTlO
941 211 980 242 IN
1002 211 1086 243 CAP.
1111 212 1215 245 XXIV.

171 281 253 311 dixit
265 280 310 311 ad
321 288 371 310 eos
381 291 392 311 .·
402 280 478 310 Hoec
490 282 566 308 sunt
579 278 685 315 verba,
700 279 758 308 etc.
776 277 863 308 Circa
877 286 937 317 ap-

171 334 362 373 paritionum
385 331 596 371 pluralitatem
623 330 845 360 insinuandam
873 330 936 360 duo

171 387 423 422 introducuntur,
436 384 552 414 scilicet
562 383 719 414 enarratio
731 383 937 422 apparitionis

171 439 282 470 Christi
296 437 452 477 specialis,
473 439 503 466 et
522 435 700 466 communis
715 435 747 465 in
762 444 823 474 qua
839 444 936 474 appa-

170 491 234 522 ruit
247 490 406 529 discipulis
419 489 578 519 omnibus.

208 543 314 573 Primo
333 542 451 581 igitur,
473 544 628 581 quantum
648 541 687 571 ad
706 540 935 580 apparitionem

168 596 352 636 specialem,
369 595 442 625 dicit
459 603 466 624 :
488 594 534 625 Ec
552 597 713 633 sumentes
729 593 838 623 eadem
856 593 935 623 Ιιονα

167 649 302 688 repressi
315 651 390 678 sunt
403 650 437 677 in
451 647 628 677 Jerusalem
638 670 646 684 ,
667 647 706 677 ad
722 646 934 676 nuntiandum

167 702 252 741 quod
274 702 431 739 viderant,
457 701 630 731 secundum
657 701 735 730 illud
760 701 792 730 ¹:
823 712 837 728 (1
861 700 934 730 Haec

167 756 232 785 dies
247 755 321 785 boni
337 755 440 784 nuntii
455 757 501 784 est
514 765 519 784 :
538 754 563 783 si
577 754 770 784 tacuerimus
784 754 814 783 et
827 753 934 783 nolue-

166 808 267 842 rimus
282 808 429 838 nuntiare
443 816 544 846 usque
559 816 662 844 mane,
680 806 804 837 sceleris
817 815 932 845 argue-

165 870 249 891 mur.
263 871 277 889 1>
292 861 339 891 Ex
353 870 416 900 quo
431 862 560 900 apparet
574 860 679 890 fervor
693 859 930 898 discipulorum,

164 913 240 953 quia
252 922 325 943 cum
340 915 420 943 esset
430 914 499 951 ι13111
513 922 576 942 nox
594 913 691 949 (sicut
703 921 743 942 ex
759 912 933 950 praeceden-

164 966 247 996 tibus
277 965 423 1004 apparuit
438 966 466 1004 ),
499 974 556 995 nec
581 965 643 995 viae
668 965 845 1004 prolixitas,
875 974 932 995 nec

164 1018 263 1048 noctis
275 1018 448 1048 obscuritas
456 1018 637 1054 retardavit,
650 1019 755 1047 tantus
765 1019 833 1048 erat
843 1027 932 1048 amor

164 1071 203 1101 ad
220 1070 391 1109 collegium
412 1070 617 1109 apostolicum
643 1070 726 1109 quod
749 1070 932 1109 Hierosoly-

163 1124 223 1153 mis
235 1125 312 1153 erat.
332 1123 367 1152 Et
386 1123 455 1153 ideo
471 1123 574 1153 addit:
595 1123 640 1154 Ec
654 1124 842 1153 invenerunt
856 1132 930 1153 con-

162 1180 308 1216 yreqatos
323 1176 480 1213 undecim,
497 1179 527 1206 et
542 1185 591 1205 eos
606 1176 664 1215 qui
675 1185 746 1205 cum
762 1175 823 1205 illis
841 1179 934 1205 erant

165 1230 218 1268 (v.
235 1230 288 1268 34)
301 1252 308 1266 ‚
325 1229 463 1260 dicentes
480 1237 490 1259 :
512 1228 607 1267 Quod
617 1229 756 1259 surrexit
778 1228 931 1258 Dominus

163 1292 249 1320 vere,
264 1286 293 1312 et
314 1283 467 1322 apparuit
482 1282 621 1313 Simoni.
638 1282 682 1312 Ac
696 1291 751 1321 per
765 1281 825 1311 hoc
839 1283 928 1311 inve-

162 1338 277 1366 nerunt
287 1336 473 1374 gaudentes,
484 1337 520 1365 ut
530 1343 604 1365 vere
616 1335 713 1374 possit
723 1335 782 1364 dici
790 1335 815 1365 2;
830 1347 843 1363 a
854 1335 931 1366 Ecce

162 1397 258 1426 quam
283 1388 403 1418 bonum
422 1390 451 1418 et
470 1396 567 1427 quam
588 1388 768 1427 Jucundum
789 1388 930 1420 habitare

161 1441 270 1470 fratres
290 1440 323 1482 in
348 1449 461 1470 unum.
487 1451 501 1468 1)
519 1440 633 1470 Omnes
655 1440 739 1470 enim
763 1441 930 1480 participes

161 1495 250 1522 erant
268 1493 378 1531 gaudii
400 1502 440 1522 ex
460 1493 657 1532 apparitione
679 1502 751 1531 quae
776 1493 857 1523 facta
882 1496 930 1523 est

162 1544 254 1575 Petro
269 1547 438 1584 antequam
453 1545 530 1575 31115.
549 1545 636 1575 Unde
652 1544 759 1575 Glossa
771 1545 781 1561 ³
799 1554 805 1575 :
828 1557 841 1574 «
858 1546 926 1576 Pri-

162 1606 214 1628 mo
228 1598 372 1628 omnium
384 1598 527 1629 virorum
541 1598 686 1638 apparuit
699 1598 827 1629 Petro.»
838 1599 927 1636 Quod

161 1650 219 1680 etsi
234 1659 298 1681 non
319 1651 393 1681 dicit
414 1651 634 1689 Evangelista‚
652 1651 778 1690 quando
802 1652 852 1682 vel
873 1653 927 1683 ubi

161 1703 276 1733 sactum
301 1706 365 1741 est3
389 1706 511 1742 tamen,
539 1705 614 1743 quia
638 1705 753 1734 factum
777 1707 840 1741 est,
864 1714 927 1736 non

160 1757 250 1786 tacet.
267 1756 304 1786 Et
322 1757 396 1796 quia
411 1758 572 1796 justorum
592 1757 711 1795 gaudia
728 1757 842 1787 debent
860 1766 927 1788 esse

160 1810 354 1847 communia,
388 1810 457 1840 ideo
480 1810 585 1840 subdit
611 1810 668 1848 (v.
693 1810 772 1849 3:;):
800 1810 845 1841 Et
869 1811 930 1850 ipsi

159 1862 337 1892 narrabant
357 1872 429 1902 {luce
443 1866 530 1901 (festa
550 1867 641 1893 erant
656 1863 688 1893 in
709 1863 772 1900 υἰα,
796 1866 825 1894 et
847 1873 925 1903 quo—

159 1915 252 1944 modo
271 1920 484 1954 coqnoverzmt
501 1925 574 1946 eum
592 1917 624 1946 in
645 1916 803 1955 fraccione
819 1917 924 1955 panis.

159 1968 206 1998 Ex
222 1968 281 1999 1100
301 1978 379 2007 ergo
400 1972 529 2009 apparet
547 1971 631 2009 quod
649 1970 789 2000 Christus
808 1970 926 2009 pluries

157 2023 304 2061 apparuit
317 2024 424 2053 eadem
440 2024 499 2061 die,
519 2024 634 2054 scilicet
648 2024 837 2063 quinquies:
852 2025 926 2064 quia

157 2075 260 2112 primo
280 2075 386 2106 Mariae
408 2076 618 2115 Magdalenae;
638 2077 791 2114 secundo,
813 2077 924 2108 mulie-

156 2128 243 2158 ribus
253 2138 260 2166 ;
271 2129 374 2166 tertio,
391 2129 493 2167 Petro,
506 2130 586 2160 510111
597 2129 711 2160 dicitur
721 2130 772 2160 hic
782 2141 789 2167 ;
800 2133 923 2169 quarto,

155 2181 314 2221 discipulis
328 2182 479 2213 euntibus
494 2183 527 2212 in
542 2182 707 2219 Emmaus3
722 2183 844 2222 quinto,
861 2184 924 2214 dis-

155 2233 266 2273 cipulis
282 2235 488 2273 congregatis
507 2235 627 2274 absque
643 2235 774 2266 Thoma.
799 2236 837 2266 Et
855 2236 924 2267 ideo

156 2285 188 2315 in
202 2286 300 2325 hujus
314 2288 648 2318 commemorationem
669 2289 813 2318 sacerdos
828 2289 922 2328 quin-

155 2339 244 2377 quies
266 2339 297 2368 in
325 2339 420 2369 Missa
443 2349 475 2370 se
499 2340 593 2371 vertit
615 2341 654 2371 ad
675 2342 840 2380 populum.
863 2342 923 2373 Sed

155 2391 245 2421 tertia
264 2391 369 2422 versio
392 2394 438 2422 est
459 2401 531 2423 cum
553 2393 694 2431 silentio,
722 2403 794 2432 quae
818 2394 924 2433 signat

155 2444 383 2483 apparitionem
402 2446 515 2475 factam
537 2445 643 2484 Petro,
669 2455 742 2485 quae
762 2455 826 2477 non
847 2456 921 2478 nar-

155 2499 242 2528 ratur
269 2499 394 2538 quando
424 2502 454 2529 et
482 2500 640 2539 quomodo
669 2500 739 2530 fuit.
768 2501 923 2541 Apparuit

156 2549 249 2580 etiam
265 2553 336 2582 ante
356 2552 572 2583 ascensionem
597 2553 737 2592 quinque
758 2553 826 2583 aliis
839 2555 919 2584 vici-

189 2631 193 2643 ¹
209 2630 238 2653 lV
253 2631 319 2661 fleg„
338 2637 381 2661 vu,
397 2634 419 2654 ⁹.
430 2645 460 2649 —
474 2633 482 2646 ²
497 2633 564 2656 Psal.
579 2639 682 2662 cxxxn,
697 2635 755 2656 1.-
766 2633 775 2649 ³
788 2633 868 2657 Closs.
886 2634 921 2657 in-

156 2665 237 2688 terlin.
253 2665 280 2688 in
294 2665 362 2690 hunc
375 2666 424 2691 loc.
442 2681 468 2684 —
483 2668 490 2681 ⁸
509 2669 574 2698 Act„
590 2674 606 2698 i,
623 2670 645 2691 4.
660 2681 689 2686 —
705 2669 712 2682 ⁵
733 2669 739 2691 Ι
761 2668 832 2698 Tim„
850 2675 880 2699 1¹,
896 2671 919 2693 5.

1702 223 1760 253 0233

992 278 1074 309 bus:
1099 283 1187 310 sexto
1210 288 1308 318 ergo,
1334 283 1404 320 post
1425 284 1494 313 octo
1520 284 1585 314 dies
1606 288 1759 324 praesente

991 330 1112 361 Thoma
1120 343 1127 368 ;
1141 333 1286 371 5011111110,
1299 333 1338 364 3(1
1351 343 1437 364 mare
1448 334 1634 374 Tiberiadis;
1649 340 1760 369 octavo

991 384 1025 414 in
1049 387 1155 416 monte
1171 385 1306 416 Galilaeae
1329 388 1475 426 apparuit
1498 389 1645 420 undecim
1666 392 1760 422 disci-

991 437 1090 475 pulis;
1105 439 1251 477 apparuit
1265 448 1348 470 nono
1364 440 1397 470 in
1412 442 1573 472 coenaculo
1587 442 1621 472 in
1633 443 1758 475 Jerusa-

990 490 1070 527 lem·,
1101 491 1223 522 decimo
1252 494 1396 532 apparuit
1424 493 1564 525 Christus
1593 495 1625 525 in
1652 499 1758 528 monte

991 542 1117 580 Oliveti‚
1138 545 1264 583 quando
1281 546 1421 576 ascendit
1433 549 1462 576 ³⁹:
1485 558 1499 575 «
1517 547 1555 578 Et
1569 557 1758 580 convescens

990 597 1139 636 praecepit
1165 598 1228 635 eis,
1258 599 1296 628 ab
1324 598 1527 638 Jerosolymis
1550 610 1589 631 ne
1619 601 1757 633 discede-

989 651 1070 678 rent.
1095 660 1109 677 ))
1129 649 1166 679 Ε1
1184 650 1245 687 510,
1269 660 1325 690 per
1344 652 1627 692 intercapedinem,
1650 655 1757 686 decem

989 701 1114 732 vicibus
1126 704 1272 742 apparuit
1285 704 1318 734 in
1330 705 1541 743 quadraginta
1555 706 1674 744 (11011115,
1688 710 1757 746 post

988 763 1084 793 quos,
1101 755 1207 786 decem
1227 756 1337 787 diebus
1359 759 1539 795 transactis,
1557 759 1642 789 misit
1656 760 1755 799 Spiri-

988 809 1058 837 tum
1072 810 1228 839 sanctum.
1245 809 1286 840 De
1300 810 1364 848 his,
1381 811 1498 841 scilicet
1512 811 1620 842 decem
1635 814 1758 852 appari-

988 859 1126 890 tionibus
1154 861 1289 892 Joannes
1309 863 1458 902 exprimit
1479 865 1632 903 quatuor,
1658 865 1757 897 Lucas

989 914 1064 950 tres,
1077 913 1242 944 Matthaeus
1257 915 1346 953 duas,
1359 918 1389 945 et
1400 915 1523 946 Marcus
1535 926 1650 948 unam:
1663 920 1699 948 ut
1714 919 1757 949 510

989 975 1027 996 ex
1047 975 1105 996 suo
1121 967 1214 997 modo
1235 969 1385 999 narrandi
1403 971 1552 1008 appareat
1570 971 1757 1009 mysterium

989 1021 1019 1049 01
1033 1019 1220 1050 sufficientia
1234 1021 1477 1060 apparitionum.

1029 1074 1186 1111 Secundo,
1204 1077 1360 1114 quantum
1375 1076 1414 1106 ad
1428 1078 1657 1116 apparitionem
1674 1088 1756 1111 com-

989 1136 1119 1157 munem
1134 1127 1239 1157 subdit
1254 1130 1302 1166 (v.
1320 1129 1367 1167 36)
1383 1139 1390 1159 :
1408 1130 1493 1160 Dum
1508 1135 1615 1161 autem
1629 1131 1696 1163 lzcec
1710 1134 1754 1164 lo-

988 1184 1142 1219 quuntur,
1169 1181 1253 1211 stelit
1273 1182 1363 1212 ,lesus
1389 1183 1422 1212 in
1451 1183 1554 1213 medio
1578 1193 1704 1223 eorum,
1727 1191 1757 1217 el

988 1232 1064 1262 dicit
1084 1234 1146 1263 eis:
1168 1234 1240 1264 Pax
1262 1235 1358 1265 vobis.
1381 1235 1415 1265 In
1436 1236 1538 1266 medio
1560 1238 1660 1275 stetit,
1680 1239 1756 1278 quia

987 1285 1053 1323 ipse
1067 1288 1113 1315 est
1132 1286 1284 1316 mediator
1299 1286 1308 1302 ⁵
1322 1298 1328 1317 :
1345 1299 1359 1316 (1
1374 1287 1524 1318 Mediator
1539 1289 1591 1319 Dei
1606 1293 1636 1320 et
1651 1291 1755 1321 homi-

987 1347 1081 1375 num,
1098 1338 1194 1369 homo
1216 1339 1357 1370 Christus
1375 1340 1476 1371 Jesus.
1491 1352 1504 1369 »
1523 1342 1561 1372 Et
1578 1343 1646 1374 ideo
1660 1343 1753 1374 ι10311-

986 1400 1041 1421 nes
1054 1391 1082 1420 6;
1099 1404 1113 1420 «
1130 1391 1248 1422 Medius
1265 1395 1372 1422 autem
1386 1396 1528 1423 vestrum
1541 1395 1641 1434 stetit,
1658 1406 1752 1435 quem

986 1453 1043 1474 vos
1056 1445 1192 1474 nescitis.
1209 1456 1223 1472 »
1243 1444 1281 1474 Et
1295 1445 1363 1475 ideo
1380 1445 1413 1475 in
1434 1446 1532 1485 hujus
1547 1448 1685 1486 figuram
1706 1450 1751 1479 di-

985 1494 1067 1524 citur
1081 1495 1091 1511 ⁷
1105 1506 1111 1525 :
1131 1507 1145 1523 «
1159 1495 1228 1526 Vidi
1243 1496 1274 1525 in
1291 1496 1394 1526 medio
1409 1499 1528 1535 septem
1549 1499 1751 1530 candelabro-

985 1557 1058 1577 rum
1073 1557 1247 1579 aureorum
1262 1548 1397 1579 similem
1412 1549 1491 1580 Filio
1503 1550 1654 1589 hominis,
1667 1562 1681 1580 »
1693 1555 1750 1584 etc.

985 1600 1045 1630 Sed
1056 1601 1124 1631 ideo
1135 1601 1226 1631 dixit:
1245 1602 1317 1632 Pasc
1334 1602 1429 1640 vohis,
1443 1603 1518 1641 quia
1531 1603 1595 1642 ipse
1608 1608 1654 1634 est
1668 1606 1752 1644 pacis

984 1654 1079 1683 factor
1090 1654 1116 1683 ⁸:
1134 1665 1148 1682 (1
1165 1654 1233 1693 Ipse
1248 1656 1295 1684 est
1308 1664 1369 1693 pax
1384 1656 1502 1692 nostra,
1515 1656 1569 1694 qui
1585 1657 1655 1686 fecit
1668 1660 1753 1688 utra-

984 1715 1044 1744 que
1059 1715 1172 1736 unum.
1193 1717 1207 1734 1)
1228 1707 1265 1737 Et
1278 1710 1302 1736 ⁰:
1325 1718 1338 1736 a
1356 1706 1525 1737 Pacificans
1545 1717 1600 1747 per
1618 1710 1752 1748 sangui-

984 1767 1057 1788 nem
1075 1760 1143 1798 ejus
1165 1759 1231 1791 sive
1255 1768 1327 1798 quae
1349 1760 1381 1789 in
1405 1760 1512 1796 terriS‚
1530 1760 1601 1791 sive
1622 1771 1696 1800 quae
1718 1762 1750 1793 in

983 1811 1069 1842 coelis
1084 1813 1169 1842 sunt.
1186 1822 1200 1840 1)
1220 1812 1288 1852 lpse
1307 1814 1352 1842 051
1374 1812 1471 1842 0113111
1492 1813 1576 1851 pacis
1597 1813 1686 1844 dator
1702 1815 1723 1832 ¹⁰
1740 1824 1748 1845 z

987 1875 1001 1893 «
1026 1865 1137 1895 Pacem
1159 1865 1303 1904 relinquo
1324 1865 1428 1903 vobis,
1454 1874 1563 1904 pacem
1582 1875 1686 1897 meam
1709 1868 1749 1898 do

983 1917 1081 1946 vobis.
1095 1928 1108 1944 n
1125 1917 1192 1956 Ipse
1205 1919 1253 1947 est
1267 1919 1296 1947 et
1312 1917 1395 1956 pacis
1407 1918 1612 1949 annuntiator
1625 1920 1661 1950 ¹¹:
1672 1920 1749 1951 «Ve-

982 1970 1071 2000 niens
1086 1970 1318 2007 evangelizavit
1335 1979 1445 2009 pacem
1459 1971 1566 2009 vobis⁷
1585 1972 1639 2011 qui
1653 1972 1749 2012 longe

979 2022 1095 2059 fuistis,
1120 2025 1150 2052 et
1173 2032 1281 2061 pacem
1304 2022 1354 2052 his
1378 2023 1434 2063 qui
1457 2032 1564 2062 prope.
1584 2034 1598 2052 ))
1617 2024 1659 2061 Et
1680 2025 1749 2056 ideo

981 2075 1191 2114 Evangeiium
1203 2075 1314 2106 Christi
1325 2077 1371 2105 est
1384 2075 1597 2114 Evangelium
1612 2077 1696 2116 pacis
1710 2078 1744 2109 ¹²:

984 2140 998 2157 «
1014 2130 1115 2165 Quam
1130 2128 1254 2168 pulchri
1269 2137 1363 2167 super
1378 2130 1499 2158 montes
1514 2129 1607 2167 pedes
1622 2138 1746 2160 annun-

980 2182 1088 2212 tiantis
1106 2183 1136 2212 et
1153 2180 1352 2220 praedicantis
1371 2181 1497 2219 paceml
1514 2191 1528 2208 1)
1546 2183 1603 2211 etc.
1620 2181 1658 2212 Et
1671 2183 1747 2221 quia

979 2245 1018 2266 ex
1034 2235 1158 2265 insolita
1175 2233 1372 2273 apparitione
1391 2236 1625 2264 consueverunt
1638 2235 1746 2265 homi-

978 2298 1035 2319 nes
1057 2289 1290 2327 obstupescere,
1314 2286 1383 2316 ideo
1405 2286 1533 2316 subdit:
1562 2287 1635 2327 qu
1653 2297 1743 2327 sum,

978 2342 1073 2371 nolite
1100 2341 1219 2370 timere.
1244 2338 1323 2370 Vere
1346 2339 1441 2369 dicit:
1465 2339 1536 2378 Eyo
1558 2349 1645 2378 sum,
1671 2342 1746 2381 quia

978 2394 1078 2433 ipsius
1101 2395 1148 2423 est
1167 2393 1268 2422 dicere
1289 2402 1294 2421 :
1317 2403 1330 2420 α
1347 2391 1414 2430 Ego
1434 2400 1521 2430 sum,
1546 2393 1601 2432 qui
1622 2402 1708 2432 sum,
1726 2405 1740 2423 1)

978 2448 1058 2477 510111
1072 2447 1186 2477 dicitur
1200 2446 1230 2475 ²³.
1249 2446 1348 2484 Ipsius
1365 2447 1412 2475 est
1425 2445 1568 2484 effugare
1584 2446 1742 2486 timorem,

978 2503 1008 2531 et
1021 2500 1090 2530 ideo
1105 2499 1194 2530 dicit:
1212 2498 1316 2531 Nolite
1330 2499 1449 2529 elmere.
1466 2498 1537 2529 Ideo
1551 2501 1658 2530 autem
1671 2509 1743 2531 con-

976 2611 1005 2616 —
1019 2600 1027 2610 *³
1041 2598 1160 2626 ,1οαη,,1,
1174 2598 1211 2620 QG.
1228 2595 1527 2626 -7Apoc.,i‚13.—⁸
1542 2596 1739 2627 Ephes.‚11‚1'i,

976 2634 986 2649 ⁰
1001 2633 1103 2660 Calore„
1116 2638 1132 2662 1,
1144 2633 1181 2655 20.
1193 2645 1223 2649 -
1235 2632 1251 2645 ¹⁰
1264 2632 1344 2659 Jorm„
1355 2637 1406 2660 XIV,
1419 2632 1457 2654 27.
1472 2643 1501 2648 —-
1511 2631 1529 2647 ¹¹
1545 2631 1644 2662 Ephe-s„
1662 2638 1689 2662 11,
1704 2635 1739 2657 17.

976 2669 994 2684 ¹¹
1010 2669 1068 2696 isa„
1081 2673 1130 2698 Lu,
1146 2669 1169 2691 7.
1182 2680 1212 2684 —
1230 2667 1248 2684 ¹³
1264 2667 1355 2695 Exod.,
1374 2667 1473 2697 111,15.
